  <div class='ocr_page' id='page_1' title='image "/cluster/home/n/w/nwhite01/storage/ocr_20150623/50/uva.x000827094/227.png"; bbox 0 0 3982 6182; ppageno 0'>
   <div class='ocr_carea' id='block_1_1' title="bbox 250 5586 1009 5657">
    <p class='ocr_par' dir='ltr' id='par_1_1' title="bbox 250 5586 1009 5657">
     <span class='ocr_line' id='line_1_1' title="bbox 250 5586 1009 5657; baseline 0.008 -24"><span class='ocrx_word' id='word_1_1' title='bbox 336 5586 616 5657; x_wconf 76' lang='lat' dir='ltr'><strong>dignitate,</strong></span> <span class='ocrx_word' id='word_1_2' title='bbox 652 5604 758 5641; x_wconf 88' lang='lat' dir='ltr'><strong>non</strong></span> <span class='ocrx_word' id='word_1_3' title='bbox 789 5599 1009 5657; x_wconf 83' lang='lat' dir='ltr'><strong>genere.</strong></span> 
     </span>
    </p>
   </div>
   <div class='ocr_carea' id='block_1_2' title="bbox 242 5648 1910 5720">
    <p class='ocr_par' dir='ltr' id='par_1_2' title="bbox 242 5648 1910 5720">
     <span class='ocr_line' id='line_1_2' title="bbox 242 5648 1910 5720; baseline -0.007 -7"><span class='ocrx_word' id='word_1_4' title='bbox 333 5648 515 5711; x_wconf 67' lang='lat' dir='ltr'><strong>larem</strong></span> <span class='ocrx_word' id='word_1_5' title='bbox 549 5648 919 5720; x_wconf 41' lang='lat' dir='ltr'><strong>Proculifcui</strong></span> <span class='ocrx_word' id='word_1_6' title='bbox 962 5653 1205 5715; x_wconf 74' lang='lat' dir='ltr'><strong>primatis</strong></span> <span class='ocrx_word' id='word_1_7' title='bbox 1255 5651 1661 5719; x_wconf 73' lang='lat' dir='ltr'><strong>praerogativam</strong></span> <span class='ocrx_word' id='word_1_8' title='bbox 1708 5649 1761 5701; x_wconf 92' lang='lat' dir='ltr'><strong>in</strong></span> <span class='ocrx_word' id='word_1_9' title='bbox 1804 5648 1910 5702; x_wconf 86' lang='lat' dir='ltr'><strong>illis</strong></span> 
     </span>
    </p>
   </div>
   <div class='ocr_carea' id='block_1_3' title="bbox 246 5714 1913 5783">
    <p class='ocr_par' dir='ltr' id='par_1_3' title="bbox 246 5714 1913 5783">
     <span class='ocr_line' id='line_1_3' title="bbox 246 5714 1913 5783; baseline -0.008 1"><span class='ocrx_word' id='word_1_10' title='bbox 246 5714 295 5757; x_wconf 56' lang='grc' dir='ltr'><strong>’Ἦ</strong></span> <span class='ocrx_word' id='word_1_11' title='bbox 332 5727 631 5783; x_wconf 64' lang='lat' dir='ltr'><strong>provinciis</strong></span> <span class='ocrx_word' id='word_1_12' title='bbox 660 5714 1005 5778; x_wconf 55' lang='lat' dir='ltr'><strong>Tau&#39;rinensis</strong></span> <span class='ocrx_word' id='word_1_13' title='bbox 1032 5714 1272 5781; x_wconf 79' lang='lat' dir='ltr'><strong>synodus</strong></span> <span class='ocrx_word' id='word_1_14' title='bbox 1297 5736 1413 5773; x_wconf 90' lang='lat' dir='ltr'><strong>can.</strong></span> <span class='ocrx_word' id='word_1_15' title='bbox 1434 5714 1471 5774; x_wconf 73' lang='grc'><strong>’1</strong></span> <span class='ocrx_word' id='word_1_16' title='bbox 1510 5719 1825 5781; x_wconf 86' lang='lat' dir='ltr'><strong>indulserat,</strong></span> <span class='ocrx_word' id='word_1_17' title='bbox 1857 5730 1913 5772; x_wconf 89' lang='lat' dir='ltr'><strong>et</strong></span> 
     </span>
    </p>
   </div>
   <div class='ocr_carea' id='block_1_4' title="bbox 346 219 453 276">
    <p class='ocr_par' dir='ltr' id='par_1_4' title="bbox 346 219 453 276">
     <span class='ocr_line' id='line_1_4' title="bbox 346 219 453 276; baseline 0 0"><span class='ocrx_word' id='word_1_18' title='bbox 346 219 453 276; x_wconf 64' lang='lat'><strong>£65</strong></span> 
     </span>
    </p>
   </div>
   <div class='ocr_carea' id='block_1_5' title="bbox 1119 211 2830 274">
    <p class='ocr_par' dir='ltr' id='par_1_5' title="bbox 1119 211 2830 274">
     <span class='ocr_line' id='line_1_5' title="bbox 1119 211 2830 274; baseline 0.001 -2"><span class='ocrx_word' id='word_1_19' title='bbox 1119 213 1180 272; x_wconf 85' lang='lat' dir='ltr'><strong>S.</strong></span> <span class='ocrx_word' id='word_1_20' title='bbox 1219 211 1608 272; x_wconf 77' lang='lat' dir='ltr'><strong>C(ELESTINI</strong></span> <span class='ocrx_word' id='word_1_21' title='bbox 1648 212 1668 267; x_wconf 93' lang='grc'><strong>1</strong></span> <span class='ocrx_word' id='word_1_22' title='bbox 1709 212 1912 269; x_wconf 72' lang='lat' dir='ltr'><strong>PAPE</strong></span> <span class='ocrx_word' id='word_1_23' title='bbox 1955 214 2318 271; x_wconf 68' lang='lat' dir='ltr'><strong>EPISTOLE</strong></span> <span class='ocrx_word' id='word_1_24' title='bbox 2359 213 2448 270; x_wconf 81' lang='lat' dir='ltr'><strong>ET</strong></span> <span class='ocrx_word' id='word_1_25' title='bbox 2488 212 2830 274; x_wconf 81' lang='lat' dir='ltr'><strong>DECRETA.</strong></span> 
     </span>
    </p>
   </div>
   <div class='ocr_carea' id='block_1_6' title="bbox 3517 222 3626 278">
    <p class='ocr_par' dir='ltr' id='par_1_6' title="bbox 3517 222 3626 278">
     <span class='ocr_line' id='line_1_6' title="bbox 3517 222 3626 278; baseline 0.009 -1"><span class='ocrx_word' id='word_1_26' title='bbox 3517 222 3626 278; x_wconf 73' lang='grc'><strong>436</strong></span> 
     </span>
    </p>
   </div>
   <div class='ocr_carea' id='block_1_7' title="bbox 346 329 3625 407">
    <p class='ocr_par' dir='ltr' id='par_1_7' title="bbox 346 329 3625 407">
     <span class='ocr_line' id='line_1_7' title="bbox 346 329 3625 407; baseline -0.001 -11"><span class='ocrx_word' id='word_1_27' title='bbox 346 348 456 395; x_wconf 81' lang='lat' dir='ltr'><strong>tur.</strong></span> <span class='ocrx_word' id='word_1_28' title='bbox 498 334 708 392; x_wconf 79' lang='lat' dir='ltr'><strong>Habeat</strong></span> <span class='ocrx_word' id='word_1_29' title='bbox 752 331 1123 405; x_wconf 77' lang='lat' dir='ltr'><strong>unusquisque</strong></span> <span class='ocrx_word' id='word_1_30' title='bbox 1154 342 1178 369; x_wconf 69' lang='grc' dir='ltr'><strong><em>η</em></strong></span> <span class='ocrx_word' id='word_1_31' title='bbox 1200 346 1313 386; x_wconf 77' lang='lat' dir='ltr'><strong>suae</strong></span> <span class='ocrx_word' id='word_1_32' title='bbox 1352 329 1589 385; x_wconf 88' lang='lat' dir='ltr'><strong>fructum</strong></span> <span class='ocrx_word' id='word_1_33' title='bbox 1636 331 1839 385; x_wconf 68' lang='lat' dir='ltr'><strong>militiae</strong></span> <span class='ocrx_word' id='word_1_34' title='bbox 1872 330 1925 384; x_wconf 92' lang='lat' dir='ltr'><strong>in</strong></span> <span class='ocrx_word' id='word_1_35' title='bbox 1955 336 2009 393; x_wconf 75' lang='grc' dir='ltr'>Α</span> <span class='ocrx_word' id='word_1_36' title='bbox 2035 340 2201 395; x_wconf 88' lang='lat' dir='ltr'><strong>reret,</strong></span> <span class='ocrx_word' id='word_1_37' title='bbox 2224 341 2316 385; x_wconf 71' lang='lat' dir='ltr'><strong>set</strong></span> <span class='ocrx_word' id='word_1_38' title='bbox 2336 340 2516 386; x_wconf 91' lang='lat' dir='ltr'><strong>vestro</strong></span> <span class='ocrx_word' id='word_1_39' title='bbox 2541 350 2660 387; x_wconf 88' lang='lat' dir='ltr'><strong>eum</strong></span> <span class='ocrx_word' id='word_1_40' title='bbox 2688 333 3014 390; x_wconf 90' lang='lat' dir='ltr'><strong>audiendum</strong></span> <span class='ocrx_word' id='word_1_41' title='bbox 3032 335 3263 405; x_wconf 89' lang='lat' dir='ltr'><strong>collegio</strong></span> <span class='ocrx_word' id='word_1_42' title='bbox 3282 335 3625 407; x_wconf 73' lang='lat' dir='ltr'><strong>delegamus.</strong></span> 
     </span>
    </p>
   </div>
   <div class='ocr_carea' id='block_1_8' title="bbox 347 425 1930 507">
    <p class='ocr_par' dir='ltr' id='par_1_8' title="bbox 347 425 1930 507">
     <span class='ocr_line' id='line_1_8' title="bbox 347 425 1930 507; baseline -0.007 -17"><span class='ocrx_word' id='word_1_43' title='bbox 347 431 591 489; x_wconf 83' lang='lat' dir='ltr'><strong>Ecclesia</strong></span> <span class='ocrx_word' id='word_1_44' title='bbox 620 431 672 484; x_wconf 92' lang='lat' dir='ltr'><strong>in</strong></span> <span class='ocrx_word' id='word_1_45' title='bbox 695 444 799 500; x_wconf 88' lang='lat' dir='ltr'><strong>qua</strong></span> <span class='ocrx_word' id='word_1_46' title='bbox 830 443 983 484; x_wconf 90' lang='lat' dir='ltr'><strong>suam</strong></span> <span class='ocrx_word' id='word_1_47' title='bbox 1032 442 1126 497; x_wconf 92' lang='lat' dir='ltr'><strong>per</strong></span> <span class='ocrx_word' id='word_1_48' title='bbox 1157 427 1338 481; x_wconf 85' lang='lat' dir='ltr'><strong>omnia</strong></span> <span class='ocrx_word' id='word_1_49' title='bbox 1366 425 1544 479; x_wconf 82' lang='lat' dir='ltr'><strong>officia</strong></span> <span class='ocrx_word' id='word_1_50' title='bbox 1572 426 1835 507; x_wconf 76' lang='lat' dir='ltr'><strong>transegit</strong></span> <span class='ocrx_word' id='word_1_51' title='bbox 1858 439 1930 479; x_wconf 75' lang='lat' dir='ltr'><strong>at-</strong></span> 
     </span>
    </p>
   </div>
   <div class='ocr_carea' id='block_1_9' title="bbox 349 519 1931 591">
    <p class='ocr_par' dir='ltr' id='par_1_9' title="bbox 349 519 1931 591">
     <span class='ocr_line' id='line_1_9' title="bbox 349 519 1931 591; baseline -0.006 -8"><span class='ocrx_word' id='word_1_52' title='bbox 349 536 536 583; x_wconf 80' lang='lat' dir='ltr'><strong>tatem.</strong></span> <span class='ocrx_word' id='word_1_53' title='bbox 565 526 621 581; x_wconf 94' lang='lat' dir='ltr'><strong>ln</strong></span> <span class='ocrx_word' id='word_1_54' title='bbox 644 524 818 580; x_wconf 90' lang='lat' dir='ltr'><strong>aliena</strong></span> <span class='ocrx_word' id='word_1_55' title='bbox 844 520 1109 591; x_wconf 85' lang='lat' dir='ltr'><strong>stipendia</strong></span> <span class='ocrx_word' id='word_1_56' title='bbox 1137 521 1357 575; x_wconf 91' lang='lat' dir='ltr'><strong>minime</strong></span> <span class='ocrx_word' id='word_1_57' title='bbox 1387 520 1528 574; x_wconf 90' lang='lat' dir='ltr'><strong>alter</strong></span> <span class='ocrx_word' id='word_1_58' title='bbox 1550 519 1797 591; x_wconf 82' lang='lat' dir='ltr'><strong>obrepat,</strong></span> <span class='ocrx_word' id='word_1_59' title='bbox 1832 532 1931 574; x_wconf 90' lang='lat' dir='ltr'><strong>nec</strong></span> 
     </span>
    </p>
   </div>
   <div class='ocr_carea' id='block_1_10' title="bbox 347 612 1927 675">
    <p class='ocr_par' dir='ltr' id='par_1_10' title="bbox 347 612 1927 675">
     <span class='ocr_line' id='line_1_10' title="bbox 347 612 1927 675; baseline -0.004 0"><span class='ocrx_word' id='word_1_60' title='bbox 347 619 442 675; x_wconf 84' lang='lat' dir='ltr'><strong>alii</strong></span> <span class='ocrx_word' id='word_1_61' title='bbox 476 618 714 674; x_wconf 77' lang='lat' dir='ltr'><strong>debitam</strong></span> <span class='ocrx_word' id='word_1_62' title='bbox 742 615 882 670; x_wconf 87' lang='lat' dir='ltr'><strong>alter</strong></span> <span class='ocrx_word' id='word_1_63' title='bbox 911 613 1015 668; x_wconf 84' lang='lat' dir='ltr'><strong>sibi</strong></span> <span class='ocrx_word' id='word_1_64' title='bbox 1063 613 1261 669; x_wconf 84' lang='lat' dir='ltr'><strong>audeat</strong></span> <span class='ocrx_word' id='word_1_65' title='bbox 1296 612 1572 667; x_wconf 86' lang='lat' dir='ltr'><strong>vindicare</strong></span> <span class='ocrx_word' id='word_1_66' title='bbox 1601 612 1927 668; x_wconf 83' lang='lat' dir='ltr'><strong>mercedem.</strong></span> 
     </span>
    </p>
   </div>
   <div class='ocr_carea' id='block_1_11' title="bbox 350 704 1929 774">
    <p class='ocr_par' dir='ltr' id='par_1_11' title="bbox 350 704 1929 774">
     <span class='ocr_line' id='line_1_11' title="bbox 350 704 1929 774; baseline -0.006 -6"><span class='ocrx_word' id='word_1_67' title='bbox 350 709 434 768; x_wconf 86' lang='lat' dir='ltr'><strong>Sit</strong></span> <span class='ocrx_word' id='word_1_68' title='bbox 464 707 693 765; x_wconf 77' lang='lat' dir='ltr'><strong>facultas</strong></span> <span class='ocrx_word' id='word_1_69' title='bbox 733 705 948 762; x_wconf 79' lang='lat' dir='ltr'><strong>clericis</strong></span> <span class='ocrx_word' id='word_1_70' title='bbox 984 704 1277 770; x_wconf 90' lang='lat' dir='ltr'><strong>renitendi,</strong></span> <span class='ocrx_word' id='word_1_71' title='bbox 1332 705 1378 758; x_wconf 92' lang='lat' dir='ltr'><strong>si</strong></span> <span class='ocrx_word' id='word_1_72' title='bbox 1425 719 1484 759; x_wconf 89' lang='lat' dir='ltr'><strong>se</strong></span> <span class='ocrx_word' id='word_1_73' title='bbox 1513 704 1750 758; x_wconf 83' lang='lat' dir='ltr'><strong>viderint</strong></span> <span class='ocrx_word' id='word_1_74' title='bbox 1796 720 1929 774; x_wconf 70' lang='lat' dir='ltr'><strong>pra:-</strong></span> 
     </span>
    </p>
   </div>
   <div class='ocr_carea' id='block_1_12' title="bbox 348 797 1929 872">
    <p class='ocr_par' dir='ltr' id='par_1_12' title="bbox 348 797 1929 872">
     <span class='ocr_line' id='line_1_12' title="bbox 348 797 1929 872; baseline -0.001 -18"><span class='ocrx_word' id='word_1_75' title='bbox 348 800 586 872; x_wconf 82' lang='lat' dir='ltr'><strong>gravari;</strong></span> <span class='ocrx_word' id='word_1_76' title='bbox 636 809 690 854; x_wconf 91' lang='lat' dir='ltr'><strong>et</strong></span> <span class='ocrx_word' id='word_1_77' title='bbox 716 813 855 871; x_wconf 89' lang='lat' dir='ltr'><strong>quos</strong></span> <span class='ocrx_word' id='word_1_78' title='bbox 885 797 987 851; x_wconf 89' lang='lat' dir='ltr'><strong>sibi</strong></span> <span class='ocrx_word' id='word_1_79' title='bbox 1018 797 1189 867; x_wconf 90' lang='lat' dir='ltr'><strong>ingeri</strong></span> <span class='ocrx_word' id='word_1_80' title='bbox 1231 812 1299 851; x_wconf 83' lang='lat' dir='ltr'><strong>ex</strong></span> <span class='ocrx_word' id='word_1_81' title='bbox 1346 806 1657 851; x_wconf 88' lang='lat' dir='ltr'><strong>transverso</strong></span> <span class='ocrx_word' id='word_1_82' title='bbox 1691 812 1929 867; x_wconf 86' lang='lat' dir='ltr'><strong>agnove-</strong></span> 
     </span>
    </p>
   </div>
   <div class='ocr_carea' id='block_1_13' title="bbox 346 888 1934 960">
    <p class='ocr_par' dir='ltr' id='par_1_13' title="bbox 346 888 1934 960">
     <span class='ocr_line' id='line_1_13' title="bbox 346 888 1934 960; baseline -0.003 -11"><span class='ocrx_word' id='word_1_83' title='bbox 346 895 481 959; x_wconf 85' lang='lat' dir='ltr'><strong>rint,</strong></span> <span class='ocrx_word' id='word_1_84' title='bbox 511 907 617 949; x_wconf 88' lang='lat' dir='ltr'><strong>non</strong></span> <span class='ocrx_word' id='word_1_85' title='bbox 652 893 875 948; x_wconf 88' lang='lat' dir='ltr'><strong>timeant</strong></span> <span class='ocrx_word' id='word_1_86' title='bbox 904 890 1158 951; x_wconf 81' lang='lat' dir='ltr'><strong>refutare.</strong></span> <span class='ocrx_word' id='word_1_87' title='bbox 1184 889 1286 958; x_wconf 87' lang='lat' dir='ltr'><strong>Qui</strong></span> <span class='ocrx_word' id='word_1_88' title='bbox 1318 890 1363 943; x_wconf 90' lang='lat' dir='ltr'><strong>si</strong></span> <span class='ocrx_word' id='word_1_89' title='bbox 1396 905 1503 943; x_wconf 89' lang='lat' dir='ltr'><strong>non</strong></span> <span class='ocrx_word' id='word_1_90' title='bbox 1529 888 1771 945; x_wconf 89' lang='lat' dir='ltr'><strong>debitum</strong></span> <span class='ocrx_word' id='word_1_91' title='bbox 1797 907 1934 960; x_wconf 75' lang='lat' dir='ltr'><strong>prte—</strong></span> 
     </span>
    </p>
   </div>
   <div class='ocr_carea' id='block_1_14' title="bbox 345 980 1933 1056">
    <p class='ocr_par' dir='ltr' id='par_1_14' title="bbox 345 980 1933 1056">
     <span class='ocr_line' id='line_1_14' title="bbox 345 980 1933 1056; baseline -0.003 -16"><span class='ocrx_word' id='word_1_92' title='bbox 345 984 537 1050; x_wconf 86' lang='lat' dir='ltr'><strong>mium,</strong></span> <span class='ocrx_word' id='word_1_93' title='bbox 586 982 668 1037; x_wconf 86' lang='lat' dir='ltr'><strong>vel</strong></span> <span class='ocrx_word' id='word_1_94' title='bbox 698 982 924 1056; x_wconf 83' lang='lat' dir='ltr'><strong>liberum</strong></span> <span class='ocrx_word' id='word_1_95' title='bbox 955 980 1025 1036; x_wconf 92' lang='lat' dir='ltr'><strong>de</strong></span> <span class='ocrx_word' id='word_1_96' title='bbox 1054 995 1120 1036; x_wconf 90' lang='lat' dir='ltr'><strong>eo</strong></span> <span class='ocrx_word' id='word_1_97' title='bbox 1146 982 1236 1050; x_wconf 91' lang='lat' dir='ltr'><strong>qui</strong></span> <span class='ocrx_word' id='word_1_98' title='bbox 1278 995 1372 1035; x_wconf 93' lang='lat' dir='ltr'><strong>eos</strong></span> <span class='ocrx_word' id='word_1_99' title='bbox 1419 992 1669 1036; x_wconf 90' lang='lat' dir='ltr'><strong>recturus</strong></span> <span class='ocrx_word' id='word_1_100' title='bbox 1700 991 1805 1048; x_wconf 89' lang='lat' dir='ltr'><strong>est,</strong></span> <span class='ocrx_word' id='word_1_101' title='bbox 1840 982 1933 1037; x_wconf 85' lang='lat' dir='ltr'><strong>de-</strong></span> 
     </span>
    </p>
   </div>
   <div class='ocr_carea' id='block_1_15' title="bbox 346 1074 1001 1153">
    <p class='ocr_par' dir='ltr' id='par_1_15' title="bbox 346 1074 1001 1153">
     <span class='ocr_line' id='line_1_15' title="bbox 346 1074 1001 1153; baseline -0.017 -16"><span class='ocrx_word' id='word_1_102' title='bbox 346 1075 480 1137; x_wconf 76' lang='lat' dir='ltr'><strong>bent</strong></span> <span class='ocrx_word' id='word_1_103' title='bbox 500 1076 699 1153; x_wconf 83' lang='lat' dir='ltr'><strong>habere</strong></span> <span class='ocrx_word' id='word_1_104' title='bbox 719 1074 1001 1146; x_wconf 85' lang='lat' dir='ltr'><strong>judicium.</strong></span> 
     </span>
    </p>
   </div>
   <div class='ocr_carea' id='block_1_16' title="bbox 418 1163 1931 1223">
    <p class='ocr_par' dir='ltr' id='par_1_16' title="bbox 418 1163 1931 1223">
     <span class='ocr_line' id='line_1_16' title="bbox 418 1163 1931 1223; baseline -0.003 0"><span class='ocrx_word' id='word_1_105' title='bbox 418 1168 549 1223; x_wconf 70' lang='lat' dir='ltr'><strong>Cn.</strong></span> <span class='ocrx_word' id='word_1_106' title='bbox 584 1166 668 1221; x_wconf 84' lang='lat' dir='ltr'><strong>Vl.</strong></span> <span class='ocrx_word' id='word_1_107' title='bbox 694 1196 765 1206; x_wconf 89' lang='lat'><strong>—-</strong></span> <span class='ocrx_word' id='word_1_108' title='bbox 784 1166 839 1220; x_wconf 90' lang='lat'><strong>8.</strong></span> <span class='ocrx_word' id='word_1_109' title='bbox 875 1166 1223 1220; x_wconf 82' lang='lat' dir='ltr'><strong>Abstineatur</strong></span> <span class='ocrx_word' id='word_1_110' title='bbox 1251 1163 1319 1219; x_wconf 88' lang='lat' dir='ltr'><strong>ab</strong></span> <span class='ocrx_word' id='word_1_111' title='bbox 1348 1163 1548 1219; x_wconf 88' lang='lat' dir='ltr'><strong>illicitis</strong></span> <span class='ocrx_word' id='word_1_112' title='bbox 1571 1163 1931 1218; x_wconf 88' lang='lat' dir='ltr'><strong>ordinationi-</strong></span> 
     </span>
    </p>
   </div>
   <div class='ocr_carea' id='block_1_17' title="bbox 346 1252 1933 1335">
    <p class='ocr_par' dir='ltr' id='par_1_17' title="bbox 346 1252 1933 1335">
     <span class='ocr_line' id='line_1_17' title="bbox 346 1252 1933 1335; baseline -0.003 -19"><span class='ocrx_word' id='word_1_113' title='bbox 346 1261 473 1317; x_wconf 89' lang='lat' dir='ltr'><strong>bus.</strong></span> <span class='ocrx_word' id='word_1_114' title='bbox 496 1252 687 1333; x_wconf 78' lang='lat' dir='ltr'><strong>Nullus</strong></span> <span class='ocrx_word' id='word_1_115' title='bbox 715 1275 783 1314; x_wconf 81' lang='lat' dir='ltr'><strong>ex</strong></span> <span class='ocrx_word' id='word_1_116' title='bbox 814 1257 986 1335; x_wconf 86' lang='lat' dir='ltr'><strong>laicis,</strong></span> <span class='ocrx_word' id='word_1_117' title='bbox 1021 1258 1202 1312; x_wconf 88' lang='lat' dir='ltr'><strong>nullus</strong></span> <span class='ocrx_word' id='word_1_118' title='bbox 1231 1257 1498 1328; x_wconf 85' lang='lat' dir='ltr'><strong>digamus,</strong></span> <span class='ocrx_word' id='word_1_119' title='bbox 1531 1256 1708 1311; x_wconf 90' lang='lat' dir='ltr'><strong>nullus</strong></span> <span class='ocrx_word' id='word_1_120' title='bbox 1736 1258 1826 1327; x_wconf 91' lang='lat' dir='ltr'><strong>qui</strong></span> <span class='ocrx_word' id='word_1_121' title='bbox 1866 1258 1933 1312; x_wconf 81' lang='lat' dir='ltr'><strong>sit</strong></span> 
     </span>
    </p>
   </div>
   <div class='ocr_carea' id='block_1_18' title="bbox 346 1349 1931 1419">
    <p class='ocr_par' dir='ltr' id='par_1_18' title="bbox 346 1349 1931 1419">
     <span class='ocr_line' id='line_1_18' title="bbox 346 1349 1931 1419; baseline -0.003 -12"><span class='ocrx_word' id='word_1_122' title='bbox 346 1354 527 1408; x_wconf 69' lang='lat' dir='ltr'><strong>vidua:</strong></span> <span class='ocrx_word' id='word_1_123' title='bbox 552 1353 777 1408; x_wconf 90' lang='lat' dir='ltr'><strong>maritus</strong></span> <span class='ocrx_word' id='word_1_124' title='bbox 798 1361 890 1405; x_wconf 91' lang='lat' dir='ltr'><strong>aut</strong></span> <span class='ocrx_word' id='word_1_125' title='bbox 910 1350 1099 1415; x_wconf 84' lang='lat' dir='ltr'><strong>fuerit,</strong></span> <span class='ocrx_word' id='word_1_126' title='bbox 1128 1351 1443 1416; x_wconf 84' lang='lat' dir='ltr'><strong>ordinetur;</strong></span> <span class='ocrx_word' id='word_1_127' title='bbox 1472 1349 1567 1404; x_wconf 91' lang='lat' dir='ltr'><strong>sed</strong></span> <span class='ocrx_word' id='word_1_128' title='bbox 1591 1349 1931 1419; x_wconf 87' lang='lat' dir='ltr'><strong>irreprehen-</strong></span> 
     </span>
    </p>
   </div>
   <div class='ocr_carea' id='block_1_19' title="bbox 347 1441 1931 1519">
    <p class='ocr_par' dir='ltr' id='par_1_19' title="bbox 347 1441 1931 1519">
     <span class='ocr_line' id='line_1_19' title="bbox 347 1441 1931 1519; baseline -0.002 -20"><span class='ocrx_word' id='word_1_129' title='bbox 347 1446 543 1511; x_wconf 88' lang='lat' dir='ltr'><strong>sibilis,</strong></span> <span class='ocrx_word' id='word_1_130' title='bbox 575 1454 631 1499; x_wconf 91' lang='lat' dir='ltr'><strong>et</strong></span> <span class='ocrx_word' id='word_1_131' title='bbox 659 1446 872 1514; x_wconf 87' lang='lat' dir='ltr'><strong>qualem</strong></span> <span class='ocrx_word' id='word_1_132' title='bbox 906 1442 1070 1511; x_wconf 85' lang='lat' dir='ltr'><strong>elegit</strong></span> <span class='ocrx_word' id='word_1_133' title='bbox 1094 1443 1405 1517; x_wconf 71' lang='lat' dir='ltr'><strong>Apostolus,</strong></span> <span class='ocrx_word' id='word_1_134' title='bbox 1434 1441 1547 1497; x_wconf 81' lang='lat' dir='ltr'><strong>fiat.</strong></span> <span class='ocrx_word' id='word_1_135' title='bbox 1580 1441 1681 1497; x_wconf 88' lang='lat' dir='ltr'><strong>Per</strong></span> <span class='ocrx_word' id='word_1_136' title='bbox 1713 1443 1931 1519; x_wconf 82' lang='lat' dir='ltr'><strong>Moysen</strong></span> 
     </span>
    </p>
   </div>
   <div class='ocr_carea' id='block_1_20' title="bbox 272 1533 1929 1612">
    <p class='ocr_par' dir='ltr' id='par_1_20' title="bbox 272 1533 1929 1612">
     <span class='ocr_line' id='line_1_20' title="bbox 272 1533 1929 1612; baseline -0.002 -21"><span class='ocrx_word' id='word_1_137' title='bbox 272 1552 275 1555; x_wconf 71' lang='lat'><em>‘</em></span> <span class='ocrx_word' id='word_1_138' title='bbox 349 1537 611 1612; x_wconf 83' lang='lat' dir='ltr'><strong>Dominus</strong></span> <span class='ocrx_word' id='word_1_139' title='bbox 640 1534 939 1611; x_wconf 65' lang='lat' dir='ltr'><strong>prtecepit:</strong></span> <span class='ocrx_word' id='word_1_140' title='bbox 978 1533 1235 1605; x_wconf 81' lang='lat' dir='ltr'><strong>Virginem</strong></span> <span class='ocrx_word' id='word_1_141' title='bbox 1264 1535 1485 1603; x_wconf 77' lang='lat' dir='ltr'><strong>accipiat</strong></span> <span class='ocrx_word' id='word_1_142' title='bbox 1523 1539 1759 1589; x_wconf 83' lang='lat' dir='ltr'><strong>sacerdos</strong></span> <span class='ocrx_word' id='word_1_143' title='bbox 1800 1551 1929 1587; x_wconf 69' lang='lat' dir='ltr'><strong>utro-</strong></span> 
     </span>
    </p>
   </div>
   <div class='ocr_carea' id='block_1_21' title="bbox 347 1624 1933 1705">
    <p class='ocr_par' dir='ltr' id='par_1_21' title="bbox 347 1624 1933 1705">
     <span class='ocr_line' id='line_1_21' title="bbox 347 1624 1933 1705; baseline -0.001 -23"><span class='ocrx_word' id='word_1_144' title='bbox 347 1645 457 1705; x_wconf 69' lang='lat' dir='ltr'><strong>rem</strong></span> <span class='ocrx_word' id='word_1_145' title='bbox 490 1626 675 1696; x_wconf 77' lang='lat' dir='ltr'><strong>(Leuit.</strong></span> <span class='ocrx_word' id='word_1_146' title='bbox 706 1644 817 1697; x_wconf 69' lang='grc' dir='ltr'>χιιι,</span> <span class='ocrx_word' id='word_1_147' title='bbox 850 1624 961 1699; x_wconf 79' lang='grc'><strong>15).</strong></span> <span class='ocrx_word' id='word_1_148' title='bbox 990 1626 1349 1705; x_wconf 84' lang='lat' dir='ltr'><strong>Subsequitur</strong></span> <span class='ocrx_word' id='word_1_149' title='bbox 1375 1635 1431 1682; x_wconf 88' lang='lat' dir='ltr'><strong>et</strong></span> <span class='ocrx_word' id='word_1_150' title='bbox 1454 1628 1672 1696; x_wconf 85' lang='lat' dir='ltr'><strong>supplet</strong></span> <span class='ocrx_word' id='word_1_151' title='bbox 1703 1625 1933 1696; x_wconf 80' lang='lat' dir='ltr'><strong>Aposto-</strong></span> 
     </span>
    </p>
   </div>
   <div class='ocr_carea' id='block_1_22' title="bbox 2038 423 3628 513">
    <p class='ocr_par' dir='ltr' id='par_1_22' title="bbox 2038 423 3628 513">
     <span class='ocr_line' id='line_1_22' title="bbox 2038 423 3628 513; baseline 0.008 -36"><span class='ocrx_word' id='word_1_152' title='bbox 2038 424 2167 505; x_wconf 83' lang='lat' dir='ltr'><strong>Data</strong></span> <span class='ocrx_word' id='word_1_153' title='bbox 2197 440 2270 478; x_wconf 84' lang='lat' dir='ltr'><strong>vtt</strong></span> <span class='ocrx_word' id='word_1_154' title='bbox 2299 423 2554 480; x_wconf 79' lang='lat' dir='ltr'><strong>kalendas</strong></span> <span class='ocrx_word' id='word_1_155' title='bbox 2577 427 2828 498; x_wconf 79' lang='lat' dir='ltr'><strong>Augusti,</strong></span> <span class='ocrx_word' id='word_1_156' title='bbox 2864 425 2889 465; x_wconf 77' lang='grc' dir='ltr'>ιι</span> <span class='ocrx_word' id='word_1_157' title='bbox 2920 427 3120 485; x_wconf 85' lang='lat' dir='ltr'><strong>Flaviis</strong></span> <span class='ocrx_word' id='word_1_158' title='bbox 3150 429 3331 486; x_wconf 84' lang='lat' dir='ltr'><strong>Felice</strong></span> <span class='ocrx_word' id='word_1_159' title='bbox 3361 440 3418 493; x_wconf 83' lang='lat' dir='ltr'><strong>et</strong></span> <span class='ocrx_word' id='word_1_160' title='bbox 3440 432 3628 513; x_wconf 69' lang='lat' dir='ltr'><strong>Tauro</strong></span> 
     </span>
    </p>
   </div>
   <div class='ocr_carea' id='block_1_23' title="bbox 2034 515 2866 601">
    <p class='ocr_par' dir='ltr' id='par_1_23' title="bbox 2034 515 2866 601">
     <span class='ocr_line' id='line_1_23' title="bbox 2034 515 2866 601; baseline 0.004 -30"><span class='ocrx_word' id='word_1_161' title='bbox 2034 515 2502 601; x_wconf 75' lang='lat' dir='ltr'><strong>virisclarissimis</strong></span> <span class='ocrx_word' id='word_1_162' title='bbox 2531 520 2866 577; x_wconf 91' lang='lat' dir='ltr'><strong>consulibus.</strong></span> 
     </span>
    </p>
   </div>
   <div class='ocr_carea' id='block_1_24' title="bbox 2574 654 3071 711">
    <p class='ocr_par' dir='ltr' id='par_1_24' title="bbox 2574 654 3071 711">
     <span class='ocr_line' id='line_1_24' title="bbox 2574 654 3071 711; baseline 0.004 -2"><span class='ocrx_word' id='word_1_163' title='bbox 2574 654 2592 693; x_wconf 76' lang='grc' dir='ltr'>ί</span> <span class='ocrx_word' id='word_1_164' title='bbox 2633 655 2965 711; x_wconf 78' lang='lat' dir='ltr'><strong>EPISTOLA</strong></span> <span class='ocrx_word' id='word_1_165' title='bbox 3007 656 3071 711; x_wconf 73' lang='grc' dir='ltr'><strong>ν.</strong></span> 
     </span>
    </p>
   </div>
   <div class='ocr_carea' id='block_1_25' title="bbox 2036 770 3631 846">
    <p class='ocr_par' dir='ltr' id='par_1_25' title="bbox 2036 770 3631 846">
     <span class='ocr_line' id='line_1_25' title="bbox 2036 770 3631 846; baseline 0.003 -21"><span class='ocrx_word' id='word_1_166' title='bbox 2036 770 2077 825; x_wconf 68' lang='grc'><strong>1.</strong></span> <span class='ocrx_word' id='word_1_167' title='bbox 2109 771 2273 846; x_wconf 62' lang='lat' dir='ltr'><strong>Quod</strong></span> <span class='ocrx_word' id='word_1_168' title='bbox 2323 770 2459 827; x_wconf 81' lang='lat' dir='ltr'><strong>nulli</strong></span> <span class='ocrx_word' id='word_1_169' title='bbox 2509 773 2762 827; x_wconf 69' lang='lat' dir='ltr'><strong>satedeti</strong></span> <span class='ocrx_word' id='word_1_170' title='bbox 2802 776 3018 828; x_wconf 74' lang='lat' dir='ltr'><strong>canones</strong></span> <span class='ocrx_word' id='word_1_171' title='bbox 3073 774 3225 829; x_wconf 85' lang='lat' dir='ltr'><strong>liceat</strong></span> <span class='ocrx_word' id='word_1_172' title='bbox 3270 777 3527 846; x_wconf 70' lang='lat' dir='ltr'><strong>ignorare.</strong></span> <span class='ocrx_word' id='word_1_173' title='bbox 3555 792 3631 819; x_wconf 65' lang='grc' dir='ltr'>-ι</span> 
     </span>
    </p>
   </div>
   <div class='ocr_carea' id='block_1_26' title="bbox 2109 842 3627 912">
    <p class='ocr_par' dir='ltr' id='par_1_26' title="bbox 2109 842 3627 912">
     <span class='ocr_line' id='line_1_26' title="bbox 2109 842 3627 912; baseline 0.003 -15"><span class='ocrx_word' id='word_1_174' title='bbox 2109 842 2172 898; x_wconf 93' lang='lat' dir='ltr'><strong>ll.</strong></span> <span class='ocrx_word' id='word_1_175' title='bbox 2202 844 2355 910; x_wconf 66' lang='lat' dir='ltr'><strong>Quod</strong></span> <span class='ocrx_word' id='word_1_176' title='bbox 2383 855 2484 897; x_wconf 83' lang='lat' dir='ltr'><strong>non</strong></span> <span class='ocrx_word' id='word_1_177' title='bbox 2512 846 2764 912; x_wconf 75' lang='lat' dir='ltr'><strong>oporteat,</strong></span> <span class='ocrx_word' id='word_1_178' title='bbox 2783 847 3089 909; x_wconf 70' lang='lat' dir='ltr'><strong>contemptis</strong></span> <span class='ocrx_word' id='word_1_179' title='bbox 3121 842 3323 899; x_wconf 73' lang='lat' dir='ltr'><strong>clericis</strong></span> <span class='ocrx_word' id='word_1_180' title='bbox 3346 845 3627 903; x_wconf 29' lang='lat' dir='ltr'><strong>Ecclesiae</strong></span> 
     </span>
    </p>
   </div>
   <div class='ocr_carea' id='block_1_27' title="bbox 2092 915 3628 987">
    <p class='ocr_par' dir='ltr' id='par_1_27' title="bbox 2092 915 3628 987">
     <span class='ocr_line' id='line_1_27' title="bbox 2092 915 3628 987; baseline 0.008 -24"><span class='ocrx_word' id='word_1_181' title='bbox 2092 930 2243 987; x_wconf 71' lang='lat' dir='ltr'><strong>runt;</strong></span> <span class='ocrx_word' id='word_1_182' title='bbox 2272 916 2334 971; x_wconf 79' lang='lat' dir='ltr'><strong>de</strong></span> <span class='ocrx_word' id='word_1_183' title='bbox 2362 915 2506 977; x_wconf 79' lang='lat' dir='ltr'><strong>laicis</strong></span> <span class='ocrx_word' id='word_1_184' title='bbox 2534 918 2797 987; x_wconf 75' lang='lat' dir='ltr'><strong>episcOpos</strong></span> <span class='ocrx_word' id='word_1_185' title='bbox 2835 917 3089 971; x_wconf 78' lang='lat' dir='ltr'><strong>ordinari.</strong></span> <span class='ocrx_word' id='word_1_186' title='bbox 3120 946 3189 959; x_wconf 91' lang='lat'><strong>-—</strong></span> <span class='ocrx_word' id='word_1_187' title='bbox 3214 917 3303 973; x_wconf 79' lang='lat' dir='ltr'><strong>Ill.</strong></span> <span class='ocrx_word' id='word_1_188' title='bbox 3336 918 3488 985; x_wconf 70' lang='lat' dir='ltr'><strong>Quod</strong></span> <span class='ocrx_word' id='word_1_189' title='bbox 3525 919 3628 975; x_wconf 74' lang='lat' dir='ltr'><strong>do-</strong></span> 
     </span>
    </p>
   </div>
   <div class='ocr_carea' id='block_1_28' title="bbox 2109 986 3127 1059">
    <p class='ocr_par' dir='ltr' id='par_1_28' title="bbox 2109 986 3127 1059">
     <span class='ocr_line' id='line_1_28' title="bbox 2109 986 3127 1059; baseline 0.006 -23"><span class='ocrx_word' id='word_1_190' title='bbox 2109 986 2299 1038; x_wconf 81' lang='lat' dir='ltr'><strong>cendus</strong></span> <span class='ocrx_word' id='word_1_191' title='bbox 2321 987 2385 1039; x_wconf 85' lang='lat' dir='ltr'><strong>sit</strong></span> <span class='ocrx_word' id='word_1_192' title='bbox 2416 991 2661 1059; x_wconf 83' lang='lat' dir='ltr'><strong>populus,</strong></span> <span class='ocrx_word' id='word_1_193' title='bbox 2693 986 2793 1041; x_wconf 88' lang='lat' dir='ltr'><strong>non</strong></span> <span class='ocrx_word' id='word_1_194' title='bbox 2823 988 3127 1057; x_wconf 78' lang='lat' dir='ltr'><strong>sequendus.</strong></span> 
     </span>
    </p>
   </div>
   <div class='ocr_carea' id='block_1_29' title="bbox 2036 1070 3632 1153">
    <p class='ocr_par' dir='ltr' id='par_1_29' title="bbox 2036 1070 3632 1153">
     <span class='ocr_line' id='line_1_29' title="bbox 2036 1070 3632 1153; baseline 0.003 -18"><span class='ocrx_word' id='word_1_195' title='bbox 2036 1070 2709 1153; x_wconf 28' lang='lat' dir='ltr'><strong>CAQLESTINUEGpiscopus</strong></span> <span class='ocrx_word' id='word_1_196' title='bbox 2742 1080 3020 1153; x_wconf 85' lang='lat' dir='ltr'><strong>universis</strong></span> <span class='ocrx_word' id='word_1_197' title='bbox 3057 1081 3325 1153; x_wconf 84' lang='lat' dir='ltr'><strong>episcopis</strong></span> <span class='ocrx_word' id='word_1_198' title='bbox 3353 1095 3452 1151; x_wconf 79' lang='lat' dir='ltr'><strong>per</strong></span> <span class='ocrx_word' id='word_1_199' title='bbox 3480 1081 3632 1153; x_wconf 83' lang='lat' dir='ltr'><strong>Apu-</strong></span> 
     </span>
    </p>
   </div>
   <div class='ocr_carea' id='block_1_30' title="bbox 2074 1144 3581 1207">
    <p class='ocr_par' dir='ltr' id='par_1_30' title="bbox 2074 1144 3581 1207">
     <span class='ocr_line' id='line_1_30' title="bbox 2074 1144 3581 1207; baseline 0.003 -6"><span class='ocrx_word' id='word_1_200' title='bbox 2074 1144 2087 1157; x_wconf 71' lang='lat'><strong><em>’</em></strong></span> <span class='ocrx_word' id='word_1_201' title='bbox 2126 1148 2131 1157; x_wconf 88' lang='grc'><strong>’</strong></span> <span class='ocrx_word' id='word_1_202' title='bbox 2378 1144 2503 1202; x_wconf 82' lang='lat' dir='ltr'><strong>liam</strong></span> <span class='ocrx_word' id='word_1_203' title='bbox 2529 1150 2582 1203; x_wconf 84' lang='lat' dir='ltr'><strong>et</strong></span> <span class='ocrx_word' id='word_1_204' title='bbox 2610 1144 2913 1205; x_wconf 75' lang='lat' dir='ltr'><strong>Calabriam</strong></span> <span class='ocrx_word' id='word_1_205' title='bbox 2943 1144 3271 1207; x_wconf 73' lang='lat' dir='ltr'><strong>constitutis.</strong></span> <span class='ocrx_word' id='word_1_206' title='bbox 3354 1144 3372 1151; x_wconf 83' lang='grc'><em>’</em></span> <span class='ocrx_word' id='word_1_207' title='bbox 3531 1144 3546 1153; x_wconf 67' lang='grc'>⁷</span> <span class='ocrx_word' id='word_1_208' title='bbox 3578 1154 3581 1159; x_wconf 44' lang='grc' dir='ltr'><strong><em>λ</em></strong></span> 
     </span>
    </p>
   </div>
   <div class='ocr_carea' id='block_1_31' title="bbox 2114 1261 3643 1336">
    <p class='ocr_par' dir='ltr' id='par_1_31' title="bbox 2114 1261 3643 1336">
     <span class='ocr_line' id='line_1_31' title="bbox 2114 1261 3643 1336; baseline 0.007 -22"><span class='ocrx_word' id='word_1_209' title='bbox 2114 1263 2162 1317; x_wconf 86' lang='grc'><strong>1.</strong></span> <span class='ocrx_word' id='word_1_210' title='bbox 2215 1261 2355 1329; x_wconf 74' lang='lat' dir='ltr'><strong>Nulli</strong></span> <span class='ocrx_word' id='word_1_211' title='bbox 2392 1264 2405 1313; x_wconf 86' lang='lat' dir='ltr'><strong>l</strong></span> <span class='ocrx_word' id='word_1_212' title='bbox 2451 1263 2793 1320; x_wconf 85' lang='lat' dir='ltr'><strong>sacerdotum</strong></span> <span class='ocrx_word' id='word_1_213' title='bbox 2837 1280 2965 1319; x_wconf 87' lang='lat' dir='ltr'><strong>suos</strong></span> <span class='ocrx_word' id='word_1_214' title='bbox 3008 1265 3135 1321; x_wconf 91' lang='lat' dir='ltr'><strong>licet</strong></span> <span class='ocrx_word' id='word_1_215' title='bbox 3180 1281 3421 1322; x_wconf 77' lang='lat' dir='ltr'><strong>canones</strong></span> <span class='ocrx_word' id='word_1_216' title='bbox 3471 1267 3643 1336; x_wconf 70' lang='lat' dir='ltr'><strong>igno-</strong></span> 
     </span>
    </p>
   </div>
   <div class='ocr_carea' id='block_1_32' title="bbox 2040 1358 3631 1431">
    <p class='ocr_par' dir='ltr' id='par_1_32' title="bbox 2040 1358 3631 1431">
     <span class='ocr_line' id='line_1_32' title="bbox 2040 1358 3631 1431; baseline 0.002 -19"><span class='ocrx_word' id='word_1_217' title='bbox 2040 1372 2180 1420; x_wconf 88' lang='lat' dir='ltr'><strong>rare,</strong></span> <span class='ocrx_word' id='word_1_218' title='bbox 2218 1373 2315 1413; x_wconf 88' lang='lat' dir='ltr'><strong>nec</strong></span> <span class='ocrx_word' id='word_1_219' title='bbox 2342 1358 2633 1427; x_wconf 86' lang='lat' dir='ltr'><strong>quidquam</strong></span> <span class='ocrx_word' id='word_1_220' title='bbox 2655 1358 2830 1413; x_wconf 91' lang='lat' dir='ltr'><strong>facere</strong></span> <span class='ocrx_word' id='word_1_221' title='bbox 2855 1359 2994 1427; x_wconf 90' lang='lat' dir='ltr'><strong>quod</strong></span> <span class='ocrx_word' id='word_1_222' title='bbox 3020 1358 3241 1414; x_wconf 80' lang='lat' dir='ltr'><strong>Patrum</strong></span> <span class='ocrx_word' id='word_1_223' title='bbox 3275 1361 3446 1428; x_wconf 87' lang='lat' dir='ltr'><strong>possit</strong></span> <span class='ocrx_word' id='word_1_224' title='bbox 3472 1376 3631 1431; x_wconf 83' lang='lat' dir='ltr'><strong>regu-</strong></span> 
     </span>
    </p>
   </div>
   <div class='ocr_carea' id='block_1_33' title="bbox 2039 1448 3628 1525">
    <p class='ocr_par' dir='ltr' id='par_1_33' title="bbox 2039 1448 3628 1525">
     <span class='ocr_line' id='line_1_33' title="bbox 2039 1448 3628 1525; baseline 0.002 -21"><span class='ocrx_word' id='word_1_225' title='bbox 2039 1448 2105 1525; x_wconf 86' lang='lat' dir='ltr'><strong>lis</strong></span> <span class='ocrx_word' id='word_1_226' title='bbox 2135 1450 2374 1523; x_wconf 77' lang='lat' dir='ltr'><strong>obviare.</strong></span> <span class='ocrx_word' id='word_1_227' title='bbox 2404 1450 2532 1515; x_wconf 74' lang='lat' dir='ltr'><strong>Qua:</strong></span> <span class='ocrx_word' id='word_1_228' title='bbox 2559 1451 2702 1503; x_wconf 90' lang='lat' dir='ltr'><strong>enim</strong></span> <span class='ocrx_word' id='word_1_229' title='bbox 2735 1464 2763 1503; x_wconf 93' lang='lat' dir='ltr'><strong>a</strong></span> <span class='ocrx_word' id='word_1_230' title='bbox 2804 1450 2961 1504; x_wconf 81' lang='lat' dir='ltr'><strong>nobis</strong></span> <span class='ocrx_word' id='word_1_231' title='bbox 2996 1464 3082 1504; x_wconf 91' lang='lat' dir='ltr'><strong>res</strong></span> <span class='ocrx_word' id='word_1_232' title='bbox 3108 1450 3267 1520; x_wconf 88' lang='lat' dir='ltr'><strong>digna</strong></span> <span class='ocrx_word' id='word_1_233' title='bbox 3300 1451 3628 1518; x_wconf 82' lang='lat' dir='ltr'><strong>servabitur,</strong></span> 
     </span>
    </p>
   </div>
   <div class='ocr_carea' id='block_1_34' title="bbox 2040 1540 3619 1611">
    <p class='ocr_par' dir='ltr' id='par_1_34' title="bbox 2040 1540 3619 1611">
     <span class='ocr_line' id='line_1_34' title="bbox 2040 1540 3619 1611; baseline 0.001 -17"><span class='ocrx_word' id='word_1_234' title='bbox 2040 1541 2084 1595; x_wconf 90' lang='lat' dir='ltr'><strong>si</strong></span> <span class='ocrx_word' id='word_1_235' title='bbox 2118 1540 2477 1601; x_wconf 69' lang='lat' dir='ltr'><strong>decretaliuut</strong></span> <span class='ocrx_word' id='word_1_236' title='bbox 2507 1554 2693 1593; x_wconf 87' lang='lat' dir='ltr'><strong>norma</strong></span> <span class='ocrx_word' id='word_1_237' title='bbox 2728 1540 3150 1607; x_wconf 78' lang='lat' dir='ltr'><strong>constitutorum</strong></span> <span class='ocrx_word' id='word_1_238' title='bbox 3184 1556 3285 1610; x_wconf 92' lang='lat' dir='ltr'><strong>pro</strong></span> <span class='ocrx_word' id='word_1_239' title='bbox 3313 1541 3619 1611; x_wconf 90' lang='lat' dir='ltr'><strong>aliquorum</strong></span> 
     </span>
    </p>
   </div>
   <div class='ocr_carea' id='block_1_35' title="bbox 2039 1620 3381 1703">
    <p class='ocr_par' dir='ltr' id='par_1_35' title="bbox 2039 1620 3381 1703">
     <span class='ocr_line' id='line_1_35' title="bbox 2039 1620 3381 1703; baseline -0.001 -15"><span class='ocrx_word' id='word_1_240' title='bbox 2039 1620 2216 1697; x_wconf 89' lang='lat' dir='ltr'><strong>libito,</strong></span> <span class='ocrx_word' id='word_1_241' title='bbox 2250 1633 2462 1687; x_wconf 82' lang='lat' dir='ltr'><strong>licentia</strong></span> <span class='ocrx_word' id='word_1_242' title='bbox 2495 1633 2704 1701; x_wconf 89' lang='lat' dir='ltr'><strong>populis</strong></span> <span class='ocrx_word' id='word_1_243' title='bbox 2734 1634 3019 1701; x_wconf 85' lang='lat' dir='ltr'><strong>permissa,</strong></span> <span class='ocrx_word' id='word_1_244' title='bbox 3055 1632 3381 1703; x_wconf 83' lang='lat' dir='ltr'><strong>frangatur?</strong></span> 
     </span>
    </p>
   </div>
   <div class='ocr_carea' id='block_1_36' title="bbox 348 1719 1923 1797">
    <p class='ocr_par' dir='ltr' id='par_1_36' title="bbox 348 1720 1923 1789">
     <span class='ocr_line' id='line_1_36' title="bbox 348 1720 1923 1789; baseline -0.005 -12"><span class='ocrx_word' id='word_1_245' title='bbox 348 1722 456 1786; x_wconf 87' lang='lat' dir='ltr'><strong>lus,</strong></span> <span class='ocrx_word' id='word_1_246' title='bbox 514 1720 705 1776; x_wconf 90' lang='lat' dir='ltr'><strong>eodem</strong></span> <span class='ocrx_word' id='word_1_247' title='bbox 757 1722 969 1775; x_wconf 88' lang='lat' dir='ltr'><strong>locutus</strong></span> <span class='ocrx_word' id='word_1_248' title='bbox 1030 1720 1258 1789; x_wconf 88' lang='lat' dir='ltr'><strong>spiritu,</strong></span> <span class='ocrx_word' id='word_1_249' title='bbox 1316 1720 1467 1774; x_wconf 81' lang='lat' dir='ltr'><strong>unius</strong></span> <span class='ocrx_word' id='word_1_250' title='bbox 1534 1720 1712 1772; x_wconf 73' lang='lat' dir='ltr'><strong>uxoris</strong></span> <span class='ocrx_word' id='word_1_251' title='bbox 1770 1722 1923 1771; x_wconf 72' lang='lat' dir='ltr'><strong>virum</strong></span> 
     </span>
    </p>
   </div>
   <div class='ocr_carea' id='block_1_37' title="bbox 2039 1719 3628 1797">
    <p class='ocr_par' dir='ltr' id='par_1_37' title="bbox 2112 1727 3628 1797">
     <span class='ocr_line' id='line_1_37' title="bbox 2112 1727 3628 1797; baseline 0.003 -16"><span class='ocrx_word' id='word_1_252' title='bbox 2112 1728 2166 1781; x_wconf 76' lang='grc'><strong>2.</strong></span> <span class='ocrx_word' id='word_1_253' title='bbox 2210 1727 2532 1782; x_wconf 86' lang='lat' dir='ltr'><strong>Audivimus</strong></span> <span class='ocrx_word' id='word_1_254' title='bbox 2564 1727 2821 1797; x_wconf 87' lang='lat' dir='ltr'><strong>quasdam</strong></span> <span class='ocrx_word' id='word_1_255' title='bbox 2854 1727 3091 1797; x_wconf 83' lang='lat' dir='ltr'><strong>prepriis</strong></span> <span class='ocrx_word' id='word_1_256' title='bbox 3120 1728 3404 1784; x_wconf 85' lang='lat' dir='ltr'><strong>destitutas</strong></span> <span class='ocrx_word' id='word_1_257' title='bbox 3445 1738 3628 1785; x_wconf 86' lang='lat' dir='ltr'><strong>recto-</strong></span> 
     </span>
    </p>
   </div>
   <div class='ocr_carea' id='block_1_38' title="bbox 348 1813 1931 1895">
    <p class='ocr_par' dir='ltr' id='par_1_38' title="bbox 348 1813 1931 1895">
     <span class='ocr_line' id='line_1_38' title="bbox 348 1813 1931 1895; baseline -0.003 -22"><span class='ocrx_word' id='word_1_258' title='bbox 348 1819 394 1895; x_wconf 90' lang='lat' dir='ltr'><strong>(l</strong></span> <span class='ocrx_word' id='word_1_259' title='bbox 422 1818 553 1883; x_wconf 84' lang='lat' dir='ltr'><strong>Tim.</strong></span> <span class='ocrx_word' id='word_1_260' title='bbox 588 1833 668 1882; x_wconf 90' lang='lat' dir='ltr'><strong>tu,</strong></span> <span class='ocrx_word' id='word_1_261' title='bbox 690 1816 750 1885; x_wconf 66' lang='grc' dir='ltr'>ἓ)</span> <span class='ocrx_word' id='word_1_262' title='bbox 772 1814 973 1893; x_wconf 87' lang='lat' dir='ltr'><strong>debere</strong></span> <span class='ocrx_word' id='word_1_263' title='bbox 995 1816 1306 1885; x_wconf 89' lang='lat' dir='ltr'><strong>episcopum</strong></span> <span class='ocrx_word' id='word_1_264' title='bbox 1331 1815 1661 1869; x_wconf 90' lang='lat' dir='ltr'><strong>consecrari.</strong></span> <span class='ocrx_word' id='word_1_265' title='bbox 1686 1813 1765 1867; x_wconf 84' lang='lat' dir='ltr'><strong>Ad</strong></span> <span class='ocrx_word' id='word_1_266' title='bbox 1793 1815 1931 1868; x_wconf 88' lang='lat' dir='ltr'><strong>hanc</strong></span> 
     </span>
    </p>
   </div>
   <div class='ocr_carea' id='block_1_39' title="bbox 347 1906 1933 1983">
    <p class='ocr_par' dir='ltr' id='par_1_39' title="bbox 347 1906 1933 1983">
     <span class='ocr_line' id='line_1_39' title="bbox 347 1906 1933 1983; baseline -0.004 -18"><span class='ocrx_word' id='word_1_267' title='bbox 347 1926 480 1983; x_wconf 81' lang='lat' dir='ltr'><strong>ergo</strong></span> <span class='ocrx_word' id='word_1_268' title='bbox 523 1911 789 1979; x_wconf 76' lang='lat' dir='ltr'><strong>eligantur</strong></span> <span class='ocrx_word' id='word_1_269' title='bbox 833 1908 1116 1969; x_wconf 80' lang='lat' dir='ltr'><strong>formulam</strong></span> <span class='ocrx_word' id='word_1_270' title='bbox 1162 1908 1501 1968; x_wconf 84' lang='lat' dir='ltr'><strong>sacerdotes:</strong></span> <span class='ocrx_word' id='word_1_271' title='bbox 1537 1919 1591 1962; x_wconf 89' lang='lat' dir='ltr'><strong>et</strong></span> <span class='ocrx_word' id='word_1_272' title='bbox 1637 1908 1678 1961; x_wconf 84' lang='lat' dir='ltr'><strong>si</strong></span> <span class='ocrx_word' id='word_1_273' title='bbox 1710 1923 1827 1977; x_wconf 61' lang='lat' dir='ltr'><strong>qnie</strong></span> <span class='ocrx_word' id='word_1_274' title='bbox 1858 1906 1933 1960; x_wconf 74' lang='lat' dir='ltr'><strong>fa~</strong></span> 
     </span>
    </p>
   </div>
   <div class='ocr_carea' id='block_1_40' title="bbox 347 2000 1931 2079">
    <p class='ocr_par' dir='ltr' id='par_1_40' title="bbox 347 2000 1931 2079">
     <span class='ocr_line' id='line_1_40' title="bbox 347 2000 1931 2079; baseline -0.003 -21"><span class='ocrx_word' id='word_1_275' title='bbox 347 2014 452 2079; x_wconf 63' lang='lat' dir='ltr'><strong>etas</strong></span> <span class='ocrx_word' id='word_1_276' title='bbox 491 2010 617 2057; x_wconf 91' lang='lat' dir='ltr'><strong>sunt</strong></span> <span class='ocrx_word' id='word_1_277' title='bbox 653 2000 1023 2056; x_wconf 81' lang='lat' dir='ltr'><strong>ordinationes</strong></span> <span class='ocrx_word' id='word_1_278' title='bbox 1065 2000 1292 2064; x_wconf 63' lang='lat' dir='ltr'><strong>illicitae,</strong></span> <span class='ocrx_word' id='word_1_279' title='bbox 1345 2009 1731 2055; x_wconf 84' lang='lat' dir='ltr'><strong>removeantur</strong></span> <span class='ocrx_word' id='word_1_280' title='bbox 1760 2014 1931 2070; x_wconf 88' lang='lat' dir='ltr'><strong>:quo-</strong></span> 
     </span>
    </p>
   </div>
   <div class='ocr_carea' id='block_1_41' title="bbox 346 2095 1931 2164">
    <p class='ocr_par' dir='ltr' id='par_1_41' title="bbox 346 2095 1931 2164">
     <span class='ocr_line' id='line_1_41' title="bbox 346 2095 1931 2164; baseline -0.004 -11"><span class='ocrx_word' id='word_1_281' title='bbox 346 2098 493 2159; x_wconf 78' lang='lat' dir='ltr'><strong>niam</strong></span> <span class='ocrx_word' id='word_1_282' title='bbox 530 2104 677 2151; x_wconf 88' lang='lat' dir='ltr'><strong>stare</strong></span> <span class='ocrx_word' id='word_1_283' title='bbox 706 2110 813 2148; x_wconf 92' lang='lat' dir='ltr'><strong>non</strong></span> <span class='ocrx_word' id='word_1_284' title='bbox 850 2102 1099 2164; x_wconf 88' lang='lat' dir='ltr'><strong>possunt,</strong></span> <span class='ocrx_word' id='word_1_285' title='bbox 1142 2108 1241 2149; x_wconf 91' lang='lat' dir='ltr'><strong>nec</strong></span> <span class='ocrx_word' id='word_1_286' title='bbox 1267 2095 1658 2149; x_wconf 89' lang='lat' dir='ltr'><strong>discussionem</strong></span> <span class='ocrx_word' id='word_1_287' title='bbox 1695 2104 1931 2149; x_wconf 84' lang='lat' dir='ltr'><strong>nostrain</strong></span> 
     </span>
    </p>
   </div>
   <div class='ocr_carea' id='block_1_42' title="bbox 344 2186 1934 2257">
    <p class='ocr_par' dir='ltr' id='par_1_42' title="bbox 344 2186 1934 2257">
     <span class='ocr_line' id='line_1_42' title="bbox 344 2186 1934 2257; baseline -0.004 -12"><span class='ocrx_word' id='word_1_288' title='bbox 344 2189 725 2255; x_wconf 74' lang='lat' dir='ltr'><strong>subterfugere</strong></span> <span class='ocrx_word' id='word_1_289' title='bbox 760 2194 1035 2255; x_wconf 90' lang='lat' dir='ltr'><strong>poterunt,</strong></span> <span class='ocrx_word' id='word_1_290' title='bbox 1081 2186 1327 2257; x_wconf 81' lang='lat' dir='ltr'><strong>quamvis</strong></span> <span class='ocrx_word' id='word_1_291' title='bbox 1358 2186 1528 2241; x_wconf 87' lang='lat' dir='ltr'><strong>latere</strong></span> <span class='ocrx_word' id='word_1_292' title='bbox 1576 2201 1632 2241; x_wconf 91' lang='lat' dir='ltr'><strong>se</strong></span> <span class='ocrx_word' id='word_1_293' title='bbox 1663 2186 1934 2240; x_wconf 63' lang='lat' dir='ltr'><strong>restituent</strong></span> 
     </span>
    </p>
   </div>
   <div class='ocr_carea' id='block_1_43' title="bbox 344 2279 1935 2355">
    <p class='ocr_par' dir='ltr' id='par_1_43' title="bbox 344 2279 1935 2355">
     <span class='ocr_line' id='line_1_43' title="bbox 344 2279 1935 2355; baseline -0.004 -15"><span class='ocrx_word' id='word_1_294' title='bbox 344 2284 376 2327; x_wconf 74' lang='grc' dir='ltr'><strong>1ο</strong></span> <span class='ocrx_word' id='word_1_295' title='bbox 394 2285 487 2355; x_wconf 83' lang='lat' dir='ltr'><strong>qui</strong></span> <span class='ocrx_word' id='word_1_296' title='bbox 505 2284 664 2339; x_wconf 91' lang='lat' dir='ltr'><strong>aliter</strong></span> <span class='ocrx_word' id='word_1_297' title='bbox 687 2290 1073 2352; x_wconf 88' lang='lat' dir='ltr'><strong>pervenerunt,</strong></span> <span class='ocrx_word' id='word_1_298' title='bbox 1108 2279 1335 2334; x_wconf 89' lang='lat' dir='ltr'><strong>utnulla</strong></span> <span class='ocrx_word' id='word_1_299' title='bbox 1363 2279 1643 2349; x_wconf 78' lang='lat' dir='ltr'><strong>religionis</strong></span> <span class='ocrx_word' id='word_1_300' title='bbox 1677 2295 1935 2335; x_wconf 89' lang='lat' dir='ltr'><strong>reveren-</strong></span> 
     </span>
    </p>
   </div>
   <div class='ocr_carea' id='block_1_44' title="bbox 347 2371 1934 2441">
    <p class='ocr_par' dir='ltr' id='par_1_44' title="bbox 347 2371 1934 2441">
     <span class='ocr_line' id='line_1_44' title="bbox 347 2371 1934 2441; baseline -0.006 -6"><span class='ocrx_word' id='word_1_301' title='bbox 347 2377 418 2435; x_wconf 80' lang='lat' dir='ltr'><strong>tia</strong></span> <span class='ocrx_word' id='word_1_302' title='bbox 446 2374 775 2433; x_wconf 82' lang='lat' dir='ltr'><strong>obscuritate</strong></span> <span class='ocrx_word' id='word_1_303' title='bbox 802 2373 1057 2429; x_wconf 89' lang='lat' dir='ltr'><strong>fuscetur.</strong></span> <span class='ocrx_word' id='word_1_304' title='bbox 1101 2372 1216 2427; x_wconf 85' lang='lat' dir='ltr'><strong>Non</strong></span> <span class='ocrx_word' id='word_1_305' title='bbox 1266 2373 1334 2426; x_wconf 90' lang='lat' dir='ltr'><strong>sit</strong></span> <span class='ocrx_word' id='word_1_306' title='bbox 1369 2387 1504 2426; x_wconf 89' lang='lat' dir='ltr'><strong>vana</strong></span> <span class='ocrx_word' id='word_1_307' title='bbox 1532 2372 1786 2441; x_wconf 82' lang='lat' dir='ltr'><strong>gloriatio</strong></span> <span class='ocrx_word' id='word_1_308' title='bbox 1818 2371 1934 2441; x_wconf 91' lang='lat' dir='ltr'><strong>pal-</strong></span> 
     </span>
    </p>
   </div>
   <div class='ocr_carea' id='block_1_45' title="bbox 344 2467 1933 2539">
    <p class='ocr_par' dir='ltr' id='par_1_45' title="bbox 344 2467 1933 2539">
     <span class='ocr_line' id='line_1_45' title="bbox 344 2467 1933 2539; baseline -0.001 -14"><span class='ocrx_word' id='word_1_309' title='bbox 344 2470 519 2527; x_wconf 86' lang='lat' dir='ltr'><strong>liatis.</strong></span> <span class='ocrx_word' id='word_1_310' title='bbox 553 2467 927 2539; x_wconf 81' lang='lat' dir='ltr'><strong>Episcopalem</strong></span> <span class='ocrx_word' id='word_1_311' title='bbox 976 2481 1205 2533; x_wconf 90' lang='lat' dir='ltr'><strong>morem,</strong></span> <span class='ocrx_word' id='word_1_312' title='bbox 1236 2468 1325 2537; x_wconf 91' lang='lat' dir='ltr'><strong>qui</strong></span> <span class='ocrx_word' id='word_1_313' title='bbox 1358 2467 1599 2537; x_wconf 82' lang='lat' dir='ltr'><strong>episcOpi</strong></span> <span class='ocrx_word' id='word_1_314' title='bbox 1647 2478 1791 2533; x_wconf 86' lang='lat' dir='ltr'><strong>sunt,</strong></span> <span class='ocrx_word' id='word_1_315' title='bbox 1843 2481 1933 2523; x_wconf 91' lang='lat' dir='ltr'><strong>se-</strong></span> 
     </span>
    </p>
   </div>
   <div class='ocr_carea' id='block_1_46' title="bbox 346 2572 606 2633">
    <p class='ocr_par' dir='ltr' id='par_1_46' title="bbox 346 2572 606 2633">
     <span class='ocr_line' id='line_1_46' title="bbox 346 2572 606 2633; baseline -0.004 -16"><span class='ocrx_word' id='word_1_316' title='bbox 346 2572 606 2633; x_wconf 78' lang='lat' dir='ltr'><strong>quatitur.</strong></span> 
     </span>
    </p>
   </div>
   <div class='ocr_carea' id='block_1_47' title="bbox 420 2650 1928 2721">
    <p class='ocr_par' dir='ltr' id='par_1_47' title="bbox 420 2650 1928 2721">
     <span class='ocr_line' id='line_1_47' title="bbox 420 2650 1928 2721; baseline -0.001 -13"><span class='ocrx_word' id='word_1_317' title='bbox 420 2652 473 2709; x_wconf 88' lang='lat'><strong>9.</strong></span> <span class='ocrx_word' id='word_1_318' title='bbox 512 2663 533 2691; x_wconf 81' lang='grc' dir='ltr'><strong>ο</strong></span> <span class='ocrx_word' id='word_1_319' title='bbox 565 2650 780 2720; x_wconf 85' lang='lat' dir='ltr'><strong>Daniel,</strong></span> <span class='ocrx_word' id='word_1_320' title='bbox 809 2659 869 2705; x_wconf 91' lang='lat' dir='ltr'><strong>ut</strong></span> <span class='ocrx_word' id='word_1_321' title='bbox 895 2650 1156 2715; x_wconf 78' lang='lat' dir='ltr'><strong>diximus,</strong></span> <span class='ocrx_word' id='word_1_322' title='bbox 1189 2652 1277 2721; x_wconf 90' lang='lat' dir='ltr'><strong>qui</strong></span> <span class='ocrx_word' id='word_1_323' title='bbox 1312 2651 1712 2706; x_wconf 84' lang='lat' dir='ltr'><strong>accusationem</strong></span> <span class='ocrx_word' id='word_1_324' title='bbox 1748 2653 1928 2720; x_wconf 87' lang='lat' dir='ltr'><strong>ponti-</strong></span> 
     </span>
    </p>
   </div>
   <div class='ocr_carea' id='block_1_48' title="bbox 345 2741 1928 2812">
    <p class='ocr_par' dir='ltr' id='par_1_48' title="bbox 345 2741 1928 2812">
     <span class='ocr_line' id='line_1_48' title="bbox 345 2741 1928 2812; baseline -0.001 -11"><span class='ocrx_word' id='word_1_325' title='bbox 345 2743 491 2801; x_wconf 81' lang='lat' dir='ltr'><strong>ﬁcali</strong></span> <span class='ocrx_word' id='word_1_326' title='bbox 525 2744 732 2797; x_wconf 89' lang='lat' dir='ltr'><strong>honore</strong></span> <span class='ocrx_word' id='word_1_327' title='bbox 778 2741 1153 2812; x_wconf 84' lang='lat' dir='ltr'><strong>subterfugere</strong></span> <span class='ocrx_word' id='word_1_328' title='bbox 1194 2757 1253 2797; x_wconf 91' lang='lat' dir='ltr'><strong>se</strong></span> <span class='ocrx_word' id='word_1_329' title='bbox 1282 2756 1440 2810; x_wconf 87' lang='lat' dir='ltr'><strong>posse</strong></span> <span class='ocrx_word' id='word_1_330' title='bbox 1481 2743 1731 2808; x_wconf 86' lang='lat' dir='ltr'><strong>credidit,</strong></span> <span class='ocrx_word' id='word_1_331' title='bbox 1779 2753 1833 2798; x_wconf 90' lang='lat' dir='ltr'><strong>et</strong></span> <span class='ocrx_word' id='word_1_332' title='bbox 1862 2744 1928 2799; x_wconf 91' lang='lat' dir='ltr'><strong>ad</strong></span> 
     </span>
    </p>
   </div>
   <div class='ocr_carea' id='block_1_49' title="bbox 344 2833 1931 2907">
    <p class='ocr_par' dir='ltr' id='par_1_49' title="bbox 344 2833 1931 2907">
     <span class='ocr_line' id='line_1_49' title="bbox 344 2833 1931 2907; baseline 0 -15"><span class='ocrx_word' id='word_1_333' title='bbox 344 2836 620 2907; x_wconf 68' lang='lat' dir='ltr'><strong>fastigium</strong></span> <span class='ocrx_word' id='word_1_334' title='bbox 653 2844 883 2903; x_wconf 85' lang='lat' dir='ltr'><strong>tantum,</strong></span> <span class='ocrx_word' id='word_1_335' title='bbox 919 2846 1261 2893; x_wconf 80' lang='lat' dir='ltr'><strong>accusatores</strong></span> <span class='ocrx_word' id='word_1_336' title='bbox 1290 2850 1418 2889; x_wconf 91' lang='lat' dir='ltr'><strong>suos</strong></span> <span class='ocrx_word' id='word_1_337' title='bbox 1447 2833 1472 2871; x_wconf 75' lang='grc' dir='ltr'><em>ἀ</em></span> <span class='ocrx_word' id='word_1_338' title='bbox 1502 2834 1775 2905; x_wconf 88' lang='lat' dir='ltr'><strong>fugiendo,</strong></span> <span class='ocrx_word' id='word_1_339' title='bbox 1809 2853 1931 2907; x_wconf 89' lang='lat' dir='ltr'><strong>per-</strong></span> 
     </span>
    </p>
   </div>
   <div class='ocr_carea' id='block_1_50' title="bbox 343 2920 1930 2995">
    <p class='ocr_par' dir='ltr' id='par_1_50' title="bbox 343 2920 1930 2995">
     <span class='ocr_line' id='line_1_50' title="bbox 343 2920 1930 2995; baseline 0.003 -12"><span class='ocrx_word' id='word_1_340' title='bbox 343 2920 515 2995; x_wconf 82' lang='lat' dir='ltr'><strong>venit,</strong></span> <span class='ocrx_word' id='word_1_341' title='bbox 547 2946 575 2983; x_wconf 89' lang='lat' dir='ltr'><strong>a</strong></span> <span class='ocrx_word' id='word_1_342' title='bbox 605 2929 908 2985; x_wconf 86' lang='lat' dir='ltr'><strong>sanctitatis</strong></span> <span class='ocrx_word' id='word_1_343' title='bbox 945 2938 1144 2985; x_wconf 76' lang='lat' dir='ltr'><strong>vestra:</strong></span> <span class='ocrx_word' id='word_1_344' title='bbox 1175 2938 1317 2983; x_wconf 77' lang='lat' dir='ltr'><strong>cmtu</strong></span> <span class='ocrx_word' id='word_1_345' title='bbox 1352 2928 1572 2983; x_wconf 88' lang='lat' dir='ltr'><strong>interim</strong></span> <span class='ocrx_word' id='word_1_346' title='bbox 1619 2945 1680 2985; x_wconf 93' lang='lat' dir='ltr'><strong>se</strong></span> <span class='ocrx_word' id='word_1_347' title='bbox 1717 2932 1930 2987; x_wconf 89' lang='lat' dir='ltr'><strong>noverit</strong></span> 
     </span>
    </p>
   </div>
   <div class='ocr_carea' id='block_1_51' title="bbox 346 3020 1921 3094">
    <p class='ocr_par' dir='ltr' id='par_1_51' title="bbox 346 3020 1921 3094">
     <span class='ocr_line' id='line_1_51' title="bbox 346 3020 1921 3094; baseline 0 -15"><span class='ocrx_word' id='word_1_348' title='bbox 346 3032 684 3094; x_wconf 84' lang='lat' dir='ltr'><strong>segregatum</strong></span> <span class='ocrx_word' id='word_1_349' title='bbox 720 3041 731 3076; x_wconf 95' lang='lat'>:</span> <span class='ocrx_word' id='word_1_350' title='bbox 760 3024 849 3093; x_wconf 91' lang='lat' dir='ltr'><strong>qui</strong></span> <span class='ocrx_word' id='word_1_351' title='bbox 877 3037 935 3077; x_wconf 93' lang='lat' dir='ltr'><strong>se</strong></span> <span class='ocrx_word' id='word_1_352' title='bbox 962 3031 1145 3077; x_wconf 90' lang='lat' dir='ltr'><strong>nostro</strong></span> <span class='ocrx_word' id='word_1_353' title='bbox 1167 3021 1373 3090; x_wconf 89' lang='lat' dir='ltr'><strong>judicio</strong></span> <span class='ocrx_word' id='word_1_354' title='bbox 1400 3020 1564 3077; x_wconf 88' lang='lat' dir='ltr'><strong>debet</strong></span> <span class='ocrx_word' id='word_1_355' title='bbox 1589 3024 1849 3092; x_wconf 89' lang='lat' dir='ltr'><strong>objicere,</strong></span> <span class='ocrx_word' id='word_1_356' title='bbox 1876 3026 1921 3079; x_wconf 86' lang='lat' dir='ltr'><strong>si</strong></span> 
     </span>
    </p>
   </div>
   <div class='ocr_carea' id='block_1_52' title="bbox 346 3115 1754 3172">
    <p class='ocr_par' dir='ltr' id='par_1_52' title="bbox 346 3115 1754 3172">
     <span class='ocr_line' id='line_1_52' title="bbox 346 3115 1754 3172; baseline -0.001 -1"><span class='ocrx_word' id='word_1_357' title='bbox 346 3117 690 3172; x_wconf 65' lang='lat' dir='ltr'><strong>conscientiae</strong></span> <span class='ocrx_word' id='word_1_358' title='bbox 714 3131 823 3169; x_wconf 67' lang='lat' dir='ltr'><strong>suae</strong></span> <span class='ocrx_word' id='word_1_359' title='bbox 855 3115 1003 3170; x_wconf 86' lang='lat' dir='ltr'><strong>novit</strong></span> <span class='ocrx_word' id='word_1_360' title='bbox 1031 3115 1413 3170; x_wconf 87' lang='lat' dir='ltr'><strong>confidentiam</strong></span> <span class='ocrx_word' id='word_1_361' title='bbox 1446 3130 1506 3170; x_wconf 85' lang='lat' dir='ltr'><strong>se</strong></span> <span class='ocrx_word' id='word_1_362' title='bbox 1535 3115 1754 3171; x_wconf 90' lang='lat' dir='ltr'><strong>habere.</strong></span> 
     </span>
    </p>
   </div>
   <div class='ocr_carea' id='block_1_53' title="bbox 422 3206 1923 3276">
    <p class='ocr_par' dir='ltr' id='par_1_53' title="bbox 422 3206 1923 3276">
     <span class='ocr_line' id='line_1_53' title="bbox 422 3206 1923 3276; baseline 0.001 -16"><span class='ocrx_word' id='word_1_363' title='bbox 422 3208 506 3264; x_wconf 86' lang='grc'><strong>10.</strong></span> <span class='ocrx_word' id='word_1_364' title='bbox 542 3218 566 3247; x_wconf 81' lang='grc' dir='ltr'><strong><em>ο</em></strong></span> <span class='ocrx_word' id='word_1_365' title='bbox 596 3208 940 3262; x_wconf 68' lang='lat' dir='ltr'><strong>Massiliensis</strong></span> <span class='ocrx_word' id='word_1_366' title='bbox 976 3222 1107 3262; x_wconf 92' lang='lat' dir='ltr'><strong>vero</strong></span> <span class='ocrx_word' id='word_1_367' title='bbox 1140 3206 1396 3261; x_wconf 71' lang='lat' dir='ltr'><strong>Ecclesia:</strong></span> <span class='ocrx_word' id='word_1_368' title='bbox 1443 3207 1802 3274; x_wconf 86' lang='lat' dir='ltr'><strong>sacerdotem,</strong></span> <span class='ocrx_word' id='word_1_369' title='bbox 1835 3208 1923 3276; x_wconf 92' lang='lat' dir='ltr'><strong>qui</strong></span> 
     </span>
    </p>
   </div>
   <div class='ocr_carea' id='block_1_54' title="bbox 345 3299 1925 3372">
    <p class='ocr_par' dir='ltr' id='par_1_54' title="bbox 345 3299 1925 3372">
     <span class='ocr_line' id='line_1_54' title="bbox 345 3299 1925 3372; baseline -0.002 -14"><span class='ocrx_word' id='word_1_370' title='bbox 345 3304 563 3369; x_wconf 87' lang='lat' dir='ltr'><strong>dicitur,</strong></span> <span class='ocrx_word' id='word_1_371' title='bbox 596 3302 739 3372; x_wconf 89' lang='lat' dir='ltr'><strong>quod</strong></span> <span class='ocrx_word' id='word_1_372' title='bbox 772 3302 919 3356; x_wconf 90' lang='lat' dir='ltr'><strong>dictu</strong></span> <span class='ocrx_word' id='word_1_373' title='bbox 955 3300 1105 3355; x_wconf 87' lang='lat' dir='ltr'><strong>nefas</strong></span> <span class='ocrx_word' id='word_1_374' title='bbox 1136 3310 1240 3366; x_wconf 89' lang='lat' dir='ltr'><strong>est,</strong></span> <span class='ocrx_word' id='word_1_375' title='bbox 1274 3302 1325 3353; x_wconf 92' lang='lat' dir='ltr'><strong>in</strong></span> <span class='ocrx_word' id='word_1_376' title='bbox 1360 3314 1544 3353; x_wconf 84' lang='lat' dir='ltr'><strong>necem</strong></span> <span class='ocrx_word' id='word_1_377' title='bbox 1578 3299 1760 3355; x_wconf 89' lang='lat' dir='ltr'><strong>fratris</strong></span> <span class='ocrx_word' id='word_1_378' title='bbox 1796 3299 1813 3338; x_wconf 71' lang='grc' dir='ltr'><strong>ί</strong></span> <span class='ocrx_word' id='word_1_379' title='bbox 1851 3310 1925 3355; x_wconf 86' lang='lat' dir='ltr'><strong>ta-</strong></span> 
     </span>
    </p>
   </div>
   <div class='ocr_carea' id='block_1_55' title="bbox 344 3395 1927 3467">
    <p class='ocr_par' dir='ltr' id='par_1_55' title="bbox 344 3395 1927 3467">
     <span class='ocr_line' id='line_1_55' title="bbox 344 3395 1927 3467; baseline -0.003 -14"><span class='ocrx_word' id='word_1_380' title='bbox 344 3398 471 3454; x_wconf 90' lang='lat' dir='ltr'><strong>liter</strong></span> <span class='ocrx_word' id='word_1_381' title='bbox 498 3400 816 3467; x_wconf 84' lang='lat' dir='ltr'><strong>gratulatus,</strong></span> <span class='ocrx_word' id='word_1_382' title='bbox 863 3406 918 3449; x_wconf 92' lang='lat' dir='ltr'><strong>ut</strong></span> <span class='ocrx_word' id='word_1_383' title='bbox 951 3395 1072 3449; x_wconf 86' lang='lat' dir='ltr'><strong>huic</strong></span> <span class='ocrx_word' id='word_1_384' title='bbox 1102 3396 1192 3465; x_wconf 90' lang='lat' dir='ltr'><strong>qui</strong></span> <span class='ocrx_word' id='word_1_385' title='bbox 1223 3395 1340 3463; x_wconf 90' lang='lat' dir='ltr'><strong>ejus</strong></span> <span class='ocrx_word' id='word_1_386' title='bbox 1377 3397 1638 3464; x_wconf 85' lang='lat' dir='ltr'><strong>sanguine</strong></span> <span class='ocrx_word' id='word_1_387' title='bbox 1672 3403 1927 3450; x_wconf 87' lang='lat' dir='ltr'><strong>cruentus</strong></span> 
     </span>
    </p>
   </div>
   <div class='ocr_carea' id='block_1_56' title="bbox 345 3484 1928 3554">
    <p class='ocr_par' dir='ltr' id='par_1_56' title="bbox 345 3484 1928 3554">
     <span class='ocr_line' id='line_1_56' title="bbox 345 3484 1928 3554; baseline -0.001 -11"><span class='ocrx_word' id='word_1_388' title='bbox 345 3489 657 3550; x_wconf 77' lang='lat' dir='ltr'><strong>advenerat,</strong></span> <span class='ocrx_word' id='word_1_389' title='bbox 702 3486 1004 3554; x_wconf 90' lang='lat' dir='ltr'><strong>portionem</strong></span> <span class='ocrx_word' id='word_1_390' title='bbox 1036 3500 1157 3539; x_wconf 91' lang='lat' dir='ltr'><strong>cum</strong></span> <span class='ocrx_word' id='word_1_391' title='bbox 1191 3484 1382 3539; x_wconf 90' lang='lat' dir='ltr'><strong>eodem</strong></span> <span class='ocrx_word' id='word_1_392' title='bbox 1430 3486 1708 3539; x_wconf 85' lang='lat' dir='ltr'><strong>habiturus</strong></span> <span class='ocrx_word' id='word_1_393' title='bbox 1739 3502 1928 3541; x_wconf 91' lang='lat' dir='ltr'><strong>occur-</strong></span> 
     </span>
    </p>
   </div>
   <div class='ocr_carea' id='block_1_57' title="bbox 417 3668 1919 3738">
    <p class='ocr_par' dir='ltr' id='par_1_57' title="bbox 417 3668 1919 3738">
     <span class='ocr_line' id='line_1_57' title="bbox 417 3668 1919 3738; baseline -0.005 -8"><span class='ocrx_word' id='word_1_394' title='bbox 417 3686 445 3715; x_wconf 80' lang='grc' dir='ltr'>ι</span> <span class='ocrx_word' id='word_1_395' title='bbox 470 3676 525 3730; x_wconf 89' lang='grc'><strong>10</strong></span> <span class='ocrx_word' id='word_1_396' title='bbox 558 3674 686 3729; x_wconf 90' lang='lat' dir='ltr'><strong>edit.</strong></span> <span class='ocrx_word' id='word_1_397' title='bbox 716 3673 873 3727; x_wconf 82' lang='lat' dir='ltr'><strong>Rom.</strong></span> <span class='ocrx_word' id='word_1_398' title='bbox 905 3684 968 3724; x_wconf 91' lang='lat' dir='ltr'><strong>ac</strong></span> <span class='ocrx_word' id='word_1_399' title='bbox 999 3669 1383 3738; x_wconf 86' lang='lat' dir='ltr'><strong>posterioribus</strong></span> <span class='ocrx_word' id='word_1_400' title='bbox 1415 3668 1501 3722; x_wconf 84' lang='lat' dir='ltr'><strong>hic</strong></span> <span class='ocrx_word' id='word_1_401' title='bbox 1525 3668 1741 3723; x_wconf 88' lang='lat' dir='ltr'><strong>additur</strong></span> <span class='ocrx_word' id='word_1_402' title='bbox 1772 3670 1919 3723; x_wconf 85' lang='lat' dir='ltr'><strong>cleri-</strong></span> 
     </span>
    </p>
   </div>
   <div class='ocr_carea' id='block_1_58' title="bbox 344 3740 1921 3810">
    <p class='ocr_par' dir='ltr' id='par_1_58' title="bbox 344 3740 1921 3810">
     <span class='ocr_line' id='line_1_58' title="bbox 344 3740 1921 3810; baseline -0.006 -7"><span class='ocrx_word' id='word_1_403' title='bbox 344 3762 547 3803; x_wconf 81' lang='lat' dir='ltr'><strong>corum.</strong></span> <span class='ocrx_word' id='word_1_404' title='bbox 609 3744 788 3799; x_wconf 83' lang='lat' dir='ltr'><strong>Monet</strong></span> <span class='ocrx_word' id='word_1_405' title='bbox 847 3741 929 3795; x_wconf 83' lang='lat' dir='ltr'><strong>vir</strong></span> <span class='ocrx_word' id='word_1_406' title='bbox 977 3743 1096 3810; x_wconf 87' lang='lat' dir='ltr'><strong>pius</strong></span> <span class='ocrx_word' id='word_1_407' title='bbox 1146 3740 1452 3808; x_wconf 56' lang='lat' dir='ltr'><strong>episcopale</strong></span> <span class='ocrx_word' id='word_1_408' title='bbox 1506 3756 1723 3805; x_wconf 86' lang='lat' dir='ltr'><strong>munus,</strong></span> <span class='ocrx_word' id='word_1_409' title='bbox 1778 3742 1921 3807; x_wconf 88' lang='lat' dir='ltr'><strong>quod</strong></span> 
     </span>
    </p>
   </div>
   <div class='ocr_carea' id='block_1_59' title="bbox 342 3811 1920 3877">
    <p class='ocr_par' dir='ltr' id='par_1_59' title="bbox 342 3811 1920 3877">
     <span class='ocr_line' id='line_1_59' title="bbox 342 3811 1920 3877; baseline -0.007 -3"><span class='ocrx_word' id='word_1_410' title='bbox 342 3818 540 3874; x_wconf 77' lang='lat' dir='ltr'><strong>sumini</strong></span> <span class='ocrx_word' id='word_1_411' title='bbox 587 3831 650 3871; x_wconf 80' lang='lat' dir='ltr'><strong>ac</strong></span> <span class='ocrx_word' id='word_1_412' title='bbox 687 3812 1009 3869; x_wconf 61' lang='lat' dir='ltr'><strong>sanctissimi</strong></span> <span class='ocrx_word' id='word_1_413' title='bbox 1053 3811 1153 3865; x_wconf 90' lang='lat' dir='ltr'><strong>viri</strong></span> <span class='ocrx_word' id='word_1_414' title='bbox 1195 3827 1409 3877; x_wconf 89' lang='lat' dir='ltr'><strong>semper</strong></span> <span class='ocrx_word' id='word_1_415' title='bbox 1438 3821 1495 3863; x_wconf 91' lang='lat' dir='ltr'><strong>ut</strong></span> <span class='ocrx_word' id='word_1_416' title='bbox 1524 3811 1920 3863; x_wconf 86' lang='lat' dir='ltr'><strong>formidandum</strong></span> 
     </span>
    </p>
   </div>
   <div class='ocr_carea' id='block_1_60' title="bbox 342 3882 1923 3959">
    <p class='ocr_par' dir='ltr' id='par_1_60' title="bbox 342 3882 1923 3959">
     <span class='ocr_line' id='line_1_60' title="bbox 342 3882 1923 3959; baseline -0.006 -14"><span class='ocrx_word' id='word_1_417' title='bbox 342 3889 618 3959; x_wconf 72' lang='lat' dir='ltr'><strong>Iugerum,</strong></span> <span class='ocrx_word' id='word_1_418' title='bbox 649 3886 853 3959; x_wconf 84' lang='lat' dir='ltr'><strong>nonab</strong></span> <span class='ocrx_word' id='word_1_419' title='bbox 880 3884 1007 3952; x_wconf 86' lang='lat' dir='ltr'><strong>ipsis</strong></span> <span class='ocrx_word' id='word_1_420' title='bbox 1035 3883 1246 3959; x_wconf 73' lang='lat' dir='ltr'><strong>clericis</strong></span> <span class='ocrx_word' id='word_1_421' title='bbox 1284 3884 1429 3936; x_wconf 87' lang='lat' dir='ltr'><strong>velut</strong></span> <span class='ocrx_word' id='word_1_422' title='bbox 1453 3882 1685 3935; x_wconf 87' lang='lat' dir='ltr'><strong>fructum</strong></span> <span class='ocrx_word' id='word_1_423' title='bbox 1719 3882 1923 3935; x_wconf 68' lang='lat' dir='ltr'><strong>militiis</strong></span> 
     </span>
    </p>
   </div>
   <div class='ocr_carea' id='block_1_61' title="bbox 340 3953 1387 4019">
    <p class='ocr_par' dir='ltr' id='par_1_61' title="bbox 340 3953 1387 4019">
     <span class='ocr_line' id='line_1_61' title="bbox 340 3953 1387 4019; baseline -0.01 -4"><span class='ocrx_word' id='word_1_424' title='bbox 340 3953 476 4019; x_wconf 57' lang='lat' dir='ltr'><strong>suis.</strong></span> <span class='ocrx_word' id='word_1_425' title='bbox 507 3961 601 4014; x_wconf 88' lang='lat' dir='ltr'><strong>sed</strong></span> <span class='ocrx_word' id='word_1_426' title='bbox 640 3959 707 4011; x_wconf 88' lang='lat' dir='ltr'><strong>ab</strong></span> <span class='ocrx_word' id='word_1_427' title='bbox 730 3958 849 4011; x_wconf 88' lang='lat' dir='ltr'><strong>aliis</strong></span> <span class='ocrx_word' id='word_1_428' title='bbox 888 3953 1216 4010; x_wconf 80' lang='lat' dir='ltr'><strong>censendum</strong></span> <span class='ocrx_word' id='word_1_429' title='bbox 1248 3969 1387 4007; x_wconf 82' lang='lat' dir='ltr'><strong>esse.</strong></span> 
     </span>
    </p>
   </div>
   <div class='ocr_carea' id='block_1_62' title="bbox 417 4020 1920 4098">
    <p class='ocr_par' dir='ltr' id='par_1_62' title="bbox 417 4020 1920 4098">
     <span class='ocr_line' id='line_1_62' title="bbox 417 4020 1920 4098; baseline -0.007 -13"><span class='ocrx_word' id='word_1_430' title='bbox 417 4030 445 4070; x_wconf 70' lang='grc' dir='ltr'>δ</span> <span class='ocrx_word' id='word_1_431' title='bbox 465 4033 537 4085; x_wconf 91' lang='lat' dir='ltr'><strong>Ita</strong></span> <span class='ocrx_word' id='word_1_432' title='bbox 566 4032 769 4098; x_wconf 87' lang='lat' dir='ltr'><strong>Quesn.</strong></span> <span class='ocrx_word' id='word_1_433' title='bbox 801 4042 921 4079; x_wconf 74' lang='lat' dir='ltr'><strong>cum</strong></span> <span class='ocrx_word' id='word_1_434' title='bbox 951 4032 1133 4098; x_wconf 78' lang='lat' dir='ltr'><strong>vetere</strong></span> <span class='ocrx_word' id='word_1_435' title='bbox 1166 4025 1363 4098; x_wconf 72' lang='lat' dir='ltr'><strong>codice</strong></span> <span class='ocrx_word' id='word_1_436' title='bbox 1399 4021 1682 4098; x_wconf 79' lang='lat' dir='ltr'><strong>_Capuc_in._</strong></span> <span class='ocrx_word' id='word_1_437' title='bbox 1705 4020 1920 4074; x_wconf 82' lang='lat' dir='ltr'><strong>Rotom.</strong></span> 
     </span>
    </p>
   </div>
   <div class='ocr_carea' id='block_1_63' title="bbox 342 4093 1915 4159">
    <p class='ocr_par' dir='ltr' id='par_1_63' title="bbox 342 4093 1915 4159">
     <span class='ocr_line' id='line_1_63' title="bbox 342 4093 1915 4159; baseline -0.01 0"><span class='ocrx_word' id='word_1_438' title='bbox 342 4102 489 4159; x_wconf 62' lang='grc' dir='ltr'><strong>ΕΜιί</strong></span> <span class='ocrx_word' id='word_1_439' title='bbox 521 4093 609 4155; x_wconf 81' lang='lat' dir='ltr'><strong>alii</strong></span> <span class='ocrx_word' id='word_1_440' title='bbox 636 4115 757 4154; x_wconf 88' lang='lat' dir='ltr'><strong>cum</strong></span> <span class='ocrx_word' id='word_1_441' title='bbox 805 4112 911 4151; x_wconf 91' lang='lat' dir='ltr'><strong>uno</strong></span> <span class='ocrx_word' id='word_1_442' title='bbox 952 4112 1053 4147; x_wconf 87' lang='lat' dir='ltr'><strong>ms.</strong></span> <span class='ocrx_word' id='word_1_443' title='bbox 1083 4095 1240 4148; x_wconf 79' lang='lat' dir='ltr'><strong>Colit.</strong></span> <span class='ocrx_word' id='word_1_444' title='bbox 1274 4105 1329 4148; x_wconf 91' lang='lat' dir='ltr'><strong>et</strong></span> <span class='ocrx_word' id='word_1_445' title='bbox 1363 4095 1533 4145; x_wconf 89' lang='lat' dir='ltr'><strong>altero</strong></span> <span class='ocrx_word' id='word_1_446' title='bbox 1564 4093 1794 4153; x_wconf 62' lang='lat' dir='ltr'><strong>llarIa-o,</strong></span> <span class='ocrx_word' id='word_1_447' title='bbox 1826 4108 1915 4145; x_wconf 90' lang='lat' dir='ltr'><strong>se-</strong></span> 
     </span>
    </p>
   </div>
   <div class='ocr_carea' id='block_1_64' title="bbox 341 4162 1914 4238">
    <p class='ocr_par' dir='ltr' id='par_1_64' title="bbox 341 4162 1914 4238">
     <span class='ocr_line' id='line_1_64' title="bbox 341 4162 1914 4238; baseline -0.01 -8"><span class='ocrx_word' id='word_1_448' title='bbox 341 4172 535 4230; x_wconf 90' lang='lat' dir='ltr'><strong>cundis</strong></span> <span class='ocrx_word' id='word_1_449' title='bbox 560 4172 726 4233; x_wconf 88' lang='lat' dir='ltr'><strong>curis,</strong></span> <span class='ocrx_word' id='word_1_450' title='bbox 754 4170 840 4238; x_wconf 88' lang='lat' dir='ltr'><strong>qui</strong></span> <span class='ocrx_word' id='word_1_451' title='bbox 859 4165 1055 4238; x_wconf 80' lang='lat' dir='ltr'><strong>taliter.</strong></span> <span class='ocrx_word' id='word_1_452' title='bbox 1099 4164 1293 4238; x_wconf 52' lang='lat' dir='ltr'><strong>(imitari</strong></span> <span class='ocrx_word' id='word_1_453' title='bbox 1323 4178 1452 4238; x_wconf 70' lang='grc' dir='ltr'><strong>γοΨ</strong></span> <span class='ocrx_word' id='word_1_454' title='bbox 1486 4178 1641 4238; x_wconf 70' lang='lat' dir='ltr'><strong>Inss..</strong></span> <span class='ocrx_word' id='word_1_455' title='bbox 1674 4162 1914 4231; x_wconf 83' lang='lat' dir='ltr'><strong>qualiter.</strong></span> 
     </span>
    </p>
   </div>
   <div class='ocr_carea' id='block_1_65' title="bbox 418 4232 1917 4302">
    <p class='ocr_par' dir='ltr' id='par_1_65' title="bbox 418 4232 1917 4302">
     <span class='ocr_line' id='line_1_65' title="bbox 418 4232 1917 4302; baseline -0.008 -5"><span class='ocrx_word' id='word_1_456' title='bbox 418 4254 441 4283; x_wconf 77' lang='lat'><strong>&#39;</strong></span> <span class='ocrx_word' id='word_1_457' title='bbox 475 4245 624 4297; x_wconf 88' lang='lat' dir='ltr'><strong>Unus</strong></span> <span class='ocrx_word' id='word_1_458' title='bbox 652 4232 822 4295; x_wconf 77' lang='lat' dir='ltr'><strong>Codex</strong></span> <span class='ocrx_word' id='word_1_459' title='bbox 843 4237 997 4293; x_wconf 74' lang='lat' dir='ltr'><strong>Coll).</strong></span> <span class='ocrx_word' id='word_1_460' title='bbox 1022 4249 1140 4286; x_wconf 86' lang='lat' dir='ltr'><strong>cuin</strong></span> <span class='ocrx_word' id='word_1_461' title='bbox 1167 4236 1358 4298; x_wconf 88' lang='lat' dir='ltr'><strong>Corb.,</strong></span> <span class='ocrx_word' id='word_1_462' title='bbox 1397 4232 1706 4287; x_wconf 84' lang='lat' dir='ltr'><strong>Danihclum</strong></span> <span class='ocrx_word' id='word_1_463' title='bbox 1726 4248 1917 4302; x_wconf 85' lang='lat' dir='ltr'><strong>:quam</strong></span> 
     </span>
    </p>
   </div>
   <div class='ocr_carea' id='block_1_66' title="bbox 339 4303 1918 4373">
    <p class='ocr_par' dir='ltr' id='par_1_66' title="bbox 339 4303 1918 4373">
     <span class='ocr_line' id='line_1_66' title="bbox 339 4303 1918 4373; baseline -0.008 -3"><span class='ocrx_word' id='word_1_464' title='bbox 339 4314 673 4370; x_wconf 84' lang='lat' dir='ltr'><strong>locutionem</strong></span> <span class='ocrx_word' id='word_1_465' title='bbox 708 4311 914 4365; x_wconf 85' lang='lat' dir='ltr'><strong>Hilario</strong></span> <span class='ocrx_word' id='word_1_466' title='bbox 940 4308 1188 4360; x_wconf 87' lang='lat' dir='ltr'><strong>usitatam</strong></span> <span class='ocrx_word' id='word_1_467' title='bbox 1218 4306 1380 4360; x_wconf 85' lang='lat' dir='ltr'><strong>fuisse</strong></span> <span class='ocrx_word' id='word_1_468' title='bbox 1411 4306 1461 4358; x_wconf 93' lang='lat' dir='ltr'><strong>in</strong></span> <span class='ocrx_word' id='word_1_469' title='bbox 1496 4320 1630 4357; x_wconf 83' lang='lat' dir='ltr'><strong>nova</strong></span> <span class='ocrx_word' id='word_1_470' title='bbox 1664 4303 1779 4373; x_wconf 77' lang='lat' dir='ltr'><strong>ejus</strong></span> <span class='ocrx_word' id='word_1_471' title='bbox 1802 4304 1918 4358; x_wconf 89' lang='lat' dir='ltr'><strong>edi-</strong></span> 
     </span>
    </p>
   </div>
   <div class='ocr_carea' id='block_1_67' title="bbox 340 4375 1923 4454">
    <p class='ocr_par' dir='ltr' id='par_1_67' title="bbox 340 4375 1923 4454">
     <span class='ocr_line' id='line_1_67' title="bbox 340 4375 1923 4454; baseline -0.006 -14"><span class='ocrx_word' id='word_1_472' title='bbox 340 4387 495 4440; x_wconf 81' lang='lat' dir='ltr'><strong>tione</strong></span> <span class='ocrx_word' id='word_1_473' title='bbox 523 4400 644 4454; x_wconf 86' lang='lat' dir='ltr'><strong>pag.</strong></span> <span class='ocrx_word' id='word_1_474' title='bbox 693 4384 801 4438; x_wconf 72' lang='grc'><strong>515</strong></span> <span class='ocrx_word' id='word_1_475' title='bbox 830 4390 944 4434; x_wconf 78' lang='lat' dir='ltr'><strong>not.</strong></span> <span class='ocrx_word' id='word_1_476' title='bbox 996 4378 1049 4441; x_wconf 92' lang='lat' dir='ltr'><strong>b,</strong></span> <span class='ocrx_word' id='word_1_477' title='bbox 1082 4377 1186 4432; x_wconf 79' lang='lat'><strong>579</strong></span> <span class='ocrx_word' id='word_1_478' title='bbox 1216 4385 1331 4431; x_wconf 84' lang='lat' dir='ltr'><strong>not.</strong></span> <span class='ocrx_word' id='word_1_479' title='bbox 1364 4392 1415 4434; x_wconf 88' lang='lat' dir='ltr'><strong>a.</strong></span> <span class='ocrx_word' id='word_1_480' title='bbox 1457 4376 1563 4429; x_wconf 72' lang='lat'><strong>403</strong></span> <span class='ocrx_word' id='word_1_481' title='bbox 1603 4388 1715 4429; x_wconf 86' lang='lat' dir='ltr'><strong>not.</strong></span> <span class='ocrx_word' id='word_1_482' title='bbox 1747 4391 1798 4441; x_wconf 85' lang='lat' dir='ltr'><strong>e,</strong></span> <span class='ocrx_word' id='word_1_483' title='bbox 1829 4375 1923 4430; x_wconf 86' lang='lat' dir='ltr'><strong>0b-</strong></span> 
     </span>
    </p>
   </div>
   <div class='ocr_carea' id='block_1_68' title="bbox 339 4466 741 4510">
    <p class='ocr_par' dir='ltr' id='par_1_68' title="bbox 339 4466 741 4510">
     <span class='ocr_line' id='line_1_68' title="bbox 339 4466 741 4510; baseline -0.002 -2"><span class='ocrx_word' id='word_1_484' title='bbox 339 4466 615 4510; x_wconf 72' lang='lat' dir='ltr'><strong>servatum</strong></span> <span class='ocrx_word' id='word_1_485' title='bbox 638 4467 741 4508; x_wconf 76' lang='lat' dir='ltr'><strong>85L</strong></span> 
     </span>
    </p>
   </div>
   <div class='ocr_carea' id='block_1_69' title="bbox 413 4516 1922 4594">
    <p class='ocr_par' dir='ltr' id='par_1_69' title="bbox 413 4516 1922 4594">
     <span class='ocr_line' id='line_1_69' title="bbox 413 4516 1922 4594; baseline -0.007 -13"><span class='ocrx_word' id='word_1_486' title='bbox 413 4525 439 4563; x_wconf 74' lang='grc' dir='ltr'><em>δ</em></span> <span class='ocrx_word' id='word_1_487' title='bbox 461 4526 684 4594; x_wconf 80' lang='lat' dir='ltr'><strong>Regium</strong></span> <span class='ocrx_word' id='word_1_488' title='bbox 710 4523 841 4579; x_wconf 91' lang='lat' dir='ltr'><strong>coll.</strong></span> <span class='ocrx_word' id='word_1_489' title='bbox 867 4525 1024 4579; x_wconf 88' lang='lat' dir='ltr'><strong>Dion.</strong></span> <span class='ocrx_word' id='word_1_490' title='bbox 1058 4519 1358 4594; x_wconf 76' lang='lat' dir='ltr'><strong>exemplar,</strong></span> <span class='ocrx_word' id='word_1_491' title='bbox 1382 4516 1632 4594; x_wconf 66' lang='lat' dir='ltr'><strong>dolendo.</strong></span> <span class='ocrx_word' id='word_1_492' title='bbox 1667 4516 1922 4594; x_wconf 57' lang='lat' dir='ltr'><strong>Eaempla</strong></span> 
     </span>
    </p>
   </div>
   <div class='ocr_carea' id='block_1_70' title="bbox 339 4589 1917 4655">
    <p class='ocr_par' dir='ltr' id='par_1_70' title="bbox 339 4589 1917 4655">
     <span class='ocr_line' id='line_1_70' title="bbox 339 4589 1917 4655; baseline -0.006 -2"><span class='ocrx_word' id='word_1_493' title='bbox 339 4598 466 4653; x_wconf 79' lang='lat' dir='ltr'><strong>coll.</strong></span> <span class='ocrx_word' id='word_1_494' title='bbox 492 4589 654 4651; x_wconf 79' lang='lat' dir='ltr'><strong>Hadr.</strong></span> <span class='ocrx_word' id='word_1_495' title='bbox 673 4607 724 4651; x_wconf 89' lang='lat' dir='ltr'><strong>et</strong></span> <span class='ocrx_word' id='word_1_496' title='bbox 744 4595 873 4650; x_wconf 89' lang='lat' dir='ltr'><strong>Isid.</strong></span> <span class='ocrx_word' id='word_1_497' title='bbox 902 4611 1105 4650; x_wconf 86' lang='lat' dir='ltr'><strong>necnon</strong></span> <span class='ocrx_word' id='word_1_498' title='bbox 1126 4592 1253 4648; x_wconf 89' lang='lat' dir='ltr'><strong>editi</strong></span> <span class='ocrx_word' id='word_1_499' title='bbox 1276 4589 1420 4651; x_wconf 84' lang='lat' dir='ltr'><strong>libri,</strong></span> <span class='ocrx_word' id='word_1_500' title='bbox 1443 4598 1667 4655; x_wconf 75' lang='lat' dir='ltr'><strong>excepto</strong></span> <span class='ocrx_word' id='word_1_501' title='bbox 1685 4589 1917 4655; x_wconf 85' lang='lat' dir='ltr'><strong>Quesu.,</strong></span> 
     </span>
    </p>
   </div>
   <div class='ocr_carea' id='block_1_71' title="bbox 339 4658 1922 4729">
    <p class='ocr_par' dir='ltr' id='par_1_71' title="bbox 339 4658 1922 4729">
     <span class='ocr_line' id='line_1_71' title="bbox 339 4658 1922 4729; baseline -0.008 -6"><span class='ocrx_word' id='word_1_502' title='bbox 339 4669 567 4723; x_wconf 71' lang='lat' dir='ltr'><strong>latendo.</strong></span> <span class='ocrx_word' id='word_1_503' title='bbox 624 4667 770 4724; x_wconf 90' lang='lat' dir='ltr'><strong>Unus</strong></span> <span class='ocrx_word' id='word_1_504' title='bbox 817 4668 985 4721; x_wconf 82' lang='lat' dir='ltr'><strong>codex</strong></span> <span class='ocrx_word' id='word_1_505' title='bbox 1026 4664 1179 4720; x_wconf 86' lang='lat' dir='ltr'><strong>Colb.</strong></span> <span class='ocrx_word' id='word_1_506' title='bbox 1229 4677 1350 4715; x_wconf 91' lang='lat' dir='ltr'><strong>cum</strong></span> <span class='ocrx_word' id='word_1_507' title='bbox 1397 4671 1577 4715; x_wconf 85' lang='lat' dir='ltr'><strong>vetere</strong></span> <span class='ocrx_word' id='word_1_508' title='bbox 1606 4658 1791 4722; x_wconf 68' lang='lat' dir='ltr'><strong>Cum,</strong></span> <span class='ocrx_word' id='word_1_509' title='bbox 1839 4664 1922 4729; x_wconf 78' lang='lat' dir='ltr'><strong>fa-</strong></span> 
     </span>
    </p>
   </div>
   <div class='ocr_carea' id='block_1_72' title="bbox 337 4730 1914 4809">
    <p class='ocr_par' dir='ltr' id='par_1_72' title="bbox 337 4730 1914 4809">
     <span class='ocr_line' id='line_1_72' title="bbox 337 4730 1914 4809; baseline -0.008 -14"><span class='ocrx_word' id='word_1_510' title='bbox 337 4740 544 4809; x_wconf 56' lang='lat' dir='ltr'><strong>ciendo.</strong></span> <span class='ocrx_word' id='word_1_511' title='bbox 574 4738 765 4794; x_wconf 84' lang='lat' dir='ltr'><strong>Verius</strong></span> <span class='ocrx_word' id='word_1_512' title='bbox 796 4738 884 4809; x_wconf 84' lang='lat' dir='ltr'><strong>alii</strong></span> <span class='ocrx_word' id='word_1_513' title='bbox 928 4737 1036 4792; x_wconf 91' lang='lat' dir='ltr'><strong>duo</strong></span> <span class='ocrx_word' id='word_1_514' title='bbox 1073 4734 1227 4790; x_wconf 86' lang='lat' dir='ltr'><strong>Colb.</strong></span> <span class='ocrx_word' id='word_1_515' title='bbox 1262 4747 1324 4786; x_wconf 91' lang='lat' dir='ltr'><strong>ac</strong></span> <span class='ocrx_word' id='word_1_516' title='bbox 1360 4731 1503 4785; x_wconf 90' lang='lat' dir='ltr'><strong>Pith.</strong></span> <span class='ocrx_word' id='word_1_517' title='bbox 1535 4730 1914 4796; x_wconf 83' lang='lat' dir='ltr'><strong>cunthesn.,</strong></span> 
     </span>
    </p>
   </div>
   <div class='ocr_carea' id='block_1_73' title="bbox 336 4798 609 4880">
    <p class='ocr_par' dir='ltr' id='par_1_73' title="bbox 336 4798 609 4880">
     <span class='ocr_line' id='line_1_73' title="bbox 336 4798 609 4880; baseline 0.007 -18"><span class='ocrx_word' id='word_1_518' title='bbox 336 4798 609 4880; x_wconf 62' lang='lat' dir='ltr'><strong>fugiendo.</strong></span> 
     </span>
    </p>
   </div>
   <div class='ocr_carea' id='block_1_74' title="bbox 414 4881 617 4935">
    <p class='ocr_par' dir='ltr' id='par_1_74' title="bbox 414 4881 617 4935">
     <span class='ocr_line' id='line_1_74' title="bbox 414 4881 617 4935; baseline -0.005 -2"><span class='ocrx_word' id='word_1_519' title='bbox 414 4890 436 4917; x_wconf 71' lang='grc'><strong>³</strong></span> <span class='ocrx_word' id='word_1_520' title='bbox 460 4881 617 4935; x_wconf 74' lang='grc' dir='ltr'><strong>(ἶοιι).</strong></span> 
     </span>
    </p>
   </div>
   <div class='ocr_carea' id='block_1_75' title="bbox 335 4943 1636 5018">
    <p class='ocr_par' dir='ltr' id='par_1_75' title="bbox 335 4943 1636 5018">
     <span class='ocr_line' id='line_1_75' title="bbox 335 4943 1636 5018; baseline -0.008 -14"><span class='ocrx_word' id='word_1_521' title='bbox 335 4949 686 5018; x_wconf 59' lang='lat' dir='ltr'><strong>Maxiliemis.</strong></span> <span class='ocrx_word' id='word_1_522' title='bbox 718 4950 766 5003; x_wconf 92' lang='lat' dir='ltr'><strong>ls</strong></span> <span class='ocrx_word' id='word_1_523' title='bbox 795 4949 1082 5018; x_wconf 87' lang='lat' dir='ltr'><strong>episcopus</strong></span> <span class='ocrx_word' id='word_1_524' title='bbox 1108 4956 1323 5018; x_wconf 84' lang='lat' dir='ltr'><strong>putatur</strong></span> <span class='ocrx_word' id='word_1_525' title='bbox 1358 4943 1636 5018; x_wconf 75' lang='lat' dir='ltr'><strong>Venerius.</strong></span> 
     </span>
    </p>
   </div>
   <div class='ocr_carea' id='block_1_76' title="bbox 332 5011 1905 5089">
    <p class='ocr_par' dir='ltr' id='par_1_76' title="bbox 332 5011 1905 5089">
     <span class='ocr_line' id='line_1_76' title="bbox 332 5011 1905 5089; baseline -0.005 -16"><span class='ocrx_word' id='word_1_526' title='bbox 332 5036 339 5041; x_wconf 73' lang='lat'><strong>&#39;</strong></span> <span class='ocrx_word' id='word_1_527' title='bbox 376 5011 385 5031; x_wconf 74' lang='grc'><strong><em>⁷</em></strong></span> <span class='ocrx_word' id='word_1_528' title='bbox 413 5020 605 5073; x_wconf 66' lang='grc'><strong>(1300.</strong></span> <span class='ocrx_word' id='word_1_529' title='bbox 646 5020 807 5073; x_wconf 72' lang='lat' dir='ltr'><strong>Itum.</strong></span> <span class='ocrx_word' id='word_1_530' title='bbox 833 5011 935 5089; x_wconf 60' lang='lat' dir='ltr'><strong>&#39;ae</strong></span> <span class='ocrx_word' id='word_1_531' title='bbox 968 5011 1298 5089; x_wconf 72' lang='lat' dir='ltr'><strong>posteriores</strong></span> <span class='ocrx_word' id='word_1_532' title='bbox 1339 5015 1559 5075; x_wconf 89' lang='lat' dir='ltr'><strong>concil..</strong></span> <span class='ocrx_word' id='word_1_533' title='bbox 1590 5014 1905 5089; x_wconf 61' lang='lat' dir='ltr'><strong>fratrissui</strong></span> 
     </span>
    </p>
   </div>
   <div class='ocr_carea' id='block_1_77' title="bbox 332 5084 1909 5157">
    <p class='ocr_par' dir='ltr' id='par_1_77' title="bbox 332 5084 1909 5157">
     <span class='ocr_line' id='line_1_77' title="bbox 332 5084 1909 5157; baseline -0.007 -10"><span class='ocrx_word' id='word_1_534' title='bbox 332 5091 504 5147; x_wconf 59' lang='lat' dir='ltr'><strong>ﬁbest</strong></span> <span class='ocrx_word' id='word_1_535' title='bbox 531 5092 615 5144; x_wconf 76' lang='lat' dir='ltr'><strong>sui</strong></span> <span class='ocrx_word' id='word_1_536' title='bbox 642 5105 672 5143; x_wconf 90' lang='lat' dir='ltr'><strong>a</strong></span> <span class='ocrx_word' id='word_1_537' title='bbox 703 5090 879 5157; x_wconf 64' lang='grc' dir='ltr'><strong>Ἄρτι..</strong></span> <span class='ocrx_word' id='word_1_538' title='bbox 911 5084 1097 5154; x_wconf 69' lang='grc'><strong>(11⁵01).,</strong></span> <span class='ocrx_word' id='word_1_539' title='bbox 1128 5087 1328 5153; x_wconf 81' lang='lat' dir='ltr'><strong>Qnesn.</strong></span> <span class='ocrx_word' id='word_1_540' title='bbox 1362 5094 1417 5139; x_wconf 88' lang='lat' dir='ltr'><strong>et</strong></span> <span class='ocrx_word' id='word_1_541' title='bbox 1448 5099 1574 5138; x_wconf 90' lang='lat' dir='ltr'><strong>mss.</strong></span> <span class='ocrx_word' id='word_1_542' title='bbox 1606 5084 1790 5157; x_wconf 87' lang='lat' dir='ltr'><strong>N_otari</strong></span> <span class='ocrx_word' id='word_1_543' title='bbox 1824 5084 1909 5136; x_wconf 89' lang='lat' dir='ltr'><strong>hic</strong></span> 
     </span>
    </p>
   </div>
   <div class='ocr_carea' id='block_1_78' title="bbox 333 5155 1909 5224">
    <p class='ocr_par' dir='ltr' id='par_1_78' title="bbox 333 5155 1909 5224">
     <span class='ocr_line' id='line_1_78' title="bbox 333 5155 1909 5224; baseline -0.004 -13"><span class='ocrx_word' id='word_1_544' title='bbox 333 5163 552 5217; x_wconf 65' lang='lat' dir='ltr'><strong>videtur</strong></span> <span class='ocrx_word' id='word_1_545' title='bbox 580 5176 730 5216; x_wconf 89' lang='lat' dir='ltr'><strong>mors</strong></span> <span class='ocrx_word' id='word_1_546' title='bbox 772 5161 999 5214; x_wconf 80' lang='lat' dir='ltr'><strong>Patrocli</strong></span> <span class='ocrx_word' id='word_1_547' title='bbox 1042 5157 1373 5211; x_wconf 82' lang='lat' dir='ltr'><strong>Arelatensis</strong></span> <span class='ocrx_word' id='word_1_548' title='bbox 1413 5155 1684 5224; x_wconf 65' lang='lat' dir='ltr'><strong>episcopi,</strong></span> <span class='ocrx_word' id='word_1_549' title='bbox 1708 5156 1819 5223; x_wconf 89' lang='lat' dir='ltr'><strong>qui,</strong></span> <span class='ocrx_word' id='word_1_550' title='bbox 1854 5164 1909 5207; x_wconf 92' lang='lat' dir='ltr'><strong>ut</strong></span> 
     </span>
    </p>
   </div>
   <div class='ocr_carea' id='block_1_79' title="bbox 335 5223 1907 5302">
    <p class='ocr_par' dir='ltr' id='par_1_79' title="bbox 335 5223 1907 5302">
     <span class='ocr_line' id='line_1_79' title="bbox 335 5223 1907 5302; baseline -0.006 -17"><span class='ocrx_word' id='word_1_551' title='bbox 335 5233 573 5302; x_wconf 81' lang='lat' dir='ltr'><strong>loquitur</strong></span> <span class='ocrx_word' id='word_1_552' title='bbox 602 5233 834 5300; x_wconf 78' lang='lat' dir='ltr'><strong>Prosper</strong></span> <span class='ocrx_word' id='word_1_553' title='bbox 877 5234 929 5284; x_wconf 89' lang='lat' dir='ltr'><strong>in</strong></span> <span class='ocrx_word' id='word_1_554' title='bbox 961 5231 1227 5302; x_wconf 73' lang='lat' dir='ltr'><strong>Chronico</strong></span> <span class='ocrx_word' id='word_1_555' title='bbox 1268 5228 1331 5302; x_wconf 82' lang='lat' dir='ltr'><strong>ad</strong></span> <span class='ocrx_word' id='word_1_556' title='bbox 1366 5242 1561 5302; x_wconf 85' lang='lat' dir='ltr'><strong>annum</strong></span> <span class='ocrx_word' id='word_1_557' title='bbox 1598 5223 1727 5302; x_wconf 41' lang='grc' dir='ltr'><strong>ἥβη</strong></span> <span class='ocrx_word' id='word_1_558' title='bbox 1755 5242 1787 5276; x_wconf 89' lang='lat' dir='ltr'><strong>a</strong></span> <span class='ocrx_word' id='word_1_559' title='bbox 1815 5227 1907 5302; x_wconf 57' lang='lat' dir='ltr'><strong>tri.</strong></span> 
     </span>
    </p>
   </div>
   <div class='ocr_carea' id='block_1_80' title="bbox 328 5297 1907 5375">
    <p class='ocr_par' dir='ltr' id='par_1_80' title="bbox 328 5297 1907 5375">
     <span class='ocr_line' id='line_1_80' title="bbox 328 5297 1907 5375; baseline -0.007 -18"><span class='ocrx_word' id='word_1_560' title='bbox 328 5297 473 5357; x_wconf 65' lang='lat' dir='ltr'><strong>sum</strong></span> <span class='ocrx_word' id='word_1_561' title='bbox 499 5306 723 5375; x_wconf 84' lang='lat' dir='ltr'><strong>quodam</strong></span> <span class='ocrx_word' id='word_1_562' title='bbox 745 5297 963 5356; x_wconf 74' lang='lat' dir='ltr'><strong>barbaro</strong></span> <span class='ocrx_word' id='word_1_563' title='bbox 983 5298 1565 5375; x_wconf 50' lang='lat' dir='ltr'><strong>uulneribuslaniatur;</strong></span> <span class='ocrx_word' id='word_1_564' title='bbox 1588 5297 1678 5375; x_wconf 66' lang='lat' dir='ltr'><strong>sed</strong></span> <span class='ocrx_word' id='word_1_565' title='bbox 1709 5297 1801 5375; x_wconf 78' lang='lat' dir='ltr'><strong>hoc</strong></span> <span class='ocrx_word' id='word_1_566' title='bbox 1826 5299 1907 5365; x_wconf 60' lang='lat' dir='ltr'><strong>{ao</strong></span> 
     </span>
    </p>
   </div>
   <div class='ocr_carea' id='block_1_81' title="bbox 334 5368 1906 5445">
    <p class='ocr_par' dir='ltr' id='par_1_81' title="bbox 334 5368 1906 5445">
     <span class='ocr_line' id='line_1_81' title="bbox 334 5368 1906 5445; baseline -0.005 -18"><span class='ocrx_word' id='word_1_567' title='bbox 334 5375 479 5427; x_wconf 81' lang='lat' dir='ltr'><strong>ciuus</strong></span> <span class='ocrx_word' id='word_1_568' title='bbox 505 5368 571 5428; x_wconf 76' lang='lat' dir='ltr'><strong>ad</strong></span> <span class='ocrx_word' id='word_1_569' title='bbox 603 5375 854 5429; x_wconf 84' lang='lat' dir='ltr'><strong>occultam</strong></span> <span class='ocrx_word' id='word_1_570' title='bbox 877 5373 1168 5445; x_wconf 78' lang='lat' dir='ltr'><strong>jussionem</strong></span> <span class='ocrx_word' id='word_1_571' title='bbox 1201 5368 1388 5445; x_wconf 81' lang='lat' dir='ltr'><strong>Felicis</strong></span> <span class='ocrx_word' id='word_1_572' title='bbox 1432 5368 1661 5445; x_wconf 72' lang='lat' dir='ltr'><strong>magistri</strong></span> <span class='ocrx_word' id='word_1_573' title='bbox 1690 5368 1906 5420; x_wconf 83' lang='lat' dir='ltr'><strong>militum</strong></span> 
     </span>
    </p>
   </div>
   <div class='ocr_carea' id='block_1_82' title="bbox 330 5437 1903 5514">
    <p class='ocr_par' dir='ltr' id='par_1_82' title="bbox 330 5437 1903 5514">
     <span class='ocr_line' id='line_1_82' title="bbox 330 5437 1903 5514; baseline -0.006 -16"><span class='ocrx_word' id='word_1_574' title='bbox 330 5446 666 5514; x_wconf 77' lang='lat' dir='ltr'><strong>referebatur.</strong></span> <span class='ocrx_word' id='word_1_575' title='bbox 712 5437 975 5511; x_wconf 74' lang='lat' dir='ltr'><strong>Quocirca</strong></span> <span class='ocrx_word' id='word_1_576' title='bbox 1030 5441 1187 5509; x_wconf 83' lang='lat' dir='ltr'><strong>hujus</strong></span> <span class='ocrx_word' id='word_1_577' title='bbox 1222 5442 1477 5514; x_wconf 27' lang='lat' dir='ltr'><strong>Aepiseopi</strong></span> <span class='ocrx_word' id='word_1_578' title='bbox 1510 5437 1596 5506; x_wconf 89' lang='lat' dir='ltr'><strong>qui</strong></span> <span class='ocrx_word' id='word_1_579' title='bbox 1650 5438 1903 5514; x_wconf 78' lang='lat' dir='ltr'><strong>interem-</strong></span> 
     </span>
    </p>
   </div>
   <div class='ocr_carea' id='block_1_83' title="bbox 258 5508 1909 5585">
    <p class='ocr_par' dir='ltr' id='par_1_83' title="bbox 258 5508 1909 5585">
     <span class='ocr_line' id='line_1_83' title="bbox 258 5508 1909 5585; baseline -0.004 -16"><span class='ocrx_word' id='word_1_580' title='bbox 258 5570 267 5576; x_wconf 88' lang='lat'><em>_</em></span> <span class='ocrx_word' id='word_1_581' title='bbox 333 5508 457 5585; x_wconf 80' lang='lat' dir='ltr'><strong>plus</strong></span> <span class='ocrx_word' id='word_1_582' title='bbox 495 5527 599 5583; x_wconf 89' lang='lat' dir='ltr'><strong>est,</strong></span> <span class='ocrx_word' id='word_1_583' title='bbox 647 5508 995 5571; x_wconf 78' lang='lat' dir='ltr'><strong>Massiliensis</strong></span> <span class='ocrx_word' id='word_1_584' title='bbox 1043 5508 1254 5585; x_wconf 66' lang='lat' dir='ltr'><strong>pratsul</strong></span> <span class='ocrx_word' id='word_1_585' title='bbox 1285 5510 1452 5565; x_wconf 87' lang='lat' dir='ltr'><strong>frater</strong></span> <span class='ocrx_word' id='word_1_586' title='bbox 1480 5508 1781 5585; x_wconf 83' lang='lat' dir='ltr'><strong>censendus</strong></span> <span class='ocrx_word' id='word_1_587' title='bbox 1828 5517 1909 5562; x_wconf 90' lang='lat' dir='ltr'><strong>est</strong></span> 
     </span>
    </p>
   </div>
   <div class='ocr_carea' id='block_1_84' title="bbox 1094 5580 1908 5636">
    <p class='ocr_par' dir='ltr' id='par_1_84' title="bbox 1094 5580 1908 5636">
     <span class='ocr_line' id='line_1_84' title="bbox 1094 5580 1908 5636; baseline -0.001 0"><span class='ocrx_word' id='word_1_588' title='bbox 1094 5596 1157 5636; x_wconf 88' lang='lat' dir='ltr'><strong>ec</strong></span> <span class='ocrx_word' id='word_1_589' title='bbox 1188 5582 1379 5635; x_wconf 87' lang='lat' dir='ltr'><strong>mirum</strong></span> <span class='ocrx_word' id='word_1_590' title='bbox 1422 5589 1506 5633; x_wconf 91' lang='lat' dir='ltr'><strong>est</strong></span> <span class='ocrx_word' id='word_1_591' title='bbox 1534 5580 1670 5633; x_wconf 89' lang='lat' dir='ltr'><strong>inter</strong></span> <span class='ocrx_word' id='word_1_592' title='bbox 1696 5593 1908 5636; x_wconf 83' lang='lat' dir='ltr'><strong>succes-</strong></span> 
     </span>
    </p>
   </div>
   <div class='ocr_carea' id='block_1_85' title="bbox 647 4871 1911 4944">
    <p class='ocr_par' dir='ltr' id='par_1_85' title="bbox 647 4871 1911 4944">
     <span class='ocr_line' id='line_1_85' title="bbox 647 4871 1911 4944; baseline -0.006 -11"><span class='ocrx_word' id='word_1_593' title='bbox 647 4895 775 4944; x_wconf 91' lang='lat' dir='ltr'><strong>ms.,</strong></span> <span class='ocrx_word' id='word_1_594' title='bbox 804 4876 1162 4932; x_wconf 71' lang='lat' dir='ltr'><strong>Marsiliensis.</strong></span> <span class='ocrx_word' id='word_1_595' title='bbox 1187 4874 1243 4928; x_wconf 91' lang='lat' dir='ltr'><strong>lu</strong></span> <span class='ocrx_word' id='word_1_596' title='bbox 1276 4873 1437 4927; x_wconf 91' lang='lat' dir='ltr'><strong>lladr.</strong></span> <span class='ocrx_word' id='word_1_597' title='bbox 1473 4872 1599 4927; x_wconf 92' lang='lat' dir='ltr'><strong>coll.</strong></span> <span class='ocrx_word' id='word_1_598' title='bbox 1630 4871 1911 4942; x_wconf 81' lang='lat' dir='ltr'><strong>exemplis,</strong></span> 
     </span>
    </p>
   </div>
   <div class='ocr_carea' id='block_1_86' title="bbox 2040 1820 3625 1894">
    <p class='ocr_par' dir='ltr' id='par_1_86' title="bbox 2040 1820 3625 1894">
     <span class='ocr_line' id='line_1_86' title="bbox 2040 1820 3625 1894; baseline 0.003 -19"><span class='ocrx_word' id='word_1_599' title='bbox 2040 1822 2188 1875; x_wconf 90' lang='lat' dir='ltr'><strong>rihus</strong></span> <span class='ocrx_word' id='word_1_600' title='bbox 2218 1820 2468 1875; x_wconf 79' lang='lat' dir='ltr'><strong>civitates</strong></span> <span class='ocrx_word' id='word_1_601' title='bbox 2495 1821 2783 1890; x_wconf 84' lang='lat' dir='ltr'><strong>episcopos</strong></span> <span class='ocrx_word' id='word_1_602' title='bbox 2815 1834 2997 1890; x_wconf 86' lang='lat' dir='ltr'><strong>petere</strong></span> <span class='ocrx_word' id='word_1_603' title='bbox 3027 1822 3130 1876; x_wconf 87' lang='lat' dir='ltr'><strong>sibi</strong></span> <span class='ocrx_word' id='word_1_604' title='bbox 3174 1822 3310 1878; x_wconf 83' lang='lat' dir='ltr'><strong>velle</strong></span> <span class='ocrx_word' id='word_1_605' title='bbox 3352 1823 3420 1879; x_wconf 86' lang='lat' dir='ltr'><strong>de</strong></span> <span class='ocrx_word' id='word_1_606' title='bbox 3449 1823 3625 1894; x_wconf 86' lang='lat' dir='ltr'><strong>laicis,</strong></span> 
     </span>
    </p>
   </div>
   <div class='ocr_carea' id='block_1_87' title="bbox 2038 1910 3627 1982">
    <p class='ocr_par' dir='ltr' id='par_1_87' title="bbox 2038 1910 3627 1982">
     <span class='ocr_line' id='line_1_87' title="bbox 2038 1910 3627 1982; baseline 0.001 -13"><span class='ocrx_word' id='word_1_607' title='bbox 2038 1910 2065 1949; x_wconf 57' lang='grc' dir='ltr'>ι</span> <span class='ocrx_word' id='word_1_608' title='bbox 2092 1922 2410 1979; x_wconf 83' lang='lat' dir='ltr'><strong>tantumque</strong></span> <span class='ocrx_word' id='word_1_609' title='bbox 2439 1912 2709 1982; x_wconf 76' lang='lat' dir='ltr'><strong>fastigium</strong></span> <span class='ocrx_word' id='word_1_610' title='bbox 2761 1923 2865 1975; x_wconf 81' lang='lat' dir='ltr'><strong>tam</strong></span> <span class='ocrx_word' id='word_1_611' title='bbox 2912 1914 3018 1969; x_wconf 87' lang='lat' dir='ltr'><strong>vile</strong></span> <span class='ocrx_word' id='word_1_612' title='bbox 3049 1914 3294 1980; x_wconf 89' lang='lat' dir='ltr'><strong>credere,</strong></span> <span class='ocrx_word' id='word_1_613' title='bbox 3326 1923 3385 1971; x_wconf 91' lang='lat' dir='ltr'><strong>ut</strong></span> <span class='ocrx_word' id='word_1_614' title='bbox 3424 1919 3527 1975; x_wconf 86' lang='lat' dir='ltr'><strong>hoc</strong></span> <span class='ocrx_word' id='word_1_615' title='bbox 3556 1917 3627 1981; x_wconf 86' lang='lat' dir='ltr'><strong>iis</strong></span> 
     </span>
    </p>
   </div>
   <div class='ocr_carea' id='block_1_88' title="bbox 2037 2004 3624 2074">
    <p class='ocr_par' dir='ltr' id='par_1_88' title="bbox 2037 2004 3624 2074">
     <span class='ocr_line' id='line_1_88' title="bbox 2037 2004 3624 2074; baseline 0.003 -15"><span class='ocrx_word' id='word_1_616' title='bbox 2037 2006 2125 2074; x_wconf 89' lang='lat' dir='ltr'><strong>qui</strong></span> <span class='ocrx_word' id='word_1_617' title='bbox 2156 2020 2263 2061; x_wconf 87' lang='lat' dir='ltr'><strong>non</strong></span> <span class='ocrx_word' id='word_1_618' title='bbox 2297 2005 2426 2073; x_wconf 90' lang='lat' dir='ltr'><strong>Deo,</strong></span> <span class='ocrx_word' id='word_1_619' title='bbox 2474 2004 2569 2059; x_wconf 87' lang='lat' dir='ltr'><strong>sed</strong></span> <span class='ocrx_word' id='word_1_620' title='bbox 2601 2004 2800 2059; x_wconf 71' lang='lat' dir='ltr'><strong>saeculo</strong></span> <span class='ocrx_word' id='word_1_621' title='bbox 2836 2005 3201 2071; x_wconf 87' lang='lat' dir='ltr'><strong>militaverint,</strong></span> <span class='ocrx_word' id='word_1_622' title='bbox 3230 2006 3496 2061; x_wconf 64' lang='lat' dir='ltr'><strong>aestiment</strong></span> <span class='ocrx_word' id='word_1_623' title='bbox 3521 2021 3624 2063; x_wconf 82' lang='lat' dir='ltr'><strong>nos</strong></span> 
     </span>
    </p>
   </div>
   <div class='ocr_carea' id='block_1_89' title="bbox 2040 2099 3624 2169">
    <p class='ocr_par' dir='ltr' id='par_1_89' title="bbox 2040 2099 3624 2169">
     <span class='ocr_line' id='line_1_89' title="bbox 2040 2099 3624 2169; baseline 0.001 -14"><span class='ocrx_word' id='word_1_624' title='bbox 2040 2112 2200 2167; x_wconf 70' lang='lat' dir='ltr'><strong>posse</strong></span> <span class='ocrx_word' id='word_1_625' title='bbox 2228 2099 2511 2165; x_wconf 87' lang='lat' dir='ltr'><strong>conferre;</strong></span> <span class='ocrx_word' id='word_1_626' title='bbox 2545 2114 2652 2153; x_wconf 89' lang='lat' dir='ltr'><strong>non</strong></span> <span class='ocrx_word' id='word_1_627' title='bbox 2682 2100 2856 2154; x_wconf 88' lang='lat' dir='ltr'><strong>solum</strong></span> <span class='ocrx_word' id='word_1_628' title='bbox 2889 2100 3028 2154; x_wconf 87' lang='lat' dir='ltr'><strong>male</strong></span> <span class='ocrx_word' id='word_1_629' title='bbox 3067 2100 3134 2159; x_wconf 89' lang='lat' dir='ltr'><strong>de</strong></span> <span class='ocrx_word' id='word_1_630' title='bbox 3163 2101 3274 2156; x_wconf 87' lang='lat' dir='ltr'><strong>suis</strong></span> <span class='ocrx_word' id='word_1_631' title='bbox 3301 2100 3531 2169; x_wconf 72' lang='lat' dir='ltr'><strong>clericis,</strong></span> <span class='ocrx_word' id='word_1_632' title='bbox 3563 2102 3624 2156; x_wconf 89' lang='lat' dir='ltr'><strong>in</strong></span> 
     </span>
    </p>
   </div>
   <div class='ocr_carea' id='block_1_90' title="bbox 2036 2191 3626 2261">
    <p class='ocr_par' dir='ltr' id='par_1_90' title="bbox 2036 2191 3626 2261">
     <span class='ocr_line' id='line_1_90' title="bbox 2036 2191 3626 2261; baseline 0.003 -18"><span class='ocrx_word' id='word_1_633' title='bbox 2036 2204 2263 2258; x_wconf 79' lang='lat' dir='ltr'><strong>quorum</strong></span> <span class='ocrx_word' id='word_1_634' title='bbox 2287 2199 2656 2260; x_wconf 87' lang='lat' dir='ltr'><strong>contemptum</strong></span> <span class='ocrx_word' id='word_1_635' title='bbox 2688 2191 2790 2247; x_wconf 90' lang='lat' dir='ltr'><strong>hoc</strong></span> <span class='ocrx_word' id='word_1_636' title='bbox 2817 2191 3046 2256; x_wconf 82' lang='lat' dir='ltr'><strong>faciunt,</strong></span> <span class='ocrx_word' id='word_1_637' title='bbox 3074 2191 3409 2261; x_wconf 74' lang='lat' dir='ltr'><strong>iudicantes;</strong></span> <span class='ocrx_word' id='word_1_638' title='bbox 3438 2191 3534 2247; x_wconf 89' lang='lat' dir='ltr'><strong>sed</strong></span> <span class='ocrx_word' id='word_1_639' title='bbox 3555 2192 3626 2247; x_wconf 88' lang='lat' dir='ltr'><strong>de</strong></span> 
     </span>
    </p>
   </div>
   <div class='ocr_carea' id='block_1_91' title="bbox 2038 2284 3628 2356">
    <p class='ocr_par' dir='ltr' id='par_1_91' title="bbox 2038 2284 3628 2356">
     <span class='ocr_line' id='line_1_91' title="bbox 2038 2284 3628 2356; baseline 0.001 -19"><span class='ocrx_word' id='word_1_640' title='bbox 2038 2284 2196 2338; x_wconf 83' lang='lat' dir='ltr'><strong>nobis</strong></span> <span class='ocrx_word' id='word_1_641' title='bbox 2226 2285 2483 2354; x_wconf 88' lang='lat' dir='ltr'><strong>pessime,</strong></span> <span class='ocrx_word' id='word_1_642' title='bbox 2515 2300 2649 2354; x_wconf 83' lang='lat' dir='ltr'><strong>quos</strong></span> <span class='ocrx_word' id='word_1_643' title='bbox 2675 2285 2905 2340; x_wconf 89' lang='lat' dir='ltr'><strong>credunt</strong></span> <span class='ocrx_word' id='word_1_644' title='bbox 2948 2285 3050 2341; x_wconf 86' lang='lat' dir='ltr'><strong>hoc</strong></span> <span class='ocrx_word' id='word_1_645' title='bbox 3080 2300 3239 2356; x_wconf 87' lang='lat' dir='ltr'><strong>posse</strong></span> <span class='ocrx_word' id='word_1_646' title='bbox 3268 2284 3467 2351; x_wconf 85' lang='lat' dir='ltr'><strong>facere,</strong></span> <span class='ocrx_word' id='word_1_647' title='bbox 3497 2300 3628 2340; x_wconf 71' lang='lat' dir='ltr'><strong>sena</strong></span> 
     </span>
    </p>
   </div>
   <div class='ocr_carea' id='block_1_92' title="bbox 2036 2374 3631 2447">
    <p class='ocr_par' dir='ltr' id='par_1_92' title="bbox 2036 2374 3631 2447">
     <span class='ocr_line' id='line_1_92' title="bbox 2036 2374 3631 2447; baseline -0.001 -14"><span class='ocrx_word' id='word_1_648' title='bbox 2036 2374 2252 2437; x_wconf 85' lang='lat' dir='ltr'><strong>tietttes.</strong></span> <span class='ocrx_word' id='word_1_649' title='bbox 2286 2376 2440 2443; x_wconf 86' lang='lat' dir='ltr'><strong>Quod</strong></span> <span class='ocrx_word' id='word_1_650' title='bbox 2473 2392 2760 2447; x_wconf 88' lang='lat' dir='ltr'><strong>numquam</strong></span> <span class='ocrx_word' id='word_1_651' title='bbox 2804 2377 3089 2443; x_wconf 87' lang='lat' dir='ltr'><strong>auderent,</strong></span> <span class='ocrx_word' id='word_1_652' title='bbox 3138 2377 3183 2433; x_wconf 90' lang='lat' dir='ltr'><strong>si</strong></span> <span class='ocrx_word' id='word_1_653' title='bbox 3211 2392 3318 2432; x_wconf 90' lang='lat' dir='ltr'><strong>non</strong></span> <span class='ocrx_word' id='word_1_654' title='bbox 3363 2393 3631 2447; x_wconf 82' lang='lat' dir='ltr'><strong>quorum-</strong></span> 
     </span>
    </p>
   </div>
   <div class='ocr_carea' id='block_1_93' title="bbox 2036 2466 3628 2535">
    <p class='ocr_par' dir='ltr' id='par_1_93' title="bbox 2036 2466 3628 2535">
     <span class='ocr_line' id='line_1_93' title="bbox 2036 2466 3628 2535; baseline 0.001 -11"><span class='ocrx_word' id='word_1_655' title='bbox 2036 2466 2161 2535; x_wconf 75' lang='lat' dir='ltr'><strong>dam</strong></span> <span class='ocrx_word' id='word_1_656' title='bbox 2201 2468 2312 2523; x_wconf 90' lang='lat' dir='ltr'><strong>illic</strong></span> <span class='ocrx_word' id='word_1_657' title='bbox 2352 2469 2435 2522; x_wconf 89' lang='lat' dir='ltr'><strong>his</strong></span> <span class='ocrx_word' id='word_1_658' title='bbox 2475 2471 2821 2525; x_wconf 84' lang='lat' dir='ltr'><strong>consentiens</strong></span> <span class='ocrx_word' id='word_1_659' title='bbox 2868 2473 3137 2525; x_wconf 86' lang='lat' dir='ltr'><strong>sententia</strong></span> <span class='ocrx_word' id='word_1_660' title='bbox 3175 2470 3513 2529; x_wconf 69' lang='lat' dir='ltr'><strong>conniverat.</strong></span> <span class='ocrx_word' id='word_1_661' title='bbox 3545 2470 3628 2525; x_wconf 88' lang='lat' dir='ltr'><strong>Ita</strong></span> 
     </span>
    </p>
   </div>
   <div class='ocr_carea' id='block_1_94' title="bbox 2037 2559 3629 2633">
    <p class='ocr_par' dir='ltr' id='par_1_94' title="bbox 2037 2559 3629 2633">
     <span class='ocr_line' id='line_1_94' title="bbox 2037 2559 3629 2633; baseline 0.002 -19"><span class='ocrx_word' id='word_1_662' title='bbox 2037 2561 2169 2623; x_wconf 84' lang='lat' dir='ltr'><strong>nihil</strong></span> <span class='ocrx_word' id='word_1_663' title='bbox 2216 2576 2333 2631; x_wconf 71' lang='lat' dir='ltr'><strong>qua:</strong></span> <span class='ocrx_word' id='word_1_664' title='bbox 2373 2559 2707 2630; x_wconf 88' lang='lat' dir='ltr'><strong>frequentius</strong></span> <span class='ocrx_word' id='word_1_665' title='bbox 2757 2574 2882 2616; x_wconf 89' lang='lat' dir='ltr'><strong>sunt</strong></span> <span class='ocrx_word' id='word_1_666' title='bbox 2934 2563 3149 2617; x_wconf 89' lang='lat' dir='ltr'><strong>decreta</strong></span> <span class='ocrx_word' id='word_1_667' title='bbox 3202 2564 3510 2633; x_wconf 86' lang='lat' dir='ltr'><strong>proficiunt,</strong></span> <span class='ocrx_word' id='word_1_668' title='bbox 3564 2572 3629 2619; x_wconf 86' lang='lat' dir='ltr'><strong>ut</strong></span> 
     </span>
    </p>
   </div>
   <div class='ocr_carea' id='block_1_95' title="bbox 2036 2653 3623 2726">
    <p class='ocr_par' dir='ltr' id='par_1_95' title="bbox 2036 2653 3623 2726">
     <span class='ocr_line' id='line_1_95' title="bbox 2036 2653 3623 2726; baseline 0.001 -17"><span class='ocrx_word' id='word_1_669' title='bbox 2036 2654 2159 2719; x_wconf 90' lang='lat' dir='ltr'><strong>hoc,</strong></span> <span class='ocrx_word' id='word_1_670' title='bbox 2188 2655 2338 2723; x_wconf 90' lang='lat' dir='ltr'><strong>quasi</strong></span> <span class='ocrx_word' id='word_1_671' title='bbox 2395 2669 2682 2725; x_wconf 91' lang='lat' dir='ltr'><strong>numquam</strong></span> <span class='ocrx_word' id='word_1_672' title='bbox 2730 2654 2795 2719; x_wconf 84' lang='lat' dir='ltr'><strong>de</strong></span> <span class='ocrx_word' id='word_1_673' title='bbox 2826 2653 2925 2709; x_wconf 87' lang='lat' dir='ltr'><strong>hac</strong></span> <span class='ocrx_word' id='word_1_674' title='bbox 2954 2664 3105 2723; x_wconf 90' lang='lat' dir='ltr'><strong>parte</strong></span> <span class='ocrx_word' id='word_1_675' title='bbox 3136 2654 3401 2726; x_wconf 85' lang='lat' dir='ltr'><strong>scriptum</strong></span> <span class='ocrx_word' id='word_1_676' title='bbox 3435 2654 3623 2722; x_wconf 83' lang='lat' dir='ltr'><strong>fuerit,</strong></span> 
     </span>
    </p>
   </div>
   <div class='ocr_carea' id='block_1_96' title="bbox 2034 2746 3629 2818">
    <p class='ocr_par' dir='ltr' id='par_1_96' title="bbox 2034 2746 3629 2818">
     <span class='ocr_line' id='line_1_96' title="bbox 2034 2746 3629 2818; baseline 0.003 -19"><span class='ocrx_word' id='word_1_677' title='bbox 2034 2746 2332 2818; x_wconf 84' lang='lat' dir='ltr'><strong>ignoretur.</strong></span> <span class='ocrx_word' id='word_1_678' title='bbox 2367 2746 2505 2813; x_wconf 85' lang='lat' dir='ltr'><strong>Quid</strong></span> <span class='ocrx_word' id='word_1_679' title='bbox 2536 2747 2777 2813; x_wconf 90' lang='lat' dir='ltr'><strong>proderit</strong></span> <span class='ocrx_word' id='word_1_680' title='bbox 2799 2762 2894 2817; x_wconf 90' lang='lat' dir='ltr'><strong>per</strong></span> <span class='ocrx_word' id='word_1_681' title='bbox 2926 2746 3134 2815; x_wconf 84' lang='lat' dir='ltr'><strong>singula</strong></span> <span class='ocrx_word' id='word_1_682' title='bbox 3160 2748 3389 2803; x_wconf 89' lang='lat' dir='ltr'><strong>clericos</strong></span> <span class='ocrx_word' id='word_1_683' title='bbox 3414 2748 3629 2816; x_wconf 86' lang='lat' dir='ltr'><strong>stipen-</strong></span> 
     </span>
    </p>
   </div>
   <div class='ocr_carea' id='block_1_97' title="bbox 2033 2838 3627 2908">
    <p class='ocr_par' dir='ltr' id='par_1_97' title="bbox 2033 2838 3627 2908">
     <span class='ocr_line' id='line_1_97' title="bbox 2033 2838 3627 2908; baseline -0.001 -13"><span class='ocrx_word' id='word_1_684' title='bbox 2033 2838 2119 2899; x_wconf 87' lang='lat' dir='ltr'><strong>dia</strong></span> <span class='ocrx_word' id='word_1_685' title='bbox 2160 2838 2441 2903; x_wconf 84' lang='lat' dir='ltr'><strong>militasse,</strong></span> <span class='ocrx_word' id='word_1_686' title='bbox 2470 2848 2523 2893; x_wconf 90' lang='lat' dir='ltr'><strong>et</strong></span> <span class='ocrx_word' id='word_1_687' title='bbox 2553 2854 2769 2893; x_wconf 84' lang='lat' dir='ltr'><strong>onmem</strong></span> <span class='ocrx_word' id='word_1_688' title='bbox 2806 2839 2986 2908; x_wconf 80' lang='lat' dir='ltr'><strong>egisse</strong></span> <span class='ocrx_word' id='word_1_689' title='bbox 3014 2839 3065 2893; x_wconf 86' lang='lat' dir='ltr'><strong>iit</strong></span> <span class='ocrx_word' id='word_1_690' title='bbox 3100 2840 3394 2897; x_wconf 89' lang='lat' dir='ltr'><strong>Dominicis</strong></span> <span class='ocrx_word' id='word_1_691' title='bbox 3425 2841 3627 2901; x_wconf 80' lang='lat' dir='ltr'><strong>castris</strong></span> 
     </span>
    </p>
   </div>
   <div class='ocr_carea' id='block_1_98' title="bbox 2034 2930 3627 3003">
    <p class='ocr_par' dir='ltr' id='par_1_98' title="bbox 2034 2930 3627 3003">
     <span class='ocr_line' id='line_1_98' title="bbox 2034 2930 3627 3003; baseline -0.001 -15"><span class='ocrx_word' id='word_1_692' title='bbox 2034 2943 2271 2997; x_wconf 55' lang='lat' dir='ltr'><strong>aetatem,</strong></span> <span class='ocrx_word' id='word_1_693' title='bbox 2298 2933 2345 2991; x_wconf 88' lang='lat' dir='ltr'><strong>si</strong></span> <span class='ocrx_word' id='word_1_694' title='bbox 2388 2933 2476 3002; x_wconf 90' lang='lat' dir='ltr'><strong>qui</strong></span> <span class='ocrx_word' id='word_1_695' title='bbox 2508 2930 2591 2985; x_wconf 88' lang='lat' dir='ltr'><strong>bis</strong></span> <span class='ocrx_word' id='word_1_696' title='bbox 2634 2933 2911 3001; x_wconf 81' lang='lat' dir='ltr'><strong>praefuturi</strong></span> <span class='ocrx_word' id='word_1_697' title='bbox 2960 2944 3110 2998; x_wconf 90' lang='lat' dir='ltr'><strong>sunt,</strong></span> <span class='ocrx_word' id='word_1_698' title='bbox 3137 2949 3205 2987; x_wconf 79' lang='lat' dir='ltr'><strong>ex</strong></span> <span class='ocrx_word' id='word_1_699' title='bbox 3237 2934 3393 2987; x_wconf 89' lang='lat' dir='ltr'><strong>laicis</strong></span> <span class='ocrx_word' id='word_1_700' title='bbox 3420 2936 3627 3003; x_wconf 80' lang='lat' dir='ltr'><strong>requi-</strong></span> 
     </span>
    </p>
   </div>
   <div class='ocr_carea' id='block_1_99' title="bbox 2034 3026 3625 3096">
    <p class='ocr_par' dir='ltr' id='par_1_99' title="bbox 2034 3026 3625 3096">
     <span class='ocr_line' id='line_1_99' title="bbox 2034 3026 3625 3096; baseline -0.002 -15"><span class='ocrx_word' id='word_1_701' title='bbox 2034 3036 2247 3093; x_wconf 76' lang='lat' dir='ltr'><strong>runtur,</strong></span> <span class='ocrx_word' id='word_1_702' title='bbox 2295 3026 2384 3096; x_wconf 88' lang='lat' dir='ltr'><strong>qui</strong></span> <span class='ocrx_word' id='word_1_703' title='bbox 2425 3035 2675 3087; x_wconf 81' lang='lat' dir='ltr'><strong>vacantes</strong></span> <span class='ocrx_word' id='word_1_704' title='bbox 2719 3028 2916 3081; x_wconf 65' lang='lat' dir='ltr'><strong>sircttlo</strong></span> <span class='ocrx_word' id='word_1_705' title='bbox 2943 3036 2996 3083; x_wconf 88' lang='lat' dir='ltr'><strong>et</strong></span> <span class='ocrx_word' id='word_1_706' title='bbox 3036 3042 3254 3087; x_wconf 87' lang='lat' dir='ltr'><strong>omnem</strong></span> <span class='ocrx_word' id='word_1_707' title='bbox 3287 3027 3625 3089; x_wconf 78' lang='lat' dir='ltr'><strong>ecclesiasti-</strong></span> 
     </span>
    </p>
   </div>
   <div class='ocr_carea' id='block_1_100' title="bbox 1952 3103 3627 3190">
    <p class='ocr_par' dir='ltr' id='par_1_100' title="bbox 1952 3103 3627 3190">
     <span class='ocr_line' id='line_1_100' title="bbox 1952 3103 3627 3190; baseline -0.001 -16"><span class='ocrx_word' id='word_1_708' title='bbox 1952 3103 1997 3167; x_wconf 78' lang='lat' dir='ltr'><strong>C</strong></span> <span class='ocrx_word' id='word_1_709' title='bbox 2032 3136 2154 3185; x_wconf 88' lang='lat' dir='ltr'><strong>cum</strong></span> <span class='ocrx_word' id='word_1_710' title='bbox 2186 3121 2432 3179; x_wconf 85' lang='lat' dir='ltr'><strong>ordinem</strong></span> <span class='ocrx_word' id='word_1_711' title='bbox 2479 3120 2804 3184; x_wconf 71' lang='lat' dir='ltr'><strong>nescientes,</strong></span> <span class='ocrx_word' id='word_1_712' title='bbox 2836 3120 2973 3175; x_wconf 88' lang='lat' dir='ltr'><strong>saltu</strong></span> <span class='ocrx_word' id='word_1_713' title='bbox 3000 3134 3353 3190; x_wconf 69' lang='lat' dir='ltr'><strong>praepropero</strong></span> <span class='ocrx_word' id='word_1_714' title='bbox 3396 3120 3447 3179; x_wconf 93' lang='lat' dir='ltr'><strong>in</strong></span> <span class='ocrx_word' id='word_1_715' title='bbox 3489 3120 3627 3181; x_wconf 62' lang='lat' dir='ltr'><strong>alie.</strong></span> 
     </span>
    </p>
   </div>
   <div class='ocr_carea' id='block_1_101' title="bbox 2033 3210 3623 3278">
    <p class='ocr_par' dir='ltr' id='par_1_101' title="bbox 2033 3210 3623 3278">
     <span class='ocr_line' id='line_1_101' title="bbox 2033 3210 3623 3278; baseline -0.001 -11"><span class='ocrx_word' id='word_1_716' title='bbox 2033 3228 2160 3267; x_wconf 91' lang='lat' dir='ltr'><strong>num</strong></span> <span class='ocrx_word' id='word_1_717' title='bbox 2192 3212 2449 3266; x_wconf 90' lang='lat' dir='ltr'><strong>honorem</strong></span> <span class='ocrx_word' id='word_1_718' title='bbox 2476 3211 2717 3265; x_wconf 88' lang='lat' dir='ltr'><strong>ambiunt</strong></span> <span class='ocrx_word' id='word_1_719' title='bbox 2739 3210 3090 3264; x_wconf 89' lang='lat' dir='ltr'><strong>immoderata</strong></span> <span class='ocrx_word' id='word_1_720' title='bbox 3114 3212 3405 3278; x_wconf 82' lang='lat' dir='ltr'><strong>cupiditate</strong></span> <span class='ocrx_word' id='word_1_721' title='bbox 3436 3220 3623 3265; x_wconf 87' lang='lat' dir='ltr'><strong>trans-</strong></span> 
     </span>
    </p>
   </div>
   <div class='ocr_carea' id='block_1_102' title="bbox 2035 3302 3621 3371">
    <p class='ocr_par' dir='ltr' id='par_1_102' title="bbox 2035 3302 3621 3371">
     <span class='ocr_line' id='line_1_102' title="bbox 2035 3302 3621 3371; baseline -0.001 -13"><span class='ocrx_word' id='word_1_722' title='bbox 2035 3303 2291 3367; x_wconf 88' lang='lat' dir='ltr'><strong>cendere,</strong></span> <span class='ocrx_word' id='word_1_723' title='bbox 2322 3314 2373 3357; x_wconf 88' lang='lat' dir='ltr'><strong>et</strong></span> <span class='ocrx_word' id='word_1_724' title='bbox 2424 3306 2476 3355; x_wconf 90' lang='lat' dir='ltr'><strong>in</strong></span> <span class='ocrx_word' id='word_1_725' title='bbox 2517 3302 2662 3356; x_wconf 91' lang='lat' dir='ltr'><strong>aliud</strong></span> <span class='ocrx_word' id='word_1_726' title='bbox 2691 3304 2814 3357; x_wconf 73' lang='lat' dir='ltr'><strong>vita:</strong></span> <span class='ocrx_word' id='word_1_727' title='bbox 2843 3318 3034 3371; x_wconf 87' lang='lat' dir='ltr'><strong>genus,</strong></span> <span class='ocrx_word' id='word_1_728' title='bbox 3082 3303 3289 3357; x_wconf 89' lang='lat' dir='ltr'><strong>calcata</strong></span> <span class='ocrx_word' id='word_1_729' title='bbox 3321 3304 3621 3357; x_wconf 87' lang='lat' dir='ltr'><strong>reverentia</strong></span> 
     </span>
    </p>
   </div>
   <div class='ocr_carea' id='block_1_103' title="bbox 2034 3394 3618 3463">
    <p class='ocr_par' dir='ltr' id='par_1_103' title="bbox 2034 3394 3618 3463">
     <span class='ocr_line' id='line_1_103' title="bbox 2034 3394 3618 3463; baseline 0 -12"><span class='ocrx_word' id='word_1_730' title='bbox 2034 3396 2415 3451; x_wconf 73' lang='lat' dir='ltr'><strong>eccle-iasticze</strong></span> <span class='ocrx_word' id='word_1_731' title='bbox 2451 3394 2772 3461; x_wconf 78' lang='lat' dir='ltr'><strong>disciplinae,</strong></span> <span class='ocrx_word' id='word_1_732' title='bbox 2825 3395 3102 3451; x_wconf 83' lang='lat' dir='ltr'><strong>transire?</strong></span> <span class='ocrx_word' id='word_1_733' title='bbox 3145 3395 3369 3449; x_wconf 86' lang='lat' dir='ltr'><strong>Talibus</strong></span> <span class='ocrx_word' id='word_1_734' title='bbox 3414 3396 3618 3463; x_wconf 76' lang='lat' dir='ltr'><strong>itaque,</strong></span> 
     </span>
    </p>
   </div>
   <div class='ocr_carea' id='block_1_104' title="bbox 2037 3486 3621 3567">
    <p class='ocr_par' dir='ltr' id='par_1_104' title="bbox 2037 3486 3621 3567">
     <span class='ocr_line' id='line_1_104' title="bbox 2037 3486 3621 3567; baseline 0 -25"><span class='ocrx_word' id='word_1_735' title='bbox 2037 3489 2230 3542; x_wconf 80' lang='lat' dir='ltr'><strong>fratres</strong></span> <span class='ocrx_word' id='word_1_736' title='bbox 2257 3486 2585 3553; x_wconf 80' lang='lat' dir='ltr'><strong>charissimi,</strong></span> <span class='ocrx_word' id='word_1_737' title='bbox 2616 3487 2708 3557; x_wconf 92' lang='lat' dir='ltr'><strong>qui</strong></span> <span class='ocrx_word' id='word_1_738' title='bbox 2735 3487 2873 3557; x_wconf 81' lang='lat' dir='ltr'><strong>juris</strong></span> <span class='ocrx_word' id='word_1_739' title='bbox 2902 3488 3093 3555; x_wconf 83' lang='lat' dir='ltr'><strong>nostri,</strong></span> <span class='ocrx_word' id='word_1_740' title='bbox 3124 3487 3176 3541; x_wconf 94' lang='lat' dir='ltr'><strong>id</strong></span> <span class='ocrx_word' id='word_1_741' title='bbox 3208 3497 3313 3551; x_wconf 89' lang='lat' dir='ltr'><strong>est,</strong></span> <span class='ocrx_word' id='word_1_742' title='bbox 3349 3486 3621 3567; x_wconf 78' lang='lat' dir='ltr'><strong>canonum</strong></span> 
     </span>
    </p>
   </div>
   <div class='ocr_carea' id='block_1_105' title="bbox 2025 3666 3619 3737">
    <p class='ocr_par' dir='ltr' id='par_1_105' title="bbox 2025 3666 3619 3737">
     <span class='ocr_line' id='line_1_105' title="bbox 2025 3666 3619 3737; baseline 0 -15"><span class='ocrx_word' id='word_1_743' title='bbox 2025 3668 2333 3722; x_wconf 86' lang='lat' dir='ltr'><strong>Patroclum</strong></span> <span class='ocrx_word' id='word_1_744' title='bbox 2364 3668 2451 3734; x_wconf 90' lang='lat' dir='ltr'><strong>qui</strong></span> <span class='ocrx_word' id='word_1_745' title='bbox 2481 3681 2614 3721; x_wconf 89' lang='lat' dir='ltr'><strong>nanc</strong></span> <span class='ocrx_word' id='word_1_746' title='bbox 2655 3668 2754 3720; x_wconf 83' lang='lat' dir='ltr'><strong>smi</strong></span> <span class='ocrx_word' id='word_1_747' title='bbox 2780 3666 3002 3722; x_wconf 84' lang='lat' dir='ltr'><strong>Zosimo</strong></span> <span class='ocrx_word' id='word_1_748' title='bbox 3024 3669 3358 3722; x_wconf 87' lang='lat' dir='ltr'><strong>concedente</strong></span> <span class='ocrx_word' id='word_1_749' title='bbox 3390 3682 3619 3737; x_wconf 86' lang='lat' dir='ltr'><strong>arroga-</strong></span> 
     </span>
    </p>
   </div>
   <div class='ocr_carea' id='block_1_106' title="bbox 2029 3737 3615 3807">
    <p class='ocr_par' dir='ltr' id='par_1_106' title="bbox 2029 3737 3615 3807">
     <span class='ocr_line' id='line_1_106' title="bbox 2029 3737 3615 3807; baseline -0.001 -14"><span class='ocrx_word' id='word_1_750' title='bbox 2029 3739 2115 3793; x_wconf 86' lang='lat' dir='ltr'><strong>bat</strong></span> <span class='ocrx_word' id='word_1_751' title='bbox 2161 3740 2498 3805; x_wconf 71' lang='lat' dir='ltr'><strong>dignitatem,</strong></span> <span class='ocrx_word' id='word_1_752' title='bbox 2545 3737 2853 3793; x_wconf 86' lang='lat' dir='ltr'><strong>inimicitias</strong></span> <span class='ocrx_word' id='word_1_753' title='bbox 2897 3748 2955 3793; x_wconf 89' lang='lat' dir='ltr'><strong>et</strong></span> <span class='ocrx_word' id='word_1_754' title='bbox 2994 3740 3297 3793; x_wconf 84' lang='lat' dir='ltr'><strong>simultates</strong></span> <span class='ocrx_word' id='word_1_755' title='bbox 3344 3740 3615 3807; x_wconf 71' lang='lat' dir='ltr'><strong>quasdam</strong></span> 
     </span>
    </p>
   </div>
   <div class='ocr_carea' id='block_1_107' title="bbox 2028 3808 2321 3864">
    <p class='ocr_par' dir='ltr' id='par_1_107' title="bbox 2028 3808 2321 3864">
     <span class='ocr_line' id='line_1_107' title="bbox 2028 3808 2321 3864; baseline -0.01 0"><span class='ocrx_word' id='word_1_756' title='bbox 2028 3808 2321 3864; x_wconf 72' lang='lat' dir='ltr'><strong>eXstitisse.</strong></span> 
     </span>
    </p>
   </div>
   <div class='ocr_carea' id='block_1_108' title="bbox 2103 3878 3619 3949">
    <p class='ocr_par' dir='ltr' id='par_1_108' title="bbox 2103 3878 3619 3949">
     <span class='ocr_line' id='line_1_108' title="bbox 2103 3878 3619 3949; baseline 0 -16"><span class='ocrx_word' id='word_1_757' title='bbox 2103 3891 2127 3927; x_wconf 76' lang='grc' dir='ltr'>ις</span> <span class='ocrx_word' id='word_1_758' title='bbox 2154 3880 2421 3934; x_wconf 87' lang='lat' dir='ltr'><strong>Particula</strong></span> <span class='ocrx_word' id='word_1_759' title='bbox 2454 3890 2520 3943; x_wconf 82' lang='lat' dir='ltr'><strong>et,</strong></span> <span class='ocrx_word' id='word_1_760' title='bbox 2551 3893 2648 3946; x_wconf 88' lang='lat' dir='ltr'><strong>pro</strong></span> <span class='ocrx_word' id='word_1_761' title='bbox 2690 3882 2844 3934; x_wconf 83' lang='lat' dir='ltr'><strong>etiam</strong></span> <span class='ocrx_word' id='word_1_762' title='bbox 2870 3881 3071 3949; x_wconf 72' lang='lat' dir='ltr'><strong>pbsita,</strong></span> <span class='ocrx_word' id='word_1_763' title='bbox 3101 3897 3166 3935; x_wconf 73' lang='lat' dir='ltr'><strong>es</strong></span> <span class='ocrx_word' id='word_1_764' title='bbox 3198 3896 3299 3934; x_wconf 89' lang='lat' dir='ltr'><strong>ms.</strong></span> <span class='ocrx_word' id='word_1_765' title='bbox 3339 3878 3494 3934; x_wconf 85' lang='lat' dir='ltr'><strong>Golb.</strong></span> <span class='ocrx_word' id='word_1_766' title='bbox 3530 3896 3619 3947; x_wconf 86' lang='lat' dir='ltr'><strong>re-</strong></span> 
     </span>
    </p>
   </div>
   <div class='ocr_carea' id='block_1_109' title="bbox 2031 3950 3617 4013">
    <p class='ocr_par' dir='ltr' id='par_1_109' title="bbox 2031 3950 3617 4013">
     <span class='ocr_line' id='line_1_109' title="bbox 2031 3950 3617 4013; baseline 0.003 -10"><span class='ocrx_word' id='word_1_767' title='bbox 2031 3960 2283 4013; x_wconf 85' lang='lat' dir='ltr'><strong>vocatur,</strong></span> <span class='ocrx_word' id='word_1_768' title='bbox 2338 3950 2760 4013; x_wconf 73' lang='lat' dir='ltr'><strong>suifragantibus</strong></span> <span class='ocrx_word' id='word_1_769' title='bbox 2815 3953 2861 4005; x_wconf 77' lang='lat' dir='ltr'><strong>ci</strong></span> <span class='ocrx_word' id='word_1_770' title='bbox 2911 3954 3121 4005; x_wconf 50' lang='lat' dir='ltr'><strong>(ueteris</strong></span> <span class='ocrx_word' id='word_1_771' title='bbox 3174 3964 3295 4005; x_wconf 90' lang='lat' dir='ltr'><strong>cum</strong></span> <span class='ocrx_word' id='word_1_772' title='bbox 3353 3951 3500 4006; x_wconf 74' lang='lat' dir='ltr'><strong>Merl.</strong></span> <span class='ocrx_word' id='word_1_773' title='bbox 3558 3960 3617 4007; x_wconf 84' lang='lat' dir='ltr'><strong>et</strong></span> 
     </span>
    </p>
   </div>
   <div class='ocr_carea' id='block_1_110' title="bbox 2028 4021 3616 4091">
    <p class='ocr_par' dir='ltr' id='par_1_110' title="bbox 2028 4021 3616 4091">
     <span class='ocr_line' id='line_1_110' title="bbox 2028 4021 3616 4091; baseline 0 -14"><span class='ocrx_word' id='word_1_774' title='bbox 2028 4022 2187 4077; x_wconf 82' lang='lat' dir='ltr'><strong>Crab.</strong></span> <span class='ocrx_word' id='word_1_775' title='bbox 2218 4025 2271 4075; x_wconf 91' lang='lat' dir='ltr'><strong>itt</strong></span> <span class='ocrx_word' id='word_1_776' title='bbox 2300 4023 2493 4089; x_wconf 84' lang='lat' dir='ltr'><strong>quibus</strong></span> <span class='ocrx_word' id='word_1_777' title='bbox 2510 4021 2626 4088; x_wconf 85' lang='lat' dir='ltr'><strong>ejus</strong></span> <span class='ocrx_word' id='word_1_778' title='bbox 2654 4022 2772 4075; x_wconf 81' lang='lat' dir='ltr'><strong>loco</strong></span> <span class='ocrx_word' id='word_1_779' title='bbox 2804 4022 2996 4091; x_wconf 81' lang='lat' dir='ltr'><strong>legitur</strong></span> <span class='ocrx_word' id='word_1_780' title='bbox 3027 4038 3111 4076; x_wconf 73' lang='lat' dir='ltr'><strong>ex.</strong></span> <span class='ocrx_word' id='word_1_781' title='bbox 3142 4023 3382 4076; x_wconf 75' lang='lat' dir='ltr'><strong>Subinde</strong></span> <span class='ocrx_word' id='word_1_782' title='bbox 3413 4031 3469 4077; x_wconf 89' lang='lat' dir='ltr'><strong>et</strong></span> <span class='ocrx_word' id='word_1_783' title='bbox 3495 4038 3616 4077; x_wconf 83' lang='lat' dir='ltr'><strong>eum</strong></span> 
     </span>
    </p>
   </div>
   <div class='ocr_carea' id='block_1_111' title="bbox 2022 4093 3615 4161">
    <p class='ocr_par' dir='ltr' id='par_1_111' title="bbox 2022 4093 3615 4161">
     <span class='ocr_line' id='line_1_111' title="bbox 2022 4093 3615 4161; baseline -0.001 -13"><span class='ocrx_word' id='word_1_784' title='bbox 2022 4095 2282 4161; x_wconf 77' lang='lat' dir='ltr'><strong>expunxit</strong></span> <span class='ocrx_word' id='word_1_785' title='bbox 2329 4093 2533 4156; x_wconf 86' lang='lat' dir='ltr'><strong>Quesn.</strong></span> <span class='ocrx_word' id='word_1_786' title='bbox 2562 4132 2577 4156; x_wconf 91' lang='lat'><strong>,</strong></span> <span class='ocrx_word' id='word_1_787' title='bbox 2621 4108 2718 4147; x_wconf 88' lang='lat' dir='ltr'><strong>nec</strong></span> <span class='ocrx_word' id='word_1_788' title='bbox 2766 4094 3070 4161; x_wconf 83' lang='lat' dir='ltr'><strong>negandum</strong></span> <span class='ocrx_word' id='word_1_789' title='bbox 3126 4106 3209 4147; x_wconf 87' lang='lat' dir='ltr'><strong>est</strong></span> <span class='ocrx_word' id='word_1_790' title='bbox 3258 4094 3395 4147; x_wconf 83' lang='lat' dir='ltr'><strong>lianc</strong></span> <span class='ocrx_word' id='word_1_791' title='bbox 3445 4106 3615 4149; x_wconf 83' lang='lat' dir='ltr'><strong>vocu-</strong></span> 
     </span>
    </p>
   </div>
   <div class='ocr_carea' id='block_1_112' title="bbox 2023 4163 3483 4227">
    <p class='ocr_par' dir='ltr' id='par_1_112' title="bbox 2023 4163 3483 4227">
     <span class='ocr_line' id='line_1_112' title="bbox 2023 4163 3483 4227; baseline 0.001 -10"><span class='ocrx_word' id='word_1_792' title='bbox 2023 4165 2125 4217; x_wconf 89' lang='lat' dir='ltr'><strong>lam</strong></span> <span class='ocrx_word' id='word_1_793' title='bbox 2163 4165 2489 4227; x_wconf 84' lang='lat' dir='ltr'><strong>redundare,</strong></span> <span class='ocrx_word' id='word_1_794' title='bbox 2515 4165 2605 4217; x_wconf 86' lang='lat' dir='ltr'><strong>sed</strong></span> <span class='ocrx_word' id='word_1_795' title='bbox 2641 4163 2694 4216; x_wconf 90' lang='lat' dir='ltr'><strong>in</strong></span> <span class='ocrx_word' id='word_1_796' title='bbox 2727 4166 2978 4218; x_wconf 88' lang='lat' dir='ltr'><strong>omnibus</strong></span> <span class='ocrx_word' id='word_1_797' title='bbox 3010 4180 3141 4218; x_wconf 83' lang='lat' dir='ltr'><strong>mss.</strong></span> <span class='ocrx_word' id='word_1_798' title='bbox 3174 4166 3483 4219; x_wconf 70' lang='lat' dir='ltr'><strong>exhibetur.</strong></span> 
     </span>
    </p>
   </div>
   <div class='ocr_carea' id='block_1_113' title="bbox 2096 4232 3612 4305">
    <p class='ocr_par' dir='ltr' id='par_1_113' title="bbox 2096 4232 3612 4305">
     <span class='ocr_line' id='line_1_113' title="bbox 2096 4232 3612 4305; baseline 0.001 -18"><span class='ocrx_word' id='word_1_799' title='bbox 2096 4232 2270 4287; x_wconf 63' lang='lat' dir='ltr'><strong>llJulii</strong></span> <span class='ocrx_word' id='word_1_800' title='bbox 2311 4235 2384 4289; x_wconf 70' lang='grc'><strong>25</strong></span> <span class='ocrx_word' id='word_1_801' title='bbox 2409 4250 2537 4287; x_wconf 84' lang='lat' dir='ltr'><strong>ann.</strong></span> <span class='ocrx_word' id='word_1_802' title='bbox 2567 4234 2692 4288; x_wconf 58' lang='grc' dir='ltr'><strong>ωδ.</strong></span> <span class='ocrx_word' id='word_1_803' title='bbox 2726 4236 3037 4288; x_wconf 65' lang='lat' dir='ltr'><strong>Prmnnmcn</strong></span> <span class='ocrx_word' id='word_1_804' title='bbox 3071 4234 3273 4288; x_wconf 79' lang='lat' dir='ltr'><strong>Flaviis</strong></span> <span class='ocrx_word' id='word_1_805' title='bbox 3300 4237 3413 4305; x_wconf 75' lang='lat' dir='ltr'><strong>jam</strong></span> <span class='ocrx_word' id='word_1_806' title='bbox 3440 4234 3612 4305; x_wconf 79' lang='lat' dir='ltr'><strong>Sirm.</strong></span> 
     </span>
    </p>
   </div>
   <div class='ocr_carea' id='block_1_114' title="bbox 2025 4304 3613 4360">
    <p class='ocr_par' dir='ltr' id='par_1_114' title="bbox 2025 4304 3613 4360">
     <span class='ocr_line' id='line_1_114' title="bbox 2025 4304 3613 4360; baseline -0.001 -1"><span class='ocrx_word' id='word_1_807' title='bbox 2025 4310 2340 4359; x_wconf 64' lang='lat' dir='ltr'><strong>restituerat</strong></span> <span class='ocrx_word' id='word_1_808' title='bbox 2364 4321 2428 4358; x_wconf 79' lang='lat' dir='ltr'><strong>ex</strong></span> <span class='ocrx_word' id='word_1_809' title='bbox 2466 4321 2567 4358; x_wconf 92' lang='lat' dir='ltr'><strong>ms.</strong></span> <span class='ocrx_word' id='word_1_810' title='bbox 2606 4304 2771 4359; x_wconf 82' lang='lat' dir='ltr'><strong>Corh.</strong></span> <span class='ocrx_word' id='word_1_811' title='bbox 2824 4307 3199 4360; x_wconf 81' lang='lat' dir='ltr'><strong>Exstatetiatn</strong></span> <span class='ocrx_word' id='word_1_812' title='bbox 3233 4310 3284 4360; x_wconf 90' lang='grc'><strong>10</strong></span> <span class='ocrx_word' id='word_1_813' title='bbox 3319 4321 3424 4359; x_wconf 86' lang='grc'><strong>000</strong></span> <span class='ocrx_word' id='word_1_814' title='bbox 3453 4304 3613 4360; x_wconf 82' lang='lat' dir='ltr'><strong>Colb.</strong></span> 
     </span>
    </p>
   </div>
   <div class='ocr_carea' id='block_1_115' title="bbox 2026 4375 3612 4446">
    <p class='ocr_par' dir='ltr' id='par_1_115' title="bbox 2026 4375 3612 4446">
     <span class='ocr_line' id='line_1_115' title="bbox 2026 4375 3612 4446; baseline 0 -17"><span class='ocrx_word' id='word_1_815' title='bbox 2026 4385 2081 4429; x_wconf 90' lang='lat' dir='ltr'><strong>et</strong></span> <span class='ocrx_word' id='word_1_816' title='bbox 2103 4376 2244 4429; x_wconf 83' lang='lat' dir='ltr'><strong>Pith.</strong></span> <span class='ocrx_word' id='word_1_817' title='bbox 2281 4392 2379 4430; x_wconf 87' lang='lat' dir='ltr'><strong>nec</strong></span> <span class='ocrx_word' id='word_1_818' title='bbox 2410 4378 2611 4429; x_wconf 85' lang='lat' dir='ltr'><strong>moveri</strong></span> <span class='ocrx_word' id='word_1_819' title='bbox 2642 4376 2762 4444; x_wconf 89' lang='lat' dir='ltr'><strong>quis</strong></span> <span class='ocrx_word' id='word_1_820' title='bbox 2784 4375 2963 4442; x_wconf 88' lang='lat' dir='ltr'><strong>debet,</strong></span> <span class='ocrx_word' id='word_1_821' title='bbox 2998 4377 3140 4446; x_wconf 88' lang='lat' dir='ltr'><strong>quod</strong></span> <span class='ocrx_word' id='word_1_822' title='bbox 3166 4376 3326 4431; x_wconf 82' lang='lat' dir='ltr'><strong>iidem</strong></span> <span class='ocrx_word' id='word_1_823' title='bbox 3360 4376 3612 4446; x_wconf 77' lang='lat' dir='ltr'><strong>consules</strong></span> 
     </span>
    </p>
   </div>
   <div class='ocr_carea' id='block_1_116' title="bbox 2026 4445 3607 4515">
    <p class='ocr_par' dir='ltr' id='par_1_116' title="bbox 2026 4445 3607 4515">
     <span class='ocr_line' id='line_1_116' title="bbox 2026 4445 3607 4515; baseline 0 -15"><span class='ocrx_word' id='word_1_824' title='bbox 2026 4447 2151 4500; x_wconf 89' lang='lat' dir='ltr'><strong>cod.</strong></span> <span class='ocrx_word' id='word_1_825' title='bbox 2188 4446 2287 4501; x_wconf 88' lang='lat' dir='ltr'><strong>’l&#39;h.</strong></span> <span class='ocrx_word' id='word_1_826' title='bbox 2322 4447 2415 4501; x_wconf 85' lang='lat' dir='ltr'><strong>lib.</strong></span> <span class='ocrx_word' id='word_1_827' title='bbox 2463 4462 2513 4499; x_wconf 86' lang='lat' dir='ltr'><strong>tv</strong></span> <span class='ocrx_word' id='word_1_828' title='bbox 2557 4448 2638 4499; x_wconf 88' lang='lat' dir='ltr'><strong>tit.</strong></span> <span class='ocrx_word' id='word_1_829' title='bbox 2673 4446 2706 4501; x_wconf 91' lang='lat'><strong><em>6</em></strong></span> <span class='ocrx_word' id='word_1_830' title='bbox 2751 4449 2853 4515; x_wconf 81' lang='lat' dir='ltr'><strong>leg.</strong></span> <span class='ocrx_word' id='word_1_831' title='bbox 2905 4450 2961 4513; x_wconf 70' lang='grc'><strong>2,</strong></span> <span class='ocrx_word' id='word_1_832' title='bbox 3008 4445 3063 4503; x_wconf 88' lang='lat' dir='ltr'><strong>et</strong></span> <span class='ocrx_word' id='word_1_833' title='bbox 3099 4448 3192 4501; x_wconf 89' lang='lat' dir='ltr'><strong>lib.</strong></span> <span class='ocrx_word' id='word_1_834' title='bbox 3236 4464 3291 4503; x_wconf 80' lang='lat' dir='ltr'><strong>vt</strong></span> <span class='ocrx_word' id='word_1_835' title='bbox 3322 4445 3472 4503; x_wconf 69' lang='lat' dir='ltr'><strong>tit..2</strong></span> <span class='ocrx_word' id='word_1_836' title='bbox 3503 4446 3607 4515; x_wconf 83' lang='lat' dir='ltr'><strong>leg.</strong></span> 
     </span>
    </p>
   </div>
   <div class='ocr_carea' id='block_1_117' title="bbox 1953 4502 3611 4582">
    <p class='ocr_par' dir='ltr' id='par_1_117' title="bbox 1953 4502 3611 4582">
     <span class='ocr_line' id='line_1_117' title="bbox 1953 4502 3611 4582; baseline 0.001 -12"><span class='ocrx_word' id='word_1_837' title='bbox 1953 4502 2004 4561; x_wconf 86' lang='grc' dir='ltr'><strong>Ῑ)</strong></span> <span class='ocrx_word' id='word_1_838' title='bbox 2035 4515 2121 4579; x_wconf 79' lang='grc'><strong>15.</strong></span> <span class='ocrx_word' id='word_1_839' title='bbox 2152 4528 2286 4582; x_wconf 75' lang='lat' dir='ltr'><strong>etc.,</strong></span> <span class='ocrx_word' id='word_1_840' title='bbox 2328 4519 2445 4572; x_wconf 86' lang='lat' dir='ltr'><strong>sine</strong></span> <span class='ocrx_word' id='word_1_841' title='bbox 2476 4516 2577 4571; x_wconf 87' lang='lat' dir='ltr'><strong>huc</strong></span> <span class='ocrx_word' id='word_1_842' title='bbox 2621 4502 2960 4582; x_wconf 50' lang='lat' dir='ltr'><strong>prmitoittitte&#39;</strong></span> <span class='ocrx_word' id='word_1_843' title='bbox 2998 4502 3287 4573; x_wconf 74' lang='lat' dir='ltr'><strong>notantur.</strong></span> <span class='ocrx_word' id='word_1_844' title='bbox 3319 4519 3374 4571; x_wconf 94' lang='lat' dir='ltr'><strong>ln</strong></span> <span class='ocrx_word' id='word_1_845' title='bbox 3420 4502 3611 4571; x_wconf 65' lang='lat' dir='ltr'><strong>eodem</strong></span> 
     </span>
    </p>
   </div>
   <div class='ocr_carea' id='block_1_118' title="bbox 2031 4588 3608 4656">
    <p class='ocr_par' dir='ltr' id='par_1_118' title="bbox 2031 4588 3608 4656">
     <span class='ocr_line' id='line_1_118' title="bbox 2031 4588 3608 4656; baseline 0 -15"><span class='ocrx_word' id='word_1_846' title='bbox 2031 4591 2230 4656; x_wconf 88' lang='lat' dir='ltr'><strong>quippe</strong></span> <span class='ocrx_word' id='word_1_847' title='bbox 2269 4589 2453 4641; x_wconf 81' lang='lat' dir='ltr'><strong>codice</strong></span> <span class='ocrx_word' id='word_1_848' title='bbox 2497 4589 2821 4655; x_wconf 79' lang='lat' dir='ltr'><strong>pmmomina</strong></span> <span class='ocrx_word' id='word_1_849' title='bbox 2855 4589 3163 4656; x_wconf 87' lang='lat' dir='ltr'><strong>ltujnsmmli</strong></span> <span class='ocrx_word' id='word_1_850' title='bbox 3205 4588 3380 4642; x_wconf 88' lang='lat' dir='ltr'><strong>omitti</strong></span> <span class='ocrx_word' id='word_1_851' title='bbox 3411 4588 3608 4644; x_wconf 74' lang='lat' dir='ltr'><strong>8018M.</strong></span> 
     </span>
    </p>
   </div>
   <div class='ocr_carea' id='block_1_119' title="bbox 2027 4658 3448 4725">
    <p class='ocr_par' dir='ltr' id='par_1_119' title="bbox 2027 4658 3448 4725">
     <span class='ocr_line' id='line_1_119' title="bbox 2027 4658 3448 4725; baseline 0 -13"><span class='ocrx_word' id='word_1_852' title='bbox 2027 4662 2201 4712; x_wconf 73' lang='lat' dir='ltr'><strong>Antea</strong></span> <span class='ocrx_word' id='word_1_853' title='bbox 2232 4660 2404 4713; x_wconf 71' lang='lat' dir='ltr'><strong>codex</strong></span> <span class='ocrx_word' id='word_1_854' title='bbox 2433 4658 2574 4712; x_wconf 79' lang='lat' dir='ltr'><strong>Pttit.</strong></span> <span class='ocrx_word' id='word_1_855' title='bbox 2614 4675 2720 4723; x_wconf 69' lang='lat' dir='ltr'><strong>pra:</strong></span> <span class='ocrx_word' id='word_1_856' title='bbox 2751 4660 2965 4725; x_wconf 68' lang='lat' dir='ltr'><strong>sel‘ert,</strong></span> <span class='ocrx_word' id='word_1_857' title='bbox 3001 4659 3197 4713; x_wconf 81' lang='lat' dir='ltr'><strong>Datum</strong></span> <span class='ocrx_word' id='word_1_858' title='bbox 3224 4675 3316 4714; x_wconf 84' lang='lat' dir='ltr'><strong>vnt</strong></span> <span class='ocrx_word' id='word_1_859' title='bbox 3343 4659 3448 4713; x_wconf 71' lang='lat' dir='ltr'><strong>kal.</strong></span> 
     </span>
    </p>
   </div>
   <div class='ocr_carea' id='block_1_120' title="bbox 2106 4728 3616 4798">
    <p class='ocr_par' dir='ltr' id='par_1_120' title="bbox 2106 4728 3616 4798">
     <span class='ocr_line' id='line_1_120' title="bbox 2106 4728 3616 4798; baseline 0 -13"><span class='ocrx_word' id='word_1_860' title='bbox 2106 4729 2354 4792; x_wconf 74' lang='lat' dir='ltr'><strong>iScripta</strong></span> <span class='ocrx_word' id='word_1_861' title='bbox 2378 4746 2519 4783; x_wconf 85' lang='lat' dir='ltr'><strong>anno</strong></span> <span class='ocrx_word' id='word_1_862' title='bbox 2547 4730 2667 4784; x_wconf 61' lang='grc'><strong>4119.</strong></span> <span class='ocrx_word' id='word_1_863' title='bbox 2700 4730 2913 4784; x_wconf 83' lang='lat' dir='ltr'><strong>luedit.</strong></span> <span class='ocrx_word' id='word_1_864' title='bbox 2940 4731 3107 4786; x_wconf 81' lang='lat' dir='ltr'><strong>Cone.</strong></span> <span class='ocrx_word' id='word_1_865' title='bbox 3138 4730 3188 4785; x_wconf 77' lang='lat'><strong>3.</strong></span> <span class='ocrx_word' id='word_1_866' title='bbox 3220 4731 3349 4798; x_wconf 66' lang='lat' dir='ltr'><strong>Quae</strong></span> <span class='ocrx_word' id='word_1_867' title='bbox 3375 4740 3552 4783; x_wconf 88' lang='lat' dir='ltr'><strong>autem</strong></span> <span class='ocrx_word' id='word_1_868' title='bbox 3580 4728 3616 4785; x_wconf 84' lang='lat'><strong>5</strong></span> 
     </span>
    </p>
   </div>
   <div class='ocr_carea' id='block_1_121' title="bbox 2024 4799 3610 4867">
    <p class='ocr_par' dir='ltr' id='par_1_121' title="bbox 2024 4799 3610 4867">
     <span class='ocr_line' id='line_1_121' title="bbox 2024 4799 3610 4867; baseline -0.001 -12"><span class='ocrx_word' id='word_1_869' title='bbox 2024 4812 2161 4862; x_wconf 82' lang='lat' dir='ltr'><strong>erat,</strong></span> <span class='ocrx_word' id='word_1_870' title='bbox 2195 4815 2336 4853; x_wconf 87' lang='lat' dir='ltr'><strong>nunc</strong></span> <span class='ocrx_word' id='word_1_871' title='bbox 2370 4799 2454 4853; x_wconf 70' lang='grc'><strong>14.</strong></span> <span class='ocrx_word' id='word_1_872' title='bbox 2484 4799 2554 4854; x_wconf 89' lang='grc'><strong>,10</strong></span> <span class='ocrx_word' id='word_1_873' title='bbox 2603 4800 2790 4855; x_wconf 73' lang='lat' dir='ltr'><strong>iisdem</strong></span> <span class='ocrx_word' id='word_1_874' title='bbox 2829 4812 3002 4855; x_wconf 81' lang='lat' dir='ltr'><strong>exstat</strong></span> <span class='ocrx_word' id='word_1_875' title='bbox 3034 4818 3163 4855; x_wconf 81' lang='lat' dir='ltr'><strong>mss.</strong></span> <span class='ocrx_word' id='word_1_876' title='bbox 3198 4802 3249 4856; x_wconf 90' lang='lat' dir='ltr'><strong>in</strong></span> <span class='ocrx_word' id='word_1_877' title='bbox 3294 4800 3489 4867; x_wconf 83' lang='lat' dir='ltr'><strong>quibus</strong></span> <span class='ocrx_word' id='word_1_878' title='bbox 3514 4814 3610 4853; x_wconf 79' lang='lat' dir='ltr'><strong>stt-</strong></span> 
     </span>
    </p>
   </div>
   <div class='ocr_carea' id='block_1_122' title="bbox 2023 4870 3613 4943">
    <p class='ocr_par' dir='ltr' id='par_1_122' title="bbox 2023 4870 3613 4943">
     <span class='ocr_line' id='line_1_122' title="bbox 2023 4870 3613 4943; baseline -0.008 -16"><span class='ocrx_word' id='word_1_879' title='bbox 2023 4873 2295 4943; x_wconf 41' lang='lat' dir='ltr'><strong>p‘ir’iorem</strong></span> <span class='ocrx_word' id='word_1_880' title='bbox 2333 4883 2548 4925; x_wconf 75' lang='lat' dir='ltr'><strong>exstare</strong></span> <span class='ocrx_word' id='word_1_881' title='bbox 2581 4876 3020 4943; x_wconf 63' lang='grc' dir='ltr'><strong>[ιι-(0010001000).</strong></span> <span class='ocrx_word' id='word_1_882' title='bbox 3068 4876 3275 4943; x_wconf 72' lang='grc' dir='ltr'>Λιηοιι</span> <span class='ocrx_word' id='word_1_883' title='bbox 3306 4870 3495 4943; x_wconf 75' lang='lat' dir='ltr'><strong>eadem</strong></span> <span class='ocrx_word' id='word_1_884' title='bbox 3526 4878 3613 4925; x_wconf 69' lang='lat' dir='ltr'><strong>est</strong></span> 
     </span>
    </p>
   </div>
   <div class='ocr_carea' id='block_1_123' title="bbox 2018 4939 3599 5009">
    <p class='ocr_par' dir='ltr' id='par_1_123' title="bbox 2018 4939 3599 5009">
     <span class='ocr_line' id='line_1_123' title="bbox 2018 4939 3599 5009; baseline -0.001 -13"><span class='ocrx_word' id='word_1_885' title='bbox 2018 4939 2075 4996; x_wconf 82' lang='lat' dir='ltr'><strong>in</strong></span> <span class='ocrx_word' id='word_1_886' title='bbox 2106 4942 2355 5001; x_wconf 74' lang='lat' dir='ltr'><strong>omnibus</strong></span> <span class='ocrx_word' id='word_1_887' title='bbox 2384 4943 2657 4995; x_wconf 85' lang='lat' dir='ltr'><strong>titulorum</strong></span> <span class='ocrx_word' id='word_1_888' title='bbox 2688 4942 2900 4995; x_wconf 83' lang='lat' dir='ltr'><strong>divisio.</strong></span> <span class='ocrx_word' id='word_1_889' title='bbox 2938 4942 3225 5008; x_wconf 71' lang='lat' dir='ltr'><strong>Dionysius</strong></span> <span class='ocrx_word' id='word_1_890' title='bbox 3255 4939 3379 4997; x_wconf 80' lang='lat' dir='ltr'><strong>eant</strong></span> <span class='ocrx_word' id='word_1_891' title='bbox 3405 4944 3456 4997; x_wconf 91' lang='lat' dir='ltr'><strong>in</strong></span> <span class='ocrx_word' id='word_1_892' title='bbox 3488 4950 3599 5009; x_wconf 69' lang='lat' dir='ltr'><strong>tres</strong></span> 
     </span>
    </p>
   </div>
   <div class='ocr_carea' id='block_1_124' title="bbox 2017 5011 3613 5081">
    <p class='ocr_par' dir='ltr' id='par_1_124' title="bbox 2017 5011 3613 5081">
     <span class='ocr_line' id='line_1_124' title="bbox 2017 5011 3613 5081; baseline -0.001 -15"><span class='ocrx_word' id='word_1_893' title='bbox 2017 5014 2244 5081; x_wconf 63' lang='lat' dir='ltr'><strong>punitus</strong></span> <span class='ocrx_word' id='word_1_894' title='bbox 2277 5021 2379 5077; x_wconf 62' lang='lat' dir='ltr'><strong>est,</strong></span> <span class='ocrx_word' id='word_1_895' title='bbox 2407 5024 2543 5080; x_wconf 90' lang='lat' dir='ltr'><strong>quos</strong></span> <span class='ocrx_word' id='word_1_896' title='bbox 2569 5011 2687 5072; x_wconf 66' lang='lat' dir='ltr'><strong>XX.</strong></span> <span class='ocrx_word' id='word_1_897' title='bbox 2720 5012 2837 5066; x_wconf 70' lang='lat' dir='ltr'><strong>XXI</strong></span> <span class='ocrx_word' id='word_1_898' title='bbox 2860 5023 2915 5067; x_wconf 86' lang='lat' dir='ltr'><strong>et</strong></span> <span class='ocrx_word' id='word_1_899' title='bbox 2943 5012 3085 5069; x_wconf 72' lang='lat' dir='ltr'><strong>XXII</strong></span> <span class='ocrx_word' id='word_1_900' title='bbox 3112 5014 3417 5081; x_wconf 64' lang='lat' dir='ltr'><strong>appellavit.</strong></span> <span class='ocrx_word' id='word_1_901' title='bbox 3450 5012 3613 5078; x_wconf 82' lang='lat' dir='ltr'><strong>Qua--</strong></span> 
     </span>
    </p>
   </div>
   <div class='ocr_carea' id='block_1_125' title="bbox 2015 5082 3597 5151">
    <p class='ocr_par' dir='ltr' id='par_1_125' title="bbox 2015 5082 3597 5151">
     <span class='ocr_line' id='line_1_125' title="bbox 2015 5082 3597 5151; baseline -0.002 -15"><span class='ocrx_word' id='word_1_902' title='bbox 2015 5090 2136 5136; x_wconf 84' lang='lat' dir='ltr'><strong>tuor</strong></span> <span class='ocrx_word' id='word_1_903' title='bbox 2165 5086 2211 5135; x_wconf 82' lang='lat' dir='ltr'><strong>ei</strong></span> <span class='ocrx_word' id='word_1_904' title='bbox 2244 5084 2295 5136; x_wconf 88' lang='lat' dir='ltr'><strong>itt</strong></span> <span class='ocrx_word' id='word_1_905' title='bbox 2332 5097 2430 5136; x_wconf 84' lang='lat' dir='ltr'><strong>ins.</strong></span> <span class='ocrx_word' id='word_1_906' title='bbox 2473 5082 2631 5137; x_wconf 81' lang='lat' dir='ltr'><strong>Corb.</strong></span> <span class='ocrx_word' id='word_1_907' title='bbox 2670 5086 3085 5148; x_wconf 63' lang='lat' dir='ltr'><strong>praemittuntur,</strong></span> <span class='ocrx_word' id='word_1_908' title='bbox 3117 5088 3341 5148; x_wconf 79' lang='lat' dir='ltr'><strong>quorum</strong></span> <span class='ocrx_word' id='word_1_909' title='bbox 3372 5084 3597 5151; x_wconf 74' lang='lat' dir='ltr'><strong>primus</strong></span> 
     </span>
    </p>
   </div>
   <div class='ocr_carea' id='block_1_126' title="bbox 2016 5151 3607 5223">
    <p class='ocr_par' dir='ltr' id='par_1_126' title="bbox 2016 5151 3607 5223">
     <span class='ocr_line' id='line_1_126' title="bbox 2016 5151 3607 5223; baseline -0.002 -16"><span class='ocrx_word' id='word_1_910' title='bbox 2016 5153 2155 5207; x_wconf 86' lang='lat' dir='ltr'><strong>idem</strong></span> <span class='ocrx_word' id='word_1_911' title='bbox 2191 5156 2280 5222; x_wconf 86' lang='lat' dir='ltr'><strong>qui</strong></span> <span class='ocrx_word' id='word_1_912' title='bbox 2324 5154 2463 5220; x_wconf 81' lang='lat' dir='ltr'><strong>apud</strong></span> <span class='ocrx_word' id='word_1_913' title='bbox 2498 5154 2832 5223; x_wconf 70' lang='lat' dir='ltr'><strong>Dionysium;</strong></span> <span class='ocrx_word' id='word_1_914' title='bbox 2883 5154 2943 5207; x_wconf 93' lang='lat' dir='ltr'><strong>ll.</strong></span> <span class='ocrx_word' id='word_1_915' title='bbox 2979 5154 3040 5207; x_wconf 90' lang='lat' dir='ltr'><strong>de</strong></span> <span class='ocrx_word' id='word_1_916' title='bbox 3086 5154 3232 5207; x_wconf 84' lang='lat' dir='ltr'><strong>laicis</strong></span> <span class='ocrx_word' id='word_1_917' title='bbox 3256 5152 3477 5223; x_wconf 79' lang='lat' dir='ltr'><strong>qualiter</strong></span> <span class='ocrx_word' id='word_1_918' title='bbox 3509 5151 3607 5204; x_wconf 81' lang='lat' dir='ltr'><strong>ad-</strong></span> 
     </span>
    </p>
   </div>
   <div class='ocr_carea' id='block_1_127' title="bbox 2015 5224 3591 5289">
    <p class='ocr_par' dir='ltr' id='par_1_127' title="bbox 2015 5224 3591 5289">
     <span class='ocr_line' id='line_1_127' title="bbox 2015 5224 3591 5289; baseline -0.001 -13"><span class='ocrx_word' id='word_1_919' title='bbox 2015 5225 2285 5277; x_wconf 76' lang='lat' dir='ltr'><strong>mittuntur</strong></span> <span class='ocrx_word' id='word_1_920' title='bbox 2316 5226 2381 5275; x_wconf 82' lang='lat' dir='ltr'><strong>ad</strong></span> <span class='ocrx_word' id='word_1_921' title='bbox 2409 5228 2631 5289; x_wconf 86' lang='lat' dir='ltr'><strong>clerum;</strong></span> <span class='ocrx_word' id='word_1_922' title='bbox 2655 5225 2746 5278; x_wconf 68' lang='grc'><strong>111.</strong></span> <span class='ocrx_word' id='word_1_923' title='bbox 2774 5226 2893 5277; x_wconf 87' lang='lat' dir='ltr'><strong>item</strong></span> <span class='ocrx_word' id='word_1_924' title='bbox 2924 5226 2985 5277; x_wconf 77' lang='lat' dir='ltr'><strong>de</strong></span> <span class='ocrx_word' id='word_1_925' title='bbox 3022 5226 3188 5289; x_wconf 72' lang='lat' dir='ltr'><strong>laicis,</strong></span> <span class='ocrx_word' id='word_1_926' title='bbox 3226 5236 3277 5277; x_wconf 88' lang='lat' dir='ltr'><strong>ut</strong></span> <span class='ocrx_word' id='word_1_927' title='bbox 3317 5226 3371 5276; x_wconf 83' lang='lat' dir='ltr'><strong>in</strong></span> <span class='ocrx_word' id='word_1_928' title='bbox 3403 5224 3591 5276; x_wconf 73' lang='lat' dir='ltr'><strong>ordino</strong></span> 
     </span>
    </p>
   </div>
   <div class='ocr_carea' id='block_1_128' title="bbox 2014 5293 3609 5361">
    <p class='ocr_par' dir='ltr' id='par_1_128' title="bbox 2014 5293 3609 5361">
     <span class='ocr_line' id='line_1_128' title="bbox 2014 5293 3609 5361; baseline -0.001 -15"><span class='ocrx_word' id='word_1_929' title='bbox 2014 5296 2237 5348; x_wconf 81' lang='lat' dir='ltr'><strong>tionibus</strong></span> <span class='ocrx_word' id='word_1_930' title='bbox 2260 5311 2357 5347; x_wconf 85' lang='lat' dir='ltr'><strong>non</strong></span> <span class='ocrx_word' id='word_1_931' title='bbox 2390 5305 2753 5361; x_wconf 73' lang='lat' dir='ltr'><strong>praeponuntur</strong></span> <span class='ocrx_word' id='word_1_932' title='bbox 2784 5296 3017 5358; x_wconf 74' lang='lat' dir='ltr'><strong>clericis;</strong></span> <span class='ocrx_word' id='word_1_933' title='bbox 3046 5296 3133 5349; x_wconf 70' lang='grc' dir='ltr'><strong>ιγ.</strong></span> <span class='ocrx_word' id='word_1_934' title='bbox 3166 5295 3294 5349; x_wconf 65' lang='lat' dir='ltr'><strong>Haec</strong></span> <span class='ocrx_word' id='word_1_935' title='bbox 3323 5303 3513 5348; x_wconf 79' lang='lat' dir='ltr'><strong>statuta</strong></span> <span class='ocrx_word' id='word_1_936' title='bbox 3556 5293 3609 5345; x_wconf 81' lang='lat' dir='ltr'><strong>in</strong></span> 
     </span>
    </p>
   </div>
   <div class='ocr_carea' id='block_1_129' title="bbox 2014 5364 3611 5421">
    <p class='ocr_par' dir='ltr' id='par_1_129' title="bbox 2014 5364 3611 5421">
     <span class='ocr_line' id='line_1_129' title="bbox 2014 5364 3611 5421; baseline -0.002 -2"><span class='ocrx_word' id='word_1_937' title='bbox 2014 5382 2185 5419; x_wconf 80' lang='lat' dir='ltr'><strong>omnes</strong></span> <span class='ocrx_word' id='word_1_938' title='bbox 2252 5364 2509 5418; x_wconf 69' lang='lat' dir='ltr'><strong>Ecclesia:</strong></span> <span class='ocrx_word' id='word_1_939' title='bbox 2574 5372 2911 5419; x_wconf 82' lang='lat' dir='ltr'><strong>innotescunt.</strong></span> <span class='ocrx_word' id='word_1_940' title='bbox 2971 5366 3346 5421; x_wconf 84' lang='lat' dir='ltr'><strong>Culbertinum</strong></span> <span class='ocrx_word' id='word_1_941' title='bbox 3409 5364 3611 5418; x_wconf 80' lang='lat' dir='ltr'><strong>eutlicis</strong></span> 
     </span>
    </p>
   </div>
   <div class='ocr_carea' id='block_1_130' title="bbox 2014 5434 3609 5505">
    <p class='ocr_par' dir='ltr' id='par_1_130' title="bbox 2014 5434 3609 5505">
     <span class='ocr_line' id='line_1_130' title="bbox 2014 5434 3609 5505; baseline 0 -16"><span class='ocrx_word' id='word_1_942' title='bbox 2014 5436 2216 5501; x_wconf 82' lang='lat' dir='ltr'><strong>Quesn.</strong></span> <span class='ocrx_word' id='word_1_943' title='bbox 2248 5436 2524 5503; x_wconf 81' lang='lat' dir='ltr'><strong>exemplar</strong></span> <span class='ocrx_word' id='word_1_944' title='bbox 2556 5453 2718 5490; x_wconf 89' lang='lat' dir='ltr'><strong>unum</strong></span> <span class='ocrx_word' id='word_1_945' title='bbox 2759 5440 2900 5491; x_wconf 88' lang='lat' dir='ltr'><strong>hunc</strong></span> <span class='ocrx_word' id='word_1_946' title='bbox 2929 5453 3036 5505; x_wconf 72' lang='lat' dir='ltr'><strong>prae</strong></span> <span class='ocrx_word' id='word_1_947' title='bbox 3057 5453 3117 5491; x_wconf 89' lang='lat' dir='ltr'><strong>se</strong></span> <span class='ocrx_word' id='word_1_948' title='bbox 3148 5438 3249 5491; x_wconf 84' lang='lat' dir='ltr'><strong>fert</strong></span> <span class='ocrx_word' id='word_1_949' title='bbox 3279 5455 3293 5494; x_wconf 84' lang='lat'>:</span> <span class='ocrx_word' id='word_1_950' title='bbox 3332 5436 3401 5491; x_wconf 89' lang='lat' dir='ltr'><strong>Ut</strong></span> <span class='ocrx_word' id='word_1_951' title='bbox 3430 5434 3609 5489; x_wconf 80' lang='lat' dir='ltr'><strong>nullus</strong></span> 
     </span>
    </p>
   </div>
   <div class='ocr_carea' id='block_1_131' title="bbox 2017 5508 3278 5572">
    <p class='ocr_par' dir='ltr' id='par_1_131' title="bbox 2017 5508 3278 5572">
     <span class='ocr_line' id='line_1_131' title="bbox 2017 5508 3278 5572; baseline 0 -12"><span class='ocrx_word' id='word_1_952' title='bbox 2017 5508 2267 5572; x_wconf 77' lang='lat' dir='ltr'><strong>(uicorum</strong></span> <span class='ocrx_word' id='word_1_953' title='bbox 2296 5508 2364 5560; x_wconf 85' lang='lat' dir='ltr'><strong>ad</strong></span> <span class='ocrx_word' id='word_1_954' title='bbox 2393 5508 2624 5560; x_wconf 80' lang='lat' dir='ltr'><strong>ordinem</strong></span> <span class='ocrx_word' id='word_1_955' title='bbox 2656 5509 2925 5562; x_wconf 80' lang='lat' dir='ltr'><strong>sacerdotii</strong></span> <span class='ocrx_word' id='word_1_956' title='bbox 2956 5508 3278 5561; x_wconf 80' lang='lat' dir='ltr'><strong>admittatur.</strong></span> 
     </span>
    </p>
   </div>
   <div class='ocr_carea' id='block_1_132' title="bbox 2092 5576 3439 5645">
    <p class='ocr_par' dir='ltr' id='par_1_132' title="bbox 2092 5576 3439 5645">
     <span class='ocr_line' id='line_1_132' title="bbox 2092 5576 3439 5645; baseline 0.001 -19"><span class='ocrx_word' id='word_1_957' title='bbox 2092 5576 2106 5626; x_wconf 89' lang='lat' dir='ltr'><strong>i</strong></span> <span class='ocrx_word' id='word_1_958' title='bbox 2141 5577 2212 5630; x_wconf 91' lang='lat' dir='ltr'><strong>lta</strong></span> <span class='ocrx_word' id='word_1_959' title='bbox 2244 5578 2405 5631; x_wconf 82' lang='lat' dir='ltr'><strong>Sirio.</strong></span> <span class='ocrx_word' id='word_1_960' title='bbox 2439 5580 2600 5645; x_wconf 85' lang='lat' dir='ltr'><strong>epist.</strong></span> <span class='ocrx_word' id='word_1_961' title='bbox 2636 5579 2686 5645; x_wconf 79' lang='grc'><strong>1,</strong></span> <span class='ocrx_word' id='word_1_962' title='bbox 2713 5595 2859 5632; x_wconf 91' lang='lat' dir='ltr'><strong>num.</strong></span> <span class='ocrx_word' id='word_1_963' title='bbox 2894 5580 2987 5641; x_wconf 78' lang='grc'><strong>21,</strong></span> <span class='ocrx_word' id='word_1_964' title='bbox 3019 5578 3147 5632; x_wconf 83' lang='lat' dir='ltr'><strong>dist.</strong></span> <span class='ocrx_word' id='word_1_965' title='bbox 3179 5577 3270 5643; x_wconf 72' lang='lat'><strong>38,</strong></span> <span class='ocrx_word' id='word_1_966' title='bbox 3298 5586 3355 5632; x_wconf 83' lang='lat' dir='ltr'><strong>&#39;c.</strong></span> <span class='ocrx_word' id='word_1_967' title='bbox 3388 5578 3439 5632; x_wconf 77' lang='grc' dir='ltr'>ι.</span> 
     </span>
    </p>
   </div>
   <div class='ocr_carea' id='block_1_133' title="bbox 2094 5646 2974 5718">
    <p class='ocr_par' dir='ltr' id='par_1_133' title="bbox 2094 5646 2974 5718">
     <span class='ocr_line' id='line_1_133' title="bbox 2094 5646 2974 5718; baseline 0.006 -20"><span class='ocrx_word' id='word_1_968' title='bbox 2094 5646 2117 5684; x_wconf 64' lang='grc' dir='ltr'><strong>ι</strong></span> <span class='ocrx_word' id='word_1_969' title='bbox 2149 5648 2276 5703; x_wconf 84' lang='lat' dir='ltr'><strong>Vide</strong></span> <span class='ocrx_word' id='word_1_970' title='bbox 2307 5649 2502 5702; x_wconf 89' lang='lat' dir='ltr'><strong>concil.</strong></span> <span class='ocrx_word' id='word_1_971' title='bbox 2537 5649 2739 5703; x_wconf 72' lang='lat' dir='ltr'><strong>Nicaea.</strong></span> <span class='ocrx_word' id='word_1_972' title='bbox 2771 5660 2890 5718; x_wconf 86' lang='lat' dir='ltr'><strong>cap.</strong></span> <span class='ocrx_word' id='word_1_973' title='bbox 2922 5651 2974 5703; x_wconf 67' lang='lat'><strong>2.</strong></span> 
     </span>
    </p>
   </div>
  </div>
