3982 6182
462 246 568 304 ιὸθ

1248 243 1303 298 ς.
1346 240 1735 299 C(ELESTINI
1778 240 1793 293 Ι
1837 240 2036 295 ΡΑΡᾸΞ
2080 240 2433 298 EPISTOLE
2474 242 2560 297 ET
2601 241 2946 301 DECRETA.

3639 245 3743 305 ιιι

463 374 588 415 nem
620 356 965 413 beatitudinis
1002 366 1125 420 tute,
1160 371 1277 424 quae
1303 364 1487 409 contra
1519 370 1613 410 eos
1644 369 1740 424 pro
1769 354 1933 409 sectis
1962 369 2051 411 re-
2081 357 2131 417 Α
2159 356 2428 411 Deitatem
2458 343 2735 428 Unigeniti
2773 368 2827 413 et
2856 358 2923 413 ad
2957 358 3222 429 originem
3247 358 3554 429 conjuncta
3570 361 3748 418 carnis

466 456 680 525 ligionis
710 455 845 509 forte
869 462 894 489 ⁸
924 451 1141 521 probata
1170 461 1272 512 est,
1301 449 1444 503 aliud
1475 449 1727 519 quiddam
1761 464 1921 519 quam
1952 449 2055 505 hoc

465 549 753 603 aestiment.
785 544 917 600 Nam
954 551 1220 598 sectarum
1260 544 1474 596 novitas
1501 540 1530 580 ιδ
1563 541 1785 596 multam
1819 550 2056 598 meretur

465 639 834 696 defensionem
866 651 894 691 a
924 636 1067 692 veris
1090 636 1417 705 pastoribus.
1789 704 1861 719 Α

537 732 590 786 2.
625 730 779 787 Unde
810 738 864 785 et
891 742 991 783 nos
1025 743 1130 783 non
1156 728 1423 783 modicam
1442 728 1848 799 corruptionem
1867 727 2055 785 ortho-

466 826 645 880 doxiae
673 824 811 893 apud
842 822 1104 891 quosdam
1154 823 1239 877 hic
1266 823 1605 890 reperientes
1628 863 1643 886 ,
1690 831 1747 877 et
1785 822 1864 876 ira
1895 829 1951 877 et
1978 822 2057 876 le-

468 918 636 973 nitate
664 916 807 973 circa
838 930 1016 985 mgros
1044 914 1287 985 quotidie
1317 913 1540 969 utimur.
1588 911 1683 968 Est
1710 913 1853 967 enim
1887 910 2053 982 aegri-

468 1008 597 1064 tudo
643 1024 748 1062 non
779 1023 940 1076 parva
966 1048 980 1074 ,
1014 1006 1108 1061 sed
1139 1006 1319 1062 affinis
1348 1006 1614 1077 putredini
1661 1006 1990 1076 Apollinaris
2028 1016 2050 1045 ε

467 1110 523 1158 et
571 1103 707 1157 Arii.
758 1102 1089 1157 Dominicam
1140 1102 1283 1157 enim
1332 1103 1383 1157 in
1428 1102 1648 1155 homine
1692 1102 1947 1156 unionem
1984 1100 2053 1155 ad

468 1194 750 1263 cujusdam
803 1194 1315 1263 centemperationis
1398 1193 1773 1248 confusionem
1854 1191 2053 1262 passim

486 1286 825 1341 'ommiscent
854 1302 868 1340 :
918 1286 1055 1341 adeo
1086 1297 1142 1340 ut
1174 1294 1229 1341 et
1254 1286 1470 1356 quidam
1517 1287 1656 1356 apud
1703 1302 1800 1341 nos
1832 1285 2049 1351 clerici,

465 1392 698 1449 quorum
732 1377 820 1431 alii
846 1392 915 1431 ex
949 1377 1238 1445 imperitia,
1269 1377 1360 1431 alii
1388 1393 1453 1432 ex
1499 1377 1750 1432 hairctica
1784 1377 2052 1432 fraudein

473 1486 534 1527 se
564 1472 691 1526 olim
721 1472 916 1535 celata,
951 1487 1053 1541 qua
1088 1472 1312 1542 plurima
1348 1482 1403 1527 et
1431 1472 1812 1539 Apostolorum
1847 1482 2055 1540 tempo-

470 1566 621 1621 ribus
652 1566 1041 1634 contigerunt,
1078 1576 1347 1635 tamquam
1381 1566 1621 1621 bmrctici
1661 1573 1929 1637 aegrotent
1952 1608 1966 1629 ,
1998 1574 2054 1621 et

468 1666 658 1727 aperte
684 1656 1064 1727 blasphemcnt
1086 1657 1251 1711 Deum
1278 1657 1509 1712 Verbum
1531 1658 1673 1711 Patri
1705 1656 2050 1723 homousiun,

2161 448 2428 516 referunt,
2462 459 2516 504 et
2540 450 2992 505 commortifieant
3016 452 3193 506 carni.
3213 448 3446 505 Carnem
3468 464 3598 506 vero
3623 465 3746 508 con-

2155 544 2401 614 junctam
2434 544 2633 601 Dcitati
2666 544 2730 599 ad
2764 544 3031 601 Deitatem
3081 545 3343 601 transisse
3369 545 3747 617 blaspliemant

2161 639 2279 709 ipso
2306 638 2475 694 verbo
2501 647 2528 685 1
2558 636 2940 693 Deificationis.
2989 637 3146 706 Quod
3175 636 3312 694 nihil
3342 649 3428 696 est
3466 639 3613 695 aliud
3646 640 3746 697 nisi

2161 738 2444 799 utramque
2474 742 2847 797 COI'I’UIDPCI’O.

2229 818 2283 873 5.
2332 820 2436 875 Sed
2485 830 2540 874 et
2569 818 2840 889 Virginem
2888 818 3270 875 Christotocon
3311 820 3427 875 ausi
3456 830 3586 875 sunt
3616 835 3747 876 eum

2158 910 2321 966 modo
2345 910 2579 981 quodam
2608 910 2921 965 Theotocon
2948 911 3155 967 dicere.
3188 910 3336 966 llanc
3355 910 3498 966 enim
3520 908 3549 949 ιι
3566 911 3755 967 Theo-

2162 1012 2323 1057 teeon
2354 1013 2606 1057 vocantes
2628 1016 2733 1057 non
2759 1002 3179 1071 perhorrescunt
3218 1019 3237 1058 :
3272 999 3288 1039 ί
3320 1017 3443 1057 cum
3471 1004 3646 1059 sancti
3667 1004 3755 1061 illi

2158 1104 2214 1151 et
2262 1110 2421 1163 supra
2451 1109 2668 1149 omnem
2696 1094 3135 1163 prredicationem
3170 1094 3355 1150 Patres
3388 1109 3484 1164 per
3513 1094 3754 1152 Nicaeam

2160 1190 2290 1244 nihil
2317 1189 2550 1258 amplius
2578 1188 2647 1242 de
2676 1197 2860 1243 sancta
2896 1187 3114 1258 Virgine
3137 1188 3445 1255 dixissent,
3493 1188 3598 1243 nisi
3622 1188 3755 1260 quin

2158 1282 2420 1337 Dominus
2443 1292 2627 1335 noster
2645 1280 2805 1335 Jesus
2828 1278 3078 1336 Christus
3100 1282 3409 1337 incarnatus
3430 1289 3515 1336 est
3534 1296 3599 1336 es
3626 1280 3757 1351 Spi-

2161 1376 2266 1430 ritu
2314 1384 2502 1429 sancto
2556 1384 2609 1428 et
2660 1373 2822 1428 Maria
2853 1374 3080 1444 virgine.
3129 1374 3195 1428 Et
3243 1382 3394 1429 taceo
3419 1373 3752 1446 Scriptores,

2158 1485 2277 1539 qua:
2305 1468 2501 1538 ubique
2531 1467 2805 1538 Virginem
2835 1478 3061 1524 matrem
3091 1465 3318 1531 Christi,
3348 1481 3457 1523 non
3482 1467 3575 1523 Dei
3611 1466 3755 1523 Ver-

2159 1560 2304 1625 bi,et
2332 1576 2426 1629 per
2452 1559 2675 1629 angelos
2705 1569 2757 1614 et
2782 1576 2878 1630 per
2900 1560 3176 1631 apostolos
3200 1560 3585 1629 prmdicarunt.
3618 1558 3758 1616 Pro-

2159 1663 2278 1720 pter
2303 1667 2423 1722 qua:
2450 1661 2646 1721 quanta
2678 1652 2973 1707 certamina
2999 1653 3383 1719 sustinuimus,
3412 1653 3619 1707 :cstimo
3670 1651 3758 1708 fa-

471 1756 742 1819 tamqnam
788 1748 1013 1819 originis
1060 1749 1267 1804 initium
1326 1750 1392 1804 de
1443 1749 1784 1805 Christotoco
1838 1748 2059 1819 Virgine
2095 1750 2135 1807 Β
2166 1762 2304 1800 niam
2340 1745 2730 1812 praecedentem
2756 1744 3006 1799 docuisse
3026 1744 3420 1801 beatitudinem
3446 1744 3759 1808 tuam;hoc

472 1843 814 1911 sumpsisset,
847 1850 901 1895 et
924 1839 948 1877 ά
978 1856 1101 1896 cum
1136 1842 1335 1909 templo
1364 1857 1462 1895 suo
1486 1842 1787 1895 ardificatus
1812 1849 1978 1907 esset,
2002 1847 2059 1895 et

472 1933 621 1987 carni
652 1932 1019 2002 consepultus.
1072 1942 1094 1968 ε
1148 1932 1374 1986 Carnem
1424 1932 1615 1986 dicunt
1647 1941 1767 2000 post
1815 1946 2053 1986 resurre-

470 2026 704 2080 ctionem
734 2040 885 2079 suam
917 2040 1023 2079 non
1054 2024 1319 2079 mansisse
1345 2040 1585 2086 carnem,
1610 2026 1704 2079 sed
1736 2025 1788 2077 in
1814 2033 2058 2079 naturam

473 2104 751 2171 transiisse
796 2115 1041 2171 Deitatis.
1100 2114 1170 2171 Ut
1215 2116 1272 2171 in
1323 2116 1645 2185 compendio
1694 2115 1869 2170 dicam
1896 2157 1911 2180 ,
1950 2113 1969 2153 ί
2003 2123 2059 2170 et

543 2283 569 2311 ⁸
592 2272 756 2341 Magis
788 2271 1057 2327 arrideret
1085 2273 1307 2338 prolata,
1338 2273 1456 2327 scil.
1499 2272 1820 2342 indignatio.
1854 2270 1931 2325 lta
1956 2270 2060 2326 Ne-

475 2345 673 2399 storius
703 2343 1053 2399 subdubitare
1084 2358 1142 2397 se
1170 2344 1363 2406 innuit,
1400 2360 1522 2398 nutu
1554 2343 1893 2407 espulsionis
1926 2358 2064 2408 prae-

481 2417 744 2469 dictorum
776 2414 975 2484 Pelagii
1000 2416 1324 2469 asseclarum
1354 2415 1457 2470 alia
1490 2414 1763 2470 exstiterit
1791 2428 1951 2483 quam
1978 2428 2063 2468 re-

414 2542 419 2547 ,
482 2486 695 2555 ligionis
723 2498 905 2538 causa.

548 2555 575 2594 ι)
605 2555 805 2609 Baron.
839 2564 894 2609 et
917 2555 1071 2619 Lab.,
1106 2555 1367 2619 multum;
1411 2566 1461 2610 et
1497 2555 1563 2609 ad
1594 2569 1787 2625 marg.,
1823 2555 2061 2609 nullam:

478 2642 637 2693 quam
670 2626 1031 2694 co:ijecturam
1061 2626 1225 2681 Garn.
1264 2630 1312 2680 in
1344 2635 1550 2681 textum
1582 2625 1878 2680 transtulit.
1930 2626 2060 2680 Eam

481 2708 656 2751 tamen
692 2709 837 2751 reete
870 2698 1116 2752 Balnzius
1147 2698 1352 2752 monuit
1392 2715 1419 2747 a
1447 2698 1679 2751 Nestorii
1728 2706 1907 2751 mente
1935 2710 2058 2750 esse

480 2770 732 2824 alienam.
782 2769 875 2823 llle
919 2771 1116 2839 quippe
1148 2770 1249 2821 hoc
1276 2774 1478 2821 tantum
1510 2768 1609 2821 sibi
1648 2770 1795 2827 vult.
1843 2765 2063 2839 quoties

480 2855 631 2894 nova:
661 2838 965 2894 excitantur
989 2838 1173 2902 secttn,
1224 2841 1443 2892 multam
1469 2853 1495 2889 a
1521 2840 1821 2903 pastoribus
1852 2838 2063 2891 deside-

481 2914 587 2966 rari
620 2912 973 2978 vigilantiam,
1007 2921 1063 2963 ut
1094 2927 1121 2962 a
1155 2911 1296 2977 lupis
1322 2924 1450 2963 oves
1480 2910 1787 2963 defendant.

554 2994 577 3021 α
625 2980 683 3038 Si
718 2996 776 3035 re
805 2982 917 3051 ipsa
948 2981 1196 3035 catholici
1229 2981 1370 3050 quod
1405 2981 1507 3031 illis
1538 2980 1827 3049 attingebat
1874 2982 2065 3037 Nesto-

482 3053 596 3107 rius
624 3054 919 3122 sensissent
944 3093 957 3114 ,
994 3054 1279 3106 humanam
1312 3051 1565 3105 videlicet
1594 3053 1940 3122 divinamque
1970 3068 2066 3106 na-

483 3132 657 3178 turam
687 3121 740 3178 in
768 3122 986 3178 Christo
1013 3124 1289 3177 confusam
1322 3123 1505 3180 fuisse.
1538 3121 1930 3191 Apollinariset
1952 3125 2065 3179 Arii

482 3196 650 3250 errori
685 3195 840 3248 valde
881 3196 1059 3249 al'linis
1117 3195 1308 3249 fuisset
1354 3208 1540 3247 corum
1592 3196 1877 3248 sententia.
1936 3195 2069 3249 Nam

484 3268 622 3320 sicut
649 3281 714 3319 ex
740 3281 901 3331 prava
932 3267 1041 3319 Arii
1076 3278 1128 3319 et
1154 3265 1474 3331 Apollinaris
1504 3266 1776 3327 opinione,
1808 3282 1908 3334 qua
1938 3266 2069 3319 Ver-

484 3336 611 3390 bntn
644 3337 759 3391 vice
797 3338 990 3389 anima:
1023 3335 1261 3389 functum
1295 3351 1415 3391 esse
1460 3334 1684 3397 Volunt,
1734 3337 1977 3402 sequitur
2017 3344 2073 3389 ut

488 3407 727 3470 tristitia,
761 3408 915 3458 dolor
941 3407 1167 3472 alia-que
1190 3405 1520 3465 affectiones.
1548 3420 1667 3474 qua:
1689 3406 1857 3459 solius
1877 3407 2071 3460 animae

486 3486 635 3541 sunt,
670 3478 722 3528 in
760 3476 915 3528 Verbi
950 3488 1194 3527 naturam
1225 3475 1519 3528 ceciderint
1545 3516 1557 3530 .
1595 3476 1665 3529 ita
1696 3486 1751 3528 et
1779 3492 1843 3528 cx
1874 3477 2069 3543 prmdi-

486 3561 568 3600 cta
604 3557 911 3599 naturarum
934 3545 1253 3597 confusione
1273 3547 1620 3610 consequitur
1638 3548 1823 3599 eadem
1855 3562 2073 3614 perver-

487 3616 641 3671 sitas.
675 3614 779 3670 Scd
805 3615 1053 3667 catholici
1081 3629 1325 3682 persona:
1354 3614 1612 3668 unitati-in
1643 3616 1712 3668 ita
1745 3631 2073 3685 prepugnan-

487 3696 593 3747 tes,
625 3698 681 3739 ut
710 3694 926 3739 naturas
954 3685 1286 3755 distinguere
1319 3702 1422 3739 non
1455 3686 1699 3739 desinant
1724 3728 1738 3750 ,
1765 3688 1833 3740 ab
1862 3691 1972 3742 Arii
2018 3698 2074 3744 et

485 3757 812 3829 Apollinaris
840 3768 1160 3811 commentis
1194 3758 1617 3829 proculgabsuut.
1654 3758 1785 3813 Vide
1812 3758 2069 3829 Cyrillum

485 3831 645 3901 epist.
683 3828 703 3881 1
735 3827 802 3901 ad
834 3830 1160 3883 Suet-ensum
1194 3845 1313 3899 pag.
1351 3827 1472 3883 151.

559 3897 585 3936 ⁸
612 3900 811 3970 Supple
840 3910 1119 3969 tamquam.
1149 3897 1409 3967 Quocirca
1441 3914 1544 3952 non
1570 3899 1747 3968 placet
1767 3900 1906 3969 quod
1931 3901 2070 3969 apud

488 3969 655 4025 Garn.
692 3969 706 4022 ὶ
742 3971 867 4023 Cant
891 3972 1079 4040 templo
1101 3988 1195 4026 suo
1216 3971 1531 4040 ttdiﬁcatum
1560 3987 1667 4024 esse
1701 3980 1748 4024 et
1777 3972 1923 4024 carni
1946 3988 2063 4025 con-

484 4044 767 4111 sepultum.

561 4124 584 4149 °
610 4114 808 4166 Baron.
841 4120 895 4164 et
922 4110 1054 4166 Lab.
1089 4130 1100 4163 :
1130 4110 1377 4165 Eamdem
1408 4111 1581 4164 dicunt
1604 4120 1712 4177 post
1741 4113 2073 4166 resurrectio-

485 4199 600 4237 nem
617 4200 763 4237 suam
795 4182 1170 4236 commiscuisse
1196 4198 1420 4244 carnem,
1443 4183 1549 4235 sed.
1584 4182 1749 4235 Garu.
1776 4199 1787 4233 :
1822 4181 2074 4238 Eamdcm

486 4269 696 4307 carnem
726 4253 902 4306 dicunt
934 4263 1046 4322 post
1075 4253 1497 4305 resurrectionem
1528 4269 1629 4305 non
1659 4255 1925 4316 mansisse,
1958 4256 2068 4309 sed.

487 4325 668 4380 Baluz.
704 4343 718 4380 :
750 4322 969 4379 Carnem
995 4325 1171 4379 dicunt
1201 4335 1313 4393 post
1339 4325 1759 4378 resurrectionem
1789 4340 1931 4378 suam
1970 4342 2073 4379 non

489 4396 755 4449 miscuisse
782 4412 987 4450 carnem
1014 4438 1029 4461 ,
1060 4396 1147 4448 sed
1176 4411 1195 4449 :
1233 4412 1353 4462 quae
1382 4395 1561 4457 lectio,
1607 4394 1818 4448 sublato
1851 4397 2067 4463 tuendo,

2163 1852 2374 1906 quoque
2399 1838 2790 1904 attendentem,
2823 1838 2965 1908 quod
2988 1852 3093 1892 non
3117 1836 3311 1892 frustra
3333 1836 3756 1903 certarerimus,

2167 1931 2262 1985 sed
2292 1930 2563 1986 emendati
2594 1940 2720 1986 sunt
2747 1932 2917 2001 gratia
2948 1931 3157 1985 Domini
3200 1932 3353 1986 multi
3395 1946 3459 1986 ex
3492 1931 3556 1985 iis
3585 1971 3601 1997 ,
3658 1931 3761 2001 qni

2170 2025 2409 2091 perversi
2441 2035 2594 2078 erant
2637 2024 2978 2080 discedentes
3005 2039 3035 2078 a
3080 2024 3257 2079 nobis.
3301 2022 3433 2091 Quia
3474 2021 3693 2093 propria
3728 2027 3754 2073 Ι

2166 2124 2253 2171 est
2279 2116 2504 2185 parienti
2523 2115 2834 2171 homousios
2860 2116 3134 2183 nativitas,
3149 2117 3235 2172 cui
3262 2116 3440 2170 virere
3456 2116 3765 2172 commissa

2166 2270 2419 2326 invidiam
2450 2271 2625 2328 facere
2654 2282 2877 2328 conatus
2907 2282 3011 2337 est,
3042 2272 3191 2343 quasi
3224 2271 3508 2328 humanam
3540 2253 3765 2329 Chriin

2168 2353 2413 2395 naturam
2447 2358 2764 2415 conversam
2797 2344 2849 2397 in
2877 2343 3111 2415 divinam
3142 2344 3501 2415 praedicarent
3530 2360 3546 2415 εί
3582 2358 3765 2415 eaque

2168 2416 2235 2465 de
2258 2427 2422 2467 causa
2454 2414 2691 2469 libellum
2723 2414 3048 2481 composuit,
3082 2417 3166 2469 cui
3199 2414 3417 2468 titulum
3464 2414 3761 2481 indiderat,

2169 2485 2427 2537 Adversus
2450 2502 2533 2538 eos
2562 2487 2650 2554 qui
2676 2495 2883 2557 propter
2914 2487 3153 2540 unionem
3171 2494 3261 2539 aut
3294 2483 3556 2556 Unigeniti
3589 2485 3766 2557 deite-

2172 2565 2268 2606 tem
2290 2557 2662 2619 comminuunt,
2703 2555 2792 2610 aut
2834 2557 3206 2611 humanitatem
3235 2555 3537 2612 DEIrtdAN'I'.
3582 2555 3762 2624 Quem

2176 2624 2414 2696 libellum
2459 2626 2693 2696 Cyrillus
2743 2629 2795 2680 in
2840 2626 3074 2696 epistola,
3111 2628 3175 2679 ad
3206 2627 3435 2682 clericos
3464 2625 3569 2682 ΟΡ.
3609 2626 3763 2696 apud

2173 2695 2443 2765 Labhenm
2480 2695 2609 2751 tum.
2642 2697 2707 2753 Ill
2739 2695 2944 2765 Cloncil.
2981 2715 3032 2765 p.
3066 2695 3168 2751 5‘53
3191 2712 3217 2749 a
3252 2699 3467 2751 refutat.
3494 2695 3768 2754 Adeone-

2172 2782 2232 2821 ro
2280 2764 2631 2833 Deiﬁcationis
2674 2761 2897 2823 verbum
2946 2761 3126 2822 carnis
3175 2768 3227 2822 in
3256 2768 3475 2823 Christo
3502 2781 3759 2826 naturain

2172 2839 2394 2905 periisse
2425 2855 2527 2891 neu
2564 2847 2740 2897 Sonat.
2777 2850 2833 2891 ut
2861 2856 2979 2893 cani
3009 2841 3166 2892 etiam
3200 2840 3544 2894 mutationem
3578 2854 3699 2908 qua
3726 2854 3763 2895 δ

2172 2908 2382 2979 ctcteris
2415 2908 2725 2963 hominibus
2751 2919 2874 2979 post
2900 2910 3350 2964 resurrectionem
3382 2920 3769 2979 speratur,»-

2172 2978 2293 3031 detn
2326 2980 2587 3033 vocabulo
2616 2978 2896 3035 enuntiare
2926 2983 3095 3034 sancti
3127 2981 3312 3034 Patres
3338 2978 3444 3035 non
3475 2978 3752 3036 dubitent.

2174 3049 2478 3122 Bernartius
2506 3050 2597 3103 lib.
2632 3052 2699 3105 de
2731 3050 3007 3122 Diligendu
3039 3052 3149 3106 Deo
3176 3065 3300 3122 cap.
3328 3054 3412 3115 t0.
3436 3054 3504 3105 de
3519 3051 3769 3120 perfecta

2176 3121 2496 3189 praelocutus
2524 3121 2819 3188 charitate,
2845 3121 3006 3189 quam
3038 3127 3090 3177 in
3118 3122 3249 3176 solis
3288 3121 3459 3177 beatis
3507 3136 3627 3177 esse
3661 3138 3769 3188 pe-

2176 3201 2291 3243 stea
2318 3192 2577 3257 declarat,
2612 3194 2864 3248 virtutem
2899 3194 3042 3247 illius
3070 3195 3139 3246 ita
3163 3194 3385 3262 exponit
3417 3192 3551 3263 :Sic
3588 3194 3761 3263 afﬁci,

2176 3276 2440 3317 DEIFICABI
2470 3275 2566 3317 est.
2593 3266 2915 3333 Augustinus
2947 3264 3087 3319 hunc
3126 3262 3492 3317 Deittcatiunis
3537 3262 3770 3321 modum

2176 3334 2404 3400 explicat
2434 3338 2719 3403 postremis
2764 3338 2909 3389 hisce
2940 3336 3119 3390 verbis
3153 3334 3431 3390 Sermonis
3459 3333 3559 3389 166
3588 3352 3602 3386 :
3648 3333 3765 3389 De-

2177 3416 2419 3469 ponentes
2442 3421 2565 3475 ergo
2596 3407 2933 3469 mendacium,
2981 3407 3249 3474 loquimini
3288 3407 3547 3459 veritatem
3578 3420 3597 3459 :
3627 3417 3684 3458 stt
3711 3415 3771 3462 et

2176 3489 2295 3547 caro
2321 3476 2418 3528 ista
2447 3478 2679 3529 mortalis
2708 3493 2858 3547 quant
2883 3477 3053 3529 adhuc
3078 3476 3273 3530 habetis
3299 3478 3363 3529 de
3387 3475 3553 3530 Adam
3571 3517 3586 3538 ,
3616 3493 3765 3543 pra-

2175 3544 2382 3597 cedente
2409 3550 2629 3601 novitate
2655 3544 2888 3617 spiritus.
2915 3557 3167 3600 mereatur
3179 3558 3224 3599 et
3247 3548 3359 3617 ipsa
3378 3548 3767 3602 innovatione»:

2175 3627 2221 3668 et
2252 3622 2699 3670 commutationem
2740 3628 2966 3684 tempore
3002 3620 3387 3672 resurrectionis
3428 3634 3563 3683 sua;
3599 3634 3660 3671 ac
3686 3620 3773 3673 sic

2178 3694 2312 3739 totus
2330 3687 2488 3759 [ionio
2510 3704 2822 3743 DEII'ICA'I’US
2849 3690 3092 3743 inluereat
3113 3698 3369 3759 perpetua:
3388 3698 3539 3758 atque
3563 3690 3770 3743 incom-

2177 3756 2409 3809 mutabili
2445 3758 2680 3813 Veritati.
2704 3760 2984 3825 Quomodo
3011 3756 3230 3829 spiritus
3262 3756 3574 3814 inliterendo
3607 3760 3764 3816 carni

2176 3829 2426 3901 carnalis,
2458 3839 2512 3882 et
2538 3846 2663 3901 caro
2692 3832 3037 3898 obsequendo
3064 3831 3117 3885 in
3148 3832 3396 3885 omnibus
3416 3831 3625 3899 spiritui
3645 3832 3765 3901 spi-

2177 3896 2345 3950 ritnlis
2376 3899 2509 3953 facta
2539 3899 2775 3966 dicitur;
2822 3896 2889 3954 ita
2944 3903 3104 3955 homo
3153 3911 3272 3968 post
3301 3896 3757 3958 resurrectionem

2180 3967 2423 4021 lnnnante
2452 3971 2777 4025 infirmitatis
2808 3972 2937 4025 nihil
2964 3967 3186 4038 habens,
3217 3987 3279 4026 ac
3299 3971 3541 4026 divinam
3567 3987 3764 4037 quam-

2178 4038 2298 4090 dam
2328 4040 2541 4092 indutus
2567 4044 2844 4106 virtutem,
2873 4042 3163 4098 Deilicatus
3196 4042 3539 4109 praedicatur.
3589 4043 3768 4098 Immo

2179 4118 2230 4161 et
2260 4118 2384 4183 ante
2412 4116 2861 4167 resurrectionem
2894 4128 3092 4183 corpus
3120 4155 3135 4177 ,
3180 4113 3321 4181 quod
3350 4112 3494 4168 Deus
3523 4113 3764 4170 Verbum

2178 4182 2453 4247 suscepit,
2510 4196 2563 4235 ut
2618 4186 2669 4237 in
2715 4185 2939 4248 epistola
2986 4182 3052 4239 ad
3099 4186 3317 4239 Paulum
3345 4183 3764 4240 Samosatenum

2179 4250 2313 4325 l.ab.
2349 4262 2479 4306 tom.
2507 4252 2523 4307 l
2555 4269 2676 4323 pag.
2702 4254 2807 4309 847
2839 4271 2868 4308 e
2892 4256 3182 4325 loquuntur
3204 4254 3524 4310 Antiocheni
3545 4255 3767 4314 concilii

2181 4322 2383 4395 Patres,
2415 4322 2782 4389 τεθεοποὶηται,
2812 4322 3118 4395 Dei/iculum
3148 4335 3238 4380 est.

2251 4390 2275 4428 δ
2328 4395 2491 4467 llunc
2531 4396 2708 4450 locum
2761 4390 2962 4451 diserte
3013 4405 3162 4467 notat
3207 4396 3438 4467 Cyrillus
3481 4397 3639 4467 epist.
3689 4396 3766 4456 ad

486 4481 593 4536 quo
643 4467 906 4521 miscuisse
936 4481 1030 4533 pro
1063 4469 1312 4520 mansisse
1342 4467 1579 4534 irrepsit,
1612 4468 1832 4519 omnino
1863 4462 2071 4522 sincera
2101 4473 2153 4532 D
2177 4462 2437 4536 Joannem
2467 4466 2720 4521 Antioch.
2755 4484 2767 4521 ι
2802 4478 2935 4534 part.
2970 4466 3182 4523 concilii
3217 4462 3416 4533 thes.
3447 4462 3616 4532 c.31,
3667 4468 3772 4528 ubi

486 4544 589 4592 est.
636 4537 946 4606 Singulares
992 4546 1171 4592 autem
1228 4538 1443 4591 Patrum
1491 4537 1808 4599 locutiones,
1834 4552 1954 4606 qua:
1984 4552 2074 4592 ca-

487 4607 705 4662 lumnia:
739 4608 863 4662 huic
891 4623 1075 4660 ansam
1112 4609 1454 4674 praebuerunt
1480 4649 1492 4669 ,
1529 4607 1579 4661 in
1611 4608 1850 4677 generali
1879 4612 2069 4677 prcha-

489 4679 634 4734 tione
666 4694 819 4733 nova:
850 4680 1103 4733 editionis
1146 4678 1329 4733 Hilarii
1380 4695 1411 4732 a
1441 4694 1665 4733 numero
1697 4676 1801 4733 182
1841 4676 1895 4733 et
1918 4680 2072 4734 dein-

486 4764 615 4815 ceps
643 4752 998 4819 explicantur.
1046 4768 1049 4771 ·

567 4820 586 4860 ι
618 4817 918 4891 Suppressa
946 4817 1327 4888 conjunctione
1356 4828 1424 4886 et,
1450 4834 1570 4890 quae
1593 4819 1677 4874 hic
1704 4819 1963 4889 abundat,
1985 4830 2066 4875 to-

489 4900 537 4942 ta
588 4890 873 4947 evanescet
923 4892 1079 4959 linjus
1121 4892 1221 4945 loci
1268 4890 1587 4945 obscuritas.
1636 4891 1768 4956 Qttia
1816 4894 2065 4947 nimirum

485 4964 734 5017 catholici
767 4964 1096 5032 unigenitum
1147 4963 1312 5016 Deum
1362 4970 1416 5015 et
1446 4971 1625 5015 natum
1661 4963 1978 5031 prolitentur
2017 4973 2069 5019 et

488 5045 780 5100 mortuum,
814 5035 1169 5088 calumniatur
1193 5032 1496 5100 Nestorins,
1540 5049 1633 5087 eos
1657 5042 1712 5087 et
1739 5034 2068 5089 nativitatem

486 5119 549 5157 ex
604 5104 820 5172 Virgine
849 5113 903 5158 et
949 5112 1176 5159 mortem
1206 5104 1273 5158 ad
1301 5103 1535 5159 divinam
1566 5104 1768 5159 referre
1800 5115 2065 5169 naturam,

484 5176 707 5245 perinde
732 5190 796 5228 ac
826 5174 871 5227 si
901 5174 1235 5230 divinitatem
1263 5189 1385 5229 cum
1412 5174 1695 5240 conjuncta
1717 5189 1879 5229 carne
1907 5174 2069 5231 simul

486 5248 633 5301 nasci
686 5256 739 5301 et
784 5245 946 5299 simul
995 5246 1131 5300 tnori
1177 5246 1459 5299 sentirent.
1507 5245 1644 5311 Quid
1694 5261 1886 5315 nempe
1928 5247 2069 5301 inter

488 5316 653 5369 Deum
688 5318 833 5370 nasci
859 5326 913 5370 et
937 5316 1271 5371 divinitatem
1304 5317 1451 5371 nasci
1479 5316 1706 5381 differat,
1729 5316 2068 5372 dissimulare

485 5388 643 5448 solet,
675 5388 919 5447 quamvis
950 5389 1061 5457 ipse
1084 5388 1222 5453 apud
1258 5388 1525 5441 Balnzinnt
1556 5404 1681 5445 n0v.
1710 5389 1837 5444 coll.
1868 5389 2063 5442 concil.

487 5470 604 5524 pag.
639 5457 743 5511 693
770 5458 1060 5512 discrimen
1108 5460 1319 5527 aliquod
1372 5464 1508 5513 inter
1540 5472 1816 5526 utramque
1847 5459 2073 5513 Intulit)-

486 5541 606 5579 nmn
640 5540 934 5596 agnoscat,
970 5541 1334 5600 queratnrque
1380 5546 1503 5585 eum
1546 5531 1803 5595 dixisset,
1851 5531 2069 5584 Mariam

488 5610 590 5648 non
624 5600 897 5662 peperisse
918 5601 1254 5667 divinitatem,
1280 5604 1357 5655 sic
1380 5601 1581 5655 dictant
1608 5618 1761 5656 suum
1785 5611 2068 5667 mutatum,

487 5673 546 5715 ut
574 5668 853 5721 divinitatis
886 5672 1003 5724 loco
1032 5671 1125 5724 Det
1150 5687 1255 5727 vos
1282 5674 1714 5728 substitueretur.

558 5741 585 5780 ι
637 5733 862 5802 PrOpter
910 5741 1055 5795 vocis
1107 5741 1267 5812 hujus
1299 5755 1450 5797 usuin
1482 5742 1767 5799 Nestorius
1792 5743 2073 5800 catholicis

2179 4535 2247 4587 de
2279 4535 2521 4607 Nestprio
2548 4539 2749 4607 habﬁ:
2801 4537 2867 4591 In
2900 4540 3105 4607 prolixa
3142 4538 3358 4604 epistola
3386 4539 3455 4591 ad
3494 4539 3775 4596 dominans

2181 4621 2348 4657 meum
2376 4605 2717 4682 Caelestum”
2728 4605 3010 4682 piissimum
3027 4608 3273 4663 Ecclesia:
3302 4608 3550 4682 Romana:
3568 4610 3776 4682 episco-

2178 4692 2299 4746 pum
2326 4677 2502 4741 missa,
2532 4680 2665 4733 inter
2696 4690 2879 4735 caztera
2902 4681 3148 4735 adversus
3176 4695 3262 4733 eos
3302 4682 3384 4747 qui
3412 4681 3475 4733 ab
3504 4677 3617 4745 ipso
3646 4679 3773 4737 dis-

2176 4749 2401 4801 sentiunt
2431 4750 2624 4820 adjecit
2650 4770 2660 4801 :
2696 4752 2913 4806 Sacram
2941 4750 3189 4820 virginem
3231 4749 3325 4803 Dei
3351 4752 3647 4820 genitricem
3677 4753 3774 4805 di-

2176 4833 2288 4873 cere
2316 4834 2416 4895 non
2461 4822 2685 4895 horrent.
2730 4821 2807 4878 ὅτι
2834 4830 2923 4883 τήν
2953 4823 3102 4895 ἁγίαν
3141 4823 3386 4895 παρθένον
3415 4823 3654 4878 eros-6m
3682 4822 3776 4879 λὶ-

2176 4911 2349 4961 γοντες
2368 4891 2424 4945 οὐ
2444 4893 2729 4963 φρίτουσιν.
2766 4891 3046 4959 Ευιιιάειίι,
3078 4903 3136 4947 ut
3182 4894 3417 4963 videtur,
3452 4896 3772 4963 summatim

2179 4962 2550 5030 perstringens
2593 4964 2880 5018 Cassianus
2923 4963 3016 5017 lib.
3050 4980 3085 5017 tt
3126 4964 3191 5017 de
3240 4962 3447 5018 lncarn.
3478 4978 3530 5018 c.
3560 4962 3594 5017 2
3642 4963 3720 5018 ait
3756 4984 3770 5018 :

2181 5031 2320 5104 Dicis
2348 5035 2519 5103 itaque
2544 5075 2555 5097 ,
2585 5035 2814 5104 quisquis
2842 5051 2893 5087 es
2924 5032 3013 5087 ille
3032 5075 3045 5095 ,
3081 5034 3316 5088 hwretice
3340 5078 3353 5100 ,
3374 5036 3473 5104 qui
3508 5033 3669 5089 Deum
3702 5052 3775 5104 ea;

2187 5100 2394 5172 i’irgiue
2424 5100 2605 5156 natum
2631 5100 2805 5172 negas,
2850 5106 3076 5159 Mariam
3105 5114 3319 5158 matrem
3360 5100 3572 5159 Domini
3601 5103 3765 5158 nostri

2175 5170 2301 5227 Jesu
2348 5174 2536 5228 Christi
2571 5170 2881 5246 Theotocon,
2928 5176 2981 5229 id
3022 5184 3093 5229 est
3126 5186 3337 5246 matrem
3376 5174 3473 5229 Dei
3504 5172 3768 5246 appellati

2182 5260 2284 5296 non
2328 5262 2505 5311 posse,
2551 5247 2639 5299 sed
2672 5244 3055 5311 Christotocon,
3092 5247 3146 5300 id
3189 5256 3262 5301 est
3300 5245 3516 5303 Οεωετι
3546 5244 3771 5302 Tum!

2180 5330 2419 5376 ιιΑτιιειι,
2451 5330 2551 5371 nos
2582 5316 2699 5371 DEI.

2254 5385 2269 5422 ί
2318 5388 2387 5441 Ita
2418 5386 2598 5441 Balnz.
2638 5393 2712 5459 iAt
2742 5388 2900 5454 Lab.,
2944 5389 3083 5459 quod
3127 5391 3334 5455 sancti;
3379 5387 3573 5452 Garn.,
3599 5402 3774 5456 quan-

2176 5456 2241 5538 do
2262 5460 2458 5523 sancti;
2489 5467 2543 5512 et
2571 5458 2704 5513 infra
2739 5456 2982 5530 uterque,
3016 5460 3206 5514 dixisse
3236 5460 3520 5532 leguntur;
3552 5474 3649 5529 pro
3677 5459 3773 5513 di-

2174 5540 2391 5581 xtssenl.

2251 5600 2264 5648 Ι
2308 5600 2457 5668 Apud
2491 5600 2563 5654 Ba
2576 5617 2691 5654 ron.
2721 5611 2772 5656 et
2800 5602 2953 5667 Lab.,
2984 5602 3103 5672 quia
3132 5603 3341 5673 propria
3364 5612 3411 5655 et
3433 5602 3644 5673 pariunt
3673 5601 3769 5673 (to.

2178 5674 2398 5725 mousios
2430 5673 2691 5736 nativitas,
2716 5676 2798 5727 cui
2826 5671 3281 5727 viverecommis'sa
3315 5683 3387 5726 est
3416 5671 3441 5725 :'
3465 5673 3559 5725 illa
3590 5672 3642 5723 in
3668 5671 3767 5723 hac

2178 5742 2314 5796 mine
2352 5743 2473 5797 unio
2502 5751 2749 5798 creaturis
2788 5755 2863 5799 est
2907 5745 3242 5799 humanitatis
3288 5743 3609 5810 Dominica,
3655 5738 3770 5799 DCI
