3982 6182
230 283 310 340 ιιι
962 276 1174 336 EPIST.
1221 278 1334 337 VII.
1367 279 1689 338 NESTORII
1730 280 1774 338 ll
1812 283 1906 340 AD
1941 281 2410 344 COELESTINUM
2450 286 2702 345 PAPAM.

229 411 317 468 est,
344 397 427 453 illa
459 395 515 452 in
560 394 785 451 homine
832 392 960 450 unio
1012 404 1266 452 creatura
1310 406 1395 452 est
1425 396 1854 462 humanitatisA

232 490 496 549 Dominicis
522 489 638 545 Deo
674 486 984 557 coniunctae
1012 502 1080 543 ex
1113 489 1331 560 Virgine
1376 504 1471 560 per
1497 491 1776 562 Spiritum.

228 585 278 642 Si
299 583 407 654 quis
430 589 609 637 autem
643 580 747 637 hoc
774 594 975 635 nomen
1005 580 1048 635 Τ
1055 580 1317 637 heotoeon
1350 591 1576 655 propter
1605 595 1784 642 natam

230 678 585 733 humanitatem
632 673 978 743 coniunctam
1012 674 1123 730 Deo
1161 674 1362 743 Verbo,
1417 692 1523 732 non
1567 688 1786 748 propter

232 777 254 805 ι
266 776 521 838 parentem
548 777 837 837 proponet,
856 765 1086 821 dicimus
1103 767 1321 837 quidem
1344 770 1446 824 hoc
1463 772 1782 827 vocabulum

229 858 274 915 in
300 874 352 915 ea
378 874 496 930 qua
534 858 779 928 peperit,
832 871 939 912 non
987 872 1110 913 esse
1153 860 1503 916 conveniens.
1562 862 1787 932 Oportet

228 951 346 1006 enim
371 965 552 1008 veram
584 961 813 1004 matrem
844 949 913 1004 de
939 949 1130 1005 eadem
1161 965 1285 1008 esse
1308 953 1544 1009 essentia
1572 952 1600 993 δ
1624 970 1687 1011 ac
1713 972 1781 1012 ex

226 1054 490 1098 senatum.
524 1041 675 1098 Ferri
717 1049 900 1095 tamen
948 1049 1126 1111 potest
1158 1042 1261 1097 hoc
1290 1044 1607 1100 vocabulum
1660 1062 1786 1119 pro-

225 1144 327 1204 pter
352 1136 517 1207 ipsam
545 1134 1035 1191 considerationem
1074 1146 1096 1173 ο
1137 1145 1193 1191 et
1234 1137 1378 1206 quod
1402 1140 1577 1195 solum
1614 1140 1787 1195 nomi-

225 1238 359 1282 netur
393 1227 461 1282 de
505 1226 726 1297 Virgine
778 1225 883 1281 hoc
906 1226 1132 1281 verbum
1166 1237 1382 1300 propter
1426 1230 1788 1299 inseparabile

224 1317 457 1387 templum
507 1317 604 1373 Dei
661 1317 813 1372 verbi
846 1331 914 1372 ex
965 1317 1127 1386 ipsa;
1182 1333 1288 1373 non
1327 1319 1451 1390 quia
1505 1321 1620 1390 ipsa
1676 1338 1789 1377 ma-

223 1420 291 1466 ter
331 1412 396 1468 sit
439 1412 603 1468 Verbi
655 1411 791 1478 Dei,
842 1409 871 1449 ἀ
922 1425 1085 1468 nemo
1120 1412 1266 1467 enim
1316 1413 1676 1485 antiquiorem
1727 1431 1787 1472 se

222 1505 359 1573 parit.

277 1595 327 1650 4.
366 1597 495 1654 Haec
550 1596 772 1669 quidem
815 1596 1067 1654 existimo
1130 1598 1528 1669 praecedentem
1585 1600 1785 1658 famam

218 1688 543 1759 signiﬁcasse
585 1710 600 1747 :
648 1692 965 1762 exponimus
1009 1708 1145 1748 vero
1174 1696 1337 1749 etiam
1366 1710 1490 1765 quze
1544 1697 1787 1767 contige-

3361 296 3471 358 ιη

2430 402 2761 459 EPISTULA
2803 404 2895 461 Vll

2028 510 2273 552 NES'I'OIII
2303 511 2387 568 ΔΙ)⁸
2402 511 2758 554 οωιεετικωι
2786 515 2961 559 ΡΔΡΑΙ
2983 517 3240 563 ιΡιετοιΑ
3264 522 3324 562 ll.

1887 607 2091 692 Iterum
2132 617 2277 692 rogat
2301 619 2354 662 ut
2381 625 2483 679 quo
2520 620 2671 692 pacto
2692 629 2812 692 cum
2835 613 3296 692 Julianoaliisque
3333 622 3474 692 ejus-

1958 679 2072 733 dem
2094 690 2382 765 sect'tefese
2418 679 2592 765 gerere
2620 684 2797 765 debeat
2821 702 2971 751 quam
2989 679 3474 765 primunt'nnnfiet;

1958 766 2025 828 ac
2038 766 2159 804 suos
2189 749 2389 805 labores
2405 749 2616 828 jactitat
2643 749 2889 828 adversus
2915 749 3000 812 eoi
3026 775 3153 828 quos
3180 759 3307 815 duas
3321 749 3474 818 Clarii

1956 821 2025 874 sti
2062 832 2271 876 naturas
2292 822 2608 894 confundere
2637 825 2883 889 obtendit,

1961 957 2009 1011 1.
2056 967 2080 995 ο
2122 958 2278 1028 Saepe
2318 957 2511 1027 scripsi
2554 960 2875 1018 beatitudini
2914 972 3019 1018 tua:
3051 974 3273 1035 propter
3300 966 3474 1025 Julia-

1891 1064 2021 1104 num
2040 1089 2057 1114 ,
2085 1049 2370 1105 Orontium
2388 1060 2444 1107 et
2470 1060 2703 1108 creteros
2718 1095 2733 1120 ,
2749 1055 2838 1124 qui
2866 1054 2967 1109 sibi
2984 1060 3474 1128 usurpantepisco-

1889 1142 2063 1209 palem
2096 1141 2412 1211 dignitatem
2434 1185 2449 1210 ,
2477 1155 2533 1201 et
2570 1147 2954 1202 creberrimam
2994 1149 3289 1207 aditionem
3333 1150 3477 1222 apud

1890 1233 2191 1303 piissimum
2221 1248 2275 1290 et
2304 1237 2810 1305 prmdicatissimum
2842 1240 3220 1310 imperatorem
3251 1242 3475 1313 faciunt,

1890 1342 2096 1399 nosque
2127 1329 2413 1385 concidunt
2434 1331 2800 1401 lrequentihus
2819 1332 3317 1404 lamentationibus,
3342 1344 3479 1394 tam-

1887 1437 2045 1491 quam
2092 1423 2427 1492 temporibus
2461 1426 2778 1482 ortliodoxis
2805 1427 2874 1483 de
2903 1428 3197 1485 Occidente
3225 1430 3474 1500 proiecti.

1890 1514 1957 1569 At
1989 1514 2091 1569 huc
2123 1530 2295 1585 usque
2340 1516 2539 1585 scripta
2568 1518 2636 1573 de
2678 1519 2761 1573 his
2789 1535 2816 1575 a
2856 1530 2940 1576 tua
2973 1521 3330 1579 veneratione
3368 1536 3478 1580 non

1890 1607 2251 1677 suscepimus:
2276 1624 2396 1678 qua:
2419 1612 2462 1663 si
2482 1609 2760 1677 haberem,
2782 1627 2994 1681 possem
3016 1614 3097 1669 eis
3117 1615 3477 1687 respondero.

1892 1698 2188 1769 daremque
2234 1702 2678 1767 compendiosum
2710 1718 3031 1774 responsum
3067 1704 3087 1744 ί
3122 1706 3355 1763 luctibus
3382 1721 3480 1764 eo-

214 1792 354 1836 runt.
404 1782 591 1838 Rebus
614 1783 945 1839 ostendimus
970 1786 1092 1853 quia
1126 1784 1363 1841 fraterno
1390 1787 1572 1842 animo
1619 1803 1785 1859 nego-
1816 1780 1865 1841 B
1891 1805 2030 1844 rum.
2062 1790 2214 1845 Nunc
2243 1791 2387 1845 enim
2418 1792 2486 1845 ab
2514 1791 2734 1846 incertis
2763 1794 2923 1850 dictis
2952 1810 3139 1851 eorum
3169 1813 3275 1852 non
3314 1798 3480 1856 habet

216 1871 345 1927 tium
376 1888 563 1929 eorum
612 1889 750 1943 quos
796 1876 1141 1946 praediximus
1184 1893 1342 1933 nosse
1368 1880 1646 1948 cupimus,
1680 1896 1787 1937 non

209 1965 479 2023 desiderio
502 1968 822 2025 curiositatis
844 1972 1168 2041 importuna:
1189 1987 1206 2038 ;
1229 1987 1351 2028 cum
1380 1981 1437 2028 et
1456 1982 1638 2029 nostra
1667 1989 1791 2030 nar-

216 2071 391 2113 ramus
419 2067 691 2126 tamquam
740 2060 934 2117 fratres
965 2062 1217 2117 fratribus
1240 2106 1255 2129 ,
1306 2066 1588 2121 veritatem
1618 2076 1791 2122 secta-

216 2164 321 2203 rum
349 2151 508 2206 nobis
539 2151 772 2208 invicem
800 2154 1160 2224 publicantes,
1207 2164 1265 2210 ut
1294 2156 1368 2212 sit
1396 2157 1526 2212 mihi
1576 2158 1785 2215 littera-

211 2256 317 2297 rum
368 2244 693 2314 principium
743 2247 1105 2303 verissimum.
1161 2247 1275 2304 Dixi
1325 2250 1498 2315 enim,
1539 2266 1662 2307 cum
1692 2251 1786 2308 has

210 2331 399 2391 litteras
425 2337 749 2407 inciperem,
779 2339 901 2409 quia
935 2340 1201 2396 fraternas
1229 2342 1385 2397 nobis
1414 2342 1671 2399 debemus
1700 2344 1784 2400 in-

210 2426 367 2484 vicem
395 2432 810 2487 collocationes.
843 2432 1069 2488 Omnem
1092 2449 1210 2503 qua:
1234 2442 1409 2490 tecum
1438 2444 1521 2491 est
1548 2436 1600 2491 in
1632 2436 1784 2491 Chri-

208 2525 282 2573 sto
326 2520 729 2579 fraternitatem
781 2536 883 2593 ego
934 2531 989 2579 et
1034 2523 1125 2594 qui
1170 2541 1381 2582 mecum
1430 2536 1553 2582 sunt
1581 2528 1783 2584 saluta-

207 2626 331 2670 mus.
676 2632 680 2636 Α

201 2868 481 2931 conjunctae
509 2882 574 2922 ex
610 2865 821 2937 Virgine
840 2882 937 2938 per
981 2866 1253 2938 Spiritum.
1305 2867 1629 2934 Castigatior
1666 2869 1781 2924 visa

201 2948 275 2993 est
295 2940 463 2993 lectio
491 2938 720 3003 Baluzii,
750 2937 852 2992 nisi
877 2937 1031 3007 quod
1051 2938 1138 2994 ubi
1167 2939 1350 3005 habet,
1378 2940 1504 2993 cisio
1546 2952 1786 2995 creatura

199 3019 282 3080 est,
310 3009 725 3080 praeferendum
740 3009 1012 3074 duximus,
1041 3011 1163 3063 unio
1184 3022 1420 3063 creatura
1447 3018 1545 3064 est.
1574 3011 1781 3063 Garne—

199 3078 485 3135 rius'vero
520 3080 663 3133 hunc
712 3078 890 3132 locum
917 3118 933 3143 ,
980 3081 1239 3133 mutando
1274 3090 1436 3147 atque
1466 3080 1785 3133 invertendo

197 3151 376 3218 verba,
428 3154 505 3204 ita
534 3148 826 3204 emendare
845 3155 1072 3218 conatus
1100 3157 1208 3213 est,
1240 3158 1300 3218 ut
1336 3163 1496 3203 nemo
1524 3148 1782 3216 primige-

194 3221 333 3277 nium
366 3228 582 3275 textum
613 3219 683 3272 ab
710 3232 776 3271 eo
811 3217 1055 3272 exhiberi
1083 3217 1301 3272 dixerit.
1332 3218 1565 3272 Nestorii
1602 3226 1782 3271 autem

1892 1884 2013 1952 quis
2041 1884 2106 1938 ad
2136 1884 2276 1953 quod
2302 1898 2361 1939 se
2389 1892 2695 1950 convertat,
2723 1886 2845 1941 aliis
2875 1887 3160 1945 haereticos
3190 1907 3285 1949 eos
3316 1902 3343 1942 ε
3374 1907 3478 1948 vo-

1891 1978 2173 2043 cantibus,
2204 1986 2260 2033 ct
2286 1976 2411 2032 ideo
2439 1978 2507 2032 de
2535 1977 2971 2036 Occidentalibus
3018 1985 3259 2053 partibus
3297 1986 3480 2057 proie-

1892 2078 2012 2125 ctos
2041 2084 2164 2125 esse
2203 2070 2549 2137 dicentibus;
2584 2070 2714 2141 ipsis
2754 2087 2886 2127 vero
2924 2072 3230 2142 iurantibus
3269 2078 3479 2135 calum-

1892 2162 2035 2216 niam
2084 2176 2144 2217 se
2196 2162 2545 2229 sustinuisse,
2586 2172 2640 2217 et
2692 2161 2989 2233 periculum
3035 2182 3133 2235 pro
3172 2168 3478 2228 orthodoxa

1895 2252 1999 2307 ﬁde
2020 2268 2089 2309 ex
2112 2254 2461 2323 subreptione
2485 2269 2792 2325 perpessos.
2812 2255 3051 2322 Quorum
3077 2259 3339 2315 utrumvis
3359 2274 3480 2318 cer-

1895 2353 2006 2398 tum
2035 2348 2126 2411 sit,
2155 2344 2312 2400 nobis
2338 2346 2518 2416 gravis
2542 2353 2628 2401 est
2663 2346 2986 2417 ignorantia.
3019 2347 3151 2405 Nam
3189 2351 3480 2412 condolere

1892 2437 1991 2504 eis,
2013 2440 2057 2493 si
2084 2454 2212 2496 vere
2236 2440 2474 2496 hmretici
2496 2449 2644 2505 sunt.
2674 2444 2881 2499 crimen
2920 2451 3005 2499 est
3028 2460 3044 2511 ;
3067 2452 3123 2501 et
3144 2447 3341 2503 iterum
3367 2462 3479 2507 non

1890 2531 2208 2600 condolere,
2233 2532 2275 2587 si
2298 2532 2619 2588 calumniam
2650 2537 2943 2605 sustinent,
2958 2535 3149 2595 durum
3174 2548 3228 2596 et
3253 2537 3477 2611 impium

1891 2634 1992 2680 est.
2027 2626 2282 2693 Dignetur
2311 2627 2473 2682 initur
2500 2628 2833 2686 amatissima
2858 2629 2953 2685 Dei
2993 2632 3173 2689 anima
3201 2642 3290 2688 tua
3311 2631 3479 2691 intors-

1893 2878 2154 2940 susceptas
2175 2886 2205 2922 α
2226 2870 2509 2925 divinitatis
2538 2880 2726 2925 natura
2747 2880 2936 2927 nostra
2963 2880 3167 2925 natura
3198 2870 3479 2940 primitiae.

1893 2937 1968 2993 ita
1998 2940 2086 2995 ille
2117 2942 2331 2994 Mariam
2362 2941 2452 2994 Dei
2496 2941 2811 3009 genitricem
2856 2942 3121 2995 fatebatur
3142 2981 3157 3004 ,
3189 2937 3248 2995 ut
3293 2956 3481 3007 perso-

1895 3010 2069 3062 nalem
2106 3010 2583 3073 negareintitnem
2624 3019 2680 3065 et
2704 3010 2977 3065 Chrismm
3010 3012 3064 3065 in
3102 3010 3259 3069 duos.
3292 3009 3346 3067 in
3377 3011 3481 3069 ho-

1894 3080 2092 3130 minem
2124 3080 2240 3133 scil.
2274 3090 2327 3131 et
2353 3080 2405 3131 in
2441 3080 2630 3141 Deum,
2660 3081 2899 3135 dividere
2928 3081 3219 3135 videretur.
3252 3081 3369 3136 Non
3397 3083 3481 3139 in-

1895 3146 2172 3218 iiciabatur
2194 3149 2410 3218 quidem
2456 3160 2699 3202 naturam
2727 3166 2755 3203 a
2790 3149 2967 3204 Verbo
3004 3162 3309 3218 susceptam
3355 3167 3482 3210 esse

1892 3215 2239 3286 inseparabile
2265 3218 2508 3286 templum
2542 3218 2655 3283 Dei,
2680 3220 2787 3284 vel,
2816 3229 2872 3273 ut
2896 3220 2961 3274 ad
2988 3215 3193 3275 calcem
3213 3224 3479 3280 sermonis

192 3290 633 3371 sententiainlsic
656 3287 1078 3371 explicareul‘icet
1106 3305 1119 3340 :
1156 3287 1292 3371 Quia
1315 3288 1580 3371 proprium
1600 3298 1673 3371 est
1694 3304 1789 3371 pa-
1816 3283 1861 3347 C
1893 3284 1927 3339 5
1952 3283 2468 3371 loquitur,ui)eitatis
2506 3283 3248 3371 inspoliabileuestimentum;
3292 3292 3387 3347 sed
3417 3302 3480 3352 ut

190 3364 371 3418 rientis
396 3359 649 3425 sobolem,
676 3358 759 3411 cui
788 3360 891 3412 vita
921 3358 1129 3425 (Grmce
1156 3361 1217 3416 τὸ
1240 3357 1330 3424 {iis
1359 3357 1455 3426 pro
1476 3362 1507 3419 ἡ
1532 3357 1658 3429 ζωή)
1686 3357 1787 3413 im-

193 3435 377 3498 pertita
406 3439 489 3485 est
515 3473 529 3497 ,
563 3430 866 3500 Itomousion
893 3431 1140 3500 gignere:
1176 3429 1271 3483 illa
1313 3432 1367 3483 in
1408 3431 1612 3484 homine
1666 3432 1789 3486 unio

195 3503 534 3559 humanitatis
574 3499 861 3554 Dominicis:
898 3499 1010 3554 Deo
1047 3502 1333 3571 conjunctae
1366 3518 1431 3556 ea:
1464 3501 1673 3569 Virgine
1698 3519 1790 3571 per

199 3574 457 3643 Spiritum
490 3581 733 3627 creatura
772 3582 869 3635 est,
900 3588 1006 3625 non
1040 3571 1199 3626 Deus.
1247 3572 1400 3641 Quod
1439 3574 1653 3639 quidem
1689 3576 1789 3628 lite-

200 3642 393 3702 reticus
441 3645 537 3700 ille
576 3643 715 3711 apud
762 3643 986 3698 Marium
1035 3642 1386 3698 Mercatorem
1413 3643 1544 3699 edit.
1592 3644 1775 3698 Buluz.

203 3730 312 3787 pag.
341 3718 416 3773 55
444 3724 505 3772 et
526 3730 681 3787 seqq_.
710 3716 948 3782 apertius
974 3715 1173 3787 asserit
1195 3714 1246 3787 in
1277 3716 1391 3769 lucc
1421 3714 1583 3769 verba
1615 3731 1628 3766 :
1665 3713 1788 3769 Non

206 3784 370 3843 Maria
401 3787 606 3859 peperit
642 3784 845 3859 Deum;
871 3785 1007 3853 quod
1031 3784 1164 3859 enim
1205 3786 1269 3839 de
1293 3801 1464 3859 carne
1490 3794 1666 3859 natum
1691 3795 1785 3859 est,

206 3872 314 3913 caro
337 3856 436 3914 est.
469 3856 596 3913 Non
617 3857 812 3928 peperit
843 3866 1080 3911 creatura
1105 3856 1452 3928 increabilem,
1480 3856 1570 3912 sed
1592 3857 1787 3928 peperit

208 3928 453 3985 hominem
499 3926 703 3982 deitatis
748 3928 1161 3981 instrumentum.
1225 3926 1347 3980 Non
1389 3926 1599 3981 creavit
1630 3926 1787 3981 Deum

218 3997 426 4069 Verbum
466 3999 704 4069 Spiritus
734 4013 940 4052 sanctus
971 3998 1307 4069 (quodienim
1351 3998 1653 4051 incarnatus
1688 4006 1783 4065 est,

210 4068 265 4123 de
284 4067 702 4143 Spiritusancto
729 4069 843 4139 est)
884 4070 972 4143 sed
1006 4070 1110 4143 Deo
1148 4067 1315 4122 Verbo
1345 4069 1591 4141 templum
1621 4069 1785 4139 [abri-

210 4141 351 4215 catus_
365 4142 510 4215 quod
534 4141 803 4215 habitaret,
827 4156 889 4194 ea:
912 4141 1129 4210 uirgine.

271 4220 294 4249 ⁸
313 4212 502 4280 Forte,
542 4212 846 4278 parientem.

271 4281 296 4321 δ
326 4284 653 4341 Particulam
681 4300 742 4338 ac
765 4323 780 4348 ,
832 4296 953 4353 qua:
997 4280 1153 4336 facile
1184 4289 1402 4351 propter
1448 4280 1784 4349 superiorem

215 4366 380 4411 vocem
410 4358 464 4413 in
512 4372 547 4408 a
569 4353 902 4410 desinentem
936 4353 1222 4418 exciderit,
1249 4354 1580 4419 supplemus.
1628 4353 1784 4421 Apud

216 4421 469 4484 Baluzium
516 4435 698 4481 autem
748 4434 870 4494 post
904 4423 1127 4479 verbum
1186 4424 1486 4478 conveniens
1534 4426 1781 4493 proxime

214 4494 504 4569 adiungitur
540 4515 553 4550 :
603 4494 757 4551 Ferri
805 4505 973 4569 tamen
1016 4503 1185 4569 potest
1222 4498 1318 4549 hoc
1345 4496 1551 4569 uerbum
1575 4503 1787 4564 propter

215 4565 541 4638 inseparabile
561 4569 809 4638 templum
833 4568 947 4633 Dei,
980 4565 1221 4633 pluribus
1250 4566 1488 4638 omissis.

279 4634 316 4676 θ’
343 4640 445 4696 Pro
484 4648 542 4695 et
582 4634 718 4708 quod
749 4638 1031 4708 mallemus
1058 4652 1119 4708 eo
1144 4635 1303 4705 quod.
1350 4635 1469 4708 Mox
1497 4649 1567 4690 ex
1595 4634 1781 4708 Graeca

219 4706 375 4769 phrasi
403 4718 493 4768 τοῦ
530 4705 782 4778 ἰξάὐτῆς,
814 4723 919 4762 non
946 4706 1347 4778 simplicitertea:
1370 4707 1625 4778 ipsaLsed
1647 4705 1787 4778 quod

217 4791 270 4851 ea
287 4780 391 4851 ipsa
412 4774 584 4837 ortum
607 4774 777 4846 ducit,
804 4774 1226 4851 converte’ndum
1252 4774 1457 4851 iuerat.
1492 4775 1619 4851 _Hoc_
1641 4777 1785 4851 enim

219 4846 314 4903 sibi
345 4853 492 4919 vult,
547 4850 765 4905 Mariam
792 4850 896 4904 dici
948 4848 1039 4903 Dei
1070 4847 1383 4918 genitricem
1432 4846 1787 4919 tolerabiliter

222 4933 357 4982 posse
380 4925 448 4979 ob
475 4918 646 4978 unam
679 4922 821 4976 illam
850 4921 1135 4984 rationem,
1166 4922 1287 4988 quia
1311 4932 1507 4987 corpus
1532 4918 1674 4987 quod
1707 4918 1790 4970 iu-

223 4996 500 5060 srparabile
550 4992 644 5047 Dei
678 4991 836 5048 Verbi
886 4989 1145 5059 templum
1200 4998 1326 5056 est,
1384 4988 1785 5060 genu_it.70uo-

223 5057 344 5118 circa
390 5064 442 5119 in
490 5078 748 5121 sermone
792 5063 825 5116 4
868 5057 1029 5132 quem
1064 5068 1185 5128 post
1229 5057 1479 5127 acceptas
1507 5057 1785 5132 Gmlestini

226 5136 404 5207 .iueras
428 5135 694 5207 protulit,
725 5131 996 5207 apudM;
1010 5132 1363 5207 Μυραῖοι-ειη
1392 5144 1511 5207 pag.
1541 5131 1630 5207 7_8_,
1665 5144 1792 5207 per-

226 5200 365 5257 mittit
384 5200 446 5260 ui
466 5208 677 5261 dicatur
698 5200 921 5276 genitria:
958 5201 1058 5257 Dei
1082 5208 1290 5272 propter
1330 5202 1533 5276 unitum
1567 5200 1789 5276 Verbum

225 5275 406 5347 lﬁmplo,
456 5270 820 5347 genitriazr'Dei
863 5290 966 5327 non
997 5270 1205 5347 propter
1233 5271 1427 5347 nudam
1456 5270 1789 5347 b‘umanitptis

226 5329 565 5417 diuinitategm
608 5329 698 5401 sed
744 5354 953 5417 propter
997 5329 1202 5417 'unilum
1246 5342 1435 5417 templo
1464 5329 1793 5417 Deumtver-

232 5406 365 5487 ilttm;
394 5406 660 5487 simulque
688 5406 802 5471 vult
842 5406 899 5470 ut
929 5420 983 5470 et
1021 5415 1232 5471 dicatur
1277 5406 1501 5487 hominis
1530 5414 1787 5487 _genitr_ia;,

290 5494 354 5537 est
376 5481 774 5563 Minor-016309;,
804 5498 1011 5559 propter
1041 5488 1279 5563 templum
1300 5484 1791 5563 quodsubstantiale

231 5547 341 5629 βῆς.
367 5547 830 5629 οοηὶυὺδιαηιὶἁιὲ)
869 5547 941 5612 est
967 5547 1277 5629 naturaliter
1311 5547 1550 5629 Virgini;
1596 5556 1674 5607 vel
1730 5564 1786 5608 ut

232 5618 373 5680 habet
399 5631 573 5684 Serm.
606 5632 640 5686 5
676 5646 794 5699 pag.
812 5618 916 5688 '89.
947 5629 1170 5699 genitria:
1198 5618 1526 5699 quidevaei
1549 5636 1787 5699 propter-

230 5706 283 5773 ες
297 5701 425 5773 quod
450 5702 693 5773 templum
712 5697 849 5773 quod
872 5697 1002 5773 inca
1038 5707 1258 5773 creatum
1281 5708 1352 5751 est
1376 5697 1635 5773 a_Spiritu
1660 5712 1785 5749 san-

233 5770 321 5831 ιω.
342 5769 633 5826 ιηὶικηιάι
665 5769 891 5836 Deitati;
915 5770 1131 5825 hominis
1163 5784 1277 5823 vero
1308 5769 1550 5837 genitrix,
1574 5775 1786 5839 prapter

1893 3368 2075 3431 monet
2103 3357 2336 3431 Cyrillus
2384 3362 2436 3413 in
2463 3357 2687 3424 epistola
2717 3361 2754 3416 2
2782 3361 2847 3415 ad
2888 3357 3257 3430 Succensum,
3294 3379 3480 3419 secun-

1889 3428 2255 3501 dumthonbris
2281 3432 2650 3501 (equalitotcm.
2677 3434 2952 3487 secundum
2987 3428 3375 3501 auctoritatem,
3398 3451 3480 3491 se-

1888 3499 2116 3575 cundum
2137 3499 2365 3575 eamdem
2390 3504 2699 3575 voluntatem
2719 3503 2849 3575 (non
2882 3504 3182 3561 secundum
3229 3499 3479 3574 persona

1888 3570 2197 3647 unitatem),
2219 3571 2499 3647 indivisum
2527 3574 2679 3628 illum
2700 3570 2807 3631 esse
2836 3576 3094 3633 hominem
3133 3577 3187 3632 in
3209 3570 3311 3647 duo
3346 3576 3478 3634 Ver-

1888 3640 2010 3694 bum
2041 3641 2306 3707 Itabitauit,
2337 3645 2566 3700 volebat.

1961 3708 1988 3748 ά
2021 3713 2131 3767 lluc
2162 3722 2409 3781 spectare
2457 3717 2668 3769 videtur
2714 3716 2843 3771 illud
2889 3716 3133 3773 Cassiani
3182 3719 3278 3775 lib.
3305 3718 3478 3776 vttde

1886 3781 2101 3836 lncarn.
2131 3798 2178 3839 c.
2214 3783 2247 3837 7
2278 3799 2293 3837 :
2323 3785 2403 3838 Ait
2433 3801 2555 3854 ergo
2577 3786 2645 3838 ad
2668 3786 3027 3841 destruendam
3050 3804 3212 3842 sacra
3234 3790 3477 3845 nativita.

1890 3854 1954 3906 tis
1979 3854 2135 3922 ﬁdem
2174 3854 2387 3908 sibilans
2416 3856 2469 3909 in
2501 3855 2594 3908 Dei
2624 3854 2853 3908 Ecclesia
2884 3873 3040 3909 novus
3069 3858 3275 3911 coluber
3302 3875 3319 3911 :
3366 3857 3477 3915 Nl-

1891 3938 1962 3979 no
1991 3939 2334 3980 anemonas
2354 3942 2415 3980 se
2444 3940 2619 3980 PAltl'l'.
2650 3925 2983 3993 Quamquam
3007 3925 3284 3981 Nestorius
3311 3929 3475 3985 etiam

1889 3994 1941 4067 iu
1973 4009 2223 4050 sermone
2264 3995 2299 4049 5
2333 3997 2470 4063 :qml
2522 3996 2651 4050 Har.
2684 3994 3041 4051 Mercatorem
3070 4011 3193 4067 pag.
3225 3996 3287 4067 7i
3319 4012 3473 4052 eam-

1888 4065 2009 4120 dem
2042 4067 2360 4122 sententiam
2385 4068 2579 4136 repetit
2608 4067 2689 4121 his
2715 4068 2890 4121 verbis
2920 4083 2933 4120 :
2971 4065 3295 4121 Nemo'enim
3314 4068 3477 4135 quise

1888 4146 1965 4191 est
1989 4139 2253 4205 antiquior
2299 4149 2524 4209 generat.
2576 4139 2686 4193 Nec
2726 4148 2899 4209 certo;
2919 4148 3144 4209 apparet
3182 4137 3249 4193 ad
3294 4147 3474 4194 utrum

1888 4209 2148 4277 scriptum
2194 4206 2492 4282 Cassianus
2534 4209 2812 4282 respiciat.
2861 4206 3098 4282 Cyrillus
3148 4223 3366 4279 quoque
3415 4208 3473 4265 in

1888 4281 2282 4334 contestatione
2304 4296 2407 4350 qua
2452 4279 2755 4335 Nestorium
2781 4279 2929 4335 Pauli
2956 4281 3353 4336 Samosatensis
3383 4292 3474 4335 se-

1889 4358 2152 4404 ctatorem
2180 4366 2301 4404 esse
2328 4350 2542 4417 astruit,
2574 4359 2679 4404 art.
2714 4350 2748 4404 5
2778 4358 2834 4405 et
2860 4350 2926 4414 6,
2958 4354 3239 4419 utriusque
3283 4351 3335 4416 ip
3366 4350 3471 4407 hoc

1891 4421 2207 4475 nominatim
2251 4420 2395 4473 dicto
2434 4420 2846 4475 consensionem
2894 4420 2974 4477 sic
3015 4421 3202 4489 probat
3231 4439 3244 4475 :
3271 4420 3473 4477 Paulus

1888 4490 2043 4556 dixit,
2071 4490 2243 4543 Maria
2270 4490 2495 4544 Verbum
2517 4490 2760 4558 suscepit,
2793 4501 2840 4545 et
2863 4507 2965 4545 non
2979 4502 3056 4546 est
3073 4493 3244 4546 senior
3259 4491 3429 4546 Verbo
3452 4502 3476 4557 δ

1890 4558 2163 4634 [Vestorius
2184 4560 2338 4625 dixit,
2370 4560 2638 4626 Quomodo
2661 4575 2779 4628 ergo
2826 4560 2997 4616 Maria
3039 4579 3093 4618 se
3131 4563 3476 4634 antiquiorem

2054 4632 2121 4670 in

1891 4641 2121 4701 peperit?

1908 4770 1921 4774 _
1966 4710 1988 4737 ο
2024 4701 2177 4774 ltlud_
2191 4717 2324 4774 saepe
2341 4700 2800 4774 quasdaminnuit
2826 4702 3061 4759 Nestorii
3091 4702 3472 4774 iitterasgdesi-

1890 4770 2088 4826 derari.
2141 4772 2208 4827 Et
2248 4770 2463 4839 quidem
2492 4771 2725 4842 Cyrillus
2758 4775 2811 4829 in
2838 4774 3063 4843 epistola
3093 4789 3253 4841 quam
3301 4772 3478 4828 Caele-

1892 4843 2017 4896 stini
2042 4845 2305 4913 rescripto
2330 4844 2573 4910 adiunxit
2598 4884 2614 4909 ,
2648 4854 2912 4899 memorat
2943 4843 3173 4900 Nestorii
3204 4844 3270 4898 ad
3298 4843 3476 4899 Ctele-

1891 4914 2089 4969 Stinum
2112 4915 2418 4982 epistolam,
2439 4914 2490 4968 in
2519 4930 2622 4981 qua
2651 4915 2745 4971 ille
2765 4930 2823 4970 se
2850 4915 2971 4969 ideo
2994 4916 3158 4970 laicos
3182 4930 3213 4968 a
3233 4928 3475 4969 commu-

1894 4984 2055 5039 nione
2080 4985 2438 5050 submovisse,
2467 4995 2520 5040 et
2550 4987 2777 5041 clericos
2806 4986 3145 5054 depositione
3183 4987 3474 5041 mulctasse

1894 5056 2181 5121 iudicabat,
2206 5056 2327 5127 quia
2356 5057 2456 5110 sibi
2487 5056 2970 5120 contradixissent,
3014 5072 3135 5112 cum
3167 5067 3341 5111 tamen
3374 5069 3475 5111 nec

1892 5128 1943 5180 iu
1979 5127 2078 5182 hac
2114 5126 2289 5184 nec’iu
2320 5127 2597 5195 superiore
2623 5127 2849 5196 epistola
2876 5127 2944 5181 de
2970 5126 3275 5195 huiusmodi
3304 5128 3472 5197 depo-

1892 5199 2010 5253 sitis
2040 5209 2134 5253 aut
2163 5198 2645 5254 excommunicatis
2676 5199 2839 5251 ullum
2869 5198 2940 5252 sit
2976 5198 3221 5253 verbum.

1968 5268 1986 5306 ί
2017 5268 2185 5327 Garn.
2210 5270 2482 5324 substituit
2511 5269 2734 5323 vocibus.
2766 5267 3008 5338 Reliqua:
3035 5277 3213 5324 tamen
3231 5266 3465 5323 orationi

1895 5341 2065 5409 magis
2092 5342 2343 5408 congruit
2366 5340 2609 5393 luctibus.

1967 5406 2005 5457 δ’
2024 5406 2221 5465 Marius
2244 5411 2527 5476 Mercator,
2565 5409 2992 5465 Commonitorio
3015 5406 3467 5475 Constantinopo-

1894 5481 2071 5535 litanae
2128 5482 2383 5536 Ecclesiae
2428 5481 2649 5543 oblato,
2700 5496 2793 5536 eos
2825 5496 2931 5534 non
2976 5478 3152 5533 solum
3185 5477 3469 5534 haereticos

1896 5552 2117 5605 vocabat
2138 5594 2152 5615 ,
2177 5552 2269 5606 sed
2302 5560 2356 5607 et
2382 5553 2451 5604 ah
2478 5553 2746 5605 haereseos
2771 5552 2892 5605 lahe
2921 5552 3186 5604 immunes
3218 5563 3324 5604 non
3348 5561 3473 5604 esse

1894 5623 2315 5678 demonstrabat.
2364 5623 2473 5677 Hoc
2522 5623 2695 5686 ipsum
2739 5624 3020 5677 evincebant
3046 5620 3242 5676 Zosimi
3276 5629 3475 5675 tracto-

1896 5695 2002 5754 ria,
2052 5709 2174 5763 qua:
2223 5710 2327 5764 non
2378 5695 2445 5749 ita
2480 5693 2725 5763 pridem,
2767 5695 2882 5760 ipso
2910 5693 2981 5764 Μ,
3018 5692 3308 5751 Mercatore
3346 5705 3469 5764 pag.

1901 5765 1997 5820 l58
2027 5762 2187 5831 teste,
2216 5762 2740 5836 Constantinopolim
2768 5766 2929 5823 missa
2956 5763 3147 5824 fuerat.
