3982 6182
600 305 705 363 ιιτ

1374 306 1433 362 S.
1473 302 1874 362 C(EL'ESTINI
1917 305 1933 360 |
1977 301 2180 360 ΡΔΡΕ
2220 301 2579 360 EPISTULA;
2620 301 2708 356 ET
2748 302 3087 360 DECRETA.

3757 307 3847 371 ιιι

601 421 795 492 peperit
821 428 1054 474 creatura
1081 419 1390 492 creatorem.
1415 418 1508 492 sed
1536 418 1725 492 peperit
1764 416 2022 492 hominem
2067 415 2186 492 Dei-
2217 419 2267 477 Α
2295 416 2398 492 rita
2419 413 2694 470 leestini
2720 416 3060 492 simplicitate
3083 418 3370 492 haereticus
3395 418 3486 492 ille
3507 418 3691 476 eludit
3712 422 3848 479 ﬁdem

602 487 723 546 tatis
767 493 1076 546 ministrum.
1122 489 1272 546 Unde
1297 489 1516 542 Mariam
1545 504 1573 539 a
1605 487 1850 542 Nestorio
1882 503 1986 541 non
2014 487 2189 541 solum

607 563 854 629 Deitatis,
884 562 979 617 sed
1010 571 1063 616 et
1094 560 1185 614 Dei
1215 569 1376 628 atque
1401 557 1674 613 Creatoris
1714 557 2029 629 genitricem
2071 572 2194 626 pro-

605 633 813 687 miscue
839 626 1106 702 negatam
1135 645 1269 702 esse
1293 626 1482 702 liquet.
1515 629 1729 702 Sancusi
1760 628 1854 681 Dei
1884 643 1947 681 ac
1971 626 2193 702 Deitatis

605 703 863 757 vocabula
913 698 1246 756 contundere
1295 698 1409 766 ipSe
1459 715 1563 755 nou
1615 699 1949 760 all'ectasset,
1984 698 2112 752 nihil
2143 698 2194 753 ei

604 775 792 828 luisset
837 789 933 828 cur
979 774 1178 842 Cyrillo
1230 772 1342 826 Arii
1399 771 1830 840 Apollinarisque
1885 779 2193 842 Commenta

605 854 710 896 tam
761 840 1104 913 pertinaciter
1150 843 1489 898 attribueret.
1545 842 1748 913 Verum,
1772 842 1822 894 in
1853 854 1920 913 eo
1949 840 2090 907 quod
2121 841 2196 913 ait

605 914 708 968 sibi
730 910 982 986 a'Cyrillo
1009 931 1102 983 per
1125 913 1697 986 epistolatndeclarari
1721 910 1971 986 debuisse
1997 911 2194 986 siquid

606 986 752 1038 velut
783 982 1018 1054 impium
1039 986 1089 1040 in
1121 982 1289 1054 ipsius
1319 983 1533 1051 scriptis
1557 985 1636 1037 vel
1668 982 1827 1054 dictis
1854 982 2191 1054 olfendisset,

533 1054 553 1108 ἐ
608 1055 769 1124 idque
799 1053 987 1110 abillo
1019 1053 1438 1124 praatermissum
1471 1069 1592 1109 esse
1618 1053 1848 1108 allirmat
1870 1094 1885 1116 ,
1928 1053 2195 1106 mendacii

547 1134 556 1152 ‘
605 1137 791 1194 operte
840 1127 1198 1181 convincitur.
1250 1124 1364 1179 Non
1414 1127 1555 1179 enim
1605 1139 1708 1194 uno
1759 1124 2112 1188 tantum,sed
2144 1132 2197 1177 et

606 1193 813 1251 duabus
844 1198 1107 1266 epistolis,
1142 1199 1240 1250 bac
1271 1195 1337 1249 de
1371 1211 1428 1249 re
1473 1197 1621 1250 illum
1671 1193 1903 1266 Cyrillns
1953 1194 2194 1258 monuit,

608 1268 742 1322 adeo
776 1279 833 1322 ut
858 1269 1182 1324 Celestinus
1210 1270 1341 1319 duas
1374 1267 1491 1320 illas
1516 1266 1773 1331 epistolas
1809 1265 2035 1318 duartnn
2076 1279 2195 1318 mo-

608 1340 869 1392 nitionum
901 1341 1283 1394 canonicarutn
1318 1339 1431 1390 vice
1459 1337 1642 1390 haberi
1674 1337 1923 1390 voluerit.
1954 1338 2199 1402 Quapro-

609 1418 728 1478 pter
759 1424 857 1463 nec
886 1410 1072 1478 majori
1101 1411 1316 1470 dignum
1348 1419 1429 1462 est
1461 1408 1564 1461 llde
1590 1408 1730 1476 quod
1777 1406 1960 1478 adjicit
2003 1405 2196 1478 (Epist.

611 1477 687 1550 15
707 1496 760 1531 η.
792 1481 870 1546 5),
903 1477 1066 1534 multa
1099 1480 1211 1532 suis
1241 1480 1408 1545 ipsius
1437 1480 1650 1550 scriptis
1674 1477 1918 1547 nequiter
1941 1477 2199 1550 a_t;yrillo

610 1549 692 1603 vel
714 1550 952 1604 detracta
981 1551 1065 1605 vel
1091 1551 1267 1604 addita
1291 1564 1433 1614 esse,
1457 1546 1649 1616 quibus
1669 1546 1789 1602 mea:
1808 1559 1913 1600 tant
1937 1546 2026 1600 alii
2049 1563 2199 1616 quam

609 1620 761 1672 etiam
781 1619 1077 1675 Calatinus
1095 1621 1331 1692 abreptus
1348 1630 1440 1674 est.
1462 1615 1618 1676 Certe
1640 1620 1987 1692 leestinum
2011 1615 2199 1679 (ἰγτίΗί

613 1691 896 1745 latrociniis
933 1703 980 1745 et
1013 1689 1374 1760 additamentis
1405 1694 1682 1746 seductum
1717 1699 1877 1760 atque
1920 1689 2199 1757 abreptum

610 1776 733 1834 esse
765 1762 958 1834 frustra
989 1765 1233 1818 obtendit
1257 1759 1450 1834 (Epist.
1488 1761 1552 1818 l5
1579 1779 1629 1814 η.
1664 1763 1745 1831 9),
1769 1759 1888 1834 cum
1930 1761 1993 1834 ad
2022 1760 2197 1826 ipsum

612 1833 853 1887 scribens
884 1833 931 1888 is
962 1817 1118 1901 papa.
1152 1817 1291 1889 illius
1331 1817 1578 1890 haeresim
1624 1817 1744 1886 ..o.'.'
1770 1831 1985 1886 aliunde
2029 1817 2198 1898 magis
2235 1817 2275 1876 Β

613 1918 771 1972 quam
796 1920 861 1958 ex
883 1904 1162 1974 ipsiusmet
1184 1908 1374 1962 litteris
1395 1908 1461 1958 ab
1481 1921 1546 1960 eo
1567 1904 1632 1957 ad
1667 1919 1726 1958 se
1759 1904 1935 1957 missis
1967 1902 2066 1956 sibi
2099 1916 2196 1954 ex-

615 1975 872 2044 ploratam
896 1973 1015 2032 esse
1038 1986 1281 2031 testetur.
1309 1976 1494 2046 Neque
1516 1977 1690 2030 minus
1713 1976 1776 2029 iis
1797 1990 1915 2043 qua:
1942 1975 2009 2028 de
2031 1973 2199 2040 impe-

2293 487 2791 573 abrogantuczt'e‘te‘ra
2841 487 2998 554 hujus
3046 489 3317 573 ponlt‘i‘l‘icis
3352 490 3574 573 scripta
3608 505 3849 573 seiugata

2298 555 2392 628 (γ.
2425 557 2608 610 concil.
2641 556 2832 628 Ephes.
2867 573 2879 610 ι
2912 555 3056 625 part.
3079 575 3125 612 c.
3151 558 3266 628 26).
3286 558 3367 614 Ad
3399 555 3512 613 lucc
3536 555 3852 616 Caelestinum

2296 627 2350 680 in
2367 628 2476 702 hac
2493 643 2655 702 causa
2678 629 2806 702 nilnl
2823 630 2997 702 egisse
3018 627 3231 702 constat
3255 631 3372 702 sine
3392 631 3599 702 synodo
3623 634 3854 698 Romana,

2295 699 2379 752 cui
2413 699 2650 753 maxime
2681 700 2732 751 in
2766 700 2926 753 rebus
2944 715 3074 768 quae
3105 699 3170 753 ad
3206 699 3365 754 fidem
3393 699 3623 756 attinent
3647 744 3661 764 ,
3701 704 3856 758 scien-

2297 771 2421 822 tiam
2450 771 2684 824 defuisse
2707 784 2866 824 nemo
2891 770 2992 826 nisi
3016 771 3345 824 calmnniose
3371 772 3588 828 dixerit.
3618 774 3711 828 Hic
3733 791 3862 830 reco.

2296 840 2512 894 lendnm
2543 850 2624 894 est
2653 855 2813 910 quam
2843 857 3020 895 rarmu
3054 842 3123 895 sit
3152 841 3519 897 haereticorum
3547 844 3714 900 duces
3745 861 3861 899 nsu-

2295 912 2424 964 cisci
2454 911 2650 981 quibus
2678 923 2770 965 aut
2809 913 3039 966 amicum
3083 927 3324 967 errorem
3374 915 3664 969 mendaciis
3711 919 3862 978 tueri,

2297 992 2501 1056 auteos
2527 983 2614 1051 qui
2639 983 2737 1056 sibi
2761 984 3143 1037 contradicunt
3161 985 3495 1056 calumniari,
3520 987 3764 1056 religioni
3787 987 3862 1041 sit.

2371 1053 2421 1126 7.
2453 1052 2765 1126 Longealia
2794 1057 3140 1126 rationeitum
3171 1053 3355 1126 Cyrilli
3383 1057 3595 1110 animus
3615 1052 3737 1122 erga
3759 1057 3866 1112 Cm-

2299 1123 2549 1196 lestinum
2582 1124 2802 1178 all'ecms
2831 1136 2965 1179 erat.
3001 1125 3069 1179 lis
3094 1123 3236 1177 enim
3270 1127 3487 1195 scriptis
3513 1143 3631 1196 quae
3663 1138 3780 1181 tunc
3808 1130 3864 1181 ad

2301 1194 2444 1247 illum
2481 1197 2620 1248 misit
2655 1198 2754 1249 hoc
2786 1195 3045 1249 insertum
3078 1210 3199 1250 eSse
3225 1194 3498 1250 credimus
3525 1194 3743 1252 Summa:
3781 1200 3867 1252 ob-

2300 1267 2584 1336 servantia:
2616 1267 3000 1326 testimonium.
3026 1268 3167 1336 quod
3193 1268 3461 1322 Arnobius
3485 1269 3577 1321 lib.
3603 1283 3638 1324 tt
3660 1269 3727 1322 de
3742 1267 3869 1324 Con-

2300 1335 2447 1388 ﬂiclu
2477 1351 2597 1390 cum
2629 1338 2920 1401 Serapione
2962 1335 3237 1390 memoria:
3271 1337 3504 1403 prodidit
3549 1339 3630 1393 bis
3674 1339 3868 1395 verbis:

2303 1405 2527 1480 Sanctus
2555 1407 2779 1480 Cyrillus
2800 1407 3160 1480 Alexandriam
3188 1405 3432 1462 Ecclesia
3454 1409 3741 1480 episcopus,
3769 1428 3870 1464 cum

2301 1476 2616 1551 cognovisset
2649 1476 3015 1530 Nestorianum
3045 1478 3230 1551 dogma
3263 1481 3578 1533 contrarium
3615 1476 3735 1547 ﬁdei
3769 1482 3874 1551 pul-

2301 1545 2485 1620 lulare,
2516 1549 2718 1618 scripsit
2744 1565 2832 1615 per
2865 1558 3028 1620 totam
3077 1548 3405 1620 ngyptunt,
3456 1560 3505 1604 et
3551 1545 3623 1604 ad
3664 1545 3876 1605 sanctum

2301 1615 2628 1672 Caelestinum
2673 1618 2969 1690 apostolicis
3015 1615 3384 1675 recordationis
3431 1622 3710 1676 antistitem
3756 1624 3878 1676 misit

2305 1690 2477 1742 dicens
2500 1691 2565 1742 ad
2593 1691 2795 1744 laudem
2821 1707 2966 1743 suam
2995 1693 3245 1758 pertinere
3275 1692 3317 1744 si
3345 1693 3409 1746 ab
3434 1708 3491 1745 eo
3516 1693 3601 1760 qui
3626 1692 3879 1760 pontiﬁca-

2305 1767 2388 1832 tus
2415 1777 2583 1815 arcem
2615 1763 2807 1814 tenebat
2839 1763 3018 1831 fuisset
3045 1761 3241 1832 aliquid
3273 1765 3633 1828 emendatum;
3667 1766 3764 1817 hoc
3785 1770 3875 1826 est,

2304 1831 2582 1887 leestini
2617 1847 2860 1887 censura:
2889 1847 2950 1885 ac
2978 1832 3177 1899 judicio
3213 1848 3308 1887 sua
3355 1835 3606 1888 submisit
3650 1835 3839 1901 scripta
3862 1873 3875 1893 .

2305 1902 2446 1957 laudi
2492 1919 2552 1959 se
2592 1904 2896 1959 habiturum
2945 1911 3167 1958 testatus
3209 1903 3252 1957 si
3292 1905 3421 1974 quid
3447 1905 3516 1958 ab
3545 1920 3611 1960 eo
3638 1905 3880 1961 emenda-

2304 1982 2474 2029 retur.

1968 2115 1993 2144 ⁸
2037 2106 2372 2163 EPISTOLA
2415 2106 2544 2161 Vlll.

617 2222 784 2288 Quam
804 2224 1047 2296 pestilens
1082 2222 1310 2277 Nestorii
1339 2225 1406 2276 sit
1431 2222 1689 2285 doctrina,
1727 2221 1910 2296 quidve
1937 2220 2184 2296 hactenus
2210 2221 2391 2296 egerit,
2421 2237 2520 2296 quo
2545 2226 2760 2296 eum.ad
2787 2233 2978 2296 rectam
2999 2223 3154 2292 ﬁdem
3176 2235 3455 2290 revocaret,
3482 2224 3719 2296 Cyrillus
3737 2239 3881 2294 expo-

685 2296 779 2364 nit.
804 2290 897 2347 'Ab
936 2294 1083 2348 illius
1110 2296 1470 2347 communione
1513 2309 1564 2345 se
1609 2293 1836 2364 nondum
1858 2301 2040 2364 aperte
2066 2292 2383 2364 discessisse,
2413 2291 2573 2344 donec
2600 2311 2628 2342 ιι
2656 2290 2927 2347 Calatino
2952 2290 3075 2361 quid
3099 2296 3195 2348 sibi
3226 2296 3363 2363 facta
3390 2290 3614 2364 opus'sit
3642 2290 3880 2350 didicerit.

692 2363 757 2417 Ut
778 2365 1078 2418 Cwlestinus
1107 2366 1273 2417 missis
1301 2381 1454 2434 quam
1499 2364 1721 2430 primum
1747 2363 1816 2414 ad
1844 2359 2069 2434 Orientis
2092 2379 2154 2434 ac
2176 2359 2498 2434 Macedoniw
2519 2365 2783 2434 episcOpos
2805 2359 3008 2427 litteris,
3031 2383 3178 2418 suam
3211 2359 3270 2420 ea
3301 2368 3364 2420 de
3397 2359 3451 2421 re
3478 2370 3784 2422 sententiam
3806 2383 3884 2419 na-

688 2443 792 2485 tam
815 2437 994 2503 [aciat.
1027 2434 1282 2505 Subjectis
1315 2432 1382 2487 ad
1410 2433 1602 2487 calcem
1630 2435 1876 2502 capitulis
1892 2432 2198 2505 quibusdam
2229 2442 2336 2487 tota
2378 2432 2430 2488 Ν
2436 2432 2609 2487 estorii
2639 2437 2873 2488 doctrina
2903 2437 3207 2505 explicatur.

617 2549 995 2622 Sanctissimo
1024 2552 1224 2619 Deique
1273 2554 1643 2608 amantissimo
1699 2554 1836 2622 patri
1883 2552 2211 2610 Cmuts'ruto

967 2621 1228 2677 CruILLus
1262 2623 1313 2677 itt
1350 2624 1580 2679 Domino
1610 2626 1862 2683 salutem.

695 2739 744 2790 l.
804 2734 861 2791 Si
913 2737 1095 2802 silere,
1131 2745 1185 2791 et
1219 2752 1325 2792 non
1374 2738 1628 2806 pietatem
1663 2748 1808 2792 tuam
1851 2739 1918 2794 de
1960 2739 2213 2793 omnibus

620 2844 740 2898 qua:
769 2839 1060 2882 moventur
1085 2828 1282 2883 litteris
1317 2831 1605 2884 certiorem
1640 2829 1817 2885 facere
1839 2829 1970 2885 citra
1999 2829 2210 2899 culpam

622 2937 684 2977 ac
709 2921 948 2978 sinistrae
993 2922 1321 2991 suspicionis
1373 2930 1575 2977 metum
1628 2923 1850 2989 liceret,
1911 2922 2210 2991 prmsertim

621 3017 677 3072 in
707 3017 871 3072 rebus
915 3017 1049 3071 adeo
1082 3015 1429 3083 necessariis,
1464 3017 1553 3070 ubi
1586 3019 1748 3071 etiam
1801 3025 1945 3071 recta
1997 3015 2129 3069 ﬁdes
2181 3030 2212 3069 a

625 3111 898 3166 nonnullis
924 3112 1217 3182 depravata
1239 3111 1603 3181 periclitatur;
1627 3110 1679 3164 in
1704 3120 1904 3166 memet
1926 3112 2041 3180 ipso
2070 3109 2216 3165 dice-

626 3219 764 3272 rem,
811 3203 1014 3258 Bonum
1043 3214 1097 3259 et
1129 3203 1356 3273 periculi
1384 3218 1581 3272 expers
1613 3213 1696 3257 est
1735 3204 2036 3268 silentium,
2073 3216 2215 3271 prae-

626 3303 842 3365 statque
894 3295 1132 3364 quietam
1173 3297 1339 3349 vitam
1371 3309 1533 3364 agere
1563 3309 1723 3365 quam
1775 3296 2066 3349 turbatam.
2110 3293 2215 3349 Sed

2423 2562 2510 2630 Τῷ
2535 2554 2802 2635 όσιωτὰτῳ
2829 2562 2915 2635 καί
2938 2559 3318 2635 Θε-οφιλεστάτῳ
3342 2563 3500 2635 πατρί
3527 2560 3796 2631 Κελεστίνῳ

2733 2629 2965 2704 κύριλλος
2991 2631 3039 2682 ἐν
3069 2632 3233 2704 Κυρίῳ
3260 2629 3486 2704 χαίρειν.

2388 2747 2443 2800 Ei
2477 2747 2569 2816 μίν
2604 2743 2662 2804 ἦν
2700 2756 2993 2806 σιωπῆσαι,
3033 2751 3114 2802 καί
3142 2753 3211 2818 μή
3243 2751 3409 2804 πάντα
3550 2757 3616 2823 σῇ
3647 2749 3888 2821 Θεοσιϐείᾳ

2315 2839 2572 2910 γράφοντα
2596 2840 2661 2894 τὰ
2697 2841 2980 2910 κινούμενα,
3013 2844 3101 2895 καί
3125 2842 3365 2912 μέμψεως
3395 2840 3496 2907 ἔξω
3524 2845 3761 2912 γενέσθαι
3779 2883 3791 2905 ,
3819 2844 3889 2896 καί

2318 2928 2586 3002 διαφυγεῖν
2631 2929 2882 2988 δύνασθαι
2902 2937 2962 2988 τό
2992 2933 3169 2990 δοκοῦν
3198 2937 3420 3011 λυπηρὸν
3440 2977 3453 2998 ,
3485 2939 3574 2990 καί
3599 2938 3828 3008 μάλιστα
3851 2937 3890 2986 ἕν

2316 3023 2599 3094 ἀναγκαίοις
2628 3022 2762 3078 οὕτω
2791 3026 3103 3100 πράγμασιν,
3131 3024 3255 3081 ὅπου
3284 3031 3365 3080 καὶ
3387 3029 3417 3085 ἡ
3443 3035 3532 3088 τῆς
3561 3029 3793 3088 πίστεως
3819 3028 3890 3099 69-

2317 3115 2466 3174 θότης
2499 3117 2917 3191 παρασαλεύεται
2947 3120 3089 3192 παρά
3132 3141 3302 3183 τινων,
3334 3118 3454 3190 ἔφην
3487 3116 3544 3174 ἂν
3581 3122 3629 3173 ἐν
3683 3123 3885 3192 ἐμαυτῷ·

2322 3209 2450 3266 Καλὴ
2481 3214 2567 3262 καί
2595 3209 2854 3271 ἀκίνδυνος
2883 3214 2912 3268 ἡ
2943 3219 3132 3272 σιωπὴ.
3164 3217 3246 3266 καί
3270 3215 3328 3267 τὸ
3356 3219 3559 3286 ἠρεμεῖν
3590 3222 3692 3268 τοῦ
3722 3213 3889 3290 ταράτι

2322 3303 2493 3355 τεσθαι
2523 3310 2771 3378 κρεῖττον.
2806 3302 3002 3362 Ἐπειδὴ
3033 3303 3086 3358 δέ
3116 3307 3197 3358 καί
3226 3306 3350 3364 Θεὸς
3381 3307 3589 3360 ἀπαιτεῖ
3619 3307 3750 3378 παρ’
3777 3307 3896 3373 ἡμῶν

627 3388 882 3458 quoniam
919 3388 1058 3441 Deus
1105 3386 1252 3442 hisce
1293 3388 1347 3440 in
1395 3389 1556 3442 rebus
1607 3387 1939 3456 vigilantiam
1993 3403 2024 3442 a
2064 3387 2211 3442 nobis

2323 3396 2380 3449 τὸ
2417 3398 2646 3466 νηφάλιον
2690 3399 2739 3450 ἰν
2781 3400 3010 3456 τούτοις.
3046 3401 3126 3451 καί
3165 3400 3230 3452 τά
3274 3400 3442 3472 μακρά
3487 3406 3585 3453 τῶν
3614 3398 3899 3456 Ἐκκλησιῶν

628 3481 817 3549 exigit,
843 3487 897 3532 et
925 3477 952 3515 δ
986 3479 1146 3548 longa
1179 3479 1543 3534 Ecclesiarum
1561 3482 1901 3536 consuetudo
1929 3482 2138 3546 suadet,
2165 3490 2222 3535 ut

630 3571 940 3641 hujusmodi
971 3586 1062 3626 res
1089 3585 1211 3624 cum
1243 3572 1529 3626 sanctitate
1572 3583 1660 3627 tua
1717 3576 2219 3640 communicentur;

631 3666 811 3720 scribo
858 3665 1020 3735 plane
1050 3665 1377 3720 necessitate
1407 3665 1654 3733 adactus,
1681 3681 1742 3722 ac
1771 3669 2037 3738 signiﬁco,
2067 3667 2225 3723 Sata-

632 3776 755 3816 nam
783 3760 835 3814 in
863 3759 1148 3829 praesentia
1171 3760 1351 3816 omnia
1379 3759 1631 3828 miscere,
1663 3769 1719 3817 et
1741 3772 1927 3816 contra
1955 3761 2224 3816 Ecrlesias

635 3857 727 3913 Dei
761 3855 964 3922 furere,
995 3869 1096 3910 nec
1135 3870 1240 3910 non
1265 3854 1508 3909 omnium
1539 3854 1738 3925 ubique
1781 3855 2103 3925 populorum
2131 3854 2223 3924 qui

632 3952 683 4005 in
717 3962 860 4007 recta
919 3950 1022 4005 lide
1065 3949 1343 4003 ambulant
1383 3947 1792 4002 subversionem
1850 3947 2046 4002 moliri.
2108 3946 2224 4001 Non

629 4044 777 4098 enim
810 4042 876 4097 ab
909 4040 1206 4110 impietatis
1247 4040 1426 4094 studio
1457 4054 1712 4107 umquam
1745 4039 1959 4094 desistit
1989 4041 2224 4107 pessima

633 4134 724 4186 illa
748 4142 802 4187 et
831 4131 1053 4186 eﬂ‘renis
1073 4131 1263 4185 bestia.
1297 4130 1441 4186 Sane
1474 4131 1732 4186 hactenus
1765 4132 1932 4185 altum
1965 4134 2130 4196 tacui,
2161 4147 2227 4188 ac

635 4224 772 4280 nihil
802 4224 1026 4278 omnino
1054 4223 1122 4278 de
1143 4239 1209 4279 eo
1238 4222 1532 4295 (Nestorio)
1563 4225 1651 4292 qui
1676 4223 2227 4294 Constantinopolita-

635 4333 760 4374 nam
815 4317 1118 4373 Ecclesium
1153 4333 1296 4371 nunc
1341 4315 1692 4371 administrat
1739 4317 1829 4370 vel
1857 4317 1920 4370 ad
1970 4319 2224 4387 pietatem

636 4421 783 4469 tuam
802 4412 886 4467 vel
907 4412 973 4466 ad
1002 4411 1170 4466 ullum
1190 4409 1639 4466 consacerdotum
1669 4417 1979 4464 nostrorum
2008 4410 2226 4479 scripsi,

636 4520 948 4577 persuasum
998 4503 1204 4560 habens
1247 4503 1578 4574 praecipitem
1621 4502 1673 4556 in
1729 4502 2034 4570 ltujusmodi
2066 4505 2229 4557 rebus

635 4598 968 4654 celeritatem
998 4613 1027 4652 a
1057 4597 1188 4652 vitio
1239 4611 1342 4650 non
1377 4608 1498 4650 esse
1530 4596 1846 4648 immunem.
1882 4597 1952 4648 At
1993 4593 2120 4663 quia
2160 4594 2228 4647 ad

635 4699 944 4748 extremum
974 4688 1363 4760 propemodum
1393 4688 1656 4742 malorum
1684 4687 2024 4751 devenimus,
2049 4687 2226 4741 omnia

635 4798 762 4854 quas
791 4758 1124 4848 acciderunt,
1149 4789 1307 4850 rupto
1332 4780 1576 4845 silentio,
1601 4780 1909 4836 necessario
1924 4779 2224 4834 enarranda
2256 4758 2308 4818 D

636 4891 758 4932 esse
783 4875 936 4930 duxi.

703 4968 758 5024 2.
791 4967 995 5037 Nempe
1040 4975 1370 5024 memoratus
1395 4965 1553 5020 simul
1586 4975 1642 5018 ut
1667 4963 1940 5019 ordinatus
1969 4972 2070 5027 est,
2103 4979 2222 5018 cum

635 5060 1108 5116 exhortationibus
1141 5058 1386 5128 populos,
1445 5067 1556 5112 tum
1618 5056 1886 5126 praprios,
1923 5068 2033 5108 tum
2065 5071 2222 5126 pere-

636 5153 845 5225 grinos,
879 5167 1104 5222 quorum
1161 5163 1352 5219 magna
1399 5147 1687 5204 multitudo
1716 5162 1782 5202 ex
1824 5145 1994 5212 omni,
2049 5155 2107 5199 ut
2149 5148 2221 5200 ita

635 5247 835 5311 dicam,
857 5245 1076 5300 civitate
1106 5259 1166 5298 ac
1199 5243 1420 5312 regione
1473 5241 1600 5295 illuc
1649 5237 1922 5295 conﬂuere
1971 5241 2127 5302 solet,
2161 5239 2227 5293 ad

637 5340 837 5396 bonum
892 5338 1140 5395 excitare
1166 5337 1472 5401 debuisset;
1507 5333 1802 5403 praedicare
1829 5332 2101 5387 alTectavit
2130 5333 2228 5387 ab-

636 5432 798 5488 surda
823 5431 1070 5503 quaedam
1100 5440 1154 5485 et
1184 5445 1211 5483 a
1237 5429 1444 5484 ratione
1473 5427 1669 5490 aliena,
1701 5441 1822 5496 qua:
1855 5425 2011 5494 longe
2037 5424 2233 5479 absunt

635 5527 704 5580 ab
734 5525 1028 5596 apostolica
1061 5533 1118 5578 et
1142 5522 1451 5592 evangelica
1478 5519 1603 5586 ﬁde,
1635 5533 1796 5589 quam
1825 5527 2007 5587 patres
2035 5531 2228 5588 magna

627 5711 631 5716 .
710 5670 733 5696 ⁸
760 5661 912 5714 Circa
945 5659 1088 5714 med.
1124 5673 1324 5712 annum
1355 5655 1480 5711 450.

620 5749 622 5751 ·
713 5727 739 5763 δ
768 5730 896 5783 Lab.
933 5729 1169 5797 praetulit
1192 5740 1347 5781 vetus.
1401 5727 1625 5780 Prmstat
1649 5725 1863 5797 Gracia
1897 5724 2109 5781 literere
2136 5723 2224 5780 lit-

646 5804 794 5856 terte.
823 5795 1057 5859 qnanon
1080 5808 1287 5850 tantum
1308 5797 1546 5864 antiqua,
1569 5795 1661 5852 sed
1687 5805 1740 5851 et
1758 5796 1910 5865 longa
1931 5806 2226 5862 temporum

2325 3483 2411 3545 ἴθη
2441 3489 2697 3541 πείθουσιν
2727 3490 3112 3561 ἀνακοινοῦσθαι
3140 3499 3202 3560 τῇ
3234 3498 3300 3562 σῇ
3331 3489 3575 3556 ὁσιότητι,
3605 3494 3790 3564 γράφω
3816 3491 3901 3542 πάν

2325 3578 2397 3632 λιν
2409 3582 2708 3651 ἀναγκαίως,
2727 3582 2885 3636 ἐκεῖνο
2900 3581 3077 3640 δηλῶν.
3095 3582 3170 3637 ὅτι
3190 3582 3406 3653 διακυκᾷ
3418 3585 3480 3638 τὰ
3500 3587 3679 3640 πάντα
3700 3589 3780 3638 καί
3790 3590 3867 3636 νῦν
3881 3579 3902 3633 ό

2327 3679 2568 3732 Σατανᾶς.
2593 3676 2826 3744 καὶμετὰ
2849 3671 2938 3744 [Ρ.
2958 3675 3055 3742 leg.
3082 3674 3230 3743 κατάῙ
3247 3677 3662 3734 τῶνέκκλησιῶν
3683 3685 3771 3733 τοῦ
3795 3681 3904 3730 Θεοῦ

2326 3767 2574 3834 μαίνεται.
2607 3771 2690 3819 καί
2719 3767 3118 3840 ὀρθοποδοῦντας
3142 3770 3189 3821 ἐν
3221 3772 3393 3824 πίστει
3422 3773 3543 3830 τοὺς
3573 3768 3903 3841 ἁπανταχόσε

2326 3859 2480 3917 λαοὺς
2509 3866 2747 3935 πειρᾶται
2783 3859 3118 3935 διαστρέφειν.
3151 3864 3221 3915 Οὐ
3257 3865 3356 3936 γὰρ
3385 3868 3568 3936 ἠρεμεῖ
3594 3867 3664 3918 τὸ
3707 3860 3907 3932 παμπό-

2327 3972 2469 4026 νηρον
2501 3951 2649 4004 ἐκεῖνο
2680 3953 2846 4025 θηρίον
2877 3958 2960 4007 καί
2985 3965 3004 3990 ε
3031 3955 3304 4028 εὐφόρητον
3332 3957 3401 4014 εἰς
3433 3955 3696 4009 ἀσέϐειαν.
3721 3955 3907 4022 Ἐσίγων

2328 4045 2416 4110 μέν
2447 4038 2532 4096 οὖν
2562 4045 2908 4116 παρῳχηκότα
2941 4043 3140 4122 καιρόν
3176 4051 3261 4100 καί
3290 4045 3428 4102 οὐδὲν
3469 4046 3593 4107 ὅλως
3635 4046 3758 4103 οὔτε
3797 4047 3913 4114 πρὸς

2329 4141 2417 4193 την
2449 4144 2544 4194 στιν
2573 4138 2860 4192 Θεοσέϐειαν
2893 4142 3122 4214 γέγραφα
3151 4144 3270 4215 περὶ
3297 4146 3388 4195 τοῦ
3417 4147 3504 4194 νῦν
3534 4137 3684 4202 ὄντος
3714 4143 3764 4195 ἐν
3795 4154 3911 4193 Iuv.

2331 4231 2766 4291 σταντινουπόλει,
2804 4235 2888 4285 καί
2918 4238 3005 4291 την
3034 4233 3325 4290 Ἐκκλησίαν
3355 4231 3613 4292 διέποντος
3632 4273 3650 4295 .
3683 4230 3804 4287 οὔτε
3828 4237 3914 4298 μήν

2330 4323 2454 4396 πρός
2485 4322 2656 4396 ἕτερον
2687 4329 2784 4376 τῶν
2829 4323 3247 4399 συλλειτουργῶν,
3275 4326 3332 4378 τὸ
3363 4326 3412 4378 ἐν
3442 4325 3639 4384 τούτοις
3665 4323 3915 4398 προπετὲς

2330 4417 2421 4468 οὐκ
2451 4414 2549 4478 ἔξω
2579 4419 2759 4485 μώμου
2799 4419 2990 4472 κεῖσθαι
3019 4418 3292 4471 πιστεύων.
3333 4414 3527 4472 Ἐπειδὴ
3563 4413 3618 4468 δὲ
3657 4419 3737 4474 εἰς
3766 4415 3920 4480 ἀκμήν

2332 4507 2506 4580 ὥσπερ
2536 4509 2721 4577 ἥκομεν
2749 4514 2838 4560 τοῦ
2871 4515 3030 4561 κακοῦ
3051 4550 3063 4570 ,
3096 4507 3196 4562 δεῖν
3221 4509 3383 4580 ᾠήθην
3414 4508 3706 4576 ἀναγκαίως
3737 4508 3917 4558 ἀνεῖναι

2331 4596 2503 4650 λοιπόν
2532 4604 2620 4654 την
2647 4598 2876 4668 γλῶτταν
2897 4602 2982 4651 καί
3009 4601 3176 4652 πάντα.
3206 4601 3368 4652 εἰπεῖν
3397 4600 3460 4651 τὰ
3482 4597 3803 4668 κεκινημένα.

2404 4974 2459 5015 '0
2506 4963 2608 5034 γὰρ
2649 4962 3002 5032 μνημονευθιὶς
3051 4958 3158 5029 ἅμα
3197 4956 3644 5032 κεχειροτόνηται,
3691 4956 3781 5009 καί
3819 4951 3925 5008 δίον

2333 5063 2444 5114 ταῖς
2483 5056 2846 5124 παραινέσεσι,
2880 5061 2991 5111 ταῖς
3032 5058 3103 5113 εἰς
3133 5053 3191 5104 τό
3221 5052 3423 5122 ἀγαθὸν,
3457 5050 3684 5122 ὠφελεῖν,
3718 5050 3842 5105 τούς
3873 5065 3925 5096 τε

2333 5149 2491 5200 ἐκεῖσε
2543 5147 2694 5207 λαοὺς
2733 5151 2814 5199 καί
2857 5147 2974 5204 τοὺς
3020 5143 3502 5218 παρεπιδημοῦντας
3538 5143 3736 5205 ξένους·
3789 5142 3925 5207 παμ-

2332 5239 2505 5292 πολλοι
2533 5237 2585 5291 δέ
2617 5236 2778 5293 οὗτοι.
2808 5241 2891 5290 καί
2921 5238 3023 5290 ἀπὸ
3048 5237 3240 5297 πάσης.
3275 5237 3342 5295 ὡς
3365 5233 3492 5294 ἔπος
3515 5236 3702 5295 εἰπεῖν,
3739 5232 3925 5286 πόλεώς

2333 5352 2386 5386 τε
2418 5334 2500 5386 καί
2532 5335 2734 5405 χὼρας’
2765 5329 2992 5388 σπουδὴν
3040 5329 3181 5384 ἶθετο
3223 5329 3386 5382 λαλεῖν
3431 5326 3620 5382 ἕκτοπά
3670 5347 3818 5386 τινα,
3850 5323 3925 5374 καί

2335 5423 2434 5489 ἔξω
2477 5425 2656 5495 λόγου,
2707 5427 2787 5477 καί
2832 5423 2928 5477 ὅσα
2977 5425 3177 5498 μακράν
3205 5424 3317 5476 ἔστι
3343 5430 3433 5482 τῆς
3460 5419 3814 5478 ἀποστολικῆς
3856 5419 3925 5468 καὶ

2337 5518 2654 5590 εὐαγγελικῖκ
2694 5520 2947 5579 πίστεως,
2981 5517 3037 5573 ἣν
3079 5517 3243 5586 μέχρι
3290 5516 3475 5573 παντὸς
3513 5516 3859 5585 τετηρήκασιν
3890 5507 3925 5561 si

2335 5654 2472 5707 serie
2501 5655 2694 5706 usitata
2723 5653 3052 5707 consuetudo
3085 5653 3508 5706 commendatur.

2412 5734 2432 5760 ‘
2465 5723 2645 5788 Forte,
2677 5727 2945 5798 ἀφόρητον.
