3982 6182
135 230 222 299 us
919 228 1137 293 EPIST.
1180 232 1316 292 vm.
1348 230 1621 323 ovatus
1658 234 1685 289 Α

1793 220 2265 290 C(ELESTINUM
2303 230 2555 291 PAPAM.

3275 238 3385 298 450

136 366 322 421 semper
345 349 640 407 canstantia
686 358 1059 416 servaverunt,
1090 355 1145 403 et
1172 347 1330 402 nobis
1369 348 1517 403 velut
1562 363 1684 417 pre-

1793 349 2031 421 πατέρες,
2066 346 2357 420 παρέδοσάν
2381 368 2436 404 τε
2478 352 2595 420 ἡμῖν
2626 352 2694 412 ὦς
2721 352 3001 425 πολύτιμον
3030 360 3369 432 μαργαρίτην.

136 449 297 498 tios-.tm
328 444 667 508 margaritam
701 439 1059 495 tradiderunt.
1109 439 1260 495 Illius
1300 448 1480 495 autem
1512 439 1684 495 homi-

135 536 234 602 lias,
261 544 284 572 ι
309 549 436 606 quas
473 536 526 589 i‘u
571 532 800 589 ecclesia
831 542 886 587 et
914 531 1227 603 frequenter
1256 531 1464 600 habuit,
1497 540 1552 587 et
1588 532 1683 586 lia-

134 631 242 684 bere
282 644 381 683 non
410 636 604 694 cessat,
636 636 906 696 tamquam
958 625 1182 681 evidens
1226 625 1490 679 doctrina:
1540 624 1686 679 illius

131 727 498 790 argumentum,
527 717 594 773 ad
623 716 874 787 pietatem
921 726 1067 771 tuam
1101 715 1244 771 misi.
1288 714 1417 770 Mihi
1445 715 1683 785 quidem,

134 810 301 873 fateor.
332 812 379 864 in
410 810 583 865 animo
607 811 797 864 fuisset
826 809 1101 881 synodicis
1128 808 1278 863 illum
1302 808 1513 863 .litteris
1536 823 1685 863 com-

135 904 459 967 monefacere,
475 918 574 958 nos
586 918 709 958 cum
730 917 797 958 eo
813 900 905 973 qui
924 902 1047 957 talia
1069 901 1213 957 dicat
1236 916 1299 956 ac
1325 901 1518 956 sentiat
1537 915 1685 955 com-

135 996 377 1052 municare
406 1011 511 1050 non
536 1010 695 1065 posse
719 1013 733 1050 :
756 994 850 1049 sed
885 994 988 1049 hoc
1013 1010 1121 1049 non
1163 993 1285 1048 feci.
1312 993 1480 1047 [tatus
1502 1004 1681 1048 tamen

133 1087 271 1156 lapsis
298 1102 511 1143 manum
528 1086 931 1159 porrigendum,
956 1093 1366 1157 prostratosque
1398 1095 1455 1139 tit
1489 1084 1682 1139 fratres

132 1183 387 1253 erigendos
406 1199 554 1251 esse;
579 1184 730 1239 illum
755 1198 850 1253 per
869 1181 1079 1237 litteras
1100 1178 1127 1218 δ
1146 1178 1463 1235 exhortatus
1483 1194 1601 1233 sum
1624 1188 1684 1234 ut

132 1289 154 1328 a
167 1290 317 1346 prava
338 1275 641 1346 huiusmodi
666 1276 915 1332 doctrina
932 1272 1267 1329 abscederet.
1283 1272 1389 1327 Sed
1404 1271 1536 1327 nihil
1558 1286 1685 1340 pro-

132 1366 389 1422 movimus.
426 1366 595 1422 lmtno
622 1367 713 1422 ubi
739 1365 929 1421 didicit
965 1374 1171 1419 tantum
1193 1363 1382 1418 abesse
1405 1374 1462 1418 ut
1490 1363 1681 1417 eadem

127 1463 410 1527 sentiamus,
428 1471 486 1517 ut
509 1477 633 1517 eum
662 1459 824 1516 etiam
853 1457 1230 1527 objurgemus,
1262 1465 1317 1512 et
1346 1471 1376 1511 a
1398 1457 1511 1511 suis
1534 1471 1683 1512 com-

125 1552 293 1607 mentis
321 1554 456 1625 (non
489 1553 634 1609 enim
664 1551 922 1621 dogmata
950 1547 1201 1618 dixerim)
1230 1548 1472 1603 discedat
1498 1548 1683 1602 admo-

123 1658 352 1712 neamus;
382 1647 587 1701 nullam
630 1643 1007 1699 struendarum
1032 1640 1342 1696 insidiarum
1390 1642 1530 1696 viam
1573 1656 1680 1698 non

1788 442 1878 492 Καί
1904 442 1999 498 τὰς
2031 441 2119 503 μὲν
2144 437 2339 508 ὁμιλίας
2361 481 2374 504 ,
2405 440 2464 499 ἃς
2497 441 2574 495 ἐπ’
2598 443 2865 505 ἐκκλησίας
2893 445 3077 521 εἴρηκε,
3109 452 3193 503 καί
3220 456 3373 505 τοῦτο

1787 531 2104 593 πλειστάκις.
2129 536 2214 585 καί
2238 533 2395 603 λέγων
2419 535 2475 586 οὐ
2491 536 2737 598 παύεται,
2764 539 3008 612 πέπομφα
3031 548 3093 614 τῇ
3122 552 3186 616 σῇ
3203 544 3374 598 θεοσεο

1792 624 1924 697 ϐείᾳ,
1959 626 2025 683 ὡς
2054 622 2244 682 εἴδησιν
2274 626 2479 701 ἀκριϐῆ.
2528 631 2652 701 Ἐγώ
2690 627 2743 683 δὲ
2775 628 3034 703 ὁμολογῶ,
3059 637 3220 688 καίτοι
3247 636 3372 707 βου·

1787 716 1953 776 ληθείς
1995 717 2243 790 συνοδικῶ
2284 721 2549 794 γράμματι
2586 725 2796 795 φανερόν
3015 736 3370 797 καταστῆσαι,

1788 806 1867 862 ὅτι
1894 816 2062 864 ταῦτα
2088 810 2282 883 λέγοντι
2320 815 2405 866 καί
2427 820 2688 887 φρονοῦντι
2728 824 2980 871 κοινωνεῖν
3010 821 3067 872 οὐ
3092 818 3370 891 δυνάμεθαο

1785 905 1941 954 τοῦτο
1978 902 2067 969 μὲν
2114 902 2169 953 οὐ
2215 904 2489 960 πεποίηκα·
2528 905 2859 978 λογισάμενος
2887 906 2972 976 δὲ,
3006 908 3085 966 ὅτι
3122 917 3232 986 χρὴ
3269 921 3376 974 τοῖς

1788 990 2089 1049 ὀλισθήσασι
2137 1001 2292 1067 χεῖρα
2337 993 2666 1060 διδόναι,καί
2712 1003 2781 1062 ὡς
2825 1000 3071 1074 ἀδελφοὺς
3117 1004 3376 1069 πεσόντας

1786 1085 2005 1160 ἓγεῖραι,
2052 1091 2321 1163 παρῄνεσα
2373 1087 2458 1144 διὰ
2502 1096 2846 1167 γραμμάτων,
2899 1097 3238 1167 ἀποσχέσθαι
3286 1110 3375 1161 τῆς

1785 1178 2023 1239 τοιαύτης
2067 1177 2384 1244 κακοδοξίας.
2414 1182 2538 1235 Ἀλλ’
2570 1187 2838 1257 ὠνήσαμεν
2878 1185 3044 1242 οὐδέν.
3093 1188 3290 1249 Ἐπειδὴ
3320 1188 3377 1245 δέ

1786 1273 2083 1343 μεμάθηκεν,
2109 1270 2187 1328 ὅτι
2218 1281 2464 1329 τοσοῦτον
2494 1278 2850 1351 ἀφεστήκκμεν
2880 1288 2971 1335 τοῦ
3004 1283 3068 1337 τά
3096 1284 3232 1338 αὐτὰ
3257 1305 3373 1355 φρο-

1784 1371 1881 1418 νεῖν
1901 1406 1912 1426 .
1946 1366 2015 1425 ὡς
2044 1367 2129 1419 καί
2159 1366 2483 1425 ἐπιπλήττειν
2520 1370 2676 1424 αὐτόν
2713 1381 3025 1440 μεταστῆναι
3053 1381 3152 1429 τῶν
3183 1378 3376 1431 οἰκείων

1786 1456 2117 1530 εὑρημάτων,
2150 1459 2207 1511 οὐ
2237 1460 2334 1534 γάρ
2366 1454 2427 1515 ἂν
2455 1458 2647 1533 εἴποιμι
2673 1460 2959 1537 δογμάτων,
2989 1468 3156 1523 πάντα
3186 1468 3372 1542 τρόπον

1786 1547 2056 1610 ἐπιϐουλῆς
2085 1552 2329 1616 κεκίνηκε,
2374 1555 2457 1606 καί
2500 1555 2573 1612 εἰς
2623 1552 2706 1608 ἔτι
2750 1557 2977 1611 σαλεύων
3022 1559 3081 1611 οὐ
3127 1561 3369 1616 παύεται.

1784 1633 1905 1692 Ὀτε
1936 1637 1987 1694 δὲ
2016 1639 2405 1715 προσεδοκῶμεν
2434 1643 2582 1697 αὐτόν
2608 1644 3000 1716 θεραπεύεσθαι,
3031 1652 3114 1703 καί
3134 1651 3376 1722 ἀποσχόο

121 1742 347 1804 tentavit,
370 1750 431 1795 et
448 1739 553 1794 huc
576 1753 745 1809 usque
768 1746 971 1793 tentare
997 1752 1103 1791 non
1128 1746 1324 1792 cessat.
1342 1738 1475 1792 Dum
1504 1746 1682 1791 autem

1793 1736 1906 1790 σθαι
1932 1741 2033 1789 τῶν
2057 1736 2184 1789 κατά
2212 1742 2434 1810 Χριστοῦ
2466 1734 2732 1808 δογμάτων
2753 1780 2765 1799 ,
2798 1737 3014 1814 ἔγνωμεν
3050 1741 3126 1797 ὅτι
3154 1741 3372 1819 διημαρ-

117 1831 551 1901 exspectabamus
577 1831 750 1887 donec
778 1829 1133 1899 resipisceret,
1162 1829 1299 1885 etab
1325 1829 1391 1883 iis
1411 1843 1531 1897 quae
1557 1844 1683 1884 con-

116 1931 176 1977 tra
205 1922 492 1979 Cbri’stum
521 1922 1114 1992 docueratabstineret,
1148 1921 1248 1977 hac
1277 1937 1376 1978 nos
1397 1938 1493 1991 spe
1523 1923 1685 1978 falsos

118 2031 215 2072 esse
241 2019 636 2088 comperimus,
665 2033 783 2072 cum
816 2018 922 2074 tale
949 2017 1078 2089 quid
1106 2019 1445 2089 contigisset.

170 2109 217 2164 5.
255 2108 386 2164 Erat
416 2110 883 2182 Consmntinopoli
931 2112 1223 2181 episcopus
1257 2121 1279 2150 ο
1319 2111 1537 2167 nomine
1584 2111 1687 2167 Do-

118 2203 334 2267 rotheus.
368 2205 562 2261 eadem
593 2221 712 2276 qua:
736 2206 826 2261 ille
857 2205 1121 2273 sentiens,
1154 2206 1237 2259 vir
1257 2212 1494 2275 qumstus
1524 2219 1684 2260 causa

118 2296 385 2352 adulationi
414 2297 653 2365 deditus,
690 2298 979 2368 linguaque
1013 2299 1078 2352 ad
1109 2298 1463 2353 temeritatem
1492 2313 1680 2369 usque,

117 2388 229 2444 sicut
252 2392 516 2461 scriptum
545 2402 651 2455 est,
675 2402 977 2462 promptus.
1000 2391 1049 2445 Is
1073 2393 1123 2446 in
1155 2391 1369 2461 publico
1392 2402 1682 2460 conventu,

116 2485 550 2541 revereudissimo
575 2483 826 2541 Nestorio
857 2484 909 2537 in
941 2484 1195 2540 cathedra
1226 2483 1681 2554 Constantinopo-

117 2571 269 2630 litana:
295 2577 554 2634 ecclesiae
585 2576 826 2640 sedente,
862 2589 1091 2645 surgens
1130 2591 1317 2645 magna
1356 2591 1492 2633 voce
1519 2576 1685 2631 incla-

117 2682 238 2725 mare
271 2687 438 2727 ausus
492 2679 615 2725 cst:
666 2670 722 2727 Si
750 2672 872 2742 quis
898 2669 1117 2725 Mariam
1151 2670 1431 2739 Deiparam
1459 2669 1683 2737 dixerit,

118 2764 374 2819 anathema
406 2765 505 2819 sit.
534 2762 671 2818 Tum
703 2763 893 2835 ingens
918 2764 1154 2818 universi
1182 2763 1367 2833 populi
1390 2764 1594 2817 clamor
1631 2769 1686 2817 et

120 2853 355 2912 discessio
398 2864 697 2913 consecuta
752 2866 857 2913 est.
930 2854 1199 2911 Nolebant
1247 2854 1391 2910 enim
1442 2870 1563 2910 cum
1619 2853 1685 2908 iis

119 2952 323 3019 amplius
351 2952 794 3007 communionem
825 2948 1043 3013 habere,
1083 2948 1175 3018 qui
1204 2949 1327 3001 talia
1376 2949 1682 3010 sentirent;

115 3042 222 3096 adeo
243 3055 299 3101 ut
320 3046 627 3101 etiamnum
667 3043 820 3112 plebs
847 3041 1469 3110 Constantinopolitana,
1501 3037 1686 3108 paucis

115 3131 386 3194 levioribus
416 3146 475 3192 ct
501 3137 591 3203 qui
619 3106 696 3190 illi
725 3134 1011 3188 adulantur
1048 3106 1309 3200 exceptis,
1342 3106 1531 3200 synaxi
1562 3130 1684 3182 ahs—
1712 3106 1759 3165 (ἶ

114 3226 284 3294 liueat,
337 3228 442 3283 sed
501 3240 674 3294 neque
719 3240 785 3278 eo
822 3225 1148 3279 conveniunt
1185 3223 1509 3279 monasteria
1549 3235 1686 3291 pene

114 3322 261 3375 omnia
285 3332 597 3387 eorumque
623 3314 1060 3371 archimandritm
1085 3328 1139 3370 et
1169 3324 1478 3369 senatorum
1508 3312 1684 3379 multi,

114 3422 341 3469 verentes
372 3426 449 3466 tte
497 3408 711 3479 aliquod
743 3410 794 3463 in
826 3408 932 3464 title
960 3407 1346 3464 detrimentum
1397 3405 1683 3474 accipiant,

114 3515 210 3557 cum
239 3514 295 3559 et
323 3503 439 3567 ille,
474 3511 529 3557 et
554 3500 590 3554 ii
616 3515 808 3555 omnes
832 3496 858 3537 (ι
882 3515 1016 3571 quos
1043 3514 1228 3555 secum
1252 3497 1541 3554 Antiochia
1571 3497 1684 3552 dis-

118 3594 291 3651 cedens
321 3593 575 3659 addusit,
607 3608 860 3662 perversa
891 3592 1205 3661 praedicent.

173 3685 221 3739 ε.
246 3687 383 3743 Cum
410 3695 592 3742 autem
619 3685 857 3741 bomiliis
885 3685 1006 3757 ejus
1032 3687 1084 3741 in
1116 3684 1410 3757 Egyptum
1444 3686 1686 3757 perlatis,

125 3772 337 3836 leviores
347 3778 617 3851 quosdam
635 3778 689 3833 in
712 3791 952 3835 errorem
967 3777 1248 3844 abductos,
1267 3786 1688 3848 cunctantesque

124 3878 315 3927 rectene
364 3872 686 3942 loqueretur
729 3886 797 3924 an
854 3880 1063 3926 erraret
1116 3870 1343 3925 invicem
1399 3871 1689 3940 quaeritare

126 3959 437 4029 didicissem;
470 3962 674 4017 veritus
705 3978 773 4018 ne
800 3962 972 4018 morbi
1004 3965 1311 4032 contagium
1338 3962 1558 4017 altiores
1600 3977 1687 4018 ra-

125 4047 246 4107 dices
268 4053 322 4109 in
352 4052 749 4123 simpliciorum
798 4052 1070 4109 mentibus
1097 4061 1303 4123 ageret,
1353 4052 1421 4107 ad
1463 4050 1683 4125 Atlgypti

128 4147 420 4202 monasteria
449 4145 763 4217 generalem
793 4146 1074 4217 epistolam
1106 4156 1129 4184 ο
1157 4147 1368 4215 scripsi,
1404 4156 1461 4200 ut
1496 4161 1682 4202 eorum

128 4240 389 4295 monachos
418 4242 478 4294 in
512 4249 657 4294 recta
686 4238 790 4295 tide
822 4239 1222 4295 conﬁrmarem.
1263 4237 1432 4309 Cujus
1460 4240 1680 4310 quidem

129 4326 339 4393 epistolas.
367 4330 625 4401 exempla
651 4332 1174 4403 ConstantinOpolim
1220 4348 1248 4385 a
1285 4333 1558 4389 nonnullis
1588 4334 1680 4390 de.

1785 1832 2009 1898 τήκαμεν
2034 1835 2126 1887 τῆς
2148 1826 2365 1891 ἐλπίδος,
2394 1830 2630 1883 τοιούτου
2660 1831 2794 1891 τινὸς
2822 1834 3104 1905 γεγονότος.

1855 2115 1945 2171 Ἦν
1966 2118 2015 2171 ἐν
2034 2116 2551 2173 κωνσταντινουπόλει
2574 2119 2851 2179 ἐπίσκοπος
2873 2119 3078 2192 ὀνόματι
3102 2125 3372 2199 Δωρόθεος,

1786 2212 1851 2266 τά
1878 2212 2003 2266 αὐτά
2041 2218 2232 2284 φρονῶν
2270 2213 2442 2282 αὐτῷ,
2476 2212 2603 2287 ἀνὴρ
2640 2212 2940 2287 χρειοκόλαξ
2987 2216 3075 2268 καί
3114 2224 3376 2292 προπετὴς

1788 2303 2007 2374 χείλεσι,
2037 2305 2202 2364 καθὼς
2217 2306 2525 2377 γέγραπταυ
2551 2301 2604 2366 ὃς
2631 2307 2682 2358 ἐν
2714 2306 2919 2369 συνάξει
2941 2308 3265 2380 καθεζομένου
3289 2307 3376 2365 ίπί

1785 2399 1879 2447 τοῦ
1907 2393 2079 2469 θρόνου
2112 2404 2205 2455 τῆς
2234 2393 2533 2456 Ἐκκλησίας
2560 2401 2649 2451 τοῦ
2690 2403 2783 2457 τῆς
2811 2399 3376 2463 Κωνσταντινουπόλεως

1787 2488 2158 2544 εὐλαϐεστάτου
2197 2492 2502 2565 Νεστορίου,
2534 2492 2761 2551 ἀναστάς
2790 2490 2984 2565 μεγάλῃ
3017 2501 3080 2570 τῇ
3118 2502 3253 2570 φωνῇ
3288 2517 3375 2552 τι.

1786 2582 2025 2652 τόλμηκεν
2057 2584 2235 2637 εἰπεῖν’
2271 2580 2321 2636 εἴ
2342 2604 2421 2643 τις
2449 2578 2691 2639 Θεοτόκον
2718 2579 2841 2639 εἶναι
2870 2585 3003 2659 λέγει
3025 2593 3114 2648 τὴν
3145 2591 3372 2662 Μαρίαν.

1787 2670 1937 2735 οὗτος
1961 2676 2180 2747 ἀνάθεμα
2204 2673 2236 2729 ἕ
2237 2696 2365 2729 στω.
2398 2678 2487 2729 καί
2504 2677 2675 2747 γέγονε
2699 2680 2790 2746 μὲν
2810 2684 3002 2751 κραυγή
3022 2681 3210 2752 μεγάλη
3231 2687 3376 2756 παρά

1786 2765 1974 2825 παντὸς
2000 2771 2093 2820 τοῦ
2118 2765 2267 2829 λαοῦ,
2298 2768 2379 2819 καί
2408 2764 2620 2841 ἐκδρομὴ
2674 2768 2747 2820 Οὐ
2774 2768 2873 2840 γάρ
2902 2767 3070 2825 ἤθελον
3097 2768 3172 2824 ἔτι
3199 2792 3371 2826 κοινω·

1785 2861 1889 2908 νεῖν
1918 2856 2093 2916 αὐτοῖς
2132 2862 2348 2911 τοιαῦτα
2378 2862 2667 2931 φρονοῦσιν.
2708 2854 2870 2912 Ὠστε
2906 2862 2991 2912 καί
3028 2865 3117 2914 νῦν
3150 2860 3367 2915 ἀποσυν-

1788 2948 1970 3006 άκτους
2002 2944 2127 3004 εἶναι
2164 2951 2284 3008 τούς
2308 2949 2462 3009 λαοὺς
2489 2958 2581 3009 τῆς
2611 2953 3209 3016 Κωνσταντινουπόλεως,
3249 2954 3377 3014 πλην

1792 3037 1968 3105 ὀλίγων
1998 3040 2358 3113 ἐλαφροτέρων,
2376 3043 2463 3093 καί
2490 3048 2591 3094 τῶν
2620 3040 2988 3095 κολακευόντων
3016 3044 3184 3098 αὐτόν.
3218 3047 3292 3099 Τά
3318 3044 3370 3102 δὲ

1788 3130 2105 3203 μοναστήρια
2128 3128 2321 3199 σχεδὸν
2343 3128 2542 3183 ἅπαντα
2562 3134 2645 3184 καί
2663 3131 2708 3184 οἱ
2729 3132 2924 3184 τούτων
2951 3133 3376 3211 ἀρχιμανδρῖται.

1788 3224 1995 3281 καὶτῆς
2032 3222 2321 3293 συγκλήτου
2360 3222 2535 3276 πολλοὶ
2571 3225 2628 3276 οὐ
2667 3226 2976 3295 συνάγονται
2999 3267 3009 3283 ,
3045 3224 3266 3290 δεδιότες
3309 3237 3379 3299 μη

1789 3309 2091 3371 ἀδικηθῶσιν
2112 3315 2182 3374 είς
2212 3317 2408 3380 πίστιν,
2433 3315 2588 3368 αὐτοῦ
2616 3318 2700 3370 καί
2722 3322 2823 3370 τῶν
2852 3318 2950 3371 σὺν
2976 3320 3136 3393 αὐτῷ.
3163 3318 3252 3381 οὓς
3276 3323 3379 3377 ἀπὸ

1789 3416 1882 3467 τῆς
1915 3405 2227 3477 Ἀντιοχείας
2256 3406 2538 3462 ἀναϐαίνων
2568 3407 2745 3482 ἤγαγε,
2779 3409 2982 3466 πάντων
3009 3411 3288 3470 λαλοῦντων
3312 3416 3378 3471 τὰ

1791 3498 2190 3577 διεστραμμένα.

1860 3677 2060 3739 Ἐπειδὴ
2089 3677 2144 3734 δὲ
2169 3686 2269 3734 τῶν
2295 3678 2499 3753 ὁμιλιῶν
2540 3684 2693 3738 αὐτοῦ
2727 3683 3028 3753 ἕνεχθεισῶν
3065 3686 3137 3745 είς
3168 3690 3261 3745 τήν
3290 3683 3373 3742 Δῖ-

1790 3793 2003 3849 γυπτον.
2036 3769 2226 3846 ἔμαθον
2265 3769 2343 3827 ὅτι
2384 3772 2706 3847 ἔλαφρότεροί
2740 3791 2872 3830 τινες
2913 3776 3375 3843 συνηρπάσθησαν.

1790 3870 1874 3922 καί
1914 3866 2087 3921 λοιπὸν
2116 3863 2453 3928 ἐνδοιάζοντες
2502 3863 2630 3938 πρὸς
2680 3860 2921 3920 ἀλλήλους
2962 3860 3194 3932 ἔφασκον·
3237 3862 3376 3937 'Apa

1791 3960 1952 4034 ὀρθῶς
1975 3958 2136 4031 λέγει;
2170 3951 2273 4029 ἆρα
2310 3956 2586 4019 inluviem
2620 3952 2857 4012 δεδοικώς
2885 3957 2954 4025 μὴ
2991 3953 3172 4029 ριζωθῇ
3197 3956 3262 4009 τά
3288 3964 3377 4016 τῆς

1785 4053 1939 4107 νόσου
1977 4053 2027 4105 ἐν
2067 4058 2179 4111 ταῖς
2214 4058 2316 4105 τῶν
2350 4048 2713 4119 ἁπλουστέρων
2748 4045 2960 4117 ψυχαῖς
2986 4084 3001 4109 ,
3039 4042 3243 4119 ἔγραψα
3274 4053 3379 4106 τοῖς

1786 4146 1917 4200 κατά
1958 4149 2049 4203 τὴν
2085 4140 2340 4216 Αἴγυπτον
2378 4141 2737 4214 μοναστηρίοις
2774 4136 3035 4198 καθολικὴν
3082 4137 3345 4197 ἐπιστολὴν
3362 4178 3377 4201 ,

1786 4238 2010 4309 βεϐαιῶν
2034 4239 2220 4296 αὐτοὺς
2245 4239 2317 4295 είς
2345 4238 2522 4291 πίστιν
2547 4234 2716 4304 ὀρθήν.
2748 4227 2873 4288 Εἶτά
2890 4252 3022 4295 τινες
3046 4234 3306 4306 ἀπήγαγον
3327 4231 3379 4285 ίν

1786 4338 1850 4405 τῇ
1886 4327 2409 4385 ιωνσταντινουπόλει
2449 4328 2517 4381 τά
2556 4319 2669 4393 ἶσα,
2703 4327 2788 4381 καί
2819 4326 3091 4397 ὠφέληνται
3126 4324 3220 4397 μίν
3255 4323 3374 4379 ἀνα·

187 4518 209 4546 ⁸
232 4510 513 4583 Νοειοτίιιε
537 4511 651 4583 ipse
668 4528 945 4583 exegeseon
960 4528 1172 4567 suarum
1193 4512 1558 4583 quaterniones
1582 4511 1690 4580 jam
1717 4514 1775 4576 Ι)
1803 4506 2036 4583 Cyrillus
2062 4512 2250 4583 apart.
2276 4501 2719 4583 goncil.‘E.phes.
2748 4516 2869 4571 cap.
2903 4502 2971 4557 10
2999 4502 3239 4583 exponit,
3268 4512 3380 4583 sta-

134 4578 187 4653 id
222 4578 573 4653 Caelestinum
621 4578 863 4649 miserat,
916 4593 972 4637 ut
1019 4578 1252 4653 Cyrillus
1300 4584 1383 4653 ad,
1422 4578 1684 4638 Joannem

134 4651 498 4724 dnliocbeuutu
547 4655 740 4711 concil.
796 4653 996 4723 Ephes.
1040 4651 1226 4724 tipart.
1278 4669 1332 4707 c.
1361 4652 1427 4707 ει
1476 4653 1683 4707 scribit.

134 4720 275 4784 Quam
302 4728 368 4780 ob
388 4741 636 4793 causam,
668 4720 1065 4796 inquit’ibidem
1090 4720 1369 4796 'Cyrillus,
1397 4724 1687 4796 compulsus

136 4803 225 4869 tum
249 4805 293 4847 et
315 4813 405 4869 ego
445 4814 645 4869 quoque
673 4814 731 4850 ea
743 4794 929 4869 omnia
956 4810 1069 4869 quo:
1097 4794 1229 4869 inter
1260 4811 1338 4849 me
1356 4804 1405 4848 et
1430 4794 1581 4869 illum
1607 4796 1688 4847 in-

138 4864 437 4939 tercesserunt
458 4864 668 4939 '(eidem
693 4864 866 4936 νίψω)
891 4868 1119 4939 aperire.
1150 4867 1262 4939 Hos
1288 4877 1468 4939 autem
1499 4864 1689 4919 Nesto-

139 4931 190 4983 rii
205 4931 586 5007 quaterniones
610 4931 711 4993 sibi
743 4931 1188 5007 per'Aiitiochum
1219 4937 1389 4990 virum
1419 4937 1684 4991 illustrem

142 5002 346 5075 redditos
367 5013 535 5065 luisse
546 5002 869 5064 leestinus
885 5009 1018 5061 intra
1038 5007 1088 5061 in
1106 5007 1333 5075 epistola
1352 5007 1412 5061 11
1436 5015 1681 5061 testatur.

196 5068 557 5148 §Litterarum
590 5081 801 5135 illarum
843 5078 1089 5148 exempla
1132 5068 1234 5131 una
1275 5092 1395 5131 cum
1435 5080 1535 5132 hac
1575 5077 1690 5144 epi-

145 5144 256 5221 stola
297 5152 358 5205 ad
400 5150 755 5207 Caelestinum
798 5144 1018 5204 misisse
1061 5163 1120 5203 se
1164 5149 1396 5221 Cyrillus
1425 5149 1477 5221 in
1529 5148 1689 5202 modo

147 5208 593 5294 laudata_epistola
623 5223 689 5277 ad
719 5222 980 5294 Joannem
1016 5208 1425 5294 commemorat.
1463 5220 1692 5274 Exstant

147 5291 292 5362 lpart.
318 5290 521 5350 Concil.
555 5293 755 5362 Ephes.
781 5308 898 5362 cap.
925 5290 979 5356 6,
1011 5302 1063 5346 et
1089 5292 1230 5362 apud
1257 5292 1527 5346 Baluzium
1560 5305 1684 5362 nov.

147 5357 247 5435 139.".
276 5366 461 5435 concil.
507 5380 561 5434 p.
585 5357 711 5435 itit),
745 5380 807 5418 cx
841 5357 1056 5432 antiqua
1092 5357 1556 5435 interpretatione,
1591 5360 1686 5415 sed

148 5422 231 5506 alia
255 5431 317 5487 ab
337 5448 397 5489 ea
435 5422 596 5506 quam
629 5422 911 5506 Liberatus
943 5422 1084 5490 tl'iac.
1115 5422 1250 5499 cap:
1282 5436 1315 5488 4
1358 5422 1551 5503 primis
1596 5445 1684 5486 ca-

149 5502 245 5551 ηιη
264 5505 437 5571 verbis
454 5502 672 5571 'relatis,
696 5521 755 5560 se
778 5505 975 5559 vidisse
1005 5506 1220 5558 indicat.

176 5634 186 5645 _
211 5576 230 5605 '
256 5570 473 5640 Scilicet,
509 5570 921 5645 Marcianopolis
946 5576 996 5628 in
1026 5575 1237 5638 Mmsia,
1258 5573 1414 5639 quiet
1434 5573 1486 5627 in
1506 5571 1682 5645 Ephe-

155 5644 249 5718 δῑης)
275 5644 542 5718 latrocinio
572 5648 754 5718 Cyrilli
787 5664 847 5702 at:
884 5646 1181 5718 Memnonis
1206 5645 1531 5718 depositioni
1556 5644 1686 5698 sub-

155 5710 350 5775 κΐίυιίι.
379 5715 583 5775 Rursus
609 5710 855 5775 eamdem
903 5717 1140 5792 episc0pi
1169 5710 1325 5790 hujus
1356 5715 1683 5787 impietatem

1799 4571 2001 4648 tit'nque
2029 4571 2208 4648 subdit
2232 4591 2245 4628 :
2274 4572 2411 4648 Quid
2433 4571 2697 4648 vetabat__et
2736 4588 2830 4625 nos
2862 4588 3061 4648 quoque
3085 4575 3287 4648 rocibus
3311 4574 3379 4627 il-

1794 4652 1894 4704 lius
1916 4642 2198 4701 'contrart'is
2236 4645 2486 4708 scribere,
2519 4657 2579 4695 ac
2609 4642 2775 4714 dicere
2810 4643 3148 4714 .:_Anathema
3190 4645 3257 4697 sit
3291 4647 3379 4714 qui

1796 4720 2021 4775 Mariam
2060 4715 2343 4787 Deiparam
2367 4729 2474 4767 esse
2514 4712 2754 4787 negavit?
2811 4712 3004 4787 Verum
3026 4715 3098 4787 id,
3122 4712 3379 4787 tinum...

1794 4802 2015 4863 propter
2029 4784 2325 4863 Nestorium
2350 4789 2519 4863 facere
2543 4784 2709 4849 nolui,
2731 4800 2798 4863 ne
2816 4785 2918 4838 sint
2943 4786 3043 4863 qui.
3065 4785 3347 4863 Alexandri
3365 4817 3379 4826 ο

1793 4853 1914 4915 nun}
1937 4861 2234 4929 episcopum
2251 4853 2614 4929 Αἰσῃριίαηιιιε
2632 4853 2885 4929 synodum
2897 4853 3243 4929 attatttematt's
3266 4873 3349 4929 seu
3359 4884 3381 4897 ‹

1790 4924 2005 4987 tentiam
2032 4932 2086 4984 in
2112 4924 2420 4983 Nestori—uin
2469 4924 2667 4979 tulisse
2694 4926 2889 4979 dicant.
2933 4926 3001 4981 Et
3030 4928 3128 4979 hac
3158 4927 3373 4996 quidem

1792 5019 1923 5058 usus
1961 5012 2043 5057 est
2072 4999 2464 5064 moderatione,
2501 5007 2611 5050 tum
2641 5005 2699 5050 ut
2724 5008 2946 5051 caveret
2975 4995 3232 5064 schisma,
3264 5008 3375 5053 Iunt

1791 5076 1954 5129 etiam
1980 5088 2047 5128 ne
2074 5069 2358 5138 Theophili
2384 5068 2634 5124 avunculi
2659 5069 2880 5137 suierga
2910 5066 3174 5124 Joannem
3202 5068 3378 5140 Chry-

1794 5156 2091 5200 Sustomum
2134 5142 2464 5211 iniquitatem
2488 5140 2685 5194 imitari
2720 5148 3016 5204 putarctur.

1864 5214 1890 5252 ά
1920 5217 2062 5270 Inter
2092 5210 2374 5283 perversos
2396 5211 2535 5283 illos
2576 5224 2878 5283 praecones.
2913 5225 3051 5279 quos
3095 5210 3376 5283 Nestorius

1793 5287 2072 5341 Antiochia
2094 5280 2293 5340 secum
2342 5282 2659 5352 adduxerat,
2714 5296 2742 5335 a
2782 5280 3035 5336 Liberato
3064 5296 3112 5335 c.
3144 5280 3199 5347 4,
3259 5292 3379 5352 post

1792 5357 2070 5412 Socratem
2105 5356 2198 5408 lih.
2230 5368 2373 5427 vttc.
2401 5350 2499 5427 βε,
2529 5360 2743 5407 notatur
2787 5352 3101 5427 Anastasius
3151 5350 3377 5427 pmgby-

1793 5437 1896 5493 ter,
1923 5428 2014 5498 qui
2036 5428 2096 5498 riu
2127 5426 2354 5498 ecclesia
2381 5422 2603 5498 docens,
2654 5433 2791 5478 teste
2832 5423 3082 5498 Socrate,
3116 5426 3291 5498 erupit
3316 5422 3375 5498 in

1795 5491 1912 5555 lure
1937 5491 2095 5552 verba
2131 5514 2144 5550 :
2186 5494 2345 5548 Nemo
2400 5491 2626 5546 Mariam
2674 5505 2815 5547 vocet
2851 5492 3149 5557 Deiparam.
3204 5491 3376 5551 Maria

1794 5570 1927 5622 enim
1976 5570 2126 5621 homo
2164 5567 2283 5636 fuit,
2332 5580 2393 5618 ea:
2438 5564 2642 5617 homine
2691 5576 2860 5619 autem
2920 5563 3057 5617 Deus
3103 5566 3245 5620 nasci
3273 5582 3376 5623 non

1795 5650 2057 5783 Ρωξεδυαξ
2085 5707 2137 5768 in
2166 5708 2421 5782 Ephesini
2450 5708 2661 5766 concilii
2695 5722 2710 5761 ι
2740 5717 2887 5780 Ρ³¹’¹⁰
2910 5724 2961 5762 θ’
2987 5706 3023 5763 2
3053 5705 3301 5772 1³³1³⁸⁸⁸⁷⁸
