3982 6182
594 159 698 219 481

598 283 832 346 portata,
883 271 1067 344 ibique
1110 270 1271 338 lecta,
1306 281 1457 327 tanto
1500 272 1813 341 adjumento
1858 270 2099 338 fuerunt,
2132 280 2189 327 ut
2217 274 2262 335 Α

599 370 819 439 plurimi
849 382 881 423 e
910 369 1225 437 magistratu
1260 366 1392 421 mihi
1417 368 1534 435 ejus
1560 382 1719 421 causa
1753 369 1952 436 gratias
1985 382 2078 436 per
2106 368 2192 421 lit-

600 473 748 519 teras
777 464 1008 532 egerint.
1043 460 1238 515 Verum
1272 460 1375 513 hoc
1407 468 1431 495 ι
1462 459 1564 529 ipsi
1596 460 1689 513 irae
1733 469 1917 513 contra
1949 475 2035 513 me
2064 475 2187 515 sns-

597 568 767 627 ceptae
790 557 1082 611 fomentum
1104 552 1552 607 subministravit.
1584 552 1665 605 Me
1692 552 1875 621 itaque
1898 560 1956 605 ut
1978 555 2189 605 hostem

598 651 896 719 impugnat,
925 646 1067 700 aliud
1099 646 1259 715 plane
1309 644 1445 699 nihil
1479 644 1544 698 de
1593 658 1699 711 quo
1728 657 1815 697 me
1846 645 2054 698 incuset
2091 643 2190 695 ba-

596 742 751 807 bens,
781 740 880 794 nisi
924 738 1067 808 quod
1096 738 1164 791 ab
1211 734 1277 791 iis
1324 752 1446 806 qua:
1496 734 1661 790 sentit
1697 733 1986 801 abhorreo,
2046 749 2192 789 eam-

596 847 701 902 que
740 845 901 903 quam
931 844 960 883 a
991 829 1234 899 patribus
1272 828 1598 897 accepimus,
1633 834 1689 881 et
1723 841 1791 881 ex
1822 827 2018 880 divinis
2047 824 2195 882 Scri-

597 925 769 994 ptnris
794 924 1101 989 didicimus,
1128 923 1287 977 ﬁdem
1311 921 1743 990 amplectendam
1764 935 1883 975 esse
1904 922 2047 975 serio
2066 928 2195 988 per-

596 1017 854 1083 suadens,
878 1016 1078 1070 multos
1103 1014 1169 1069 ad
1193 1028 1377 1068 sanam
1393 1021 1625 1067 mentem
1643 1011 1967 1066 reduxerim.
1994 1012 2199 1066 Verum

598 1109 754 1165 ﬂocci
809 1107 1011 1164 faciens
1059 1122 1179 1178 quae
1217 1108 1502 1161 adversum
1555 1120 1641 1159 me
1684 1104 2021 1159 machinatus
2074 1114 2194 1170 est,

599 1203 818 1273 Deoque
842 1203 934 1272 qui
959 1204 1138 1255 omnia
1163 1200 1309 1253 novit
1338 1208 1394 1252 et
1424 1199 1587 1261 valet,
1612 1199 1957 1251 committens
1989 1196 2195 1262 omnia,

600 1297 829 1350 alteram
862 1309 1049 1348 rursus
1081 1290 1110 1329 ι’
1134 1291 1442 1360 epistolam,
1475 1303 1596 1357 quae
1640 1296 1802 1342 recta:
1831 1286 1954 1341 ﬁdei
1984 1287 2198 1355 exposi-

603 1389 803 1442 tionem
832 1386 981 1440 brevi
1012 1382 1336 1453 compendio
1363 1382 1843 1451 complecteretur,
1894 1380 1960 1434 ad
1990 1394 2199 1435 memo-

602 1492 778 1535 ratum
812 1479 956 1543 misi,
983 1477 1209 1531 hortans
1236 1474 1399 1528 simul
1423 1483 1479 1529 et
1501 1475 1777 1529 obtestans
1804 1487 1873 1528 ne
1900 1471 2043 1526 aliud
2066 1486 2198 1527 sen-

603 1575 730 1627 tiret
758 1587 821 1625 ac
845 1572 1179 1639 loqueretur.
1211 1568 1317 1623 Sed
1350 1584 1447 1623 nec
1480 1583 1697 1622 rursum
1747 1567 2040 1637 quidquam
2072 1580 2202 1637 pro-

604 1664 727 1718 feci.
762 1662 832 1717 lis
871 1663 1013 1716 enim
1045 1676 1165 1730 quae
1193 1660 1261 1713 ab
1290 1660 1446 1713 initio
1475 1669 1812 1715 commentus
1861 1659 2059 1724 fuerat,
2092 1659 2198 1715 huc
2227 1662 2276 1723 B

604 1773 777 1826 usque
806 1755 1157 1825 pertinaciter
1177 1753 1445 1818 adhaeret,
1475 1769 1577 1809 nec
1618 1756 1779 1809 llnem
1809 1765 2067 1825 perversa
2095 1752 2200 1808 do-

608 1850 763 1905 cendi
805 1848 955 1903 facit.

677 1942 731 1995 5.
767 1952 789 1980 ο
822 1941 971 1997 Sciat
1000 1948 1053 1993 et
1106 1939 1208 1993 hoc
1239 1939 1409 2006 pietas
1463 1947 1551 1992 tua
1577 1980 1592 2004 ,
1626 1939 1678 1993 in
1728 1953 1919 1994 omnes
1964 1937 2201 1994 Orientis

606 2036 889 2103 episcopos
944 2032 1233 2086 convenire
1263 2046 1383 2097 quae
1430 2030 1701 2095 dicuntur,
1745 2031 1956 2085 scilicet
1996 2029 2199 2085 offendi

608 2142 794 2182 omnes
819 2136 875 2179 et
902 2126 1111 2190 dolere,
1146 2124 1383 2178 maxime
1415 2139 1543 2177 vero
1565 2123 2052 2177 reverendissimos
2084 2122 2199 2176 Ma-

607 2219 846 2274 cedoniae
898 2219 1200 2286 episcopos.
1231 2215 1297 2268 Et
1325 2229 1447 2269 cum
1477 2214 1579 2268 hoc
1604 2223 1943 2283 compertum
1983 2214 2201 2281 haheat,

606 2326 666 2368 se
688 2312 941 2367 omnibus
962 2309 987 2348 ά
1020 2310 1401 2379 sapientiorem
1428 2322 1572 2374 esse,
1602 2322 1661 2361 se
1687 2308 1861 2362 solum
1906 2308 2202 2373 Scriptura

610 2402 868 2456 divinitus
931 2401 1209 2469 inspirata;
1264 2413 1487 2468 scOpum
1534 2399 1820 2468 attigisse,
1894 2407 1950 2454 et
2001 2396 2202 2453 Christi

612 2494 926 2565 mysterium
980 2490 1298 2561 cognovisse
1344 2491 1659 2544 arbitratur.
1716 2490 1877 2560 Atqui
1932 2490 2204 2559 quomodo

611 2600 716 2639 non
743 2585 980 2652 oportuit
1000 2599 1122 2638 eum
1151 2583 1282 2637 illud
1309 2584 1488 2650 potius
1514 2600 1611 2653 pro
1648 2594 1801 2638 certo
1830 2584 2052 2651 habere,
2080 2600 2201 2639 cum

610 2692 804 2734 omnes
826 2694 922 2747 per
949 2687 1116 2731 totum
1140 2679 1326 2732 orbem
1345 2680 1622 2733 constituti
1647 2679 1934 2733 orthodoxi
1964 2679 2201 2748 episcopi

612 2788 675 2828 ac
705 2772 821 2828 laici
853 2770 1128 2827 Christum
1157 2773 1344 2839 Deum,
1375 2788 1437 2826 ac
1464 2771 1733 2842 Virginem
1768 2789 1885 2841 quae
1916 2773 2064 2825 illum
2113 2789 2204 2842 εδ·

611 2866 729 2920 nuit
774 2866 1058 2935 Deiparam
1092 2864 1471 2928 cenﬂteantur,
1506 2880 1565 2918 se
1610 2865 1786 2919 solum
1815 2868 1905 2933 qtti
1941 2865 2044 2919 hoc
2078 2865 2202 2919 inll-

610 2957 803 3026 ciatur,
834 2956 1063 3012 errare?
1092 2956 1289 3011 Verum
1324 2958 1459 3009 fastu
1503 2966 1717 3011 tumens
1740 2972 1801 3011 ac
1825 2957 1967 3011 sedis
2010 2968 2200 3025 poten-

612 3048 710 3113 tia,
744 3057 801 3102 ut
822 3050 1070 3104 omnibus
1092 3049 1314 3103 insidias
1352 3057 1547 3110 struat.
1594 3049 1849 3115 abutens,
1878 3050 2193 3106 effecturum
2223 3046 2268 3109 C

611 3158 671 3199 se
693 3144 985 3198 arbitratur
1016 3153 1072 3196 ut
1100 3152 1158 3197 et
1200 3157 1299 3197 nos
1326 3152 1379 3197 et
1404 3143 1593 3213 reliqui
1637 3158 1828 3199 omnes
1876 3159 1988 3199 suae
2030 3146 2200 3213 ipsius

612 3239 892 3292 sententiae
933 3236 1355 3291 subscribamus.

689 3330 744 3384 6.
786 3330 986 3399 Ecquid
1020 3331 1178 3399 igitur
1224 3329 1528 3384 faciemus?
1579 3342 1700 3383 cum
1746 3342 1920 3395 neque
1948 3326 2096 3381 illum
2142 3336 2201 3381 ut

614 3423 921 3490 resipiscat,
950 3438 1127 3491 neque
1168 3431 1226 3474 ut
1270 3421 1532 3489 ejusmodi
1572 3420 1922 3474 concionibus
1975 3421 2201 3473 absistat

612 3515 870 3568 inducere
895 3527 1154 3581 queamus
1175 3529 1191 3576 ;
1212 3513 1548 3581 populusque
1572 3512 2198 3581 Constantiuopolitanus

614 3604 783 3673 magis
813 3621 876 3659 ac
906 3604 1075 3672 magis
1123 3604 1176 3656 in
1226 3602 1343 3657 dies
1385 3614 1776 3672 corrumpatur,
1825 3605 2033 3656 tametsi
2083 3603 2198 3658 haec

614 3697 836 3766 indigne
868 3696 1027 3761 lerat,
1057 3705 1110 3750 et
1128 3694 1198 3750 ab
1218 3694 1538 3749 orthodoxis
1556 3694 1866 3749 doctoribus
1894 3695 2198 3763 praesidium

610 3791 931 3860 exspectet?
982 3789 1150 3846 Nobis
1186 3803 1317 3844 sane
1359 3789 1427 3844 de
1473 3789 1635 3844 rebus
1680 3789 1989 3858 vulgaribus
2017 3804 2199 3847 sermo

612 3900 721 3939 non
752 3892 856 3953 est,
890 3885 984 3941 sed
1024 3899 1212 3952 [neque
1266 3883 1489 3952 periculi
1540 3896 1731 3951 expers
1774 3881 1911 3933 foret
1957 3890 2199 3935 nostrum

612 3978 910 4035 silentium.
944 3977 1002 4035 Si
1027 3978 1171 4032 enim
1193 3974 1439 4031 Christus
1460 3974 1719 4028 conviciis
1748 3975 2038 4041 appetitur,
2066 3989 2201 4043 quo-

612 4072 775 4126 modo
805 4084 904 4126 nos
934 4069 1255 4125 silebimus?
1301 4068 1533 4121 maxime
1558 4080 1683 4120 cum
1711 4066 1912 4120 Paulus
1957 4069 2156 4123 scribat
2182 4088 2195 4123 :

683 4237 710 4266 ει
736 4225 972 4287 Scilicet,
1001 4222 1265 4288 Nestor-io,
1295 4224 1447 4293 cujus
1476 4238 1671 4281 nomen
1706 4227 1755 4277 in
1784 4226 1997 4295 vulgata
2026 4227 2196 4283 inter-

651 4299 915 4363 retatinne
956 4296 1042 4348 hic
1072 4304 1126 4350 et
1155 4294 1292 4365 infra
1321 4295 1642 4364 expllllllllll‘
1665 4294 1915 4365 quidem;
1947 4298 2039 4351 sed
2069 4315 2192 4353 cum

651 4316 915 4363 retatttme
956 4316 1042 4348 lllC
1072 4316 1126 4350 Cl.
1155 4316 1292 4349 lltll‘a
1321 4316 1642 4364 expuuntur
1665 4316 1915 4365 qllluell'l;
1947 4316 2039 4351 seu
2069 4316 2185 4353 cum

612 4316 715 4423 ξος
744 4366 978 4435 Cyr-illus
1002 4382 1105 4419 non
1136 4360 1250 4419 sine
1277 4381 1436 4419 causa
1468 4376 1779 4422 constanter
1801 4367 1989 4424 Graece
2012 4370 2185 4437 sileat,

612 4442 771 4495 etiam
802 4437 990 4491 Latine
1008 4438 1257 4491 duximus
1290 4439 1597 4491 tacendum.

684 4508 712 4548 δ
755 4509 942 4563 Exstat
978 4509 1172 4562 et‘haec
1199 4510 1421 4579 epistola
1453 4525 1468 4562 ι
1502 4518 1640 4575 part.
1669 4510 1864 4563 concil.
1909 4510 2110 4575 Ephes.
2136 4526 2192 4566 c.

610 4581 664 4637 8.
700 4582 987 4648 Antiquam
1012 4581 1152 4635 illius
1184 4580 1676 4650 interpretationem
1706 4583 1898 4650 Steph.
1944 4581 2196 4638 Balneius

613 4668 738 4708 nov.
770 4654 898 4705 coll.
930 4652 1126 4705 concil.
1165 4666 1281 4719 pag.
1317 4649 1423 4705 404
1448 4651 1681 4717 exhibet,
1715 4649 1816 4706 sed
1846 4653 2007 4705 aliam
2040 4654 2107 4705 ab
2134 4669 2197 4708 ea

611 4740 768 4792 quam
800 4723 1082 4777 Liberatus
1104 4736 1153 4773 c.
1187 4724 1219 4774 4
1242 4723 1428 4789 primis
1455 4724 1597 4776 illius
1619 4724 1797 4777 verbis
1824 4724 2050 4777 iudicat.

689 4805 711 4833 ε
755 4798 793 4848 Α
829 4793 1012 4849 ϐείνου
1039 4794 1214 4847 littera
1245 4793 1445 4847 recedit
1495 4795 1706 4861 vulgata
1741 4794 2117 4862 interpretatio
2147 4797 2199 4851 in

613 4869 754 4919 hunc
782 4866 1023 4918 modum.
1056 4864 1200 4919 Sciat
1225 4862 1558 4936 nihilominus
1590 4867 1755 4929 ethoc
1779 4883 1977 4936 quoque
2001 4868 2196 4919 sancti-

609 4946 688 5008 tas
718 4936 893 5004 (apud
920 4936 1089 5004 (lyril.
1124 4932 1320 5006 piatas)
1358 4944 1465 5008 tua,
1500 4955 1678 5008 nempe
1729 4932 2012 4990 commenta
2051 4940 2197 4993 illius

612 5006 900 5060 Orientales
927 5023 1029 5059 non
1058 5008 1289 5073 probare,
1319 5006 1408 5059 sed
1436 5006 1625 5074 offendi
1658 5026 1740 5062 eos
1764 5025 1824 5061 ac
1853 5009 2047 5063 dolere.

683 5076 710 5113 (ι
738 5078 896 5149 idem
924 5078 976 5131 in
998 5077 1278 5149 corvitium
1315 5079 1566 5133 Socrates
1590 5082 1684 5133 lih.
1723 5096 1793 5133 vn
1827 5096 1878 5133 c.
1912 5081 1979 5133 52
2007 5095 2196 5149 repre-

613 5148 798 5202 hendit
825 5149 906 5202 his
936 5148 1154 5203 verbis:
1187 5152 1500 5218 Arrogantia
1540 5152 1671 5203 enim
1702 5152 1867 5202 elatus
1894 5152 1955 5202 ob
1991 5150 2197 5203 dicendi

611 5221 930 5290 facultatem,
963 5219 1123 5273 libros
1152 5222 1305 5274 etiam
1328 5231 1550 5275 veterum
1569 5223 1900 5287 interpretum
1926 5220 2198 5289 haudqua-

609 5308 763 5362 quam
795 5293 958 5362 legere
984 5292 1310 5361 dignabatur,
1336 5292 1424 5345 sed
1453 5309 1505 5345 se
1523 5294 1688 5363 ipsum
1721 5293 1933 5361 reliquis
1962 5293 2197 5346 omnibus

648 5374 856 5421 restare
876 5363 1220 5417 existimabat.
1254 5364 1401 5416 Hune
1429 5366 1745 5431 arrogantim
1767 5364 2012 5415 morbum
2039 5364 2197 5415 redo-

634 5446 727 5487 ent
781 5436 947 5488 verba
988 5435 1130 5487 illitts
1161 5437 1212 5487 itt
1243 5436 1520 5501 superiore
1574 5434 1939 5487 admonitione
2000 5434 2193 5497 relata,

611 5506 807 5574 quibus
835 5504 1183 5566 Caelestinum
1224 5506 1611 5573 simpliciorem
1657 5516 1818 5570 atque
1858 5504 2193 5558 hebetioretn

612 5576 902 5645 prmdncat,
951 5592 1110 5644 quam
1156 5587 1213 5629 ut
1260 5577 1327 5628 ad
1372 5576 1682 5644 dogmatnm
1730 5577 1833 5627 vim
1879 5590 1941 5626 ac
1970 5590 2193 5630 sensum

613 5656 898 5717 penetrare
942 5647 1134 5701 valeat.
1167 5646 1341 5715 Ipsius
1371 5660 1503 5700 vero
1558 5645 1793 5701 Nestorii
1836 5646 2194 5715 ignorantiam

2224 4446 2277 4505 D

1380 157 1439 215 S.
1478 155 1869 215 C(ELESTINI
1908 155 1929 211 l
1969 154 2173 213 PAPIE
2216 154 2569 214 EPISTOLIE
2612 158 2700 216 ΕΤ
2743 156 3081 219 DECRETA.

3754 156 3848 217 452

2292 276 2491 346 γνόντες
2515 272 2649 330 πάνυ
2677 273 2856 340 eam,
2881 279 3013 333 ὥστε
3048 281 3135 332 καὶ
3159 279 3467 353 γεγράφασιν
3498 279 3845 355 εὐχαριστοῦν-

2294 389 2379 429 τες
2406 370 2633 423 πλεῖστοι
2660 378 2757 424 τῶν
2777 372 2824 423 ἐν
2844 371 2993 425 τέλει.
3015 372 3187 442 Γέγονε
3206 370 3262 426 δὲ
3285 377 3427 443 αὐτῷ
3446 378 3689 431 καὶτοῦτο
3711 382 3847 448 τροφὲ

2293 467 2384 519 τῆς
2407 460 2517 514 κατ’
2534 461 2651 532 ἐμοῦ
2674 460 2857 523 λύπης,
2874 466 2959 515 καὶ
2988 465 3054 521 ὡς
3078 465 3247 539 ἐχθρῷ
3277 466 3529 535 μάχεται,
3553 465 3681 521 οὐδὲν
3698 468 3844 541 ἕτερον

2295 550 2434 622 ἔχων
2461 554 2703 623 ἐγκαλεῖν,
2735 555 2766 613 ἢ
2797 552 2872 608 ὅτι
2898 551 3043 627 μόνον
3072 560 3157 610 οὐκ
3186 558 3442 627 ἀνέχομαι
3470 559 3536 612 τὰ
3562 552 3651 612 ἶσα
3676 568 3846 631 φρονεῖν

2294 648 2449 715 αὐτῷ.
2482 647 2622 699 Ἀλλά
2660 649 2745 701 καὶ
2781 650 3122 720 ἐπηνώρθωσα
3150 650 3392 711 πολλοὺς,
3426 649 3484 709 ἢν
3527 651 3847 726 παρελάϐομεν

2296 737 2350 789 ἐκ
2377 738 2610 812 πατέρων
2638 742 2830 796 πίστιν,
2868 745 2951 795 καὶ
2979 739 3011 795 ἃ
3038 743 3277 814 ἐμάθομεν
3308 742 3359 794 ἐκ
3386 749 3474 801 τῆς
3498 743 3633 802 θείας
3656 751 3847 816 γραφῆς,

2296 829 2460 884 ἐκεῖνα
2490 829 2550 889 δή
2581 836 2897 887 καταπείοων
2942 836 3127 893 αὐτοὺς
3158 832 3352 889 οἴεσθαι
3390 833 3557 890 δεκτά.
3588 833 3755 910 Ὀμως
3785 842 3853 891 καὶ

2297 922 2356 975 οὐ
2383 926 2652 998 φροντίσας
2681 932 2781 979 τῶν
2810 926 2936 995 παρ’
2951 926 3106 979 αὐτοῦ
3146 928 3417 997 γενομένων
3444 927 3708 996 κατ’ἐμοῦ.
3746 928 3856 983 ἀλλὰ

2298 1020 2407 1086 θεῷ
2445 1012 2565 1075 δοὺς
2600 1022 2673 1088 τῷ
2716 1018 2881 1070 πάντα
2910 1015 3065 1071 εἰδότι
3102 1022 3183 1070 καὶ
3231 1019 3498 1089 ἰσχύοντι,
3531 1021 3673 1074 πάλιν
3702 1022 3857 1096 ἑτέραν

2298 1104 2564 1164 ἐπιστολήν
2593 1108 2823 1181 γέγραφα
2851 1117 2922 1176 τῷ
2952 1110 3330 1180 μνημονευθέντι
3348 1154 3361 1175 ,
3395 1115 3483 1168 τήν
3512 1108 3701 1166 ἔκθεσιν
3730 1114 3791 1172 ὡς
3817 1114 3857 1167 ἐν

2299 1198 2535 1267 συντόμῳ
2557 1207 2647 1258 τῆς
2671 1200 2819 1275 ὀρθῆς
2840 1203 3064 1259 πίστεως
3090 1198 3346 1270 ἔχουσαν,
3378 1202 3676 1275 παρακαλῶν
3695 1223 3744 1257 τε
3766 1203 3858 1273 ἅμα

2299 1293 2382 1344 καὶ
2412 1290 2912 1367 διαμαρτυρούμενος
2942 1293 3076 1347 οὕτω
3115 1298 3199 1347 καὶ
3233 1302 3421 1371 φρονεῖν
3448 1300 3531 1350 καὶ
3562 1296 3739 1350 λαλεῖν·
3771 1298 3860 1350 ἀλλ’

2302 1380 2474 1441 ὦνησα
2497 1385 2645 1438 πάλιν
2673 1384 2812 1439 οὐδέν
2861 1383 3079 1457 Ἐχεται
3110 1386 3162 1441 δέ
3189 1390 3272 1440 καὶ
3294 1390 3365 1448 εἰς
3390 1386 3540 1465 δεῦρο
3567 1397 3663 1444 τῶν
3683 1390 3858 1465 ἀπ’ἀρσ

2302 1483 2428 1545 χῆς,
2461 1480 2548 1531 καὶ
2572 1478 2629 1531 οὐ
2658 1481 2877 1533 παύεται
2904 1479 3064 1533 λαλῶν
3087 1480 3151 1534 τὰ
3181 1477 3575 1556 διεστραμμένα.

2374 1937 2666 1990 Γινωσκὲτω
2696 1934 2749 1990 δὲ
2772 1938 2855 1989 καὶ
2882 1942 3031 1992 τοῦτο
3059 1940 3089 1996 ἡ
3120 1944 3188 1997 σὴ
3212 1940 3490 2005 Osca-66nd,
3512 1940 3590 1995 ὅτι
3615 1944 3696 1996 καὶ
3721 1942 3865 1997 ἅπασι

2304 2035 2415 2088 τοῖς
2435 2032 2563 2083 κατὰ
2590 2034 2679 2087 τήν
2706 2030 2947 2088 ἀνατολήν
2978 2032 3275 2092 ἐπισκόποις
3302 2032 3503 2107 συνᾴδει
3531 2038 3599 2089 τὰ
3620 2034 3864 2108 λεγόμεναο

2305 2124 2389 2174 καὶ
2418 2120 2826 2198 δυσχεραίνουσι
2856 2126 3045 2182 πάντες
3083 2128 3166 2178 καὶ
3200 2126 3506 2191 λυποῦνται,
3548 2130 3627 2181 καὶ
3663 2129 3866 2201 μάλιστα

2305 2213 2349 2266 οἱ
2369 2220 2493 2270 κατά
2514 2222 2604 2272 τήν
2624 2213 2928 2269 Μακεδονίαν
2949 2216 3314 2273 εὐλαϐέστατοι
3334 2219 3615 2274 ἐπίσκοποι.
3638 2223 3868 2272 καὶτοῦτο

2305 2304 2471 2369 εἰδὼς,
2501 2304 2655 2361 οἴεται
2686 2305 2765 2362 ὅτι
2797 2311 3000 2363 πάντων
3028 2312 3139 2363 ιστί
3169 2314 3473 2383 σοφώτερος.
3503 2316 3588 2365 καὶ
3621 2314 3760 2383 μόνος
3784 2308 3867 2365 οἵδε

2304 2400 2388 2452 τὸν
2409 2402 2592 2453 σκοπὸν
2622 2410 2712 2459 τῆς
2740 2400 3079 2455 Θεοπνεύστου
3109 2410 3323 2473 γραφῆς,
3351 2406 3435 2457 καὶ
3462 2405 3521 2458 τὸ
3550 2411 3646 2458 τοῦ
3674 2410 3867 2480 Χριστηῦ

2305 2495 2615 2561 μυστήριον’
2655 2494 2815 2546 καίτοι
2844 2500 2955 2552 πῶς
2985 2496 3070 2547 οὐκ
3108 2492 3209 2549 ἔδει
3253 2495 3685 2569 πληροφορεῖσθαι
3712 2495 3868 2567 μᾶλλον

2305 2582 2475 2644 αὐτὸν,
2502 2580 2575 2637 ὅτι
2604 2586 2805 2637 πάντων
2832 2592 2931 2638 τῶν
2960 2588 3091 2638 κατὰ
3118 2592 3294 2639 πᾶσαν
3320 2592 3410 2645 τήν
3434 2590 3722 2657 οἰκουμένην
3748 2587 3868 2661 ὁρθο·

2306 2667 2463 2733 δόξων
2493 2673 2779 2728 ἐπισκόπων
2809 2679 2891 2726 καὶ
2919 2675 3103 2727 λαῐχὼν
3130 2676 3525 2747 ὁμολογοῦντων,
3563 2676 3645 2733 ὅτι
3672 2680 3747 2731 καὶ
3765 2678 3867 2734 Θεὸς

2306 2761 2363 2822 ἦν
2388 2765 2412 2819 ὁ
2444 2767 2658 2837 Χριστὸς
2677 2807 2688 2825 ,
2722 2768 2807 2817 καὶ
2840 2768 3087 2827 Θεοτόκος
3115 2770 3147 2825 ἡ
3176 2775 3403 2822 τεκοῦσα
3442 2770 3604 2822 αὐτὸν
3632 2770 3866 2843 παρθένος.

2306 2867 2560 2923 πλανᾶται
2588 2869 2739 2941 μόνος
2777 2870 2926 2929 αὐτὸς
2968 2875 3117 2924 τοῦτο
3152 2873 3483 2944 ἀρνούμενος
3514 2872 3866 2945 ἁλλ’ὀφρύετσιι.

2305 2972 2385 3022 καὶ
2411 2968 2566 3024 οἴεται
2580 2967 2654 3026 ὅτι
2671 2980 2733 3045 τῇ
2756 2970 3031 3045 δυναστείᾳ
3050 2977 3139 3025 τοῦ
3154 2971 3327 3046 θρόνου
3352 2977 3510 3026 πᾶσιν
3536 2974 3865 3034 ἐπιϐουλεύων,

2302 3078 2383 3129 καὶ
2411 3076 2545 3143 ἡμᾶς
2573 3073 2601 3132 ἦ
2631 3077 2714 3127 καὶ
2740 3075 2861 3134 τοὺς
2892 3070 3072 3134 ἄλλους
3103 3073 3334 3135 ἅπαντας
3372 3077 3651 3130 ἀναπείσει
3675 3078 3737 3132 τὰ
3767 3073 3869 3128 αὐτὰ

2304 3184 2496 3253 φρονεῖν
2522 3177 2677 3248 αὐτῷ.

2374 3359 2433 3411 Τί
2470 3359 2637 3413 τοίνυν
2674 3355 2963 3434 δράσομεν;
2993 3353 3108 3410 οὔτε
3149 3358 3500 3417 ἀναπείθοντες
3538 3360 3732 3423 αὐτόν,
3771 3353 3867 3412 οὔτε

2304 3468 2503 3515 παῦσαι
2536 3459 2803 3532 δυνάμενοι
2832 3469 2930 3513 τῶν
2969 3462 3210 3514 τοιούτων
3249 3459 3479 3530 ὁμιλιῶν,
3522 3468 3621 3517 καὶ
3656 3462 3871 3535 ὁσημέραι

2305 3565 2716 3638 κατεφθαρμένων
2746 3571 2843 3618 τῶν
2870 3564 3004 3617 λαῶν
3033 3570 3131 3617 τῶν
3168 3566 3217 3617 ἐν
3249 3568 3784 3629 Κωνσταντινουπὸλει,
3806 3565 3872 3627 καὶ

2305 3664 2748 3742 δυσχεραινόντων
2776 3668 2885 3739 μὲν,
2920 3664 3265 3739 ἐκδεχομένων
3296 3666 3349 3722 δὲ
3379 3673 3469 3727 τὴν
3498 3673 3653 3742 ποιρά
3678 3678 3769 3733 τῶν
3796 3669 3872 3741 tip-

2304 3766 2521 3834 θοδόξων
2548 3766 2859 3823 διδασκάλων
2884 3769 3204 3842 ὶπιιουρὶανς
3236 3773 3318 3825 καὶ
3346 3770 3405 3822 οὐ
3434 3773 3557 3843 περὶ
3589 3779 3686 3827 τῶν
3708 3764 3873 3839 τυχόν-

2304 3891 2403 3925 των
2433 3869 2460 3922 ὁ
2481 3870 2627 3941 λόγος
2656 3871 2771 3940 ἡμῖν
2793 3910 2806 3931 ,
2842 3866 3069 3922 ἀλλὀὐδέ
3106 3867 3362 3929 ἀκίνδυνος
3400 3872 3430 3926 ἡ
3469 3876 3667 3931 σιωπή.
3707 3872 3759 3926 Bt'
3789 3871 3873 3940 γὰρ

2305 3970 2611 4039 δυσημεῖται
2638 3969 2879 4043 Χριστὸς,
2904 3976 3015 4029 πῶς
3039 3971 3181 4043 ἡμεῖς
3210 3974 3586 4040 σιωπήσωμεν;
3617 3976 3773 4028 καίτοι
3794 3975 3874 4025 τοῦ

2305 4070 2498 4125 Παύλου
2535 4071 2829 4144 γράφοντος·
2858 4070 2915 4121 Εἰ
2949 4070 3049 4140 γάρ
3082 4067 3205 4122 indis
3238 4074 3391 4123 τοῦτο
3426 4072 3684 4145 πράσσω,
3716 4068 3877 4144 μισθὸν

2304 4227 2558 4285 Socrates
2582 4227 2709 4280 ibid.
2742 4242 2808 4283 ex
2840 4241 2906 4280 eo
2937 4228 3156 4296 probat,
3186 4229 3328 4298 quod
3352 4230 3578 4289 Mariam
3608 4232 3698 4291 Dei
3741 4230 3878 4298 geni-

2306 4303 2492 4374 tricem
2523 4313 2834 4374 nuncupare
2861 4308 3129 4374 retineret,
3153 4316 3311 4367 quam
3341 4312 3555 4374 Veteres
3596 4301 3874 4374 Scripturis

2304 4370 2433 4431 nixi,
2471 4370 2891 4434 nominatimque
2940 4370 3199 4435 Origenes
3249 4371 3433 4427 tom.l
3486 4374 3538 4426 in
3586 4370 3875 4440 Epistulam

2305 4440 2448 4493 Pauli
2482 4441 2547 4491 ad
2584 4440 2871 4504 Romanos,
2904 4451 2961 4494 et
3004 4442 3264 4496 Eusebius
3296 4443 3389 4496 lib.
3424 4458 3477 4497 Ill
3505 4444 3572 4497 de
3596 4444 3718 4498 Vita
3744 4444 3876 4498 Con-

2302 4510 2527 4566 stantini
2569 4510 2671 4565 hoc
2700 4512 2918 4564 nomine
2941 4512 3216 4580 appellare
3254 4528 3360 4568 non
3386 4514 3727 4570 dubitabant.
3772 4514 3873 4567 Hoc

2300 4582 2537 4636 Nestorii
2599 4581 2846 4654 exemplo
2878 4582 3255 4654 admonentur
3306 4586 3395 4654 qui
3454 4586 3623 4641 simili
3674 4583 3877 4641 ὀίοεῶ

2302 4654 2555 4706 facultate
2578 4652 2843 4722 gaudent,
2876 4653 3013 4707 hanc
3043 4670 3201 4709 unam
3234 4652 3413 4711 dotem
3455 4658 3523 4711 ad
3577 4656 3874 4713 tractandas

2302 4724 2423 4778 ﬁdei
2472 4739 2557 4777 res
2609 4740 2713 4777 non
2761 4726 2892 4779 satis
2936 4740 3086 4790 esse;
3118 4727 3434 4795 discantque
3476 4731 3661 4784 caeteri
3691 4729 3875 4798 quibus

2303 4797 2636 4869 ingeniorum
2676 4812 2900 4850 acumen
2932 4808 3023 4851 aut
3052 4798 3219 4867 gratia
3257 4800 3374 4867 plus
3402 4814 3555 4869 atquo
3582 4797 3781 4869 placet,
3811 4812 3876 4851 ne

2301 4880 2362 4919 8e
2387 4866 2508 4919 inde
2534 4866 2726 4920 abduci
2755 4879 2957 4923 temere
2979 4869 3186 4933 sinant;
3217 4866 3304 4924 res
3325 4866 3480 4925 enim'
3498 4866 3622 4925 ﬁdei
3648 4888 3751 4922 non
3775 4878 3873 4922 tam

2302 4937 2497 5005 ingenii
2520 4952 2678 5004 quam
2711 4940 3011 4993 traditionis
3049 4956 3192 5004 esse,
3224 4957 3423 5009 easque
3470 4958 3574 4997 non
3624 4941 3796 4995 acutis
3818 4952 3873 4992 ac

2300 5008 2589 5062 subtilibus
2620 5009 2866 5062 humana)
2910 5012 3105 5064 mentis
3136 5013 3389 5078 inventis,
3433 5015 3526 5067 sed
3576 5012 3672 5066 Dei
3718 5011 3873 5065 verbo

2300 5080 2572 5132 constanti
2601 5095 2663 5133 ac
2692 5081 2831 5133 ﬁdeli
2859 5079 3073 5134 Patrum
3104 5082 3393 5139 traditione
3422 5083 3575 5137 nobis
3601 5081 3872 5137 transitus-

2302 5164 2363 5203 so
2414 5150 2608 5204 fulciri.
2662 5152 2737 5204 Ad
2798 5153 3149 5205 imitationem
3183 5165 3361 5207 autem
3392 5170 3576 5210 eorum
3628 5168 3745 5217 utne
3794 5151 3872 5203 bis

2302 5220 2534 5290 Cyrillus
2559 5221 2626 5275 de
2658 5222 2905 5276 Nestorio
2933 5231 3137 5287 narrat,
3164 5223 3266 5278 ista
3291 5225 3555 5280 Vincentii
3580 5223 3870 5278 Lirinensis

2304 5294 2368 5344 ad
2413 5296 2619 5345 calcem
2654 5308 2774 5362 cap.
2830 5293 2903 5344 42
2947 5310 3203 5361 expressa
3255 5308 3382 5350 sunt.
3425 5295 3583 5349 verba
3623 5313 3635 5346 ε
3685 5290 3870 5345 Inventi

2304 5364 2453 5416 etiam
2485 5379 2664 5418 sumus
2706 5366 2758 5437 in
2808 5363 3029 5437 Nestorii
3074 5365 3373 5419 sceleratam
3412 5366 3869 5437 prasainptiortem,

2302 5437 2437 5500 quod
2464 5453 2665 5488 sacram
2696 5436 3020 5503 Scripturam
3059 5452 3112 5489 se
3154 5440 3375 5505 primum
3402 5432 3450 5491 et
3476 5435 3643 5491 solum
3688 5432 3873 5488 intelli-

2301 5521 2449 5573 gere,
2477 5516 2521 5559 et
2552 5523 2722 5559 omnes
2750 5524 2833 5559 eas
2868 5509 3128 5576 ignorasse
3154 5509 3379 5577 jactaret
3422 5510 3729 5576 quicumque
3766 5509 3874 5577 an“

2301 5572 2353 5628 se
2394 5572 2674 5648 magisterii
2699 5572 2904 5633 munere
2932 5572 3337 5648 prtediti'divina
3380 5572 3581 5645 eloquia
3611 5572 3873 5631 tractavit-

2300 5658 2429 5703 sent.
