3982 6182
208 229 291 286 M7
445 224 1105 284 EPIST.X.—FRAGM.
1148 222 1494 280 SEBMONIS
1534 222 1599 276 lN
1640 222 1834 278 CONC.
1881 222 2043 277 R0,“.
2088 220 2247 276 ADV.
2293 220 2472 279 llASlt.
2513 222 2832 281 NESTORII
2876 230 3121 283 llABlTl.

3344 236 3451 290 458

206 344 457 416 tbyterum,
513 345 603 413 qui
631 358 753 398 eum
797 343 1077 412 arguebat,
1106 350 1163 397 et
1208 355 1332 395 cum
1384 341 1503 408 ipso
1534 347 1752 408 propter

1878 352 1882 375 ί
1928 339 2203 412 ἐλέγχοντα
2256 341 2410 395 αὐτὸν
2448 342 2534 395 καὶ
2587 343 2762 412 μηκέτι
2812 344 3095 401 θελήσαντα
3143 349 3453 415 συναφθῆναι

202 437 417 491 haeresim
447 435 661 491 nolebat
688 436 922 504 amplius
971 433 1287 488 convenire.
1331 431 1387 486 ln
1441 432 1524 485 his
1573 442 1751 485 autem

202 529 362 583 libellis
387 530 654 584 accusatio
681 527 929 598 quaedam
963 536 1099 593 erat,
1132 525 1277 595 quod
1310 524 1642 579 Maniehmus
1669 538 1753 578 es-

199 633 285 677 set.
304 621 495 677 Deinde
518 622 794 676 hominem
816 620 1088 675 eitavitad
1114 618 1430 675 concilium.
1456 618 1614 673 Venit
1644 619 1751 686 ille,

202 715 450 769 secundum
480 729 719 770 canones
745 729 867 769 sese
895 729 1115 783 gerens,
1149 729 1256 783 quo
1282 727 1498 767 causam
1528 714 1752 768 diceret.

201 804 443 862 (Imlestius
464 816 670 871 autem,
689 820 811 859 eum
845 805 1077 873 probare
1102 803 1233 857 nihil
1262 803 1756 867 valeret,clanculo

199 910 244 949 se
269 898 526 966 subduxit,
563 912 662 953 nec
689 898 755 952 ad
784 897 1075 953 concilium
1108 896 1361 951 accessit.

251 987 299 1041 6.
338 989 440 1044 Hae
470 990 759 1045 occasione
790 1004 912 1044 cum
944 988 1258 1051 decidisset,
1293 988 1452 1042 aliam
1481 991 1757 1058 excogita-

196 1077 276 1133 vit.
309 1080 519 1137 Dicebat
544 1083 689 1137 enim
737 1101 748 1135 :
792 1081 901 1136 Cur
923 1084 1160 1151 privatos
1186 1088 1484 1136 conventus
1515 1081 1541 1119 ι)
1575 1082 1754 1149 egisti,

191 1181 240 1224 et
258 1172 306 1226 in
343 1174 494 1229 domo
514 1175 839 1230 oblationem
864 1174 1187 1229 eelebrasti?
1216 1174 1391 1241 Atque
1414 1173 1561 1227 omni
1588 1188 1757 1242 prope

193 1260 329 1317 clero
348 1264 651 1322 dicente:ld
677 1267 800 1321 facit
825 1266 1195 1335 unusquisque
1219 1276 1462 1320 nostrum
1486 1280 1608 1319 cum
1634 1275 1760 1319 tem-

190 1368 278 1425 pus
323 1369 374 1412 et
417 1363 713 1417 necessitas
759 1360 989 1430 ﬂagitat,
1030 1359 1386 1429 depositionis
1433 1362 1757 1414 sententiam

190 1447 425 1505 adversus
454 1452 735 1507 hominem
763 1452 905 1506 tulit.

248 1541 321 1597 En
370 1545 539 1601 habes
592 1557 615 1584 ο
648 1554 824 1600 tomos
870 1544 1065 1615 quibus
1088 1545 1262 1615 capita
1294 1544 1758 1615 blasphemiarum

185 1630 402 1691 Nestorii
424 1639 797 1693 continentur.

1857 433 2135 503 μετ-ἀύτοῦ
2164 431 2245 486 διὰ
2274 438 2362 490 τὴν
2394 433 2608 508 αἳρεσιν
2644 436 2693 486 ἐν
2722 431 2775 486 δὲ
2804 443 2911 494 τοῖς
2940 435 3180 496 λιϐἐλλοις
3206 440 3345 491 αἰτία
3373 462 3453 499 τις

1858 523 1915 584 ἧν
1942 524 2019 580 ὅτι
2044 528 2337 597 Μανιχαῐὸς
2366 529 2525 581 ἐστιν.
2568 522 2690 581 Εἶτα
2727 529 2928 587 κέκληκε
2963 531 3049 584 τὸν
3089 527 3349 604 ἄνθρωπον
3382 536 3454 593 εἰς

1862 617 2141 691 συνέδριον·
2194 620 2423 691 κᾴκεῖνος
2479 615 2653 683 ἦλθεν,
2694 623 2913 692 πρᾶγμα
2965 628 3122 673 ποιῶν
3163 625 3451 690 κανονικὸν,

1861 712 2072 783 ἑτοίμως
2125 709 2266 780 ἔχων
2316 710 2757 781 ἀπολογήσασθαι.
2807 710 3005 770 Ἐπειδὴ
3053 711 3105 766 δὲ
3152 712 3290 767 οὐδὲν
3340 712 3453 785 εἶχε

1863 802 2023 867 δεῖξαι
2057 802 2081 855 ὁ
2116 802 2405 866 Italici-tog,
2447 804 2609 873 ἀφανῆ
2670 802 2848 857 ἑαυτὸν
2891 806 3211 870 κατέστησε,
3251 810 3333 861 καὶ
3374 811 3457 861 οὐκ

1864 896 2081 953 ἀπῆλθεν
2110 897 2181 955 εἰς·
2209 895 2265 948 τὸ
2298 892 2579 968 συνέδριον.

1935 988 2049 1057 Οὐχ
2078 988 2236 1060 εὑρὼν
2260 987 2415 1043 αὐτὴν
2461 991 2549 1043 τὴν
2596 987 2839 1060 ἀφορμὴν,
2874 986 3124 1062 ἐφ’ἑτέραν
3166 989 3455 1065 ἕχὼρησεν.

1862 1077 1988 1152 ’Ἔφη
2015 1081 2135 1153 γὰρ,
2165 1078 2242 1133 ὅτι
2270 1080 2404 1137 τίνος
2434 1079 2593 1131 ἕνεκεν
2625 1080 2975 1152 παρασύναξιν
3006 1082 3271 1141 ἐποίησας,
3300 1086 3387 1135 καὶ
3411 1086 3459 1136 ἐν

1863 1180 1924 1245 τῇ
1955 1175 2087 1246 οἰκίᾳ
2112 1173 2406 1247 προσφορὰν
2430 1172 2692 1234 ἐτέλεσας;
2721 1171 2912 1231 παντὸς
2935 1170 3129 1242 σχεδὸν
3151 1180 3243 1227 τοῦ
3272 1174 3458 1249 κληροῦ

1861 1267 2110 1338 λέγοντος,
2151 1265 2227 1319 ὅτι
2266 1270 2347 1319 καὶ
2389 1274 2526 1337 ἡμῶν
2563 1266 2775 1326 ἕκαστος
2823 1269 2871 1320 ἐν
2911 1275 3073 1344 καιρῷ
3124 1272 3207 1325 καὶ
3250 1274 3459 1344 χρείαις

1863 1366 2015 1413 τοῦτο
2054 1367 2209 1423 ποιεῖ,
2244 1360 2487 1430 ἐξένεγκε-δ
2524 1361 2783 1433 ἀπόφασιν
2822 1363 3161 1438 καθαιρέσεως
3210 1365 3343 1417 κατὰ
3368 1370 3459 1415 τοῦ

1865 1453 2132 1525 ἀνθρώπου
2144 1490 2154 1504 .

1934 1543 2055 1597 Ἰδοὺ
2086 1543 2237 1614 ἔχεις
2267 1546 2457 1615 τόμους
2486 1542 2709 1615 ἔχοντας
2730 1547 2971 1619 κεφάλαια
2997 1555 3100 1604 τῶν
3129 1549 3460 1623 βλασφημιῶν

1862 1639 2168 1710 Neon-opim).

1539 1751 1565 1789 τί
1588 1750 2061 1808 FRAGMENTUM

618 1846 881 1901 Sermonis
903 1862 1048 1913 quem
1070 1846 1376 1901 leestinus
1410 1848 1467 1900 in
1496 1846 1718 1900 concilio
1745 1845 1983 1899 Romano
2025 1842 2204 1897 habuit
2233 1844 2481 1897 adversus
2522 1842 2758 1897 haeresim
2791 1844 3045 1901 Nestorii.

247 1936 299 1989 1.
342 1936 621 1992 Recordor
656 1939 829 1993 beatae
871 1939 1149 1993 memoriae
1179 1937 1526 1993 Ambrosium
1576 1940 1627 1991 in
1677 1938 1766 1992 die
1801 1940 1844 1998 Β
1872 1942 2060 1989 natura
2094 1945 2197 1987 nan
2245 1934 2344 2001 ﬁlii
2380 1933 2498 1999 Dei,
2532 1951 2624 2003 per
2654 1935 2821 2003 ipsum
2867 1937 3149 2006 efﬁciuntur
3182 1942 3277 2009 (itii
3327 1943 3463 2010 Dei;

178 2025 379 2083 Natalis
412 2028 623 2084 Domini
661 2032 831 2085 nostri
859 2029 985 2085 Jesu
1015 2029 1218 2085 Christi
1264 2044 1480 2085 omnem
1510 2030 1765 2098 populum

174 2120 360 2176 fecisse
384 2138 495 2176 una
522 2138 649 2178 voce
680 2124 793 2180 Deo
822 2138 1018 2179 cauere
1053 2142 1065 2176 :
1104 2122 1261 2189 Veni,
1294 2123 1606 2194 Redemptor
1646 2140 1768 2192 gen-

174 2217 310 2283 tium,
361 2220 575 2272 ostende
622 2229 825 2287 partum
885 2218 1114 2287 Virginis
1150 2233 1168 2270 :
1191 2218 1405 2271 miretur
1428 2233 1576 2270 onme
1605 2231 1769 2270 δαῖεν-

170 2309 285 2375 lum,
336 2311 461 2364 talis
506 2310 648 2365 decet
678 2321 857 2382 partus
886 2311 1073 2365 Deum.
1107 2310 1378 2379 Numquid
1411 2310 1586 2365 dixit:
1625 2309 1767 2364 Talis

170 2411 336 2466 partus
366 2404 519 2457 decet
546 2404 851 2457 hominem?
872 2402 1012 2472 Ergo
1034 2418 1226 2458 sensus
1261 2402 1444 2457 fratris
1466 2403 1636 2458 nostri
1662 2403 1768 2473 Cy-

167 2492 285 2560 rilli,
313 2495 368 2548 in
394 2494 504 2549 hoc
525 2495 666 2564 quod
695 2494 830 2549 dicit
854 2495 1096 2550 Θεοτόκον
1147 2495 1390 2560 Mariam,
1443 2493 1598 2549 valde
1629 2509 1766 2549 con-

168 2586 366 2653 cordat,
422 2586 575 2641 Talis
634 2588 775 2642 decet
824 2596 1004 2658 partus
1036 2587 1225 2641 Deum.
1280 2588 1452 2643 Deum
1482 2599 1638 2658 partu
1669 2604 1768 2644 suo

169 2673 322 2748 Virgo
356 2678 576 2746 eﬂudit,
610 2680 726 2750 ipso
779 2687 1000 2749 potente
1032 2679 1126 2749 qui
1156 2681 1547 2749 omnipotentia
1578 2682 1768 2752 plenus

166 2778 267 2821 est.

227 2863 280 2917 2.
333 2865 581 2920 Hilarius
631 2879 847 2936 quoque
876 2865 958 2920 vir
1000 2866 1137 2921 acris
1168 2866 1392 2937 ingenii,
1425 2866 1671 2922 scribens
1699 2866 1766 2921 ad

164 2952 548 3011 Constantium
595 2958 1005 3026 imperatorem.
1037 2957 1104 3011 de
1144 2957 1521 3014 lncarnatione
1552 2957 1767 3013 Domini

158 3044 231 3100 sic
255 3049 336 3103 ait
371 3066 384 3100 :
426 3057 452 3083 ⁸
480 3047 673 3113 Filius,
702 3048 896 3117 inquit,
922 3045 1019 3100 Dei
1041 3048 1209 3117 factus
1239 3050 1390 3100 homo
1414 3047 1553 3101 Deus
1573 3057 1667 3100 est.
1702 3048 1770 3100 Et

157 3149 571 3208 praeposteram
602 3139 801 3206 repetit
854 3156 866 3188 :
915 3136 1051 3190 Deus
1082 3139 1221 3204 filius
1244 3138 1470 3189 hominis
1500 3141 1669 3206 [actus
1695 3145 1769 3190 est

153 3230 339 3299 (homo
366 3231 512 3284 enim
536 3231 790 3297 factusest
813 3228 976 3293 Deus,
998 3246 1097 3281 non
1114 3226 1255 3282 Dens
1278 3229 1448 3297 factus
1474 3239 1544 3281 est
1571 3229 1765 3299 homo),

1870 2035 2068 2097 quanto
2088 2027 2253 2097 magis
2282 2027 2392 2093 ipse
2416 2026 2506 2095 qui
2528 2034 2714 2080 natura
2737 2024 2906 2081 Filius
2930 2028 3027 2081 Dei
3055 2040 3150 2100 est,
3185 2033 3321 2087 hunc
3351 2052 3465 2089 cum

1870 2135 1970 2190 quo
1995 2121 2258 2173 uoluntate
2279 2135 2374 2173 sua
2400 2119 2514 2173 alvo
2551 2120 2791 2189 virginali
2816 2132 3087 2191 conceptus
3112 2133 3158 2175 et
3188 2134 3335 2178 natus
3363 2137 3462 2194 est,

1870 2212 1943 2264 ita
1970 2212 2259 2265 sublimauit
2291 2213 2343 2265 in
2392 2210 2579 2277 Deum,
2608 2221 2664 2263 ut
2706 2212 2757 2264 in
2790 2215 2899 2283 ejus
2929 2213 3133 2267 nomine
3164 2233 3313 2269 omne
3335 2234 3467 2287 genu

1869 2305 2125 2373 ﬂectatur,
2177 2303 2455 2358 calestium
2507 2313 2553 2356 et
2596 2304 2908 2357 terrestrium
2938 2316 2985 2359 et
3040 2307 3386 2376 infernarum,
3419 2321 3467 2364 et

1871 2398 2037 2449 omnis
2060 2395 2237 2465 lingua
2260 2395 2584 2465 confiteatur,
2611 2394 2734 2462 quia
2764 2394 3017 2449 Dominus
3046 2395 3200 2452 Jesus
3225 2398 3278 2452 in
3299 2399 3467 2471 gloria

1870 2500 1943 2544 est
1974 2489 2071 2543 Dei
2100 2488 2279 2543 Patris
2307 2488 2569 2562 (Philipp.
2593 2503 2655 2552 ιι,
2688 2488 2801 2560 10).

1940 2583 1995 2636 5.
2028 2582 2160 2637 Item
2181 2597 2482 2652 prmcessor
2509 2596 2662 2635 meus
2691 2580 2953 2639 Damasus
2984 2586 3227 2641 scribens
3244 2586 3311 2641 ad
3327 2568 3468 2641 Pau-

1868 2676 2037 2731 linum
2076 2676 2432 2731 Autiochena:
2458 2675 2721 2729 Ecclesia:
2745 2678 3080 2746 episcopum,
3132 2680 3149 2717 τ
3187 2683 3327 2734 inter
3360 2696 3465 2736 οω-

1869 2779 1985 2826 tera
2016 2770 2089 2824 ait
2120 2790 2131 2823 :
2167 2770 2673 2825 Anathematizamus
2699 2784 2785 2821 eos
2807 2773 2892 2839 qui
2915 2772 3043 2823 duos
3076 2771 3216 2836 ﬁlios
3250 2771 3349 2824 Dei
3380 2788 3466 2828 as-

1868 2876 2065 2930 serunt,
2095 2864 2316 2919 alterum
2340 2864 2429 2934 qui
2458 2879 2520 2915 ea:
2552 2861 2706 2914 Patre
2728 2872 2849 2916 ante
2870 2864 3062 2915 saecula
3080 2873 3154 2915 est
3176 2866 3396 2931 genitus,
3420 2876 3467 2920 et

1868 2958 2089 3011 alterum
2109 2955 2201 3023 qui
2227 2971 2289 3008 ea:
2318 2954 2668 3015 assumptione
2686 2956 2857 3006 carnis
2880 2964 3033 3006 natus
3053 2965 3124 3005 est
3149 2972 3213 3008 ea:
3238 2954 3464 3025 Virgine.

1870 3048 2004 3102 ltem
2035 3049 2149 3115 ipse
2180 3045 2787 3114 apostolicmmemorim
2813 3047 2895 3100 vir
2919 3046 3182 3101 Damasus
3210 3048 3263 3102 in
3294 3048 3465 3105 altera

1871 3138 2096 3206 epistola
2130 3146 2153 3183 8
2184 3137 2250 3190 ad
2284 3136 2563 3190 Paulinum
2615 3153 2626 3187 :
2673 3134 3189 3191 Anathematizamus
3238 3156 3323 3193 eos
3379 3144 3467 3210 qui

1870 3230 2001 3283 duos
2031 3232 2084 3283 in
2113 3228 2383 3283 Saluatore
2412 3229 2549 3296 ﬁlios
2575 3228 2909 3295 conﬁtentur,
2938 3230 3099 3281 alium
3144 3240 3261 3285 ante
3295 3233 3466 3286 incar.

150 3332 186 3374 et
204 3324 367 3392 ﬁlius
402 3321 630 3373 hominis
658 3323 826 3387 factus
857 3329 929 3373 est
953 3316 1125 3373 Filius
1148 3318 1264 3373 Dei.
1314 3319 1597 3387 Superavit
1626 3321 1761 3374 enim
1791 3308 1836 3371 C
1870 3323 2153 3388 nationem,
2194 3329 2240 3375 et
2261 3319 2421 3373 alium
2447 3329 2560 3389 post
2582 3320 2983 3390 assumptionem
3010 3319 3181 3377 carnis
3208 3340 3270 3377 ea:
3297 3322 3466 3397 Virgi—

150 3412 477 3485 ntagm'tudo
507 3410 716 3465 Domini
756 3413 1055 3480 parvitatem
1103 3411 1300 3466 servilis
1342 3413 1545 3483 formae,
1592 3414 1665 3467 ita
1706 3423 1764 3468 ut

152 3506 260 3571 ipsa
290 3504 510 3559 servilis
541 3504 711 3574 forma
730 3520 887 3573 quam
926 3505 1201 3575 assumpsit
1224 3514 1445 3559 cessaret
1477 3523 1584 3561 esse
1610 3510 1765 3561 servi-

156 3599 211 3652 lis
239 3617 336 3669 per
368 3614 497 3654 eum
530 3596 809 3652 Dominum
837 3598 924 3667 qui
955 3614 1065 3652 eam
1091 3600 1387 3669 assumpsit.
1419 3598 1479 3654 Si
1509 3600 1645 3653 enim
1675 3602 1765 3672 qui

1873 3431 1956 3483 ne,
1987 3424 2031 3468 et
2056 3429 2160 3467 non
2190 3413 2422 3467 eumdem
2442 3410 2541 3465 Dei
2568 3408 2770 3465 Filium
2799 3423 2846 3467 et
2872 3423 2990 3467 ante
3015 3422 3062 3467 et
3090 3426 3270 3486 postea
3292 3416 3465 3486 ipsum

1871 3525 1979 3564 esse
2004 3507 2267 3562 Christum
2295 3506 2575 3561 Dominum
2609 3505 2703 3561 Dei
2738 3505 2932 3561 Filium
2976 3508 3063 3579 qui
3089 3519 3262 3575 natus
3305 3520 3465 3565 estea:

1884 3602 2114 3672 Virgine,
2144 3601 2476 3668 conﬁtentur.

888 3712 1199 3771 MONITUM
1254 3713 1318 3768 ΙΝ
1368 3712 1702 3783 QUATUOR
1754 3712 2300 3783 SUBSEQUENTES
2342 3712 2741 3769 EPISTOLAS.

226 3809 274 3862 1.
322 3810 404 3865 De
444 3808 663 3861 illarum
689 3808 917 3864 veritate
950 3807 1127 3861 nullus
1152 3816 1235 3861 est
1261 3807 1567 3877 ambigendi
1592 3807 1764 3873 locus,

162 3889 341 3947 utpote
373 3896 505 3949 quae
537 3893 643 3932 non
674 3878 834 3933 modo
864 3887 1103 3933 veterum
1127 3878 1375 3934 codicum
1413 3879 1761 3944 auctoritate,

165 3951 247 4003 sed
300 3962 357 4005 et
402 3949 619 4005 Nicolai
676 3949 697 4001 Ι
758 3964 929 4019 papae,
990 3949 1229 4003 Liberati
1287 3950 1522 4015 diaconi,
1578 3950 1765 4019 Cyrilli

164 4020 522 4077 Alexandrini
545 4030 600 4075 et
626 4020 851 4076 Joannis
881 4020 1204 4076 Antiocheni
1233 4020 1579 4091 aliorumque
1612 4021 1766 4076 testi-

167 4093 352 4149 moniis
395 4102 747 4147 asseruntur.

168 4269 259 4323 que
290 4253 646 4311 successoris
672 4251 895 4309 Sisinnii
925 4260 1178 4319 mortem,
1226 4265 1254 4305 a
1282 4252 1464 4307 multis
1492 4252 1545 4306 in
1572 4265 1763 4306 eorum

170 4323 335 4381 locum
366 4332 689 4395 cooptatus,
723 4325 960 4379 Slsinnio
984 4336 1159 4395 tamen
1191 4336 1253 4377 ae
1284 4324 1639 4395 postmodum
1659 4323 1765 4377 Ne-

170 4400 328 4453 storio
361 4394 712 4467 postpositus
740 4395 863 4467 fuit.
884 4394 1645 4467 leesliusautemPhilippi
1675 4410 1764 4447 ac-

170 4463 382 4523 cusator
414 4470 460 4523 is
494 4463 713 4535 putatur
739 4466 937 4535 Pelagii
967 4463 1286 4535 discipulus,
1313 4466 1404 4534 qui
1433 4463 1612 4520 Attico
1636 4479 1766 4532 pon-

173 4536 330 4603 tilice,
347 4548 405 4594 ut
438 4534 584 4594 Mar.
603 4538 864 4591 Mercator
888 4534 944 4606 'p.
974 4537 1077 4591 115
1101 4534 1282 4598 tradit,
1299 4534 1765 4601 Constantinopoli

174 4610 352 4673 pulsus
383 4610 595 4665 fuerat.
623 4609 701 4663 Ad
734 4608 879 4662 hunc
905 4606 1222 4663 Ctelestium
1253 4614 1433 4660 exstat
1461 4606 1601 4676 apud
1631 4606 1763 4660 Mar.

1938 3804 1992 3859 2.
2036 3806 2080 3860 Ε
2110 3806 2352 3859 Romano
2382 3804 2633 3877 concilio,
2668 3804 2753 3856 cui
2782 3802 3110 3877 leestinus
3139 3811 3379 3877 praefuit,
3410 3823 3467 3867 et

1870 3879 1923 3933 in
1956 3893 2063 3946 quo
2103 3884 2471 3932 convenerant
2516 3874 2770 3946 quitum
2812 3874 2872 3946 in
2910 3872 3059 3946 Urbe
3104 3872 3299 3944 reperti
3339 3872 3465 3937 sunt

1868 3944 2354 4020 epis—copiLmultis
2383 3944 2732 4020 consessibus
2756 3944 2949 4020 habitis
2973 3946 3201 4020 scriptas
3225 3963 3345 4020 esse
3376 3952 3463 4005 Li-

1871 4014 2095 4075 beratu‘s
2124 4019 2384 4074 diaconus
2428 4032 2547 4087 cap.
2582 4017 2615 4071 5
2656 4024 2709 4070 et
2753 4014 2988 4087 Cyrillus
3028 4016 3081 4069 in
3120 4019 3364 4085 epistolis
3393 4024 3462 4076 ad

1870 4090 2136 4148 Joannem
2162 4086 2563 4147 Antiochenum
2593 4096 2647 4144 et
2673 4087 2739 4142 ad
2761 4086 3076 4143 Juvenalem
3109 4090 3344 4144 tradunt.
3381 4092 3465 4145 ld-

1872 4251 2079 4304 laudem
2103 4265 2218 4303 vero
2235 4246 2420 4319 Cyrilli
2450 4257 2495 4301 et
2523 4248 2574 4300 in
2593 4253 2864 4315 conspectu
2888 4243 2993 4319 _Dei
3014 4254 3058 4298 et
3082 4246 3307 4298 omnium
3328 4263 3465 4317 pra}-

1872 4321 2110 4385 dicasset,
2126 4314 2357 4373 asserens
2388 4334 2591 4372 sensum
2605 4314 2723 4388 ejus
2742 4314 3110 4388 prteclarorum
3136 4314 3463 4388 nostrte'pro-

1872 4392 2054 4445 vinciae
2073 4391 2431 4459 episcoporum
2457 4385 2819 4458 praedicatione
2862 4385 3117 4449 roborari,
3146 4395 3193 4459 et
3224 4385 3460 4457 Damasi,

1874 4455 2153 4523 Ambrosii,
2201 4459 2418 4520 Hilarii,
2448 4455 2582 4511 hunc
2601 4459 2761 4525 fuisse
2789 4471 3091 4509 sermonem.
3126 4455 3210 4509 Ait
3231 4459 3367 4512 enim
3404 4455 3461 4514 in

1874 4534 1987 4603 ipso
2014 4531 2253 4603 concilio,
2283 4530 2696 4603 Recordor,_etc_.
2728 4526 2914 4603 Neque
2938 4527 3227 4603 obscurum
3251 4542 3333 4582 est
3360 4531 3463 4587 hoc

1876 4596 1930 4657 in
1955 4617 2018 4656 eo
2045 4601 2243 4654 dictum
2271 4615 2393 4654 esse
2419 4596 2649 4652 concilio
2676 4599 2725 4650 in
2751 4612 2855 4663 quo
2876 4596 3201 4651 leestinus
3222 4609 3345 4667 post
3371 4618 3458 4658 ac-

174 4668 389 4735 Mercat.
426 4698 482 4749 p.
514 4679 863 4734 lﬁlNestorii
889 4678 1144 4746 epistola,
1171 4692 1274 4747 qua
1302 4692 1423 4731 eum
1450 4668 1598 4732 velut
1620 4676 1764 4749 indi-
1794 4676 1846 4735 D
1872 4671 2321 4749 ceptasNestorii
2368 4669 2658 4741 (Iyrillique
2720 4668 2948 4749 litteras,
3013 4672 3333 4749 sententiam
3396 4675 3458 4749 ‘in

173 4765 265 4818 gna
297 4746 604 4822 patientem
638 4762 692 4804 et
718 4750 914 4822 injuste
945 4746 1506 4822 damnatumsolatur,
1531 4762 1593 4803 ac
1619 4746 1765 4802 bono

176 4819 353 4877 animo
386 4821 704 4891 essejubet.
730 4819 792 4891 id
839 4835 968 4875 vero
1002 4819 1299 4891 Pelagianis
1339 4819 1582 4891 solemne
1607 4828 1724 4891 erat
1748 4860 1763 4885 ,

177 4895 474 4948 catholicos
518 4888 670 4961 quasi
702 4890 857 4947 liberi
899 4890 1109 4946 arbitrii
1130 4904 1414 4945 eversores
1439 4888 1768 4945 Manichaeos

179 4966 479 5053 “P961”???-
856 5041 900 5053 ,.
1099 5035 1123 5053 η
1151 5035 1207 5053 ς,

167 5088 170 5097 ,
244 5044 269 5106 ξ
308 5034 459 5104 Lege
493 5032 817 5106 ἐλέγχοντος,
849 5032 1071 5106 etiufra
1098 5035 1427 5106 θελήσᾳντος.

244 5103 272 5141 δ
316 5103 428 5160 llos
451 5103 752 5159 conuentus
780 5104 919 5159 haud
947 5104 1110 5159 dubie
1156 5103 1434 5172 Philippus
1467 5117 1630 5173 agere
1657 5111 1768 5157 tum

182 5178 361 5245 erepit,
383 5191 515 5231 eum
540 5173 1119 5245 ConstantinOpolitani
1176 5174 1355 5229 audita
1406 5175 1565 5245 impia
1594 5173 1767 5228 Doro-

185 5244 286 5300 thei
318 5248 612 5309 concione,
642 5244 934 5302 convenire
963 5261 1085 5301 cum
1107 5246 1355 5301 Nestorio
1386 5244 1687 5310 desierunt,
1715 5254 1772 5298 ut

185 5314 230 5370 in
261 5318 498 5388 epistola
531 5317 796 5385 superiori
827 5334 880 5371 n.
912 5316 947 5370 4
974 5326 1240 5373 narratur.

143 5390 151 5433 τ
253 5400 273 5425 ε
296 5385 433 5444 Ἠοο
463 5398 567 5454 est,
600 5389 895 5443 sententias
920 5390 1227 5443 summatim
1261 5402 1327 5444 ex
1356 5387 1593 5444 Nestorii
1616 5385 1767 5442 libris

186 5468 491 5513 οιοθτυιηε.

186 5479 340 5513 υιῧθΐ
366 5479 491 5513 ηδε.

170 5532 178 5591 ἱ
227 5526 277 5600 γά
306 5479 585 5585 Αιτηοὺίιιε
607 5529 703 5584 lib.
737 5546 776 5585 ιι
801 5530 869 5586 de
888 5529 1157 5586 Conﬂictu
1181 5545 1302 5586 cum
1328 5530 1624 5600 Serapione
1652 5542 1767 5581 mo-

190 5599 489 5671 nimemum
518 5599 621 5655 hoc
651 5600 806 5671 nobis
839 5601 1155 5669 transmisit,
1198 5602 1264 5656 de
1291 5617 1395 5671 quo
1423 5599 1493 5657 ibi
1522 5604 1601 5656 sic
1629 5615 1765 5671 prta-

192 5668 324 5724 fatur
344 5692 358 5727 :
377 5669 937 5744 Sanctus__Calestinus
958 5674 1029 5726 ita
1046 5668 1378 5727 encamiastes
1392 5674 1505 5743 ejus
1529 5670 1767 5744 (Cyrilli)

174 5726 405 5825 J“astitit,
436 5750 494 5795 ut
517 5742 571 5795 in
598 5740 827 5795 Nestorii
849 5745 1175 5800 damnatione
1191 5726 1434 5799 dictassei
1448 5726 1769 5812 sententiam;

481 5835 757 5901 PATIUL.
800 5834 875 5898 ι..

1874 4738 2022 4799 illum
2077 4742 2388 4797 han'etieum
2415 4738 2500 4794 'ac
2540 4748 2831 4811 sequentes
2856 4738 3078 4811 litteras
3108 4742 3456 4811 conscripsit,

1874 4815 2117 4885 adeoque
2149 4826 2335 4867 mense
2357 4811 2599 4881 Augusto
2619 4811 2745 4864 anni
2772 4808 2900 4864 430.

1950 4918 1973 4944 θ
2003 4909 2055 4962 In
2080 4922 2214 4961 nova
2242 4906 2426 4961 Hilarii
2450 4905 2689 4960 editione
2720 4920 2771 4968 p.
2806 4902 2968 4969 1215,
2995 4903 3338 4961 observatum
3376 4919 3463 4964 est

1873 4980 2044 5035 verba
2074 4979 2163 5032 hic
2196 4977 2402 5032 laudata
2435 4976 2501 5032 ad
2528 4990 2648 5032 eam
2678 4975 2843 5031 libelli
2895 4991 2909 5028 ι
2967 4974 3033 5028 ad
3083 4974 3457 5033 Constantium

1878 5051 2151 5119 pertinere
2178 5060 2385 5117 partem
2417 5063 2535 5117 quae
2568 5046 2851 5119 rnanileste
2878 5046 3065 5119 mutila
3090 5054 3192 5119 est.
3217 5047 3334 5114 Quo
3364 5065 3461 5102 au-

1881 5116 1986 5176 tem
2016 5116 2292 5176 intellectu
2315 5134 2376 5174 ea
2407 5116 2692 5187 protulerit
2722 5116 2983 5183 Hilarius,
3009 5117 3136 5187 ibid.
3169 5132 3288 5187 pag.
3323 5120 3459 5173 1567

1880 5203 1992 5247 n0t.
2024 5192 2078 5259 b,
2112 5203 2166 5247 et
2194 5191 2248 5245 in
2277 5186 2588 5259 praefatione
2612 5190 2853 5257 generali
2886 5202 3034 5259 num.
3090 5186 3211 5251 190,
3245 5192 3462 5259 exposi-

1879 5271 1989 5317 tum
2021 5257 2122 5317 est.
2142 5263 2205 5317 Et
2227 5257 2290 5315 ea
2318 5261 2531 5331 quidem
2556 5260 2621 5313 ad
2651 5258 3026 5313 illustrandum
3051 5266 3106 5311 et
3134 5257 3461 5331 conﬁrman-

1877 5335 2003 5389 dum
2028 5334 2166 5402 quod
2199 5332 2265 5387 de
2296 5330 2503 5385 natura:
2548 5332 2795 5384 humanae
2831 5339 2963 5402 post
3003 5330 3455 5402 resurreCtionem

1876 5398 2079 5460 Christi
2115 5404 2459 5457 Deilicatione
2487 5402 2718 5470 Cyrillus
2764 5399 3060 5467 asserebat,
3093 5398 3283 5455 idonea
3336 5413 3459 5456 esse

1876 5490 1944 5531 ex
1969 5473 2221 5544 praedicta
2242 5473 2601 5542 explicatione
2631 5472 2846 5542 planum
2876 5471 2991 5525 ﬁet.

1952 5562 1972 5601 ί
2018 5562 2195 5633 Epist.
2226 5561 2260 5616 5
2289 5577 2438 5617 num.
2464 5560 2517 5614 5.

1950 5654 1973 5692 κ
2009 5644 2119 5698 Iloc
2147 5655 2249 5704 est.
2279 5643 2328 5697 in
2362 5641 2699 5708 expositione
2719 5639 3003 5695 catholica
3034 5637 3156 5692 ﬁdei
3181 5652 3301 5709 qua:
3330 5638 3453 5697 subi

1878 5730 2018 5777 nexa
2047 5726 2129 5772 est
2160 5715 2405 5787 epistolae
2432 5713 2465 5767 5
2489 5714 2736 5786 proxime
2760 5710 2988 5766 laudatae
3015 5726 3069 5766 n.
3107 5712 3157 5765 1.

2802 5825 2881 5890 15
