3982 6182
535 210 644 267 465

1322 209 1382 266 S.
1419 206 1809 265 C(ELESTINI
1847 208 1867 262 l
1908 208 2113 264 PAPE
2158 208 2517 266 EPISTOLE
2559 210 2647 266 ET
2686 208 3035 271 DECRETA.

3725 214 3835 271 ιει

537 326 767 397 qualiter
784 338 885 380 nos
902 324 1022 381 vult
1041 338 1139 395 pro
1160 324 1396 394 ipsarum
1420 325 1602 378 ovium
1620 324 1869 379 laborare
1889 334 2129 393 pastore,

2258 328 2500 403 rwrnpiac
2528 328 2793 403 προϐάτου
2824 329 2946 393 ένὸς,
2978 335 3089 388 πῶς
3119 324 3225 404 ἆρα
3251 326 3390 398 ἡμᾶς
3416 327 3613 400 κάμνειν
3646 329 3836 399 βούλε-

537 420 633 487 qui
677 418 846 474 ofﬁcii
892 427 947 473 et
993 416 1229 475 nominis
1264 416 1382 485 ejus
1428 415 1631 470 oblitus
1676 416 1727 470 in
1776 417 2129 486 rapacitatem

539 509 655 580 lupi
675 524 735 565 se
754 512 870 580 ipse
890 508 1179 574 convertit,
1204 522 1421 577 gregem
1444 509 1669 577 cupiens
1696 509 1947 578 perdere,
1968 524 2128 579 quem

540 600 804 656 debuerat
849 597 1158 653 custodire?
1208 597 1382 665 Quem
1433 614 1529 654 nos
1580 615 1610 653 a
1648 600 1817 669 septis
1869 614 2129 670 agnorum

540 704 825 746 removere
853 689 1136 757 debemus,
1169 690 1215 745 si
1259 706 1366 744 non
1396 690 1468 745 ita
1516 701 1573 745 ut
1617 692 1866 747 volumus
1895 695 2134 763 corriga-

540 798 685 838 mus.
718 782 801 837 Sit
826 780 855 819 ιι
882 795 1009 851 spes
1030 782 1205 837 venite
1241 783 1570 852 corrigenti;
1604 784 1869 839 malumus
1899 786 2042 840 enim
2077 795 2136 839 ut

540 883 854 932 revertatur
883 884 939 930 et
967 874 1137 942 vivat,
1168 875 1213 929 si
1244 876 1412 929 vitam
1436 876 1540 931 sibi
1566 878 1985 933 commissorum
2018 880 2134 948 ipse

542 982 653 1022 non
679 966 889 1037 perdat.
910 965 993 1021 Sit
1020 976 1041 1003 ε
1076 974 1263 1035 aperta
1286 968 1554 1023 sententia
1587 970 1930 1038 perduranti;
1963 970 2136 1025 absci-

543 1057 777 1113 dendum
810 1065 896 1113 est
928 1057 1076 1113 enim
1107 1058 1213 1112 tale
1240 1059 1457 1125 vulnus,
1497 1074 1605 1129 quo
1637 1076 1744 1115 non
1772 1077 1937 1119 unum
1968 1077 2137 1117 mem-

541 1155 700 1208 brum
727 1151 960 1218 Izeditur,
994 1152 1091 1207 sed
1121 1160 1293 1207 totum
1322 1168 1522 1222 corpus
1552 1152 1816 1209 Ecclesiae
1842 1156 2132 1210 sauciatur.

543 1246 684 1314 Quid
725 1246 869 1302 enim
899 1243 929 1282 ἀ
957 1260 1082 1301 cum
1113 1247 1580 1301 consentientibus
1625 1246 1823 1315 faciat,
1868 1248 1958 1318 qui
1990 1250 2138 1303 solus

544 1339 648 1393 sibi
687 1338 903 1408 sapiens
930 1352 961 1393 a
993 1345 1179 1395 nostra
1230 1339 1554 1394 credulitate
1598 1340 1885 1396 dissentit?
1916 1341 2039 1397 Sint
2084 1344 2137 1397 in

543 1432 949 1497 communione,
981 1447 1118 1501 quos
1168 1432 1286 1501 ipse
1332 1433 1653 1488 resistentes
1684 1433 1788 1489 sibi
1827 1449 1857 1488 a
1899 1449 2141 1489 commu-

548 1523 715 1577 nione
761 1521 781 1560 τ
826 1523 1131 1589 submovit;
1180 1532 1530 1593 nostramque
1570 1527 2007 1581 communionem
2051 1526 2143 1581 ha-

549 1617 681 1671 bere
710 1630 771 1671 se
798 1631 907 1671 non
954 1631 1113 1685 posse
1161 1618 1397 1683 noverit,
1440 1618 1485 1671 si
1538 1618 1591 1672 in
1635 1618 1738 1674 hoc
1770 1618 2143 1688 perversitatis

550 1722 662 1763 suae
692 1708 908 1765 tramite
935 1710 1246 1776 apostolicae
1288 1710 1553 1767 doctrinas
1596 1713 1904 1767 contrarius
1938 1712 2142 1781 perdu-

554 1801 708 1856 rarit.

628 2162 683 2218 4.
726 2161 1065 2217 Auctoritate
1107 2160 1268 2231 igitur
1313 2169 1493 2216 tecum
1539 2169 1744 2216 nostrae
1773 2161 1921 2217 sedis
1950 2162 2142 2230 ascita,

560 2264 585 2301 It
614 2260 802 2309 nostra
833 2254 949 2307 vice
981 2266 1132 2317 usus,
1164 2252 1302 2306 hanc
1336 2252 1656 2322 exsequeris
1683 2253 1930 2307 districto
1960 2252 2147 2323 vigore

555 2346 903 2413 sententiam,
940 2355 999 2400 ut
1025 2354 1119 2400 aut
1153 2344 1171 2383 ί
1204 2347 1342 2400 intra
1375 2346 1564 2400 decem
1596 2346 1713 2401 dies
1740 2346 1809 2401 ab
1836 2347 1997 2415 hujus
2021 2361 2152 2400 con-

562 2440 832 2495 ventionis
855 2439 943 2493 die
968 2439 1335 2495 numerandos
1365 2453 1561 2507 pravas
1582 2438 2000 2509 praedicationes
2024 2453 2150 2493 suas

556 2532 758 2600 scripta
789 2530 1123 2600 professione
1142 2532 1488 2599 condemnet,
1524 2540 1579 2587 et
1612 2534 1751 2586 hanc
1779 2546 1841 2586 se
1863 2531 1931 2585 de
1955 2531 2149 2585 nativi-

561 2633 674 2678 tate
702 2622 900 2677 Christi
932 2622 1027 2678 Dei
1056 2624 1224 2678 n08tri
1256 2623 1414 2678 fidem
1446 2633 1633 2677 tenere
1661 2621 1948 2676 confirmet
1983 2636 2149 2690 quam

523 2788 527 2794 τ
560 2726 613 2772 et
637 2716 899 2783 Romana,
926 2724 981 2769 et
1004 2725 1108 2771 tua:
1128 2716 1431 2771 sanctitatis
1456 2714 1721 2779 Ecclesia,
1744 2722 1799 2768 et
1827 2712 2151 2768 universalis

561 2808 781 2865 devotio
825 2817 1004 2874 tenet;
1053 2817 1147 2863 aut
1187 2807 1292 2863 nisi
1344 2807 1447 2863 hoc
1497 2807 1704 2873 fecerit,
1739 2821 1867 2861 mox
1894 2806 2152 2861 sanctitas

562 2913 651 2956 tua
681 2903 759 2957 illi
808 2901 1067 2957 Ecclesia:
1109 2902 1418 2971 provisura,
1466 2915 1497 2955 a
1534 2909 1721 2955 nostro
1752 2915 1877 2956 eum
1920 2915 2154 2969 corpore

560 2994 735 3050 modis
776 2994 1027 3049 omnibus
1065 2994 1202 3048 sciat
1240 3008 1360 3048 esse
1395 2991 1805 3056 removendum,
1844 2992 1936 3062 qui
1970 3006 2068 3046 nec
2099 2992 2150 3045 in

2231 442 2319 475 ται
2362 422 2495 496 ὑπέρ
2536 422 2690 475 αὐτοῦ
2743 428 2833 476 τοῦ
2872 429 2970 475 τῶν
3008 422 3281 497 προϐάτων
3335 423 3604 492 namhoc;
3645 419 3705 483 ὃς
3743 433 3837 485 τῆς

2233 516 2584 591 προσηγορίας
2616 516 2809 573 ταύτης
2838 517 2920 567 καὶ
2957 520 3047 569 τοῦ
3088 516 3468 586 ἐπαγγέλματος
3510 515 3840 586 ἐπίλελησμέ-

2233 626 2334 669 νος,
2364 606 2514 664 αὐτὸς
2545 605 2722 659 ἑαυτὸν
2754 607 2824 664 εἰς
2856 612 2880 639 ⁸
2912 604 3145 678 ὰρπάγην
3184 604 3337 658 λύκου
3368 604 3693 676 μετήλλαξεν,
3729 608 3841 661 ἐπι-

2232 702 2402 769 θυμῶν
2432 698 2682 752 ἀπολέσαι
2702 703 2791 759 τὴν
2810 698 3010 769 ἀγέλην,
3030 699 3087 754 ἣν
3118 699 3267 757 αὐτὸς
3292 696 3463 768 ὤφειλε
3490 706 3839 773 συπηρῆσαι.

2232 798 2424 845 Τοῦτον
2452 788 2537 844 οὖν
2565 794 2711 862 ἡμεῖς
2739 791 2842 845 ἀπό
2870 799 2963 849 τῆς
2990 789 3350 864 περικλείσεως
3376 796 3476 843 τῶν
3504 792 3678 859 άμνῶν
3707 793 3839 845 ἁπο-

2234 892 2433 942 κινῆσαι
2464 884 2737 955 ὀφείλομεν,
2770 884 2857 936 ἐὰν
2888 886 2958 951 μὴ
2988 881 3155 941 αὐτὸν,
3189 882 3256 939 ὡς
3284 881 3506 950 θέλομεν,
3542 878 3847 955 διορθωσὼ·

2236 977 2384 1047 μεθα.
2410 972 2497 1034 Eia
2527 973 2603 1029 ἔτι
2631 976 2939 1047 συγγνώμης
2970 972 3108 1031 ἐλπίς
3137 970 3482 1044 διορθουμένῳ’
3511 974 3714 1043 θέλομεν
3744 976 3847 1049 γάρ

2234 1067 2317 1121 ἵνα
2362 1066 2666 1141 ὑποστρέψῃ
2714 1070 2797 1120 καὶ
2835 1070 2997 1137 ζήσῃ,
3039 1068 3082 1118 εἰ
3132 1071 3201 1135 μὴ
3250 1066 3400 1125 αὐτὸς
3447 1070 3538 1123 τὴν
3574 1071 3712 1131 ζωήν
3749 1076 3850 1122 τῶν

2241 1160 2719 1229 ἐμπεπιστευμένων
2756 1158 2930 1230 έαυτῷ
2968 1158 3277 1213 ἀπολέσειεν.
3319 1155 3410 1217 ET!)
3448 1155 3503 1212 δέ
3540 1179 3617 1219 τις
3657 1162 3851 1235 φανερά

2242 1250 2497 1323 ἀπόφασις
2549 1250 2661 1305 κατ’
2690 1251 2849 1303 αὐτοῦ
2909 1251 3224 1319 ἐμμένοντος.
3280 1247 3573 1305 Ἐκκοπτέον
3634 1252 3737 1323 γὰρ
3792 1255 3849 1307 τὸ

2243 1348 2472 1395 τοιοῦτον
2498 1348 2738 1415 τραῦμα,
2771 1340 2835 1395 δι’
2864 1338 2927 1395 οὗ
2967 1342 3069 1411 οὐχ
3096 1339 3146 1393 ἓν
3187 1341 3333 1411 μέλος
3372 1341 3690 1411 βλάπτεται,
3727 1342 3849 1399 άλλά

2243 1438 2347 1487 πᾶν
2382 1434 2439 1487 τὸ
2498 1441 2650 1503 σῶμα
2696 1441 2787 1493 τῆς
2842 1433 3102 1492 ἐκκλησίας
3149 1430 3601 1508 διατιτρὼσκεται.
3650 1435 3716 1486 Τί
3752 1436 3848 1507 γάρ

2244 1533 2382 1579 ποιεῖ
2408 1526 2536 1594 μετά
2564 1532 2665 1579 τῶν
2708 1525 2939 1584 ἀλλήλοις
2982 1522 3361 1595 ὁμονοούντων,
3393 1521 3447 1585 ὃς
3483 1526 3638 1595 μόνος
3685 1526 3850 1596 ἐαυτῷ

2244 1623 2445 1688 φρονεῖν
2495 1614 2657 1669 δοκῶν
2698 1626 2719 1651 ε
2752 1616 2855 1669 ἀπὸ
2892 1623 2984 1675 τῆς
3021 1616 3271 1693 ἡμετέρας
3310 1613 3544 1685 διχονοεῖ
3573 1619 3847 1682 πίστεως;

2172 1723 2223 1785 Β
2249 1706 2357 1763 ὅθεν
2388 1710 2678 1779 μενέτωσαν
2708 1708 2756 1759 ἐν
2784 1715 2848 1781 τῇ
2885 1709 3132 1781 κοινωνίᾳ,
3174 1704 3261 1766 οὓς
3302 1708 3455 1767 αὐτὸς
3495 1709 3850 1781 ἀντιλέγοντας

2251 1804 2391 1873 αὐτῷ
2422 1804 2692 1859 ἀπεκίνησε
2721 1809 2811 1860 si;
2842 1802 3117 1859 κοινωνίας.
3148 1802 3254 1853 Καὶ
3280 1802 3570 1872 γινωσκέτω
3602 1799 3679 1856 ὅτι
3707 1803 3851 1861 αὐτὸς

2248 1900 2341 1953 την
2370 1896 2620 1966 ἡμετέραν
2649 1895 2903 1948 κοινωνίαν
2923 1890 3066 1963 ἔχειν
3094 1892 3150 1944 οὐ
3172 1890 3462 1957 δυνήσεται,
3496 1894 3582 1946 ἐὰν
3611 1894 3663 1947 έν
3691 1895 3851 1963 ταύτῃ

2248 1996 2313 2062 τῇ
2362 1995 2453 2046 τῆς
2497 1985 2803 2060 διαστροφῆς
2845 1983 2946 2055 ὁδῷ
2998 1985 3322 2057 παραμείνῃ,
3368 1986 3756 2058 ἐναντιούμενος
3790 1993 3848 2057 τῇ

2251 2080 2567 2153 ἀποστολικῇ
2598 2076 2816 2152 διδαχῇ.

2323 2173 2661 2245 Συναφθείσης
2702 2191 2786 2223 σοι
2824 2171 2990 2223 τοίνυν
3037 2176 3129 2229 τῆς
3185 2170 3432 2229 αὐθεντίας
3470 2174 3561 2223 τοῦ
3603 2171 3851 2245 ἡμετέρου

2250 2264 2424 2340 θρόνου
2616 2265 2841 2335 ἡμετέρᾳ
2882 2258 2906 2295 ὶλ
2953 2259 3177 2335 διαδοχῇ
3242 2262 3609 2333 χρησάμενος,
3660 2262 3849 2321 ταύτην

2250 2356 2543 2415 ἆκϐιϐάσεις
2574 2355 2775 2428 ἀκριϐεῖ
2791 2353 3086 2431 στερῤότητι
3114 2359 3203 2412 τὴν
3230 2353 3506 2424 ἀπόφασιν,
3536 2354 3624 2407 ἶνα
3651 2352 3680 2412 ἦ
3716 2354 3847 2413 έντὸς

2253 2447 2376 2504 δέκα
2408 2451 2607 2523 ἡμερῶν
2638 2448 3012 2519 ἀριθμουμένων
3038 2447 3142 2500 άπό
3166 2454 3258 2505 τῆς
3289 2446 3481 2518 ἡμέρας
3507 2454 3605 2505 τῆς
3634 2447 3848 2517 ὑπομνή·

2255 2564 2387 2603 σεως
2413 2544 2623 2609 ταύτης,
2656 2543 2719 2596 τά
2748 2542 2877 2595 κακὰ
2905 2541 3212 2615 κηρύγματα
3239 2539 3421 2593 ἑαυτοῦ
3459 2541 3697 2616 ἐγγράφῳ
3737 2538 3847 2608 ὁμοο

2252 2634 2397 2709 λογίᾳ
2421 2636 2657 2707 ἀθετησῃ,
2693 2636 2780 2687 καὶ
2812 2632 2997 2685 ἑαυτὸν
3036 2630 3464 2687 διαϐεϐαιώσηται
3492 2630 3693 2687 ταύτην
3720 2632 3847 2684 κατέ·

2255 2752 2375 2802 χειν
2419 2735 2509 2787 τὴν
2545 2731 2720 2783 πίστιν
2759 2730 2879 2803 περὶ
2916 2736 3007 2787 τῆς
3044 2729 3326 2799 γεννήσεως
3373 2730 3465 2778 τοῦ
3496 2732 3725 2797 Χριστοῦ
3758 2730 3838 2777 τοῦ

2253 2831 2383 2879 Θεοῦ
2412 2826 2571 2895 ἡμῶν,
2609 2823 2668 2881 ἣν
2707 2823 2794 2876 καὶ
2834 2823 2863 2879 ἦ
2893 2822 3143 2891 Ῥωμαίων
3180 2821 3264 2872 καὶ
3292 2821 3323 2876 ἡ
3352 2827 3442 2877 τῆς
3474 2827 3577 2877 σῆς
3605 2818 3846 2891 ἁγιότητος

2256 2917 2517 2979 ἐκκλησία,
2552 2918 2637 2969 καὶ
2675 2917 2705 2972 ἡ
2734 2914 2945 2967 καθόλου
2987 2913 3296 2971 καθοσίωσις
3331 2912 3566 2980 κατέχει·
3612 2911 3641 2970 ἧ
3676 2912 3754 2964 ἐάν
3786 2916 3845 2979 μή

2254 3017 2409 3067 τοῦτο
2436 3021 2653 3081 ποιήσῃ,
2680 3010 2824 3068 εὐθὺς
2852 3009 2882 3065 ἡ
2913 3011 2978 3064 σὴ
3009 3006 3217 3079 ἁγιότης
3239 3005 3428 3063 ἓκείνης
3452 3013 3543 3063 τῆς
3581 3004 3840 3062 ἐκκλησίας

561 3103 621 3141 se
646 3086 975 3142 medentium
1000 3100 1190 3141 curam
1212 3086 1381 3142 voluit
1401 3085 1706 3150 admittere,
1731 3094 1783 3140 et
1807 3086 1859 3138 in
1891 3085 2149 3154 perditio-

2258 3104 2678 3179 προνοησαμένη.
2721 3101 2855 3172 μάθῃ
2888 3099 3040 3154 αὐτὸν
3078 3100 3233 3153 παντὶ
3261 3097 3437 3169 τρόπῳ
3474 3098 3582 3150 άπὸ
3618 3102 3701 3150 τοῦ
3731 3097 3842 3167 ἠμε-

566 3192 689 3233 nem
713 3188 819 3233 tam
843 3192 995 3233 suam
1018 3192 1181 3248 quam
1203 3180 1446 3235 omnium
1471 3176 1575 3233 sibi
1605 3177 1935 3232 creditorum
1964 3175 1977 3226 i
2012 3176 2152 3232 male

567 3271 793 3341 pestifer
820 3270 1117 3329 festinavit.

637 3549 693 3602 5.
733 3543 939 3601 Eadem
966 3551 1147 3598 autem
1178 3544 1495 3613 scripsimus
1528 3553 1583 3600 et
1610 3545 1677 3599 ad
1707 3556 1926 3601 sanctos
1955 3544 2154 3600 fratres

568 3648 620 3695 et
650 3638 1005 3707 coepiscopos
1032 3643 1272 3703 nostros,
1303 3636 1589 3704 Joannem,
1623 3636 1648 3673 ι
1672 3637 1892 3703 Rufum,
1919 3635 2153 3691 Juvena—

568 3733 677 3785 lem
699 3739 755 3784 et
781 3727 1097 3785 Flavianum
1124 3746 1135 3781 :
1164 3736 1221 3783 ut
1266 3739 1390 3784 nota
1420 3729 1494 3784 sit
1532 3730 1601 3785 de
1628 3744 1695 3785 eo
1742 3740 1959 3795 nostra,
1991 3731 2157 3783 immo

569 3820 769 3877 Christi
793 3820 964 3875 nostri
984 3819 1165 3876 divina
1187 3822 1479 3877 sententia.
1504 3822 1633 3878 Data
1658 3838 1716 3877 ιιι
1768 3823 1886 3877 idus
1932 3820 2160 3891 Augusti

574 3912 592 3949 1
624 3912 931 3970 Theodosio
958 3930 1057 3969 xm
1086 3924 1140 3970 et
1170 3915 1547 3973 Valentiniano
1579 3926 1618 3952 ω
1643 3932 1700 3970 ιιι
1727 3914 2064 3971 consulibus.

642 4035 670 4100 ξ
956 4027 1027 4081 At
1054 4026 1212 4100 edit_.,
1240 4031 1313 4087 sic
1339 4026 1557 4100 ἅρπαγα
1591 4028 1762 4100 λύκονἶ

637 4096 839 4183 δἘόίιὶ
864 4096 1074 4183 Graece,
1094 4098 1137 4150 εἰ
1160 4096 1197 4183 ς
1191 4120 1241 4151 τι
1261 4094 1568 4183 συγγνώμης·
1588 4098 1730 4183 ἐλπίς
1750 4094 2155 4183 διορθωσομένῳ,

570 4170 842 4241 δυνήσεται
871 4167 1273 4241 περιλείπεσθαι·
1300 4167 1505 4241 θέλομεν
1526 4182 1540 4216 :
1570 4167 1900 4241 castigantur
1932 4184 1997 4221 ex
2024 4167 2154 4223 mss.

569 4240 763 4309 quibus
790 4235 978 4309 Lal‘in'a
998 4236 1169 4309 lectio
1194 4249 1247 4290 et
1274 4235 1539 4290 orationis
1569 4235 2155 4309 seriesAsufYragantur.

647 4320 668 4348 ο
706 4308 768 4363 In
814 4307 1061 4377 vulgatis,
1109 4308 1177 4360 sit
1227 4316 1365 4359 certa
1411 4310 1685 4361 sententia.
1727 4306 1948 4362 Gnaeus
1982 4316 2158 4367 textus

568 4381 807 4453 postulat
828 4379 892 4432 sit
923 4387 1102 4453 aperta
1130 4377 1540 4453 sententia,_hoc
1580 4386 1663 4432 est
1688 4378 1946 4453 palam_et
1971 4389 2158 4453 aperte

2256 3199 2409 3273 τέρου
2447 3196 2718 3266 σωματίου
2768 3192 3129 3253 ἀποκινητέον,
3173 3186 3227 3251 ὂς
3265 3186 3382 3243 οὔτε
3429 3194 3519 3246 τὴν
3579 3196 3677 3244 τῶν
3712 3188 3844 3264 θερα-

2259 3294 2515 3349 πευόντων
2542 3290 2683 3346 ἴασιν
2720 3290 2924 3349 ἠθέλησε
2960 3286 3343 3354 καταδέξασθαι,
3376 3291 3463 3341 καὶ
3494 3290 3579 3348 εἰς·
3613 3288 3843 3343 ἀπώλειαν

2260 3387 2415 3439 αὐτοῦ
2468 3405 2523 3438 τε
2566 3386 2649 3437 καὶ
2689 3383 2891 3437 πάντων
2922 3387 3021 3434 τῶν
3053 3381 3193 3449 αὐτῷ
3233 3379 3659 3448 πεπιστευμένων
3695 3382 3844 3434 κακῶς

2260 3475 2508 3546 λοιμώδης
2537 3474 2786 3544 ἠπείχθη.

2334 3571 2406 3621 Τά
2431 3566 2484 3621 δέ
2514 3567 2639 3620 αὐτὰ
2666 3563 2958 3638 ἐγράψαμεν
2986 3563 3118 3638 πρὸς
3150 3564 3271 3621 τοὺς
3301 3560 3477 3634 ἁγίους
3505 3558 3745 3632 ἀδελφοὺς
3771 3558 3845 3610 καὶ

2260 3660 2674 3717 συνεπισκόπους
2705 3660 2843 3727 ἡμῶν
2875 3656 3121 3719 Ἰωάννην,
3152 3652 3373 3725 Ῥοῦφον,
3405 3651 3751 3714 Ίουϐενάλιον,
3773 3652 3845 3702 καὶ

2261 3750 2551 3806 Φλαϐιανόν’
2580 3751 2663 3804 ἵνα
2693 3750 2877 3825 φανερά
2957 3750 2987 3805 ἡ
3015 3751 3135 3820 περὶ
3164 3749 3319 3801 αὐτοῦ
3341 3747 3501 3815 ἡμῶν,
3531 3746 3717 3817 μᾶλλον
3746 3740 3796 3797 δέ
3817 3745 3844 3799 ἡ

2264 3850 2357 3899 τοῦ
2376 3848 2604 3917 Χριστοῦ
2630 3844 2772 3913 ἡμῶν
2799 3842 2908 3894 θεῖα
2938 3840 3210 3912 ἀπόφασις.

2262 4024 2411 4079 Inter
2440 4038 2535 4079 eos
2564 4032 2745 4078 autem
2774 4036 2910 4091 quos
2942 4022 3225 4077 Nestorius
3256 4020 3631 4085 submoverat,
3662 4018 3837 4090 praeci-

2262 4110 2397 4165 puus
2427 4109 2720 4149 censensus
2750 4104 2834 4148 est
2877 4093 3156 4162 Philippus
3202 4093 3504 4165 presbyter,
3556 4097 3624 4147 de
3664 4108 3763 4162 quo
3792 4091 3839 4142 in

2261 4163 2546 4231 Superiore
2573 4166 2805 4235 epistola
2829 4164 2861 4219 9
2894 4180 3043 4219 num.
3071 4165 3103 4219 5
3132 4172 3215 4218 est
3243 4163 3467 4217 dictum.

2334 4246 2358 4283 ις
2391 4238 2453 4290 Et
2490 4237 2576 4291 hic
2611 4232 2741 4292 'cum
2789 4236 2980 4290 Latino
3022 4249 3274 4290 sermone
3319 4235 3593 4290 consentit
3634 4232 3836 4288 Graecus

2258 4310 2532 4378 regiorum
2583 4308 2971 4376 exemplarium
3025 4314 3221 4360 textus.
3283 4304 3337 4378 in
3375 4306 3833 4378 vulgatishautem

2262 4374 2509 4454 habetur,
2541 4383 2628 4433 καὶ
2735 4374 2959 4454 ἧμετέρᾳ
2978 4383 3069 4454 του
3096 4377 3259 4432 τόπου
3278 4375 3505 4454 διαδοχῇ
3535 4377 3597 4428 ἐπ
3629 4374 3838 4454 ’ὶξουσίᾳ

576 4447 716 4504 dicta
746 4450 1013 4526 sententia
1041 4448 1346 4526 damnetur,
1374 4448 1425 4526 si
1457 4448 1510 4501 in
1533 4462 1717 4526 errore
1737 4450 2025 4526 _persis_t_at.
2058 4450 2154 4526 Hic
2183 4452 2621 4526 υπχρησάμενος,
2672 4447 2947 4520 nostraque
3000 4449 3103 4501 uice
3156 4464 3215 4500 ac
3271 4447 3386 4501 loco
3440 4447 3551 4499 cum
3602 4451 3837 4515 potestate

541 4532 545 4537 ·
573 4520 868 4590 respondet
896 4518 1220 4575 leestinus
1244 4535 1307 4575 ac
1337 4520 1495 4589 plane
1517 4520 1777 4575 satisfacit
1803 4520 1993 4591 Cyrilli
2015 4520 2154 4591 peti-

574 4592 726 4646 tioni.
761 4591 811 4645 Is
841 4593 986 4645 enim
1030 4590 1194 4660 epist.
1240 4591 1273 4644 8
1314 4608 1371 4645 n.
1416 4592 1449 4645 7
1501 4591 1738 4645 nondum
1789 4590 2094 4659 quidem’se
2126 4608 2157 4646 a

575 4661 811 4717 Nestorii
836 4663 1217 4716 communione
1243 4671 1429 4732 aperte
1458 4661 1777 4732 discessisse
1800 4662 2155 4730 significarat,

576 4734 670 4786 sed
704 4732 829 4801 quid
864 4732 1120 4799 deinceps
1157 4732 1261 4785 sibi
1283 4731 1565 4801 agendum
1599 4732 1770 4801 foret,
1805 4733 2158 4789 Caelestinum

532 4818 538 4825 ’
574 4810 635 4856 ut
662 4801 859 4873 docere
886 4803 1198 4873 dignaretur
1228 4804 1384 4856 enixe
1413 4804 1654 4870 rogabat.

646 4872 673 4910 ά
698 4874 812 4943 Hoc
837 4872 1080 4939 est,’cum
1108 4874 1169 4926 iis
1191 4876 1278 4943 qui
1304 4875 1359 4926 in
1389 4890 1493 4926 una
1525 4874 1623 4937 [ide
1647 4874 1985 4927 concordant.
2004 4873 2158 4929 Allu-

574 4944 655 5015 dit
679 4942 1003 5001 leestinus
1034 4944 1101 4999 ad
1135 4945 1293 4998 verba
1339 4943 1527 5015 Cyrilli
1571 4946 1730 5014 epist.
1772 4946 1805 4998 8
1832 4961 1887 4998 n.
1918 4946 1970 5010 5,
2018 4945 2159 4999 unde

577 5014 882 5068 Nestorium
920 5031 950 5069 a
990 5015 1262 5070 communi
1306 5014 1544 5067 omnium
1578 5015 2003 5069 orthodoxorum
2033 5030 2158 5069 sen-

576 5086 743 5139 tentia
768 5084 1068 5149 discedere,
1098 5099 1266 5154 seque
1293 5101 1459 5139 unum
1490 5086 1740 5139 omnibus
1771 5086 2159 5154 sapientiorem

574 5156 828 5210 arbitrari
858 5155 1139 5209 didicerat.

652 5236 674 5300 ξ
704 5227 761 5300 lit
790 5225 1180 5300 vulg._addi_tur
1212 5223 1425 5300 ἄριστα.

648 5296 667 5384 ‘,
703 5297 908 5384 “issi,
933 5296 1171 5384 ίὲιτέίιξξξ
1216 5295 1563 5384 stratisve
1586 5295 1836 5384 maxime
1876 5302 2164 5384 Pettium

574 5369 673 5423 lias
705 5369 914 5437 accepit
951 5366 1231 5424 leestini
1274 5366 1503 5437 litteras,
1545 5368 1611 5423 ad
1639 5370 1843 5421 clerum
1874 5369 2163 5435 populum-

575 5455 681 5510 que
707 5439 811 5494 CP.
838 5436 1049 5509 pariter
1076 5438 1297 5508 scripsit
1328 5454 1343 5493 :
1379 5436 1507 5492 Cum
1535 5439 1602 5510 iis
1626 5439 1827 5510 clericis
1857 5448 1903 5510 et
1934 5441 2163 5508 papula-

572 5508 715 5565 fibits
744 5508 968 5579 quoque,
999 5511 1085 5578 qui
1113 5517 1323 5580 prapter
1356 5520 1549 5564 rectam
1570 5509 1725 5577 ﬁdem
1751 5509 1811 5561 ab
1841 5508 1936 5562 illo
1964 5524 2169 5562 excom-

574 5582 823 5635 municati
847 5580 923 5633 vel
954 5581 1121 5650 gradu
1170 5582 1292 5634 moti
1321 5590 1458 5645 sunt,
1499 5596 1589 5634 nos
1628 5580 1780 5633 libere
1807 5580 2163 5650 communica-

575 5668 710 5721 mus,
740 5648 992 5721 injustam
1021 5648 1161 5705 illius
1206 5653 1504 5706 sententious
1552 5651 1759 5703 minime
1805 5649 2161 5721 approbantes,

578 5719 667 5775 sed
697 5719 997 5787 eos'potius
1034 5724 1121 5790 qui
1161 5723 1263 5777 ista
1306 5721 1532 5795 perpessi
1570 5730 1688 5775 sunt
1727 5719 2162 5778 commendantes.

2263 4538 2406 4573 ιιευε.

2334 4590 2361 4629 b
2391 4590 2443 4644 In
2474 4605 2627 4655 mss.,
2656 4588 2815 4663 δοχῇ.

2268 4734 2281 4746 ⁸
2330 4663 2357 4746 ξ
2394 4663 2468 4715 lta
2510 4650 2623 4715 ms.
2662 4650 2881 4727 Na'v'.nr.,
2922 4659 3251 4729 suffragante
3279 4658 3492 4715 Graeco.
3531 4658 3603 4713 At
3637 4653 3830 4713 Baluz.,

2262 4749 2423 4786 "Hm.

2348 4749 2423 4785 ra.

2322 4734 2355 4852 fi
2400 4802 2535 4856 llinc
2565 4802 2909 4871 perspicuum
2951 4811 3031 4856 est
3076 4801 3269 4857 Grmce
3295 4808 3473 4863 κακῶς,
3522 4813 3667 4871 nonL
3694 4803 3755 4871 ut.
3784 4790 3833 4844 in

2269 4889 2419 4947 mss._
2445 4862 2629 4947 Regiis
2653 4862 2847 4947 fertur,
2888 4872 3052 4947 κάθως
3102 4872 3383 4947 legendum
3413 4862 3704 4947 _esse._Ex
3744 4862 3832 4947 hoc

2263 4945 2461 4998 mendo
2494 4930 2643 4998 locus
2673 4930 2845 4997 datus,
2868 4930 3085 4997 videtur
3114 4930 3448 5010 glu0ssemati,
3477 4940 3631 5010 quod
3658 4938 3705 4988 in
3730 4930 3833 5010 vul-

2262 5016 2401 5083 gatis
2424 5014 2829 5082 exemplaribus
2854 5014 3057 5069 Grzecis
3080 5004 3308 5078 obtinet,
3336 5010 3417 5069 οἷα
3436 5004 3832 5083 ’λοιμώδηςνόσῆς

2264 5077 2506 5160 ἧπείχθἎ
2518 5077 2728 5160 δραμεῖν
2753 5084 2836 5141 διὰ
2854 5092 3060 5160 του-τῆς
3080 5084 3371 5160 Ἐκκλησέ-ας
3390 5077 3831 5160 asperginem:

2266 5143 2433 5228 μενοςῖ
2464 5143 2749 5237 Ταῧηιίιιαηι
2776 5157 3009 5237 Δρεειὲῒρις
3041 5143 3253 5208 ιηονίηιε
3297 5143 3357 5208 in?
3398 5143 3558 5207 tot-um
3605 5143 3831 5201 Εοείεείω

2265 5226 2452 5296 corpus
2480 5226 2733 5279 invadens
2767 5226 3030 5296 festinavit
3059 5241 3282 5295 serpere.
3703 5286 3713 5297 _

2340 5295 2365 5333 ¹ί
2397 5296 2592 5350 Rufum
2622 5306 2677 5350 et
2707 5296 3019 5350 Flavianum
3053 5296 3174 5351 ideo
3224 5295 3467 5350 nominat
3508 5289 3828 5351 leestinus.

2269 5370 2394 5438 quia
2424 5367 2511 5423 hic
2541 5366 3014 5438 archiepiscopus,
3038 5375 3093 5422 et
3120 5350 3208 5422 ille
3238 5367 3437 5438 primas
3463 5369 3577 5438 erat
3604 5350 3827 5438 Maesti?-

2268 5421 2422 5506 rium,
2456 5421 2592 5507 quos
2622 5421 2773 5493 novis
2803 5421 3391 5492 Nestorii’comm'entis
3417 5435 3649 5505 graviter
3674 5421 3827 5483 offen-

2268 5523 2359 5579 sos
2392 5522 2514 5563 esse
2541 5509 2776 5579 Cyrillus
2816 5508 2977 5578 epist.
3012 5509 3047 5564 8
3074 5524 3130 5563 n.
3154 5508 3188 5563 5
3217 5508 3627 5577 praemonuerat.

2344 5577 2362 5615 ι
2397 5577 2628 5649 Augusti
2653 5582 2741 5642 11,
2774 5577 2917 5633 anno
2944 5579 3074 5635 A50.

2342 5660 2381 5686 ω
2416 5650 2471 5705 ln
2498 5664 2657 5720 mss.,
2698 5649 3067 5706 Valentiniano
3096 5664 3169 5707 vr.
