3982 6182
235 226 332 281 165

672 217 885 275 EPIST.
929 216 1046 273 XII.
1077 213 1574 273 —C(ELESTIN1
1613 216 1816 268 PAPA‘J
1858 217 1949 268 AD
1990 214 2361 273 EPISCOPOS
2401 216 2683 273 ECCLES.
2725 218 3001 277 ORIENT.

3388 225 3501 284 466

1605 328 1939 385 EPISTOLA
1978 328 2093 383 Xll.

230 428 381 494 Quam
403 426 943 484 exitiosasitNestorii
980 425 1240 487 doctrina,
1275 423 1577 498 Caelestinus
1592 422 1818 498 exponit.
1852 421 1921 478 Se
1943 438 1986 498 _a_
2004 438 2099 475 sua
2129 423 2486 498 communione
2526 424 2674 498 illum
2710 427 2927 498 ejusque
2955 427 3178 498 fautores
3206 430 3497 498 secreuisse,

290 509 333 554 et
354 512 529 554 contra
551 503 604 552 in
630 498 1036 552 communionem
1066 497 1317 569 recepisse
1345 512 1471 564 quos
1496 492 1587 546 ille
1608 492 1880 569 nouissime
1900 494 2177 569 altjecerat.
2208 492 2275 548 Ut
2294 495 2436 569 infra
2452 496 2631 569 scripti
2654 492 2898 569 prazsules
2918 492 3123 569 fortiter
3145 514 3238 569 pro
3262 492 3499 553 Ecclesia

288 581 470 625 certent
497 573 752 633 hortatur,
782 577 1049 634 monetque
1070 566 1121 622 Ν
1129 561 1372 621 estorium
1388 582 1421 619 a
1442 564 1797 621 communione
1813 561 2062 619 Ecclesia:
2086 561 2471 632 removendum,
2490 561 2589 620 nisi
2611 561 2904 622 admonitus
2918 561 3064 622 intra
3090 561 3341 624 decimum
3362 568 3498 625 diem

291 642 485 696 damnet
511 640 646 711 quod
673 640 1007 708 praedicarat.

224 764 556 835 Cameri—rius
581 775 865 844 episcopus
902 782 930 811 ι
960 772 1183 844 losum,
1214 770 1503 844 Juvenum,
1535 769 1707 844 Rura,
1740 776 1796 825 et
1820 780 1876 839 Α

356 841 630 904 Furiana
650 841 922 916 episcOpis
955 859 1050 914 per
1066 842 1368 905 Orientem,
1395 841 1422 879 δ
1452 857 1482 895 a
1512 842 1649 911 pari.

288 964 334 1015 1.
362 961 681 1031 Optaremus
711 956 960 1028 quidem,
991 956 1149 1011 sicuti
1187 969 1295 1010 una
1322 963 1405 1010 est
1436 965 1459 993 ε
1491 955 1585 1010 Dei
1604 968 1794 1010 essen-

224 1055 283 1107 tia
303 1097 318 1122 ,
359 1053 429 1107 ita
459 1054 597 1107 inter
628 1066 816 1106 omnes
845 1050 937 1120 qui
965 1049 1165 1120 ubique
1194 1057 1320 1103 sunt
1348 1047 1597 1103 homines
1627 1063 1791 1103 unam

216 1155 378 1201 recta:
406 1146 529 1200 ﬁdei
577 1145 861 1199 veritatem
891 1143 1085 1199 teneri.
1120 1142 1297 1196 Minor
1336 1150 1516 1198 tamen
1560 1141 1792 1211 gemitus

217 1248 319 1306 est,
353 1238 400 1292 si
437 1239 522 1307 qui
549 1252 608 1292 se
628 1246 779 1292 extra
807 1250 1027 1305 gregem
1053 1234 1393 1288 Dominicum
1418 1240 1788 1304 segregautes,

210 1337 263 1383 et
286 1343 379 1393 per
404 1330 624 1398 angulos
654 1328 1000 1396 latebrasque
1020 1326 1299 1380 latitantes
1327 1322 1377 1389 δ,
1400 1325 1538 1379 alios
1567 1326 1671 1379 sibi
1702 1326 1789 1380 vel

210 1434 402 1488 paucos
426 1421 517 1489 qui
546 1434 731 1476 secum
782 1418 1045 1481 sentiunt,
1093 1416 1306 1472 occulto
1331 1430 1518 1471 errore
1566 1429 1792 1486 persua-

209 1512 382 1567 deant.
417 1510 551 1566 Cum
609 1526 743 1566 vero
768 1510 964 1577 aliquis
993 1518 1350 1564 sacrosanctae
1392 1508 1653 1563 Ecclesia:
1687 1507 1783 1563 Dei

208 1590 300 1659 'sub
345 1605 568 1659 nomine
602 1614 625 1641 ο
671 1602 997 1672 praepositus
1026 1601 1343 1667 sacerdotis,
1378 1602 1554 1670 ipsum
1584 1600 1785 1656 Christi

206 1698 466 1765 populum
515 1711 546 1750 a
575 1696 794 1751 tramite
821 1695 1060 1749 veritatis
1101 1694 1154 1748 in
1190 1708 1429 1762 praeceps
1460 1694 1633 1749 deviae
1658 1708 1785 1763 per-

198 1790 480 1844 suasionis
522 1789 754 1853 avertit,
786 1798 839 1842 et
885 1787 986 1841 hoc
1038 1787 1092 1841 in
1145 1786 1477 1857 amplissima
1512 1787 1677 1850 urbe,
1716 1786 1783 1841 ad

195 1894 367 1949 quam
414 1887 633 1949 propter
671 1879 1017 1934 inhabitantis
1056 1878 1274 1948 imperii
1314 1878 1674 1932 reverentiam
1715 1878 1784 1933 de

200 1973 471 2027 universo
498 1974 628 2027 orbe
656 1972 875 2027 conﬂuit
906 1972 1228 2035 multitudo;
1253 1979 1380 2024 tunc
1412 1970 1569 2037 plane
1590 1978 1675 2025 est
1697 1985 1783 2039 ge-

198 2063 454 2117 minanda
487 2065 831 2129 lamentatio,
887 2073 943 2120 et
970 2065 1142 2133 major
1184 2063 1524 2127 sollicitudo,
1557 2077 1624 2116 ne
1653 2063 1780 2128 quid

2110 778 2193 844 Τῷ
2220 773 2467 843 ἀγαπητῷ
2504 770 2700 845 ἀδελφῷ
2726 762 2927 847 uel;va
2963 774 3271 837 Κελεστῖνος.

1967 953 2240 1025 Εὐχόμεθα
2278 956 2369 1023 μὲν
2408 954 2585 1029 ὥσπερ
2631 958 2726 1024 μία
2777 956 2891 1008 εστὶ
2926 962 3019 1015 τῆς
3052 955 3287 1019 θεότητος
3316 958 3491 1023 οὐσία,

1895 1052 2031 1107 οὕτω
2061 1055 2148 1107 καὶ
2187 1051 2333 1125 παρά
2368 1054 2504 1104 πᾶσι
2540 1057 2648 1109 τοῖς
2680 1048 3002 1108 ὁπουδήποτε
3042 1045 3190 1105 οὖσιν
3216 1052 3494 1126 ἀνθρώποις

1893 1148 2013 1214 μίαν
2027 1151 2121 1203 τῆς
2146 1143 2294 1219 ὀρθῆς
2314 1145 2544 1200 πίστεως
2572 1141 2804 1199 ἀλήθειαν
2829 1141 2863 1197 ἔ
2858 1162 2993 1213 χειν.
3012 1142 3253 1197 Ἐλάττων
3273 1141 3327 1198 δέ
3354 1140 3493 1214 ὅμως

1891 1236 1919 1291 ὁ
1944 1236 2230 1310 στεναγμός
2258 1237 2428 1296 ἐστιν,
2470 1234 2554 1287 ἑὰν
2591 1253 2726 1293 τινες
2754 1240 2943 1294 αυτοῦς
2980 1236 3125 1293 ἐκτὸς
3167 1242 3260 1293 τῆς
3308 1235 3489 1307 ἀγέλης

1891 1338 1983 1389 τῆς
2008 1328 2308 1388 δεσποτικῆς
2339 1329 2757 1399 ἁποχωρίζοντες
2776 1367 2788 1386 .
2823 1327 2911 1379 καὶ
2947 1324 3031 1380 διὰ
3058 1333 3251 1399 γωνιῶν
3284 1330 3367 1380 καὶ
3396 1347 3495 1380 συ·

1891 1424 2047 1476 σκὶων
2085 1422 2255 1476 τόπων
2300 1420 2639 1480 λανθάνοντες,
2689 1419 2893 1478 ἕαυτοῐς
2940 1419 2969 1477 ἦ
3016 1422 3103 1472 καὶ
3149 1418 3333 1490 ὀλίγοις
3384 1422 3491 1473 τισὶ

1890 1515 2330 1585 συμϐουλεύωσιν,
2384 1514 2682 1583 ὁμονοοῦσιν
2730 1512 2935 1572 ἑαυτοῖς
2982 1513 3031 1565 ἓν
3080 1520 3143 1584 τῇ
3180 1512 3489 1584 λανθανούσῃ

1888 1608 2071 1679 πλάνῃ.
2101 1604 2221 1662 Ὀτε
2245 1605 2297 1661 δέ
2330 1608 2378 1658 ἐν
2412 1615 2475 1680 τῇ
2506 1612 2596 1661 τοῦ
2631 1612 2761 1660 Θεοῦ
2800 1606 2914 1677 ἱερᾷ
2938 1606 3202 1681 Ἐκκλησία
3236 1605 3263 1660 ὁ
3301 1606 3490 1681 προϐε-

1892 1700 2133 1771 ϐλημένος
2162 1701 2265 1753 ὑπὸ
2296 1707 2370 1772 τῷ
2398 1699 2601 1768 ὀνόματι
2630 1704 2720 1753 τοῦ
2747 1698 2919 1773 ἱερέως
2939 1701 3094 1753 αὐτοῦ
3124 1700 3212 1754 τὸν
3244 1706 3343 1755 τοῦ
3368 1708 3490 1775 Χρι-

1889 1799 2017 1847 στοῦ
2046 1791 2203 1861 δῆμον
2234 1793 2334 1845 ἀπὸ
2375 1796 2467 1850 τὴς
2514 1789 2636 1844 ὁδοῦ
2687 1800 2779 1849 τῆς
2830 1791 3062 1851 ἀληθείας
3100 1793 3234 1847 κατὰ
3260 1800 3488 1866 κρημνῶν

1886 1884 2193 1957 ἀποστρέφει
2219 1889 2281 1953 τῇ
2309 1883 2399 1934 οὐκ
2425 1883 2545 1956 ὀρθῇ
2576 1880 2878 1955 συμϐουλῇ,
2910 1884 2996 1935 καὶ
3031 1889 3183 1937 τοῦτο
3216 1885 3265 1937 ἐν
3298 1893 3362 1959 τῇ
3396 1905 3487 1957 με·

1884 1978 2039 2046 γίστῃ
2068 1975 2230 2037 πόλει,
2262 1976 2335 2032 εἰς
2356 1974 2413 2031 ἣν
2440 1971 2522 2028 διὰ
2544 1978 2636 2030 τήν
2659 1976 2808 2041 τιμήν
2832 1978 2922 2026 τοῦ
2949 1970 3254 2035 ἐνοικοῦντος
3287 1973 3305 2011 ί
3336 1976 3487 2045 βασι-

1884 2067 2019 2120 λείου
2050 2066 2152 2121 ἀπὸ
2173 2067 2366 2127 παντὸς
2390 2072 2483 2120 τοῦ
2507 2066 2704 2136 κόσμου
2735 2065 3016 2139 συντρέχει
3044 2066 3102 2118 τὸ
3136 2067 3339 2125 πλῆθος,
3370 2066 3484 2120 τότε

193 2157 297 2225 lupi
328 2166 355 2203 ις
397 2158 668 2225 rapacitas
700 2157 1029 2226 praevaleat,
1062 2156 1387 2212 adhibenda.
1431 2155 1601 2210 Minor
1626 2154 1771 2210 enim

1883 2156 2070 2216 δηλαδὴ
2094 2157 2495 2218 διπλασιαστέος
2520 2160 2662 2212 ἐστὶν
2691 2156 2717 2210 ὁ
2745 2159 2940 2230 θρῆνος,
2969 2159 3051 2208 καὶ
3077 2160 3260 2226 μείζων
3280 2159 3311 2214 ἡ
3333 2177 3484 2229 φρον-

193 2244 218 2282 h
245 2264 372 2304 cura
405 2260 494 2305 est
519 2249 819 2305 obsidentis
853 2249 1057 2304 inimici
1082 2263 1244 2317 quam
1272 2248 1412 2302 intra
1450 2247 1648 2305 minoia
1691 2247 1779 2303 de-

254 2392 279 2419 ι
305 2382 574 2450 Quaedam
608 2382 661 2435 in
694 2380 882 2437 Grmca
917 2389 970 2436 et
994 2380 1186 2435 Latina
1217 2379 1463 2448 epistolae
1491 2379 1648 2449 hujus
1693 2380 1780 2433 iu-

188 2454 475 2518 scriptione
522 2462 746 2522 apparet
795 2453 1151 2508 dissensionis
1191 2454 1421 2520 species,
1452 2466 1573 2504 cum
1608 2452 1659 2504 in
1692 2452 1781 2506 illa

185 2525 267 2576 uni
292 2523 525 2592 Joanni,
557 2526 609 2577 in
642 2524 742 2577 hac
776 2524 1017 2590 pluribus
1048 2522 1169 2575 aliis
1197 2522 1541 2577 inscribatnr.
1572 2522 1781 2577 Latina:

188 2594 517 2664 suti'ragatur
547 2605 658 2647 tum
687 2593 968 2648 Liberatus
994 2594 1251 2664 diaconus
1279 2607 1397 2661 cap.
1427 2594 1480 2656 5,
1518 2594 1604 2664 ubi
1642 2592 1780 2648 hanc

184 2662 455 2720 leesiini
491 2665 777 2735 epistolam
806 2663 1129 2735 sicittdicat,
1156 2662 1352 2735 Eadem
1381 2664 1444 2715 de
1467 2679 1527 2735 re
1555 2663 1779 2735 (de_qna

184 2735 403 2805 Cyrillo)
433 2732 633 2807 pariter
654 2736 858 2807 scrips_i_t
875 2732 1066 2807 Joanni
1091 2733 1435 2807 Antiocheno,
1457 2732 1601 2807 Rufo
1622 2732 1778 2807 Thes-

184 2800 515 2871 sa'lonicen'si,
540 2800 779 2859 Juvenali
802 2804 1275 2874 Hierosolymitano
1298 2813 1345 2859 et
1364 2800 1620 2858 Flaviano
1646 2803 1778 2861 Phi-

182 2876 393 2947 lippensi
425 2876 867 2948 archiepiscopis;
912 2887 1019 2929 tum
1047 2875 1371 2931 leesunus
1404 2876 1455 2928 in
1489 2875 1775 2947 superiore

182 2950 399 3015 epistola
436 2948 504 3003 Η
541 2963 592 3000 n.
627 2950 679 3013 5,
712 2948 801 3000 ubi
834 2948 1025 3013 habet,
1058 2948 1370 3017 Scripsimus
1391 2958 1449 3017 Aet
1477 2949 1547 3000 ad
1575 2958 1776 3017 sanctos

180 3017 363 3084 fratres
393 3028 443 3072 et
474 3019 804 3087 coepiscopos
828 3028 1037 3087 nostros
1066 3014 1349 3087 Joannem.
1381 3014 1596 3084 Rufum,
1619 3016 1777 3070 Juve-

177 3090 339 3142 nalem
372 3098 421 3142 et
462 3085 789 3141 Flavianum.
824 3086 917 3139 His
958 3088 1167 3140 accedit
1207 3095 1262 3139 et
1306 3085 1606 3141 Nicolausl
1641 3101 1775 3154 papa

175 3160 331 3227 epist.
370 3158 406 3210 8
436 3158 506 3210 ad
539 3157 873 3220 Michaelem,
899 3157 1180 3224 epistolam
1211 3156 1464 3227 istanrut
1497 3155 1777 3227 Orientali-

173 3223 253 3281 bus
284 3228 555 3298 epierpis
576 3230 831 3298 scriptam
860 3223 1317 3298 commemorans.
1351 3224 1555 3279 Graeca;
1580 3223 1775 3298 nihilo-

169 3294 349 3353 minus
376 3299 531 3348 favet
549 3295 711 3349 totius
733 3294 980 3363 epistolae
1002 3304 1317 3361 contextus;
1342 3308 1605 3363 nusquam
1629 3295 1773 3350 enim

168 3370 224 3423 ad
260 3368 500 3443 plures,
533 3364 721 3443 sedad
742 3380 921 3443 ‘unum
952 3363 1277 3443 le‘estinus
1307 3379 1624 3443 seruiqnem
1645 3379 1774 3443 con-

168 3435 350 3504 vertit,
385 3450 496 3489 nec
526 3436 707 3490 verbis
730 3437 917 3507 fratres
936 3436 1242 3497 charissimi,
1278 3436 1369 3490 sed
1393 3435 1551 3506 [νάιον
1576 3435 1773 3489 charis-

173 3512 311 3577 sime,
346 3508 547 3569 utitur,
579 3515 632 3559 et
670 3506 995 3561 sanctitatem
1025 3517 1185 3575 tuam,
1218 3521 1321 3561 non
1352 3516 1593 3568 vestram,
1625 3521 1772 3561 com-

175 3582 354 3647 pellat.
384 3578 492 3633 Est
521 3577 700 3631 etalta
729 3580 973 3647 quaedam
1000 3578 1263 3648 Cyrillum
1306 3579 1447 3632 inter
1477 3586 1531 3632 et
1573 3578 1772 3631 utrius-

178 3665 271 3718 que
298 3658 489 3705 testus
542 3649 949 3717 inscriptionem
983 3664 1177 3716 pugna.
1212 3650 1361 3703 Hanc
1389 3648 1531 3703 enim
1566 3648 1768 3715 episto-

180 3719 296 3785 lam,
327 3734 494 3789 quam
522 3731 747 3788 uterque
770 3727 944 3774 textus
966 3718 1532 3789 Caelestino,Cyrillus
1560 3719 1767 3789 synodo

180 3788 373 3844 tribuit.
407 3788 652 3844 Primam
682 3789 1035 3844 dissensionis
1058 3791 1291 3859 speciem
1324 3788 1767 3859 conciliat’atque

182 3864 449 3929 componit
490 3859 726 3932 Cyrillus
776 3862 933 3932 epist.
974 3861 1040 3914 ad
1063 3860 1333 3932 {omnem
1370 3860 1764 3932 Antiochenum

182 3943 326 3999 quem
349 3935 432 3987 sic
452 3929 776 4002 alloquitur:
805 3930 1028 4002 Scripsit
1052 3929 1317 4001 (Romana
1338 3930 1606 4002 synodus)
1632 3940 1676 3983 et
1698 3932 1765 3983 ad

1883 2254 1983 2316 τὶς,
2008 2252 2094 2305 ἶνα
2122 2254 2190 2321 μή
2226 2272 2277 2305 τι
2306 2252 2337 2307 ἡ
2379 2249 2590 2324 ἁρπαγή
2616 2255 2710 2303 τοῦ
2736 2248 2889 2302 λύκου
2918 2248 3327 2321 παραγενομένου
3369 2270 3484 2302 κατ-

1887 2380 2068 2436 lestini
2098 2384 2382 2451 epistolam
2414 2384 2610 2439 merito
2642 2384 2911 2437 referatur
2959 2380 3090 2437 illud
3121 2380 3387 2439 Ct-nnadii
3416 2386 3483 2441 (lc

1886 2452 2087 2521 Script.
2119 2454 2290 2527 Eccl;
2321 2452 2625 2511 Ctelestinus
2647 2455 2787 2527 urbis
2811 2455 2988 2511 Romae
3006 2458 3281 2527 episcopus
3302 2457 3483 2527 decre—

1886 2532 1994 2599 tum
2018 2526 2204 2599 synodi
2233 2526 2539 2599 (Romanae)
2574 2527 2640 2580 ad
2666 2526 2890 2582 Orientis
2913 2538 2959 2599 et
2980 2526 3278 2599 Occidentis
3300 2526 3481 2583 Eccle—

1882 2595 1988 2647 sias
2029 2596 2201 2660 dedit.
2242 2595 2554 2666 conﬁrmatis
2573 2599 2789 2666 duabus
2833 2599 2888 2652 in
2927 2597 3129 2653 Christo
3160 2600 3479 2653 manentibus

1880 2666 2105 2741 perfecte
2134 2664 2352 2732 naturis,
2374 2685 2531 2722 unam
2556 2664 2687 2721 Filii
2708 2670 3013 2724 credendam
3044 2686 3147 2741 esse
3178 2687 3469 2741 personam.

1882 2736 1998 2810 Hoc
2028 2742 2169 2793 enim
2201 2741 2562 2810 cOnlirmavit,
2590 2754 2696 2794 non
2721 2743 2998 2809 conceptis
3023 2736 3238 2810 quidem
3272 2742 3475 2810 verbis,

1882 2809 1979 2864 sed
2011 2820 2277 2879 quatenus
2304 2809 2632 2878 Nestorium,
2664 2810 2847 2879 qui,ut
2876 2808 3057 2864 statim
3080 2810 3299 2877 exponit
3326 2808 3478 2863 Cen—

1881 2881 2103 2943 nadius,
2149 2881 2271 2934 huic
2319 2880 2582 2934 sententiae
2624 2890 2856 2934 ostensus
2892 2889 2966 2933 est
3002 2895 3108 2932 esse
3153 2879 3473 2943 contrarius,

1881 2951 2277 3003 condemnavit.
2326 2950 2403 3002 Ad
2456 2949 2708 3002 Latinum
2762 2950 3018 3020 epistolae;
3054 2948 3473 3020 hujus_textum

1879 3021 2021 3086 quod
2046 3024 2266 3084 attinet,
2300 3033 2420 3071 eum
2454 3016 2968 3088 exhibemus,‘quem
2998 3016 3185 3085 Steph.
3223 3016 3473 3073 Balnzins

1878 3088 1946 3140 ad
1978 3100 2208 3156 quatuor
2240 3102 2510 3151 mss.,nos
2550 3088 2616 3142 ad
2653 3089 2985 3143 Navarreum
3032 3089 3465 3157 recognovimus,

1879 3170 2147 3225 quemque
2170 3157 2419 3211 Nicolaus
2446 3158 2467 3211 Ι
2497 3168 2812 3213 constanter
2832 3159 3092 3225 sequitur.

1952 3226 1979 3264 δ
2013 3227 2340 3279 Vocabulum
2366 3244 2398 3279 a
2422 3228 2535 3296 pari
2563 3228 2612 3280 in
2645 3242 2747 3281 ms.
2781 3227 2976 3282 Navar.
3002 3228 3279 3281 omissum.
3313 3226 3471 3282 Baln-

1877 3296 1993 3352 zins
2020 3312 2052 3368 e
2083 3296 2195 3350 suis
2227 3299 2535 3368 expressit;
2578 3298 2669 3368 qui
2717 3307 2771 3351 et
2805 3307 2955 3351 notat
2999 3313 3061 3352 ea
3118 3297 3385 3368 locutione
3416 3301 3467 3353 id

1876 3367 2168 3440 signiﬁcari
2200 3369 2343 3440 quod
2365 3367 2506 3436 apud
2533 3367 2982 3440 Liberatutncap.
3016 3369 3049 3423 5
3078 3367 3289 3440 pariter,
3323 3372 3465 3440 quod

1877 3436 2064 3509 Crzccc
2086 3436 2227 3507 apud
2254 3436 2514 3509 Cyrillum
2548 3440 2704 3507 epist.
2739 3439 2805 3494 ad
2827 3436 3091 3495 Joannem
3122 3436 3375 3495 Antioch.
3401 3445 3468 3497 τὰ

1873 3505 1968 3581 ἴσα
2001 3505 2220 3581 (add—ere
2245 3505 2471 3577 poterat,
2505 3519 2557 3565 et
2585 3505 2731 3581 quod
2760 3510 2901 3579 apud
2930 3510 3061 3565 Mar.
3086 3510 3462 3581 Mercatorem,

1875 3580 2363 3652 Commonit._c.i3,
2390 3582 2579 3634 similia
2606 3580 2883 3652 eademque
2909 3580 3203 3652 exempla);
3235 3581 3465 3647 ideoque

1873 3650 2015 3719 quod
2038 3650 2377 3704 Theodosius
2402 3666 2428 3721 ε
2445 3661 2579 3719 part.
2604 3650 2810 3706 Concil.
2838 3650 3119 3721 Ephesio.
3145 3650 3222 3705 ‘32
3251 3655 3459 3719 scribit,

1870 3717 2161 3797 γέγραπται
2183 3724 2283 3797 γὰρ
2313 3724 2379 3776 τὰ
2402 3717 2499 3797 ἶσα
2524 3726 2667 3796 παρά
2694 3732 2787 3781 τῆς
2816 3717 3061 3797 ἡμετέρας
3089 3725 3322 3797 γαλήνης,
3355 3717 3462 3779 non

1870 3790 2009 3864 inaie
2052 3791 2121 3864 ab
2157 3790 2381 3864 antiquo
2425 3790 2721 3864 interprete
2764 3790 2978 3864 cmicilii
2998 3790 3270 3864 ipr‘esini
3308 3790 3458 3864 apud

1867 3858 2044 3930 ipsum
2078 3858 2356 3913 Balnzium
2388 3860 2650 3913 novacoll.
2686 3860 2878 3913 concil.
2904 3875 2957 3928 p.
2984 3861 3089 3913 454
3121 3860 3307 3915 Latine
3331 3858 3461 3918 c'on-

1868 3944 2084 3985 versum
2107 3945 2252 3996 esse,
2283 3932 2547 3999 Scriptum
2577 3944 2791 3997 namque
2810 3939 2884 3981 est
2906 3944 2937 3980 α
2959 3930 3075 3997 pari
3104 3946 3135 3981 a
3154 3940 3331 3982 nostra
3350 3949 3461 3987 ma-

184 4009 307 4077 luem
344 3999 614 4077 pielaiettt.
650 4000 871 4077 Scripsit
907 3999 955 4055 et
998 4018 1031 4056 Α
1063 3999 1191 4077 eam
1217 4002 1304 4070 (τά
1336 3999 1448 4074 ἴσα)
1474 4000 1541 4077 ad
1575 3999 1766 4077 Rufum
1856 4003 2069 4077 jestate.
2092 4001 2476 4077 Hingetntere
2494 4001 2748 4077 observat
2772 3999 3461 4077 conjecturam_LupiChri-

184 4072 458 4147 piissimum
486 4072 997 4147 Thessalonicensem
1027 4073 1321 4147 episcopum
1344 4086 1393 4147 et
1429 4072 1504 4126 ad
1534 4072 1756 4147 nonnul.

190 4146 251 4199 los
298 4148 431 4201 alios
458 4145 881 4215 religiosissimos
911 4144 1234 4216 Macedonia:
1270 4146 1567 4216 episcopos,
1600 4145 1694 4216 qui
1718 4145 1765 4198 ei

186 4230 363 4286 semper
388 4214 682 4287 suffragari
720 4217 903 4269 solent.
940 4215 1161 4287 Scripsit
1204 4214 1541 4269 nihilominus
1569 4216 1637 4266 ad
1662 4214 1765 4268 luo

187 4289 391 4343 venalem
425 4287 920 4356 Hierosolymorum
966 4288 1283 4355 episcopum.
1327 4287 1522 4340 Earum
1564 4288 1765 4355 quippe

188 4358 547 4423 epismiarum,
571 4372 691 4427 qua:
714 4356 957 4425 pluribus
976 4373 1009 4410 a
1031 4360 1143 4427 pari
1170 4356 1623 4422 inscribebantur,
1648 4357 1763 4411 uni-

188 4428 357 4498 cuique
379 4426 826 4493 eorum’quorum
854 4426 1073 4482 nomina
1096 4442 1205 4496 pra:
1222 4442 1281 4481 se
1298 4426 1763 4498 ferebant,simile

188 4500 484 4568 exemplum
535 4498 824 4567 separatim
874 4498 1214 4561 mittebatur,
1256 4500 1472 4567 proprio
1501 4497 1763 4565 cujusque

192 4567 384 4624 nomine
410 4569 763 4638 inscriptum.
797 4568 1134 4637 Quapropter
1176 4568 1254 4621 sic
1280 4569 1331 4620 in
1365 4567 1445 4621 eis
1467 4568 1764 4638 loquuntur

190 4648 340 4711 μωρίη,
368 4641 536 4711 quasi
564 4636 835 4711 adunum
866 4636 1168 4711 scriberent
1195 4654 1210 4701 ;
1241 4645 1297 4711 et
1325 4652 1445 4691 cum
1476 4652 1638 4711 unum
1662 4636 1760 4711 hu-

190 4706 405 4773 iusmodi
436 4709 754 4779 exemplum
794 4709 1064 4778 singulare
1109 4708 1562 4779 reperitur,_ejus
1604 4708 1762 4779 unius

191 4780 263 4832 cui
290 4777 618 4837 destinatum
648 4787 765 4833 crat
791 4777 986 4833 nomen
1017 4793 1127 4845 prae
1157 4793 1216 4831 se
1248 4779 1388 4834 ferre
1414 4777 1595 4832 debet.
1626 4777 1761 4832 Hinc

192 4852 313 4918 quod
365 4854 448 4906 uni
511 4852 705 4905 Joanni
756 4850 1079 4903 inscribatur
1132 4847 1352 4902 Graecus
1381 4848 1624 4918 epistolae
1662 4848 1763 4918 hu-

194 4915 264 4984 ius
289 4930 495 4987 textus,
540 4922 643 4975 hoc
689 4921 888 4974 indicio
922 4929 1003 4974 est
1050 4918 1224 4972 solum
1257 4915 1758 4989 hujus'exemplitm

194 4992 314 5053 quod
357 4991 555 5047 Joanni
590 4992 813 5045 missum
846 4990 1040 5053 fuerat,
1074 4998 1346 5056 repertum
1378 5004 1442 5043 ac
1482 4989 1758 5058 vulgatum

1867 4069 2052 4140 Stiani,
2079 4075 2172 4145 qui
2199 4074 2670 4129 Thessalonicensi
2700 4069 3023 4145 episcopoiin
3051 4069 3452 4145 Philippensem

1868 4147 2071 4200 nullam
2097 4143 2227 4199 'tum
2272 4146 2648 4200 auctoritatem
2694 4144 2860 4199 fuisse
2892 4143 3131 4214 colligit,
3175 4144 3338 4214 quasi
3358 4143 3457 4199 hac

1867 4216 2143 4271 locutione
2170 4233 2200 4268 a
2231 4218 2367 4287 pari,
2404 4219 2443 4267 is
2476 4216 2550 4269 illi
2586 4230 2679 4283 par
2704 4226 2763 4287 et
2791 4216 3013 4287 aequalis
3029 4212 3274 4269 'dicatur.
3314 4212 3456 4287 Prte~

1868 4295 2017 4341 terea
2049 4287 2173 4340 inde
2201 4285 2465 4340 refutatur
2486 4288 2672 4340 eadem
2704 4286 2836 4355 Lupi
2868 4285 3177 4355 conjectura
3199 4324 3212 4348 ,
3241 4286 3381 4352 quod
3411 4286 3456 4338 si

1866 4371 1929 4410 ea
1960 4357 2184 4421 valeret,
2217 4356 2577 4423 Philippensis
2610 4361 2896 4424 episcopus
2924 4371 3029 4410 non
3056 4355 3234 4408 minus
3267 4356 3454 4409 Antio-

1866 4425 2045 4549 :heno
2062 4440 2223 4496 quam
2244 4425 2717 4480 Thessalonicensi
2740 4442 2837 4496 par
2866 4436 2921 4480 et
2947 4426 3170 4494 aequalis
3195 4425 3455 4480 dicendus

1888 4507 2029 4549 oret.

1888 4507 2029 4552 oret.

1943 4577 1964 4605 ο
1998 4567 2111 4619 Duo
2136 4579 2296 4631 mss.,
2330 4566 2699 4618 consentiente
2731 4564 2939 4631 Graeco,
2972 4563 3210 4619 Deitatis.

1937 4634 1963 4671 ἀ
1991 4635 2126 4690 Illud
2152 4635 2283 4687 alios
2307 4650 2411 4687 non
2445 4634 2594 4687 novit
2612 4633 2832 4688 Graecus
2857 4644 3051 4689 textus.
3078 4635 3289 4690 Clarior
3307 4646 3452 4690 esset

1864 4706 2112 4769 Latinus,
2136 4705 2178 4758 si
2202 4704 2272 4757 ita
2291 4704 2598 4777 clferretur,
2622 4705 2699 4758 vel
2726 4705 2841 4771 sibi,
2866 4704 2942 4757 rel
2963 4706 3141 4777 paucis
3171 4707 3258 4775 qui
3282 4721 3451 4759 secum

1864 4778 2111 4841 sentiunt,
2156 4774 2411 4828 occultum
2443 4790 2662 4827 errorem
2693 4774 3052 4845 persuadeant.
3094 4774 3282 4830 Graece
3311 4779 3447 4843 apud

1865 4848 2000 4920 Lab.,
2026 4849 2203 4920 legere
2229 4856 2333 4920 est,
2355 4846 2676 4920 λανθάνοντες
2704 4849 2917 4920 ἑαυτοὺς
2933 4849 3137 4920 εἰκαίοις
3164 4847 3325 4920 λόγοις
3346 4852 3449 4902 τισὶ

1864 4917 2537 4998 συμϐουλευωσινρμονοεῖν
2557 4917 2780 4998 ἑαυτοῖς.
2807 4917 2996 4970 Nostra
3017 4918 3177 4971 lectio
3202 4917 3283 4998 ςέι
3318 4932 3446 4970 mss.

1866 4987 2027 5058 Reg.,
2048 4987 2310 5059 nisiiquod
2340 4987 2394 5042 in
2424 5004 2530 5041 uno
2557 5002 2653 5055 pro
2681 4987 2973 5058 ὁμονοοῦσιν
3003 4997 3175 5041 exstat
3202 4987 3444 5059 ὁμονοεῖν,

196 5071 318 5132 esse.
346 5063 618 5132 Epistolas
645 5069 825 5115 autem
854 5075 985 5131 quas
1008 5060 1235 5132 Romani
1272 5060 1757 5132 pontiﬁces‘habita
1784 5058 1840 5119 D
1863 5073 1927 5114 ac
1952 5060 2121 5132 veteri
2139 5058 2345 5132 Latino
2369 5060 2539 5132 textui
2566 5060 2731 5125 magis
2754 5067 2835 5112 est
2861 5058 3243 5132 consentanea;

198 5130 325 5215 prius
343 5129 549 5215 synodo
572 5129 1021 5215 spribebanihipsli
1046 5130 1253 5215 synodo
1278 5131 1512 5215 tribuere
1534 5129 1748 5215 licebat,

198 5199 417 5265 Quamvis
458 5218 555 5257 eas
598 5203 727 5271 ipsis
757 5199 1092 5271 pontitiCibus
1122 5199 1279 5271 vulgo
1304 5200 1603 5256 ascribendi
1636 5214 1755 5255 mos

199 5277 243 5343 et
267 5286 381 5326 usus
399 5270 716 5329 obtinuerit.
741 5275 1003 5340 Quocirca
1033 5273 1148 5327 hac
1168 5270 1393 5339 epistola
1420 5280 1475 5327 et
1494 5288 1523 5326 a
1549 5270 1755 5343 Cyrillo

204 5337 431 5419 humanae
470 5344 707 5415 synodo,
752 5337 830 5419 ét_
855 5344 923 5419 ab
952 5343 1069 5419 aliis
1100 5337 1397 5419 Ccelestino
1444 5337 1751 5419 ascribitur.

202 5406 357 5490 Neque
378 5406 669 5490 obscurum
694 5406 789 5469 'est
818 5415 985 5490 ipsius
1013 5414 1202 5490 Cyrilli
1240 5415 1380 5490 votis
1410 5428 1554 5490 nunc
1577 5411 1755 5490 Catio-

204 5484 376 5538 Stinum
397 5487 644 5555 obsequi,
674 5500 832 5553 quem
860 5485 950 5538 ille
979 5484 1205 5553 praesul,
1233 5487 1393 5556 epist.
1426 5484 1459 5538 8
1488 5501 1540 5539 n.
1577 5485 1629 5551 7,
1659 5485 1755 5539 ob-

205 5563 413 5626 secrarat
440 5566 500 5610 ut
527 5570 688 5626 super
716 5555 944 5610 Nestorii
976 5556 1223 5611 doctrina
1254 5555 1577 5611 Sententiam
1601 5570 1752 5609 suam

206 5627 292 5673 tum
334 5624 643 5681 Macedonia:
678 5627 962 5697 episcopis,
1016 5636 1122 5679 tum
1168 5627 1393 5680 Orientis
1444 5626 1756 5697 antistitibus

207 5696 439 5756 perspicue
450 5715 543 5763 per
566 5700 760 5754 litteras
782 5695 1074 5766 exponeret.
1089 5698 1361 5756 Praeterea
1383 5697 1451 5753 ad
1473 5699 1612 5753 hanc
1636 5695 1756 5753 Coe-

1940 5140 1962 5168 ο
2012 5128 2241 5185 Nitidior
2267 5138 2413 5184 esset
2459 5129 2573 5182 haec
2597 5128 2961 5195 constructio,
3003 5130 3308 5199 prmpositus
3355 5132 3447 5183 sub

1863 5202 2065 5254 nomine
2086 5200 2387 5254 sacerdotis.
2416 5199 2535 5255 Mox
2564 5199 2683 5253 loco
2712 5200 2868 5252 device
2896 5201 3260 5270 persuasionis,
3293 5200 3444 5255 Grae-

1860 5284 1957 5342 cus
1989 5272 2255 5342 interpres
2281 5271 2407 5342 legit
2432 5270 2584 5342 devia
2612 5270 2961 5342 persuasione.

1938 5341 1958 5380 ί
1986 5343 2076 5397 Sic
2102 5340 2232 5397 mss.
2259 5356 2321 5395 ac
2352 5340 2508 5412 Lab.,
2542 5340 2811 5412 βασιλέως.

1936 5422 1959 5460 8
1991 5412 2145 5467 Adde
2182 5411 2518 5465 advenientis.

1934 5480 1961 5519 δ
2018 5483 2129 5538 Seu
2157 5481 2451 5536 sollicitudo
2478 5489 2591 5546 est,
2634 5498 2750 5534 cum
2797 5482 2957 5536 hostis
2985 5496 3189 5536 murum
3211 5480 3406 5537 obsidet
3429 5523 3444 5547 ,

1862 5570 2016 5624 quam
2063 5569 2178 5607 cum
2228 5552 2365 5625 intra
2414 5552 2796 5621 debacchatur;
2837 5553 3094 5625 leviusque
3130 5552 3371 5608 sollicitat
3401 5562 3448 5609 et

1863 5622 2009 5697 angit
2027 5626 2259 5679 animum
2284 5622 2459 5693 lupus.
