3982 6182
449 193 555 253 6ὗῖ

1236 185 1296 244 S.
1334 182 1738 245 C(ELESTINI
1775 180 1802 240 Ι
1835 180 2043 239 ΡΑΡιΕ
2083 177 2446 238 εΡιδτοιΑῑ
2480 181 2574 240 ΕΤ
2608 182 2957 242 ΒΕΕΒΕΤΑε

3626 181 3742 245 ισε

449 305 804 371 bacchantis;
851 301 1138 373 leviusque
1172 300 1432 357 sollicitat
1479 300 1635 369 lupus
1681 306 1837 353 extra
1877 295 2039 351 ovilia

2153 298 2379 373 ισχύσῃ.
2426 299 2675 357 Ἐλᾶτι-των
2719 303 2820 380 γάρ
2857 301 2997 359 ἐστιν
3044 301 3077 364 ἡ
3111 303 3315 379 φροντίς
3344 301 3742 381 πολιορκοῦντος

451 414 767 473 pererrans,
798 412 962 469 quam
990 396 1133 451 inter
1157 406 1375 463 gregem
1406 392 1586 447 locum
1627 390 1860 461 pastoris
1890 390 2040 445 inva-

450 495 588 552 dens
619 513 635 549 :
678 495 805 565 quia
853 494 1048 548 bellum
1082 490 1199 559 plus
1227 504 1387 557 quam
1417 488 1578 543 civile
1607 498 1713 553 est,
1743 502 1863 541 cum
1898 486 2039 539 intra

451 586 788 653 Ecclesiam,
828 585 879 639 id
911 592 994 639 est
1024 583 1161 637 intra
1213 588 1240 619 '|
1281 582 1456 649 ipsum
1498 579 1700 633 Christi
1747 579 2041 631 thalamum

450 684 559 738 tela
604 690 765 735 sectre
816 677 996 746 impia:
1019 678 1315 745 jaciuntur.
1345 675 1495 729 Unde
1535 676 1886 727 vehementer
1913 687 2043 725 con-

452 777 665 830 tristata
696 780 829 826 sunt
853 782 1041 825 nostra
1070 770 1309 831 viscera,
1345 767 1486 835 quod
1527 767 1571 819 is
1611 766 1699 834 qui
1728 764 2040 819 Constanti-

451 869 819 938 nopolitanain
851 864 1099 919 obtinere
1136 862 1350 915 videtur
1398 859 1726 924 Ecclesiam,
1756 857 2043 912 devotissi-

451 964 557 1019 mis
584 960 807 1016 Christo
846 958 1059 1029 populis
1090 970 1342 1025 perversa
1385 954 1631 1024 qumdam
1662 963 1851 1007 contra
1882 965 2039 1006 reve-

449 1054 683 1110 rentiam
716 1050 944 1121 virginei
973 1060 1158 1118 partus
1183 1059 1238 1103 et
1267 1059 1454 1103 contra
1487 1061 1639 1115 spem
1668 1056 1867 1099 nostrm
1893 1044 2034 1097 salu-

454 1146 526 1201 tis
554 1143 809 1199 infundit.
863 1144 987 1197 Ilaec
1034 1141 1100 1194 ad
1131 1154 1233 1193 nos
1261 1140 1543 1209 ingerente
1582 1138 1771 1191 dolore
1802 1136 2042 1189 iidelium

450 1246 842 1311 pervenerunt,
878 1235 997 1291 hmc
1028 1235 1181 1288 libris
1210 1248 1348 1303 quos
1379 1234 1495 1302 ipse
1522 1232 1746 1286 miserat
1770 1230 2041 1299 publicata

448 1340 576 1387 sunt
603 1347 620 1399 ;
668 1337 753 1394 et,
785 1328 927 1399 quod
956 1327 1178 1394 majoris
1210 1325 1544 1395 probationis
1573 1332 1679 1390 est,
1711 1324 1826 1377 haec
1855 1322 1921 1376 ad
1946 1335 2045 1377 nos

448 1424 631 1478 missis
686 1420 933 1492 epistolis
961 1418 990 1457 δ
1038 1420 1152 1488 ipsa
1200 1417 1439 1473 auctoris
1492 1416 1887 1484 subscriptione
1926 1429 2048 1467 mu—

449 1516 580 1571 nitis
628 1515 706 1571 ita
761 1514 1034 1569 insinuata
1085 1516 1217 1567 sunt
1328 1518 1389 1565 ut
1436 1508 1677 1565 dubitari
1739 1506 1884 1562 ultra
1934 1519 2045 1561 non

450 1606 632 1666 liceat.

518 1980 576 2036 2.
607 1976 762 2036 Unde
798 1975 1051 2047 quoniam
1103 1975 1156 2029 in
1204 1971 1406 2029 talibus
1456 1971 1638 2026 causis
1679 1985 1785 2025 non
1815 1976 1899 2024 est
1931 1977 2043 2025 tuta

458 2074 673 2143 longior
699 2071 1038 2127 conniventia
1057 2110 1073 2133 ,
1112 2069 1239 2138 quia
1270 2066 1603 2121 tantumdem
1639 2080 1773 2133 pene
1799 2065 2045 2120 criminis

455 2180 543 2227 est
570 2168 861 2224 connivere
882 2181 910 2219 a
936 2164 1137 2219 talibus
1168 2162 1354 2231 quanti
1378 2161 1604 2216 sceleris
1625 2166 1709 2213 est
1739 2168 1845 2212 tam
1878 2158 2046 2212 sacri-

453 2266 571 2334 lega
616 2260 945 2332 prmdicare,
977 2265 1033 2312 et
1063 2257 1379 2325 episcopum
1416 2252 1725 2309 Nestorium
1754 2258 1810 2306 et
1840 2252 1884 2305 si
1923 2251 2044 2321 quis

451 2355 591 2410 alius
619 2368 743 2408 eum
777 2361 999 2405 secutus
1030 2347 1145 2401 lucc
1199 2347 1480 2415 praedicat,
1513 2360 1540 2395 a
1572 2354 1755 2397 nostra
1796 2356 2043 2397 commu-

453 2450 618 2505 nione
644 2444 999 2505 secravimus,
1041 2438 1070 2478 ἀ
1096 2438 1353 2509 quamdiu
1380 2436 1647 2506 scriptura
1692 2435 2046 2506 professionis

454 2540 655 2598 emissa
680 2536 1088 2605 perversitatem
1121 2548 1279 2601 quam
1304 2539 1544 2600 coeperat
1574 2530 1770 2585 docere
1791 2528 2048 2582 condem-

455 2642 569 2697 net,
602 2640 653 2687 et
682 2630 821 2685 hanc
848 2628 916 2683 de
942 2625 1189 2697 virgineo
1219 2633 1398 2694 partu,
1429 2623 1479 2677 id
1502 2629 1587 2678 est
1614 2622 1680 2677 de
1709 2621 1926 2675 humani
1956 2636 2048 2691 ge-

454 2726 602 2782 neris
625 2724 819 2789 salute,
839 2721 997 2776 iidem
1022 2725 1235 2774 asserat
1256 2733 1315 2774 se
1340 2728 1545 2780 tenere,
1561 2732 1721 2786 quam
1747 2718 2047 2771 secundum

454 2818 806 2890 apostolicam
850 2814 1154 2869 doctrinam
1197 2808 1441 2866 Romana
1489 2817 1545 2865 et
1590 2809 1954 2866 Alexandrina
1992 2818 2049 2865 et

456 2912 720 2969 catholica
769 2906 1092 2963 universalis
1136 2903 1380 2961 Ecclesia
1408 2912 1556 2960 tenet
1593 2910 1647 2958 et
1675 2912 1967 2957 veneratur
1994 2910 2051 2959 et

457 3006 735 3077 praedicat.
767 3004 822 3059 Si
854 3002 977 3074 quis
1002 3017 1131 3058 vero
1180 3008 1273 3054 aut
1307 3000 1375 3055 ab
1419 3007 1443 3037 °
1490 2998 1747 3067 episcopo
1773 2997 2042 3063 Nestorio,

2145 396 2239 446 τοῦ
2270 392 2483 468 ἐχθροῦ,
2514 392 2545 453 ἦ
2576 395 2715 456 ἒντός
2752 404 2943 469 τειχῶν
2983 398 3407 470 ἐκϐακχεύοντος’
3448 401 3534 454 καί
3560 402 3741 474 κουφό-

2143 507 2289 565 τερον
2316 490 2637 565 παρενοχλεῖ
2660 489 2687 545 ὅ
2714 490 2866 552 λύκος
2903 493 3049 551 ἐκτὸς
3090 500 3193 547 τῶν
3228 494 3475 564 ποιμνίων
3506 495 3736 550 ἀποπλα-

2141 582 2382 653 νὼμενος,
2411 581 2543 657 ἥπερ
2569 584 2619 636 έν
2648 583 2776 654 αὐτῇ
2797 590 2861 658 τῇ
2886 584 3036 655 ἀγέλῃ
3065 584 3220 637 τόπον
3251 585 3481 653 ποιμένος
3506 588 3740 642 ἐπιλαϐὀ·

2144 690 2309 742 μενος’
2345 673 2615 749 ἐπειδήπερ
2640 676 2789 729 πλέον
2807 681 2901 730 τοῦ
2926 676 3165 749 ἐμφυλίου
3191 677 3410 747 πολέμου
3435 678 3589 741 ἐστίν,
3616 678 3739 736 ὅταν

2146 765 2286 826 ἐντὸς
2310 775 2403 826 τῆς
2424 766 2715 831 ἐκκλησίας,
2742 768 3006 823 τουτέστιν
3028 768 3162 829 ἐντὸς
3186 770 3341 824 αὐτοῦ
3362 778 3455 826 τοῦ
3476 770 3613 826 οἴκου
3643 781 3737 828 τοῦ

2144 865 2294 923 Θεοῦ,
2334 857 2526 933 δόρατα
2567 862 2887 925 ἁκοντίζηται
2917 867 3010 920 τῆς
3050 861 3272 922 ἀσεϐοῦς
3304 865 3587 933 θρησκείας.
3626 865 3737 920 ὅθεν

2144 951 2273 1005 πάνυ
2296 954 2699 1031 συντετάρακται
2722 956 2863 1025 ἡμῶν
2883 954 2949 1007 τὰ
2969 954 3265 1027 σπλάγχνα,
3292 954 3368 1010 ὅτι
3392 953 3559 1018 οὗτος.
3587 958 3741 1021 ὅστις

2146 1038 2283 1096 δοκεῖ
2305 1044 2543 1114 κατέχειν
2571 1049 2662 1103 τὴν
2698 1047 2965 1102 ἐκκλησίαν
3002 1050 3586 1111 Κωνσταντινουπόλεως.
3626 1061 3742 1113 τοῖς

2144 1135 2547 1206 καθώσιωμένοις
2574 1143 2664 1191 τοῦ
2706 1144 2935 1211 Χριστοῦ
2974 1136 3154 1207 δήμοις
3200 1138 3575 1215 διεστραμμένα
3624 1147 3742 1199 τινὰ

2148 1227 2337 1299 έκχέει,
2369 1230 2647 1284 ὑπεναντία
2674 1239 2766 1291 τῆς
2799 1237 2949 1296 τιμῆς
2972 1234 3057 1285 καί
3086 1230 3262 1292 αἰδοῦς
3294 1240 3385 1288 τοῦ
3413 1242 3619 1289 τοκετοῦ
3648 1245 3744 1297 τῆς

2146 1316 2294 1391 ἁγίας
2320 1321 2593 1396 παρθένου,
2617 1323 2701 1375 καί
2727 1322 2998 1376 ὑπεναντία
3026 1330 3118 1384 τῆς
3146 1322 3346 1384 ἐλπίδος
3371 1333 3462 1384 τῆς
3492 1328 3744 1399 ἡμετέρας

2149 1416 2430 1487 σωτηρίας.
2461 1418 2641 1467 Ταῦτα
2670 1414 2894 1471 εἰσῆλθεν
2921 1413 3314 1474 ὑποϐαλλούσης
3350 1422 3441 1475 τῆς
3471 1415 3745 1488 ἀλγηδόνος

2145 1514 2249 1564 τῶν
2270 1512 2497 1567 πιστῶν,
2527 1504 2561 1561 ἃ
2599 1506 2875 1580 ἐγνωρίσθη
2906 1504 2991 1561 διὰ
3027 1513 3126 1561 τῶν
3158 1507 3384 1576 βιϐλίων,
3420 1505 3551 1585 ἅπερ
3587 1511 3745 1569 αὐτὸς

2148 1594 2373 1670 ἔπεμψε*
2412 1599 2498 1653 καί
2530 1596 2658 1673 ὅπερ
2698 1601 2925 1671 μείζονος
2960 1597 3266 1664 ἀποδείξεως
3298 1596 3379 1665 ἦν,
3420 1604 3743 1674 πεμφθεισῶν

2069 1689 2119 1751 Β
2143 1686 2419 1745 δπιστολῶν
2459 1690 2592 1766 πρὸς
2627 1693 2786 1761 ἡμᾶς,
2834 1691 3107 1767 ὑπογραφῇ
3149 1694 3312 1747 αὐτοῦ
3363 1698 3456 1748 τοῦ
3500 1694 3743 1749 αὖθίντου

2146 1784 2528 1860 ὦχυρωμένων,
2572 1787 2643 1845 ὥς
2678 1785 3049 1859 ἆμτιϐληθῆναι
3091 1796 3114 1824 °
3156 1784 3280 1864 παρ’
3311 1786 3497 1863 ἐτέρων
3530 1794 3598 1860 μὴ
3631 1792 3743 1855 ἰξὸν

2146 1873 2295 1934 εἷναι.
3503 1909 3513 1916 ~

2215 1966 2364 2026 Ὀθεν
2387 1967 2562 2031 ἕπειδή
2589 1969 2722 2044 ὖπέρ
2748 1970 2993 2028 τοιούτων
3015 1972 3190 2026 αἰτιῶν
3217 1972 3308 2027 οὐκ
3340 1970 3484 2029 ἔστιν
3512 1974 3750 2048 ἀσφαλὴς

2145 2063 2179 2121 ἦ
2208 2065 2499 2141 μακροτέρα
2536 2065 2948 2139 παρενθύμησις⁶
2982 2069 3217 2120 τοιοῦτον
3252 2066 3349 2140 γάρ
3389 2068 3499 2121 ἔστι
3540 2066 3751 2138 σχεδὸν

2147 2152 2377 2227 ἴγκλημα
2400 2157 2831 2232 παρενθυμεῖσθαι
2858 2159 2926 2213 τὰ
2955 2162 3195 2216 τοιαῦτα,
3222 2157 3385 2213 ὁποῖόν
3423 2160 3533 2214 ἔστι
3568 2166 3750 2229 μῦσος

2147 2256 2365 2305 τοιαῦτα
2407 2251 2643 2327 ίερὸσυλα
2679 2252 2861 2322 λέγειν’
2899 2254 2986 2306 καί
3023 2253 3108 2307 τὸν
3147 2250 3416 2308 ἐπίσκοπον
3442 2255 3747 2329 Νεστόριον,

2148 2344 2230 2396 καί
2253 2338 2305 2396 εἴ
2329 2363 2408 2402 τις
2445 2339 2591 2404 ἄλλος
2634 2344 2777 2416 αὐτῷ
2809 2344 3153 2407 ἀκολουθήσας
3193 2352 3408 2401 τοιαῦτα
3446 2347 3597 2420 λέγει,
3634 2350 3747 2404 ἀπὸ

2146 2442 2241 2495 τῆς
2268 2435 2519 2512 ἡμετέρας
2543 2440 2800 2497 κοινωνίας
2830 2439 3253 2513 ἀποχωρίζομεν,
3277 2440 3371 2501 ἕως
3393 2436 3452 2495 οὗ
3474 2440 3535 2497 δι’
3558 2445 3751 2513 ἐγγρά-

2148 2538 2243 2603 φου
2280 2527 2546 2602 ὁμολογίας
2589 2533 2929 2605 πεμφθείσης.
2966 2536 3057 2590 τὴν
3092 2531 3430 2608 διαστροφὴν,
3466 2535 3522 2594 ἣν
3554 2534 3751 2614 ἤρξατο

2148 2621 2419 2685 διδάσκειν,
2453 2626 2733 2699 κατακρίνῃ
2752 2667 2763 2684 ,
2794 2628 2879 2680 καί
2908 2627 3100 2688 ταύτην
3128 2627 3309 2683 ἑαυτὸν
3340 2632 3462 2705 περί
3485 2636 3573 2686 τοῦ
3604 2654 3753 2708 παρ-

2150 2716 2342 2773 θενικοῦ
2372 2716 2541 2780 τόκου,
2574 2718 2815 2773 τουτέστι
2835 2722 2953 2794 περί
2983 2727 3075 2779 τῆς
3114 2722 3375 2797 σωτηρίας
3411 2727 3505 2776 τοῦ
3532 2731 3630 2778 τῶν
3661 2725 3756 2779 ἀν-

2148 2808 2363 2883 θρὼπων
2385 2809 2582 2880 γένους,
2611 2814 2702 2867 τήν
2730 2812 2906 2864 πίστιν
2934 2809 3219 2883 ὁμολογήσῃ
3246 2814 3510 2884 κατέχειν,
3542 2816 3601 2873 ἦν
3628 2836 3754 2872 τινα

2149 2902 2285 2957 κατά
2336 2906 2426 2959 τήν
2471 2901 2814 2960 ἆποστολικὴν
2860 2900 3182 2958 διδασκαλίαν
3226 2906 3257 2963 ἦ
3302 2903 3552 2977 Ῥωμαίων
3590 2911 3677 2960 καί
3719 2912 3753 2969 ἧ

2149 2992 2531 3067 Ἀλεκανδρέων,
2555 2996 2691 3052 καὶὴ
2707 2994 2933 3053 καθολικὴ
2954 3001 3231 3064 πανταχοῦ
3253 2996 3489 3054 ἐκκλησία
3510 2999 3752 3069 κατέχει,

456 3076 553 3154 aut
581 3098 647 3151 ab
671 3096 737 3151 iis
768 3096 857 3165 qui
884 3110 1010 3151 eum
1041 3100 1378 3164 sequuntur,
1404 3107 1471 3147 ex
1493 3107 1602 3161 quo
1625 3088 1751 3144 talia
1785 3089 2044 3159 praedica-

2155 3080 2175 3121 ί
2207 3088 2542 3161 προσκυνήσῃ
2567 3105 2623 3141 τε
2652 3089 2740 3140 καί
2768 3085 3073 3160 ὁμολογήσῃ.
3107 3084 3281 3161 Eia-tr
3308 3086 3362 3142 δέ
3389 3088 3421 3148 ἦ
3444 3090 3541 3144 διπό
3557 3101 3756 3147 Νεστοο

460 3207 520 3248 re
546 3197 852 3259 cmpcrunt,
870 3187 956 3245 vel
986 3186 1507 3253 excommuniCatus,
1528 3184 1613 3240 vel
1637 3190 1828 3239 exutus
1845 3193 1926 3238 est
1954 3196 2049 3239 seu

464 3286 740 3352 antistitis,
772 3299 869 3340 seu
889 3284 1077 3340 clerici
1107 3284 1393 3354 dignitate,
1426 3282 1572 3337 hunc
1599 3282 1651 3336 in
1688 3290 1873 3335 nostra
1904 3295 2053 3334 com-

461 3382 721 3433 munione
761 3384 816 3430 et
851 3376 1109 3439 durasse,
1160 3382 1216 3429 et
1250 3385 1276 3421 Β
1309 3376 1506 3429 durare
1534 3372 1881 3429 manifestum
1930 3382 2048 3439 est;

462 3467 896 3538 necjndicamus
934 3472 1200 3521 remotum
1236 3482 1249 3518 :
1281 3467 1405 3533 quia
1458 3482 1565 3521 non
1606 3474 1822 3537 poterat
1865 3481 2053 3534 quem-

463 3572 626 3629 quam
652 3558 771 3625 ejus
794 3569 1076 3611 removere
1100 3556 1393 3622 sententia,
1415 3556 1507 3626 qui
1537 3571 1598 3613 se
1616 3558 1730 3628 jam
1748 3548 2053 3628 praebuerat

461 3651 585 3719 ipse
613 3646 1033 3705 removendum.

528 3827 585 3885 3.
628 3825 786 3893 liceo,
822 3823 991 3883 frater
1022 3826 1371 3895 eharissime,
1407 3825 1477 3883 ad
1506 3828 1858 3885 sanctitatem
1899 3833 2049 3881 tuam

465 3920 751 3977 scribenda
789 3918 1081 3987 duximus,
1121 3929 1177 3975 ut
1210 3921 1262 3975 in
1289 3920 1520 3975 Domino
1558 3920 1866 3981 roboratus,
1892 3928 1948 3973 et
1972 3916 2053 3972 ia-

461 4012 725 4069 miliarem
755 4015 960 4083 pectori
983 4022 1077 4068 tuo
1106 4012 1327 4068 loricam
1356 4011 1558 4065 Christi
1580 4026 1703 4065 cum
1731 4006 1762 4047 ιι
1791 4021 1947 4064 scuto
1968 4025 2052 4066 ca-

463 4107 675 4165 tholica:
700 4106 1098 4177 prmdicatinnis
1128 4105 1376 4171 indutus,
1410 4120 1606 4175 greges
1639 4104 1850 4159 Domini
1880 4106 2049 4162 nostri

459 4202 584 4258 Jesu
618 4199 850 4264 Christi,
880 4198 972 4269 qui
1002 4213 1101 4268 pro
1137 4198 1295 4253 nobis
1320 4206 1477 4251 natus
1499 4207 1553 4251 et
1573 4210 1766 4266 passus
1790 4204 1905 4265 est,
1956 4197 2049 4267 qui

462 4294 720 4350 reseratis
741 4291 933 4348 inieris
960 4299 1016 4346 et
1040 4297 1213 4345 morte
1236 4288 1449 4345 devicta
1471 4303 1568 4358 pro
1592 4287 1745 4345 nobis
1771 4288 1859 4343 die
1889 4288 2050 4343 tertio

458 4389 805 4456 resurrexit,
853 4404 886 4444 a
936 4386 1301 4459 persuasionis
1352 4386 1604 4457 pessima:
1647 4385 1910 4457 pravitate
1956 4386 2051 4441 de-

462 4481 669 4537 fendas.

531 4571 755 4628 4.Sicut
779 4580 956 4628 autem
982 4571 1050 4627 ad
1076 4580 1320 4627 sanctum
1348 4569 1569 4626 fratrem
1588 4577 1642 4627 et
1663 4570 2044 4641 coepiscopum

461 4670 704 4721 nostrum
745 4662 1043 4735 Cyrillum,
1072 4662 1271 4718 bonum
1307 4659 1327 4702 ί
1378 4663 1503 4718 ﬁdei
1532 4663 1814 4719 catholica:
1859 4663 2045 4719 defen-

456 4769 669 4819 sorem,
718 4757 1074 4825 scripsimus,
1109 4756 1246 4811 hanc
1285 4756 1353 4812 de
1400 4756 1590 4811 eodem
1628 4756 1880 4811 Nestorio
1910 4758 2047 4813 sciat

457 4847 714 4927 sanctitas
744 4856 833 4903 tua
867 4862 897 4901 a
933 4846 1119 4912 nobis,
1160 4847 1326 4902 immo
1352 4862 1383 4902 a
1421 4846 1637 4904 Christo
1682 4849 1829 4915 Deo,
1880 4848 2041 4903 latam

453 4954 575 4999 esse
606 4941 928 4996 sententiam
955 4983 972 5011 ,
1004 4947 1067 4997 ut
1090 4949 1182 4996 aut
1220 4942 1360 4997 intra
1389 4939 1577 4997 decem
1600 4941 1715 4997 dies
1749 4944 1765 4992 1
1804 4955 1874 4996 ex
1906 4956 2043 4998 con-

526 5130 553 5194 f‘
577 5123 803 5177 Graecus
832 5123 1098 5193 interpres
1121 5122 1282 5194 legit,
1319 5123 1458 5178 intra
1486 5122 1655 5192 ipsam
1682 5119 1892 5176 domum
1919 5118 2040 5177 Dei.

519 5191 549 5232 δ
581 5194 756 5260 Supra
780 5194 965 5258 epislt.
982 5191 1034 5249 ⁷6
1060 5203 1115 5250 et
1140 5191 1197 5252 7;

525 5275 548 5343 ξ
577 5265 709 5343 1:93.
731 5265 1039 5343 περαιτέρω.

518 5332 545 5373 ⁸³
576 5332 687 5393 (Σρῦ
712 5332 906 5407 quand.
941 5332 954 5343 ’
1070 5406 1079 5407 7
1452 5368 1457 5369 ν

524 5416 547 5445 ο
580 5405 785 5463 Nomen
810 5408 1036 5479 episwpi
1054 5406 1277 5465 Grmcus
1300 5409 1570 5474 interpres
1586 5405 1812 5471 reticet;
1838 5415 1892 5463 et
1914 5421 2038 5462 mox

446 5491 549 5548 pro
576 5480 866 5553 medicare
887 5489 1169 5553 creperum,
1202 5480 1329 5553 legit
1371 5480 1655 5553 praedicare
1678 5480 1867 5553 ⁸ειπερὶι.
1912 5479 2035 5553 ipsa

449 5549 631 5674 auulsa
684 5550 933 5674 lectionis
973 5550 1180 5608 Latinae
1208 5549 1378 5606 verba
1398 5551 1650 5606 Nicolaus
1677 5549 1696 5602 l
1720 5551 1879 5619 epist.
1906 5551 1939 5606 8
1968 5549 2035 5605 ad

504 5636 549 5674 lc
572 5640 608 5674 l.
644 5638 704 5674 re
735 5632 861 5674 inet.

504 5623 608 5675 ich.
644 5623 861 5678 retinet.

576 5693 708 5761 ιρι.
736 5701 1021 5760 προσκυνεῖ
1040 5714 1097 5750 τε
1124 5696 1209 5749 καί
1232 5692 1485 5764 ὁμολογεῖ.

2150 3178 2287 3251 ρίου,
2316 3173 2347 3235 ἦ
2379 3174 2479 3230 ἀπὸ
2514 3184 2614 3230 τῶν
2650 3172 2809 3230 ἄλλων
2845 3177 2979 3249 αῦτῷ
3021 3176 3533 3247 ἐξακολουθησὰντων,
3569 3180 3650 3253 ἀφ’
3682 3180 3753 3237 οὗ

2150 3270 2218 3325 τὰ
2260 3275 2473 3325 τοιαῦτα
2507 3268 2692 3343 ἤρξατο
2734 3269 2931 3335 λαλεῖν,
2981 3268 3011 3329 ἦ
3042 3269 3371 3331 ἀκοινώνητος
3421 3273 3611 3343 ἐγένετο
3636 3313 3651 3335 ,

2152 3363 2416 3435 ἒγυμνὼθη
2443 3371 2535 3423 τῆς
2559 3370 2651 3418 τοῦ
2674 3364 2848 3439 ἱερέως
2870 3366 3034 3429 ἀξίας,
3057 3363 3088 3423 ἢ
3108 3372 3201 3424 τῆς
3224 3371 3313 3418 τοῦ
3342 3365 3593 3439 κληρικοῦ,
3617 3376 3757 3423 τοῦ-

2151 3475 2237 3508 τον
2275 3455 2325 3506 ἐν
2446 3455 2666 3529 ἡμετέρα
2699 3457 2925 3529 κοινωνία
2962 3458 3048 3509 καὶ
3076 3456 3422 3525 μεμενηκέναι,
3456 3460 3539 3511 καί
3579 3460 3758 3531 μένειν

2152 3547 2223 3609 είς
2247 3546 2306 3601 τὸ
2331 3546 2443 3610 ἑξῆς
2474 3548 2812 3620 ὡμολόγηται·
2856 3551 2935 3601 καί
2958 3547 3071 3603 οὐδὲ
3100 3548 3307 3621 λέγομεν
3330 3549 3481 3604 αὑτὸν
3508 3551 3757 3607 ὁποκεκι-

2151 3639 2351 3696 νῆσθαι·
2383 3637 2655 3712 ἐπειδήπερ
2685 3638 2798 3694 οὐδὲ
2827 3638 3044 3699 ἠδύνατὸ
3069 3662 3181 3695 τινα
3217 3642 3248 3699 ἡ
3271 3642 3455 3697 τούτου
3484 3642 3760 3715 ἀπόφασις

2153 3730 2420 3791 ἀποκινεῖν,
2446 3727 2592 3791 ὅστις
2617 3732 2792 3786 ἑαυτὸν
2814 3734 3085 3809 παρέσχεν
3110 3725 3206 3791 ἤδει
3235 3735 3572 3793 ὰποκινητέον.

2224 3829 2424 3889 Ταῦτα,
2460 3822 2636 3899 ἀδελφέ
2676 3826 2984 3896 τιμιώτατε,
3022 3826 3153 3901 πρὸς
3190 3831 3279 3885 τήν
3320 3832 3416 3886 σήν
3454 3826 3760 3901 ἁγιωσύνην

2150 3912 2457 3992 ἐγράψαμεν,
2504 3916 2588 3970 ⁴ίνα
2634 3915 2993 3987 ένδυναμωθείς
3031 3918 3080 3970 ἐν
3124 3924 3198 3991 τῷ
3242 3916 3482 3990 δεσπότῃ,
3530 3924 3615 3975 καί
3650 3924 3759 3977 τὸν

2153 4007 2334 4059 οὸιεῖον
2358 4010 2432 4075 τῷ
2462 4008 2631 4064 στήθει
2666 4008 2871 4082 θώρακα
2899 4012 2980 4063 καί
3015 4013 3105 4068 τήν
3136 4008 3315 4065 ἐλπίδα
3350 4020 3441 4070 τῆς
3478 4012 3760 4076 καθολικῆς

2152 4097 2419 4172 ὁμολογίας
2447 4098 2801 4172 ἐνδυσάμενος,
2835 4106 2925 4161 τὴν
2955 4102 3131 4175 ἀγέλην
3159 4108 3246 4157 τοῦ
3278 4105 3520 4178 ἡμετέρου
3550 4101 3756 4160 δεσπό-

2151 4210 2240 4247 του
2263 4190 2427 4248 ἰησοῦ
2457 4198 2701 4266 Χριστοῦ,
2736 4190 2880 4247 ὄστιν
2918 4193 3049 4270 ὑπέρ
3078 4196 3220 4265 ἡμῶν
3258 4197 3488 4268 ἐγεννήθη
3517 4198 3599 4251 καί
3619 4194 3761 4254 ἔπα-

2150 4283 2251 4347 θεν,
2285 4282 2428 4345 ὅστις
2462 4288 2549 4339 καί
2578 4287 2873 4359 ἁνοιγέντων
2901 4293 3003 4341 τῶν
3040 4289 3392 4358 καταχθονίων
3428 4292 3514 4342 καί
3536 4294 3619 4342 τοῦ
3648 4291 3761 4347 θει-

2148 4376 2302 4433 νὰτου
2325 4378 2640 4440 ἡττηθέντος,
2664 4378 2796 4454 ’ὑπέρ
2833 4380 2972 4449 ἡμῶν
3019 4386 3083 4455 τῇ
3118 4382 3264 4455 τρίτῃ
3316 4381 3479 4456 ἡμέρᾳ
3527 4382 3748 4453 ἀνέστη,

2074 4454 2129 4522 Ῑ)
2152 4470 2256 4528 ἆπὸ
2281 4481 2374 4533 τῆς
2418 4478 2645 4546 πονηρᾶς
2682 4474 2762 4526 καί
2798 4474 3085 4545 αἰσχίστης
3125 4470 3451 4534 διδασκαλίας
3492 4474 3751 4548 έλκῦσῃς.

2220 4559 2427 4639 Ὠσπερ
2453 4562 2508 4617 δέ
2530 4565 2613 4617 καὶ
2639 4565 2770 4640 πρὸς
2797 4565 2885 4620 τὸν
2919 4562 3201 4637 ἁγιώτατον
3240 4563 3445 4639 ἀδελφὸν
3476 4567 3561 4619 καί
3583 4587 3752 4622 συνει-

2150 4662 2401 4715 πίσκοπον
2423 4660 2561 4732 ἡμῶν
2583 4659 2835 4735 κύριλλον,
2860 4660 2944 4714 τὸν
2967 4661 3146 4742 ἀκριϐῆ
3168 4669 3258 4721 τῆς
3278 4662 3541 4721 καθολικῆς
3564 4660 3715 4719 ἔκκλη
3744 4700 3749 4707 λ

2151 4755 2271 4815 σίας
2303 4757 2391 4808 καί
2423 4754 2651 4814 πίστεως
2688 4751 2897 4817 ἔκδικον,
2932 4755 3252 4833 ἐγράψαμεν,
3294 4758 3414 4832 περὶ
3452 4761 3539 4811 τοῦ
3578 4755 3743 4809 αὐτοῦ

2147 4851 2419 4925 Νεστορίου
2448 4847 2738 4919 γινωσκέτω
2766 4848 2798 4905 ἠ
2825 4851 2894 4906 σή
2920 4849 3177 4919 ἁγιωσύνῃ
3209 4847 3333 4922 παρ’
3362 4850 3522 4917 ἡμῶν,
3552 4846 3747 4916 μᾶλλον

2147 4939 2202 4997 δέ
2223 4941 2310 4996 ὐπ’
2330 4943 2484 4996 αὐτοῦ
2514 4945 2607 4995 τοῦ
2629 4937 2884 4996 δεσπότου
2912 4947 3137 5017 Χριστοῦ
3160 4943 3243 4995 καί
3272 4946 3400 4995 Θεοῦ
3424 4940 3745 5009 ἐξενηνεγμέ-

2222 5130 2249 5172 s
2280 5120 2432 5177 Adde
2464 5120 2717 5186 deinceps.
2750 5174 2751 5177 η

2217 5187 2245 5263 1}
2280 5194 2385 5249 Pro
2414 5202 2557 5247 scuto
2583 5196 2718 5263 male
2747 5192 3014 5259 interpres
3038 5188 3262 5249 Graecus
3291 5192 3420 5262 legit
3445 5208 3553 5263 spe.

2227 5260 2241 5302 ί
2281 5264 2339 5319 In
2370 5264 2582 5330 δεῖνι-ο,
2616 5262 2865 5318 Ecclesiae
2883 5272 2932 5317 et
2963 5263 3100 5328 ﬁdei.
3188 5327 3194 5331 ,

2222 5334 2238 5387 i
2275 5335 2427 5395 M~s.,
2457 5350 2521 5389 ex
2559 5337 2887 5390 conrentione
2935 5333 3094 5402 hujus
3117 5334 3241 5389 diei.
3279 5333 3359 5388 Ex
3389 5332 3613 5400 epistola
3638 5347 3739 5386 su-

2147 5407 2346 5475 periori
2378 5406 2663 5472 legendum
2709 5420 2832 5460 esse
2877 5404 3065 5473 liquet,
3114 5421 3179 5459 ex
3205 5404 3547 5459 conventionis
3575 5404 3739 5474 hujus

2144 5478 2258 5544 die,
2294 5478 2378 5531 vel
2411 5477 2731 5542 simpliciter
2758 5493 2822 5532 ea:
2846 5476 3193 5530 conventionis
3215 5477 3298 5531 die
3323 5519 3337 5540 ,
3370 5476 3473 5530 hoc
3514 5486 3596 5529 est
3618 5517 3633 5538 ,
3675 5485 3743 5531 ut

2143 5548 2413 5630 interpres
2441 5548 2667 5604 Graecus
2693 5558 2843 5605 recte
2869 5547 3154 5615 intellexit,
3178 5563 3243 5603 ea;
3268 5548 3351 5603 die
3383 5562 3481 5618 quo
3508 5561 3730 5601 conven-

2144 5628 2225 5673 tus
2252 5624 2429 5690 fuerit.
