3982 6182
228 233 314 288 ιτδ

1069 226 1287 285 EPIST.
1329 227 1470 283 χιιι.
1497 254 1571 270 -
1595 226 1987 285 C(ELESTINI
2025 229 2232 288 PAPE
2270 232 2363 288 AD
2435 232 2855 292 NESTORIUM.

3348 234 3456 297 ΓΜ

226 344 539 408 sententiam,
582 341 767 396 volens
800 339 868 394 de
915 339 1007 397 Dei
1038 339 1219 398 Verbo
1258 341 1417 399 aliter
1438 357 1599 415 quam
1627 341 1758 401 ﬁdes

1874 346 2155 407 ἓπιστολαῖς
2187 349 2403 422 φανεράν
2429 349 2684 422 ἀπόφασιν
2715 351 2817 419 ούχ
2844 350 2977 405 οὕτω
3018 353 3138 427 περί
3164 359 3255 413 τῆς
3284 353 3455 419 ἡμετέ-

221 434 357 491 habet
380 435 615 491 omnium
651 431 954 503 disputare.

278 717 328 772 '5.
368 716 495 773 Ecce
523 730 667 771 nunc
691 715 745 771 in
776 729 936 785 quam
968 714 1036 771 de
1065 725 1115 770 te
1134 729 1391 770 vocamur
1416 718 1764 787 sententiam,

215 824 325 864 ecce
363 825 470 879 qua:
502 820 711 864 tuarum
758 817 887 863 sunt
943 808 1204 864 beneﬁcia
1244 808 1564 864 novitatum.
1614 812 1768 867 Post-

214 918 349 972 quam
373 905 640 974 ignoratus
663 904 871 959 electus
893 918 971 967 es,
994 911 1047 959 et
1071 903 1318 974 cognitus
1340 905 1631 971 accusaris,
1650 904 1763 973 jam

212 1009 332 1049 nunc
359 1011 473 1050 cum
508 996 604 1050 illo
629 998 867 1065 gentium
896 996 1125 1051 Doctore
1156 995 1437 1051 dicendum
1469 1003 1550 1051 est
1580 1014 1591 1049 :
1625 995 1763 1051 Nam

209 1086 313 1153 quid
340 1104 534 1141 oremus
561 1089 843 1142 secundum
872 1088 1009 1158 quod
1034 1096 1253 1158 Oportet,
1288 1088 1543 1142 nescimus
1583 1090 1759 1159 (Rom.

203 1189 304 1242 vm,
330 1174 443 1248 26).
473 1178 658 1234 Nonne
690 1179 803 1233 haec
832 1177 1088 1234 Ecclesiae
1116 1178 1192 1231 illi
1222 1178 1385 1231 verba
1412 1180 1757 1245 conveniunt,

202 1282 310 1335 quas
339 1270 580 1337 probatos
606 1269 633 1308 δ
673 1271 775 1324 sibi
810 1271 956 1324 viros
982 1309 997 1334 ,
1048 1286 1153 1323 non
1200 1270 1448 1324 notitiam
1492 1282 1635 1324 tuam
1665 1271 1759 1325 sed

198 1358 374 1413 famam
406 1370 608 1428 secuta,
641 1362 1006 1430 contempsit?
1054 1359 1367 1429 Impositum
1397 1373 1481 1417 est
1521 1362 1759 1431 opinioxti

197 1448 317 1506 bene
341 1452 405 1507 de
431 1462 479 1508 te
509 1453 867 1508 credentium.
900 1452 1032 1519 Quis
1062 1453 1203 1506 enim
1229 1461 1252 1490 ε
1277 1451 1417 1507 intra
1442 1452 1584 1507 ovile
1613 1454 1760 1508 velut

190 1554 426 1611 rapacem
460 1546 648 1614 lupum
682 1554 899 1616 putaret
927 1545 1223 1600 abscondi?
1258 1546 1376 1602 Vox
1402 1557 1485 1602 est
1515 1548 1756 1617 ejusdem

192 1634 418 1703 Apostoli
451 1654 465 1691 :
503 1637 718 1707 Oportet
742 1637 893 1689 etiam
927 1634 1141 1691 hteresee
1172 1653 1297 1705 esse,
1332 1648 1389 1692 ut
1413 1638 1615 1709 probati
1650 1657 1758 1693 ma-

185 1729 352 1797 nifesti
382 1731 511 1800 ﬁant
548 1731 594 1798 (l
617 1729 735 1784 Cor.
761 1745 835 1792 ιι,
860 1728 971 1799 19).
1003 1730 1164 1801 Aperi
1193 1746 1352 1787 aures
1374 1741 1513 1798 tuas,
1538 1741 1592 1787 et
1614 1732 1756 1800 ejus-
1784 1717 1833 1778 Β

184 1822 296 1875 dem
329 1823 396 1876 ad
430 1822 773 1878 Timotheum
820 1821 864 1893 (Ι
885 1821 1015 1877 Tim.
1045 1838 1120 1887 vt,
1146 1822 1238 1894 20)
1272 1824 1355 1878 vel
1393 1823 1574 1879 Titum
1622 1824 1752 1897 (Tit.

176 1923 251 1977 tu,
287 1912 356 1983 9)
388 1913 562 1968 dictos
588 1913 767 1968 audito
792 1927 1092 1969 sermones.
1139 1914 1278 1983 Quid
1322 1914 1403 1969 bis
1432 1915 1578 1970 aliud
1618 1931 1756 1983 prae-

175 2004 300 2073 cipit
329 2021 492 2074 quam
542 2015 598 2059 ut
642 2006 901 2059 novitates
931 2006 1103 2060 vitent
1132 2020 1325 2061 vocum
1354 2006 1642 2075 profanas?
1687 2006 1752 2061 ad

175 2096 503 2164 impietatem
527 2097 720 2167 quippe
743 2096 841 2151 ista
867 2097 1175 2167 proficiunt,
1194 2113 1314 2167 qua:
1336 2112 1552 2168 semper
1573 2098 1755 2166 spinas

175 2198 216 2241 et
235 2189 470 2243 tribulos
490 2190 802 2245 intulerunt.
824 2191 1166 2245 Timotheum
1185 2198 1333 2248 certe
1348 2191 1511 2247 etiam
1533 2207 1754 2263 rogasse

173 2296 221 2335 se
244 2283 374 2338 dicit
404 2285 449 2355 (l
479 2283 613 2338 Tim.
650 2300 685 2346 t,
720 2287 773 2354 5)
820 2294 875 2338 ut
915 2283 1116 2354 Ephesi
1159 2300 1446 2340 remanens
1472 2285 1755 2341 denuntia-

172 2382 241 2428 ret
267 2376 591 2445 quibusdam
621 2392 690 2432 ne
716 2377 836 2446 quis
867 2377 1022 2432 aliter
1060 2378 1396 2448 praedicaret.
1448 2379 1590 2434 Ante
1625 2395 1755 2435 ocu-

169 2464 240 2519 los
268 2467 399 2522 mihi
436 2469 693 2523 Jeremiaa
722 2468 1001 2537 prophetas
1036 2470 1198 2524 verba
1230 2479 1353 2525 sunt
1393 2488 1408 2529 :
1442 2470 1750 2538 Horribilia,

166 2556 349 2625 inquit,
386 2562 531 2630 facta
554 2568 672 2611 sunt
703 2575 855 2629 super
874 2568 1059 2613 terram
1099 2574 1119 2614 :
1150 2564 1411 2629 propheta:
1436 2563 1755 2634 iniquitatem

167 2649 471 2717 prophetarit
522 2650 735 2721 (Jerem.
770 2666 823 2715 v,
854 2649 963 2723 30).
1018 2651 1143 2706 Haec
1168 2694 1182 2718 ,
1217 2651 1362 2708 dicas
1395 2655 1521 2708 volo
1546 2696 1560 2719 ,
1603 2654 1756 2724 quasi

165 2740 333 2808 ignota
370 2754 426 2801 te
461 2753 785 2812 transeunt,
817 2752 910 2798 aut
949 2746 1103 2815 quasi
1138 2754 1259 2799 nota
1306 2747 1651 2802 contemnis?
1696 2747 1753 2803 Si

165 2840 302 2904 quasi
354 2838 547 2910 ignota
597 2847 650 2893 te
699 2846 1001 2905 transeunt,
1047 2855 1153 2895 non
1196 2840 1269 2895 sit
1311 2840 1503 2910 pudori
1548 2841 1755 2896 discere

162 2937 360 2984 rectum
390 2973 406 2997 ,
443 2930 662 3001 quando
708 2930 890 2985 timori
920 2946 1024 2986 non
1061 2931 1158 2986 fuit
1187 2932 1385 2987 docere
1414 2946 1750 3001 perversum.

161 3021 202 3075 Si
228 3025 392 3093 quasi
426 3035 557 3078 nota
585 3024 912 3086 contemnis,
944 3024 1188 3093 iutellige
1231 3033 1283 3077 te
1326 3023 1751 3079 inexcusabilem

1866 461 1961 515 ρας
2003 441 2249 504 πίστεως,
2284 444 2352 500 ὡς
2400 444 2521 513 περὶ
2564 449 2788 497 σεαυτοῦ
2817 444 3110 517 ὶξήνεγκας,
3140 442 3292 497 θέλων
3333 447 3454 519 περὶ

1866 538 1957 586 τοῦ
1999 538 2127 588 Θεοῦ
2170 532 2322 605 λόγου
2361 528 2523 593 ἄλλως
2566 535 2797 607 κηρύξαι,
2827 533 2960 607 ἤπερ
2988 536 3019 593 ἡ
3044 535 3248 589 πάντων
3276 538 3454 597 πίστις

1867 621 2013 694 ἔχει.

1938 716 2059 772 Ἰδού
2088 722 2172 771 νῦν
2202 720 2272 778 εἰς
2298 716 2406 773 οἷαν
2441 718 2728 790 καλούμεθα
2757 718 3009 792 ἀπόφασιν
3036 723 3157 795 περί
3187 728 3304 775 σοῦ·
3340 720 3451 777 ἰδού

1864 804 1960 861 οἶαί
2007 811 2132 862 εἰσιν
2177 808 2229 863 αἱ
2272 810 2557 883 εὐεργεσίαι
2606 817 2708 865 τῶν
2756 817 2861 864 σῶν
2915 814 3236 869 καινοτήτων·
3272 811 3356 884 ἀφ’
3388 808 3449 865 οὗ

1864 898 2203 973 ἀγνοούμενος
2247 902 2336 971 μέν
2366 909 2390 936 ⁸
2428 902 2725 973 ἀπελέχθης
2750 943 2766 968 ,
2795 902 3037 973 ’γνωσθεὶς
3074 900 3129 956 δὲ
3167 908 3455 975 κατηγορή-

1860 995 1968 1053 θης’
2000 994 2300 1063 λοιπόνμετά
2338 1000 2430 1047 τοῦ
2471 1000 2571 1048 τῶν
2606 995 2751 1047 ἐθνῶν
2782 992 3096 1050 διδασκάλου
3140 995 3353 1048 λεκτέον*
3387 1000 3451 1049 Τί

1862 1085 1957 1160 γὰρ
1999 1086 2249 1154 εύξὼμεθει
2294 1087 2363 1145 ὡς
2411 1090 2548 1160 χρὴ,
2582 1087 2671 1138 οὐκ
2714 1082 2885 1153 ἴσμεν.
2923 1083 3057 1160 τΔρα
3100 1087 3159 1139 ού
3198 1092 3361 1141 ταῦτα
3389 1088 3452 1141 τὰ

1862 1177 2066 1250 ῥήματα
2101 1177 2258 1249 ἐκείνῃ
2304 1184 2367 1251 τῇ
2409 1178 2671 1253 Ἐκκλησία
2698 1179 2909 1255 πρέπει,
2942 1180 3052 1238 ἥτις
3080 1176 3451 1249 δεδοκιμασμέ-

1861 1292 1954 1322 νων
1981 1271 2030 1323 ἔν
2207 1270 2481 1342 ἀνθρώπων
2509 1271 2900 1345 κατεφρόνησεν,
2934 1270 3271 1324 ἀκολουθοῦσα
3383 1278 3449 1344 σῇ

1863 1369 2018 1437 φήμη,
2051 1365 2107 1417 ού
2224 1366 2443 1434 γνώσεις
2476 1368 2706 1423 ἠπατήθη
2734 1368 2763 1422 ἡ
2790 1364 2999 1419 ὑπόνοια
3024 1373 3124 1419 τῶν
3148 1366 3307 1420 καλῶν
3330 1367 3451 1438 περί

1862 1463 1952 1510 σοῦ
1982 1455 2391 1511 πιστευσάντων.
2427 1458 2513 1517 Τίς
2538 1461 2637 1532 γὰρ
2666 1459 2799 1519 ἐντὸς
2834 1458 3095 1535 προϐάτου
3135 1458 3323 1527 μαλλοῦ
3355 1455 3450 1529 ἄρ-

1860 1569 2002 1621 παγα
2044 1549 2315 1624 κεκρύφθαι
2340 1548 2486 1603 λύκον
2522 1548 2778 1619 νομίσειες
2810 1552 2944 1621 φωνή
2976 1550 3113 1604 ἐστιν
3158 1550 3313 1603 αὐτοῦ
3353 1554 3445 1602 τοῦ

1860 1641 2171 1701 ἀποστόλου,
2197 1639 2297 1695 δεῖν
2323 1644 2409 1693 καί
2428 1641 2650 1718 αἱρέσεις
2684 1636 2828 1705 εἶναι,
2858 1642 2942 1695 ἵνα
2966 1641 3013 1694 oi
3041 1638 3449 1712 δεδοκιμασμένοι

1860 1738 2061 1812 φανεροὶ
2092 1731 2235 1788 ὦσιν.
2280 1731 2473 1805 ’Δνοινγέ
2521 1754 2615 1787 σου
2658 1734 2748 1793 τάς
2786 1733 2933 1792 ἀκοὰς
2956 1773 2970 1798 ,
3000 1736 3084 1787 καί
3110 1734 3296 1788 τούτου
3325 1734 3449 1792 τούς

1860 1830 1992 1904 πρός
2019 1829 2255 1899 Τιμόθεον
2284 1831 2369 1881 καὶ
2392 1830 2536 1881 Τίτον
2566 1823 2720 1880 ἄκουε
2751 1825 2955 1896 λόγους.
2982 1828 3043 1879 Τί
3071 1822 3188 1879 ἄλλο
3216 1825 3405 1880 κελεύει
3430 1864 3445 1887 ,

1859 1920 1889 1980 ἦ
1913 1921 1996 1974 ἵνα
2023 1920 2116 1979 τὰς
2147 1919 2396 1992 βεϐήλους
2426 1917 2723 1976 καινότητας
2761 1922 2860 1970 τῶν
2893 1922 3059 1985 φωνῶν
3086 1917 3448 1989 ἀποστρέφωνο

1860 2027 1972 2074 ται;
2001 2016 2164 2066 ταῦτα
2184 2012 2279 2086 γὰρ
2309 2010 2378 2070 είς
2402 2007 2637 2062 ἀσέϐειαν
2660 2012 2944 2085 προχωρεῖ.
2975 2004 3102 2078 ἅπερ
3131 2005 3211 2059 ἀεὶ
3239 2000 3265 2039 ἀ
3293 2005 3448 2058 ἀκάν-

1858 2107 1947 2164 θας
1978 2106 2059 2157 καί
2082 2102 2347 2181 τριϐόλους
2365 2106 2525 2157 ποιεῖ.
2549 2102 2644 2154 Τὸν
2668 2097 2721 2154 δὲ
2750 2098 2982 2168 Τιμόθεον
3012 2098 3095 2150 καὶ
3122 2095 3446 2169 παρακεκλη-

1859 2198 1995 2251 κὲναι
2013 2195 2185 2251 ἔαυτόν
2202 2194 2469 2268 φησιν,ἷνα
2490 2192 2756 2269 τῇῈφέσῳ
2777 2189 3105 2263 παραμένων,
3127 2184 3445 2262 παραγγείλῇ

1854 2292 1977 2348 τισὶ.
2010 2292 2079 2362 μή
2107 2308 2185 2347 τις
2228 2284 2345 2341 ἄλλο
2386 2286 2599 2360 κηρύξῃ.
2654 2282 2753 2357 Πρὸ
2800 2280 3056 2352 ὀφθαλμῶν
3101 2279 3188 2349 μοί
3231 2278 3341 2329 ἐστι
3378 2276 3448 2329 τά

1856 2381 2061 2453 ῥήματα
2084 2382 2323 2455 Ἰερεμίου
2368 2384 2459 2433 τοῦ
2511 2380 2768 2452 προφήτου
2793 2372 3028 2448 ’Φοϐερᾶα
3057 2371 3224 2443 φησίν,
3253 2367 3444 2439 ἐγένετο

1857 2474 2022 2527 ἐπάνω
2072 2481 2164 2532 τῆς
2232 2481 2343 2545 γῆς’
2397 2470 2445 2524 oi.
2494 2477 2747 2543 προφῆται
2802 2465 2999 2521 ἀδικίαν
3041 2461 3441 2538 προφητεύουσι.

1856 2574 2059 2622 Ταῦτα.
2092 2560 2203 2621 εἶπέ
2246 2586 2361 2635 μοι.
2400 2565 2468 2624 ὡς
2497 2559 2737 2635 ἄγνωστά
2773 2582 2857 2615 σοι
2896 2559 3259 2633 παρέρχεται,
3302 2552 3333 2613 ἦ
3377 2555 3446 2613 ὡς

1855 2662 2176 2731 ἱγνωσμένων
2248 2665 2571 2733 καταφρονεῖς
2619 2672 2634 2720 ;
2694 2658 2737 2709 εί
2792 2658 2884 2726 μὲν
2922 2657 3010 2713 ’ὡς
3064 2649 3308 2725 ἄγνωστά
3362 2668 3445 2703 σοι

1859 2756 2223 2828 παρέρχεται,
2281 2755 2351 2821 μὴ
2396 2747 2639 2823 αἰδεσθῇς
2678 2748 2852 2817 μαθεῖν
2895 2746 2954 2799 τό
3005 2744 3178 2816 ὀρθόν,
3222 2742 3291 2798 ὡς
3350 2739 3445 2790 οὐκ

1858 2845 2095 2916 εφοϐήθης
2111 2853 2134 2881 θ
2149 2846 2207 2898 τὸ
2221 2841 2621 2914 διεστραμμένον
2660 2836 2877 2899 διδάξαι.
2892 2837 2948 2889 Εἰ
2961 2833 3013 2888 δὲ
3039 2837 3107 2892 ὡς
3119 2830 3440 2903 ίγνώσμένων

1859 2944 2213 3011 καταφρονεῖς,
2240 2935 2337 2988 νόει
2361 2933 2438 2988 ὅτι
2463 2928 2814 3001 ἀναπολόγητά
2844 2947 2926 2980 σοι
2971 2923 3119 2979 ἔσται
3137 2963 3148 2979 .
3181 2920 3303 2976 ὅταν
3344 2919 3444 2973 ἀπὸ

1858 3034 1952 3080 σοῦ
1999 3035 2087 3081 τοῦ
2148 3027 2518 3099 ἕπιτραπίντος
2548 3044 2633 3077 σοι
2670 3019 2913 3074 ταλάντου
2942 3017 3027 3070 τὸν
3070 3016 3210 3086 λόγον
3262 3015 3447 3073 ἐκεῖνος

158 3114 260 3167 lore
285 3157 301 3181 ,
355 3132 491 3195 cum
526 3131 557 3171 a
588 3125 641 3171 te
668 3115 941 3170 commissi
986 3115 1084 3168 tibi
1122 3114 1311 3169 talenti
1358 3115 1633 3184 quaesierit
1663 3115 1751 3167 ille

1874 3122 2167 3190 ῖπιζητήσῃ,
2198 3114 2251 3176 ὃς
2297 3114 2513 3184 δι’ἡμῶν
2562 3114 2664 3166 ἀπὸ
2707 3112 2890 3165 τούτου
2923 3113 3013 3163 τοῦ
3060 3107 3202 3179 ἁγίου
3233 3104 3436 3158 δανείσ-

156 3209 426 3261 rationem
467 3205 685 3276 (Matth.
720 3219 849 3267 xxv,
882 3203 1000 3272 26),
1034 3204 1123 3271 qui
1157 3218 1251 3271 per
1279 3217 1376 3256 nos
1400 3203 1469 3257 de
1497 3202 1598 3256 hoc
1628 3216 1754 3254 san~

153 3308 220 3351 tto
252 3300 473 3353 tenore
503 3310 657 3349 suum
696 3295 908 3349 lucrum
956 3309 1170 3363 semper
1216 3303 1515 3363 exspectat.
1560 3294 1757 3362 Aspice

154 3405 257 3456 qua:
319 3401 499 3458 paena
549 3384 697 3439 illum
739 3392 954 3440 maneat
977 3427 990 3451 ,
1024 3387 1111 3456 qui
1145 3386 1431 3441 abscondit
1454 3396 1754 3457 acceptum,

154 3481 166 3517 ί
198 3485 293 3553 qui
331 3484 620 3550 integrum
660 3489 810 3536 certe
852 3480 1088 3534 restituit
1138 3479 1277 3550 quod
1329 3480 1539 3549 accepit
1571 3499 1582 3533 :
1618 3480 1759 3535 unde

156 3575 454 3630 evidenter
472 3573 695 3628 adverte
712 3572 852 3643 quod
868 3574 938 3626 sit
954 3580 1011 3627 et
1032 3572 1121 3628 vel
1142 3572 1298 3643 quale
1322 3573 1640 3641 periculum,
1660 3587 1760 3627 nec

156 3667 286 3733 quod
341 3663 641 3733 acceperis
689 3663 1013 3717 reddidisse.
1062 3669 1141 3718 An
1192 3674 1247 3717 tu
1293 3664 1521 3718 Domino
1573 3674 1760 3719 nostro

160 3755 403 3811 dicturus
435 3770 500 3811 es
532 3773 544 3807 :
585 3755 725 3821 Quos
747 3755 936 3809 dedisti
959 3754 1105 3821 mihi,
1136 3756 1388 3809 custodivi
1415 3755 1591 3828 (Joan.
1626 3771 1759 3821 xvu,

162 3849 243 3911 1?.)
266 3891 280 3914 ,
315 3865 451 3905 cum
488 3846 565 3901 sic
597 3847 767 3901 scindi
808 3847 859 3901 in
902 3858 1080 3917 partes
1124 3848 1408 3903 audiamus
1435 3848 1553 3914 ejus
1580 3849 1764 3903 Eccle-

165 3943 285 3995 siam
307 3944 333 3995 ?
366 3943 493 4010 Qua
520 3942 850 3997 conscientia
875 3942 1033 4008 vivis,
1063 3957 1197 4010 pene
1219 3942 1287 3996 ab
1306 3942 1633 3996 omnibusin
1664 3942 1765 3996 hac

166 4034 377 4089 civitate
429 4033 719 4089 desertus?
768 4033 1093 4101 Optaveram
1135 4048 1230 4088 eos
1271 4040 1400 4088 tunc
1448 4032 1613 4088 fuisse
1653 4041 1762 4111 tam

168 4136 346 4181 cautos
380 4142 556 4195 quam
580 4142 725 4181 nunc
754 4136 880 4179 sunt
905 4167 919 4191 ,
947 4141 1068 4181 cum
1098 4127 1198 4181 sibi
1226 4126 1542 4182 desiderant
1570 4127 1760 4181 subve-

170 4216 283 4272 uiri.
333 4218 506 4275 Unde
550 4216 645 4270 tibi
686 4218 737 4270 in
783 4217 880 4271 has
931 4218 1261 4286 quaestiones
1297 4218 1462 4273 verba
1507 4218 1763 4289 dirigere,

178 4308 189 4345 ί
220 4327 353 4379 quas
381 4313 459 4367 sit
491 4310 867 4380 blasphemum
895 4310 1197 4381 cOgitasse?
1249 4310 1399 4365 Unde
1447 4310 1500 4364 in
1542 4311 1767 4381 populos

174 4401 277 4458 haec
304 4404 581 4473 episcopo
620 4400 945 4470 praedicare,
977 4401 1174 4471 quibus
1208 4401 1438 4471 virginei
1469 4412 1655 4471 partus
1682 4417 1768 4456 re-

1859 3230 2017 3279 ματος
2088 3209 2256 3279 ἐαυτῷ
2322 3204 2495 3279 κέρδος
2564 3206 2643 3257 ἀεὶ
2704 3200 2991 3271 ἐκδέχεται.
3052 3197 3187 3274 Ὀρα
3240 3199 3321 3251 οἵα
3370 3219 3448 3251 τι-

1858 3301 2023 3375 μωρία
2051 3305 2222 3353 ὶκεῖνον
2251 3299 2387 3370 μένει
2423 3298 2505 3350 τόν
2544 3292 2809 3372 κρύψαντα
2838 3289 2863 3346 ὃ
2893 3291 3075 3363 εἰλήφει
3097 3333 3110 3357 ,
3145 3288 3221 3345 ἔτι
3257 3309 3312 3361 γε
3344 3292 3441 3357 μην

1858 3392 1941 3445 τόν
1983 3396 2050 3460 μὴ
2096 3389 2356 3465 ὁλόκληρον
2396 3388 2897 3443 ἀποκαταστήσαντα
2939 3380 3067 3456 ὅπερ
3108 3380 3306 3454 εἰλήφει⁸
3341 3377 3450 3432 ὅθεν

1860 3491 2078 3561 φανερῶς
2122 3482 2377 3558 πρόσεχε,
2410 3477 2531 3539 ὅσος
2566 3482 2649 3534 καί
2679 3473 2779 3538 οἷος
2808 3476 2833 3530 ό
2861 3473 3092 3535 κίνδυνος
3116 3516 3128 3537 ,
3164 3471 3291 3541 μηδέ
3319 3468 3448 3543 ὅπερ

1859 3576 2043 3635 ἔλαϐες
2064 3573 2375 3630 ἀποδιδόναι.
2400 3570 2533 3647 τΔρα
2560 3575 2624 3627 σύ
2653 3578 2725 3644 τῷ
2751 3568 2975 3639 δεσπότῃ
3002 3570 3142 3639 ἡμῶν
3171 3567 3322 3637 ἐρεῖς·
3346 3563 3451 3625 Οὓς

1861 3669 2082 3730 δέδωκάς
2104 3689 2207 3739 μοι,
2230 3667 2459 3739 ἐφύλαξα·
2489 3666 2636 3720 ὁπότε
2668 3663 2831 3724 οὕτως
2860 3663 3143 3733 ἀκούομενε
3167 3661 3451 3733 σχίζεσθαι

1862 3764 1962 3822 είςο
1977 3762 2105 3835 μέρη
2156 3763 2244 3818 τὴν
2285 3758 2572 3814 Ἐκκλησίαν
2621 3757 2809 3809 αύτοῦζ
2842 3755 2945 3821 μεθ’
2964 3755 3073 3811 οἵας
3114 3752 3451 3810 συνειδήσεως

1864 3859 1975 3928 ζῇς,
2007 3849 2202 3920 σχεδὸν
2224 3850 2327 3904 ἀπὸ
2347 3848 2555 3903 πάντων
2582 3851 2630 3898 ιν
2650 3845 2815 3912 ταύτῃ
2837 3849 2899 3916 τῇ
2919 3841 3059 3895 πόλει
3080 3842 3450 3911 καταλειφθεὶςς

1865 3946 2100 4018 ηὐχόμην
2121 3946 2309 4005 αύτούς
2332 3941 2445 3997 τότε
2475 3937 2663 4010 μᾶλλον
2690 3933 2990 4007 γεγενῆσθαι
3018 3930 3286 4001 ἀσφαλεῖς.
3310 3929 3339 3987 ἦ
3363 3935 3453 3983 νῦν

1868 4040 2014 4102 εἰσιν,
2043 4034 2074 4072 λ
2103 4034 2183 4090 ὅτε
2212 4034 2420 4091 ἑαυτοῖς
2463 4033 2764 4093 ἐπιζητοῦσι
2811 4025 3059 4096 βοήθειαν.
3102 4022 3246 4076 Πόθεν
3276 4040 3359 4074 σοι
3386 4021 3455 4077 εἰς

1868 4134 2083 4187 τοιαῦτα
2112 4132 2380 4199 ζητήματα
2410 4124 2588 4178 ἰθύνειν
2612 4121 2787 4193 λόγους
2805 4162 2820 4187 ,
2860 4117 2988 4192 ἅπερ
3028 4118 3205 4170 ἐννοεῖν
3232 4112 3458 4199 βλάσφη-

1870 4243 1962 4292 μον
1984 4237 1997 4283 ;
2030 4220 2177 4274 πόθεν
2204 4216 2468 4286 ἐπισκόπῳ
2492 4216 2565 4275 είς
2596 4210 2785 4283 δήμους
2806 4215 2975 4265 ταῦτα
3002 4206 3288 4281 κηρύττειν,
3315 4197 3459 4256 δι’ὧν

1871 4316 1930 4371 τό
1956 4314 2116 4372 σέϐας
2158 4317 2251 4366 τοῦ
2290 4312 2587 4384 παρθενικοῦ
2616 4306 2768 4360 τόκου
2813 4304 3180 4376 τιτρώσκεταιζ
3214 4298 3299 4350 όύκ
3328 4295 3459 4367 ὀφεί-

1872 4410 2020 4462 λουσι
2060 4413 2149 4463 τῆς
2192 4405 2423 4477 ἀρχαίας
2449 4402 2676 4456 πίστεως
2706 4402 2796 4455 τὴν
2825 4392 3147 4469 καθαρότητα
3173 4389 3460 4460 βλάσφημοι

175 4498 408 4551 verentia
452 4494 770 4550 saucietur?
815 4494 929 4549 Non
956 4494 1156 4549 debent
1186 4496 1386 4552 veteris
1412 4495 1537 4553 ﬁdei
1568 4496 1764 4567 purita-

1879 4498 1892 4548 ἱ
1930 4501 2000 4557 εἰς
2030 4497 2115 4549 τὸν
2141 4494 2264 4548 Θεὸν
2292 4492 2432 4561 λόγοι
2456 4488 2772 4562 διαταράξαι.

178 4593 270 4643 lem
299 4588 632 4659 blasphema
668 4587 722 4641 in
748 4584 916 4641 Deum
948 4586 1110 4641 verba
1140 4586 1379 4643 turbare.

242 4734 265 4761 ι
316 4725 473 4781 Unus
500 4737 609 4777 ms.
643 4737 754 4792 reg.
788 4723 1093 4794 ἕπελέχθηςς
1126 4723 1285 4789 alter,
1316 4723 1628 4794 ὑπελέχθης.

242 4745 265 4761 ⁸
316 4745 473 4781 unus
501 4745 609 4777 Ius.
644 4745 754 4792 reg.
788 4745 926 4778 επεΑε
976 4745 1093 4787 Ws“;
1126 4745 1285 4789 alter,
1316 4745 1628 4794 υπεΑεχνης.

240 4794 267 4834 δ
304 4798 486 4865 Magis
515 4795 755 4865 placeret
780 4808 900 4865 cum
931 4745 1144 4865 ἕτερου,
1177 4794 1231 4845 in
1253 4810 1341 4865 se,
1360 4792 1460 4845 hoc
1483 4804 1566 4865 est
1595 4796 1644 4865 in
1677 4809 1776 4848 suo

180 4864 346 4933 ipsius
399 4863 528 4919 sinu
578 4873 633 4917 et
666 4863 926 4931 obsequio
955 4863 1227 4933 institutus
1254 4904 1270 4928 ,
1314 4864 1381 4917 de
1409 4864 1601 4932 quibus
1632 4864 1773 4918 idem

182 4932 307 5005 papa
338 4937 507 5005 epist.
538 4936 573 4988 4
597 4950 649 4989 n.
676 4935 707 4988 7
729 4934 857 4988 dicit
883 4951 895 4985 :
929 4933 1164 4986 Primum
1189 4932 1273 4985 illi
1302 4933 1777 5005 reprobandisunt,

182 5016 232 5057 ut
246 5004 429 5076 aliqui
461 5006 532 5059 de
562 5005 745 5059 alienis
770 5005 994 5076 ecclesiis
1026 5005 1206 5076 merito
1231 5004 1606 5076 pt'teferantur;
1636 5014 1690 5059 et
1711 5005 1780 5059 de

185 5073 370 5145 quibus
402 5078 592 5131 Statim
618 5076 834 5146 subiicit
876 5093 888 5128 :
924 5073 1131 5128 Habeat
1159 5073 1506 5145 unusquisque
1530 5091 1636 5128 sua:
1663 5077 1779 5146 fru-

188 5144 318 5201 ctum
349 5148 564 5202 militia:
590 5148 642 5199 in
668 5144 907 5201 Ecclesia
949 5146 1000 5198 in
1029 5161 1301 5217 quaysuam
1338 5160 1441 5217 per»
1468 5147 1641 5199 omnia
1664 5144 1784 5216 ⁷0]Ῑί-

187 5219 260 5270 cia
280 5218 547 5287 transegit
567 5225 788 5271 atatem.
823 5218 1030 5271 Decreti
1046 5215 1216 5287 hujus
1238 5215 1613 5287 necessitatem
1637 5230 1786 5271 com-

189 5290 448 5344 mendare
476 5286 778 5342 ’videbatur
824 5286 1055 5341 Nestorii
1103 5286 1457 5356 exemplum;
1508 5286 1603 5341 sed
1662 5301 1782 5342 eam

189 5358 484 5415 haereticus
506 5358 597 5413 ille
626 5357 1007 5426 praesel'erebat
1030 5357 1246 5428 pietatis
1266 5358 1499 5428 speciem
1522 5372 1643 5414 cum
1666 5359 1782 5412 elo-

193 5432 423 5495 quentia:
458 5429 618 5484 laude
645 5429 989 5499 coniunctam
1014 5469 1028 5494 ,
1061 5437 1121 5482 ut
1170 5429 1337 5499 ipsam
1389 5428 1779 5499 Antiochenam

194 5499 498 5556 Ecclesiam
524 5499 583 5555 in
611 5514 717 5569 qua
749 5497 1046 5556 ‘meruerat
1086 5497 1201 5555 non
1235 5498 1414 5554 minus
1452 5497 1642 5555 fallere
1690 5513 1786 5570 po-

195 5574 403 5628 luisset.

269 5655 289 5711 ς
324 5643 529 5711 Graece
552 5661 565 5695 :
596 5644 733 5697 intra
763 5644 970 5697 ovinam
999 5641 1214 5711 pellem,
1243 5658 1499 5710 rapacem.

262 5710 288 5752 ά
328 5713 472 5771 Mss.
504 5707 580 5782 ὣ,
609 5727 706 5785 pro
732 5715 846 5783 ea;
887 5723 944 5771 et
970 5707 1097 5772 mox
1126 5720 1267 5785 ποιῇ,
1298 5707 1406 5772 non
1433 5722 1587 5770 ποιεῖ.

1952 4731 1976 4758 ο
2009 4719 2146 4774 Editi
2176 4717 2266 4773 hic
2295 4715 2499 4770 addunt
2522 4714 2718 4785 μαθεῖν,
2749 4720 2803 4768 et
2831 4727 2952 4765 mox
2982 4714 3061 4766 καὶ
3089 4716 3212 4764 ante
3239 4705 3460 4771 διδάξαι,

1880 4789 2274 4851 refragantibus
2304 4802 2432 4840 mss.

1956 4862 1974 4899 ί
2005 4846 2211 4915 Clarius
2240 4859 2511 4912 diceretur
2534 4871 2594 4907 nc
2613 4862 2746 4907 certe
2774 4854 3027 4924 integrum
3046 4858 3149 4924 ;_et
3172 4846 3462 4924 inGrtr-co,

1883 4936 2048 4989 καίτοι
2066 4952 2122 5005 γε
2152 4933 2235 4986 τόν
2263 4932 2352 5003 μὲν
2377 4928 2658 5005 ὁλόκληρον.
2683 4926 2838 4979 Certe
2862 4920 3122 5005 dratiunis
3142 4920 3309 5005 series

1887 4997 2098 5076 ticulam
2130 5007 2197 5076 μὴ
2238 4997 2461 5069 respuit.
2505 4997 2633 5076 lliec
2676 5005 2854 5076 autern
2898 4997 3155 5048 sententia
3186 4997 3467 5076 “propter

1885 5075 2109 5130 verbum
2130 5059 2659 5145 'eiitripet'repetitum,
2694 5069 2744 5145 in
2767 5065 2909 5145 _Reg.
2938 5078 3068 5145 mss.
3094 5059 3313 5145 excidit.

1960 5155 1985 5193 8
2014 5145 2088 5199 Ita
2123 5132 2263 5197 mss:
2285 5142 2349 5197 At
2378 5132 2509 5196 editi
2549 5132 2653 5194 bic’
2678 5132 2884 5193 adduui
2923 5134 3204 5206 σφάζεσθαι
3250 5132 3330 5183 καί
3352 5168 3368 5195 ,
3415 5134 3468 5180 et

1886 5216 2138 5291 omittunt
2163 5217 2235 5291 ei;
2258 5214 2404 5291 μέρη.

1958 5285 1988 5323 h
2018 5285 2139 5355 Mss,
2177 5278 2284 5355 ὄπ’,
2315 5278 2513 5355 bmiss_o
2536 5294 2696 5350 supra
2724 5278 2860 5335 τότε.
2890 5348 2902 5355 _
2960 5346 3003 5355 η
3112 5345 3126 5355 ι
3226 5343 3237 5355 ,
3380 5354 3389 5355 ί
3440 5339 3452 5351 ,

1966 5355 1980 5394 ί
2017 5354 2158 5411 Edit.
2192 5345 2349 5409 Boni.
2383 5363 2438 5407 et
2468 5345 2687 5417 Baron.,
2720 5364 2833 5416 qua!
2858 5348 2924 5403 sit
2954 5345 3308 5417 blasphemia;
3336 5345 3471 5395 rem.

1890 5428 2125 5483 tentibus
2147 5438 2276 5479 mss.
2299 5432 2352 5479 et
2373 5424 2581 5479 Graeco.
2618 5413 2787 5476 Ahtéa
2812 5434 2908 5490 pro
2929 5416 3141 5490 verbis:
3169 5413 3470 5490 Optaverunt

1888 5481 1998 5559 eos,
2045 5496 2321 5550 mallemus
2349 5534 2363 5560 ,
2407 5492 2617 5548 Utinam
2643 5500 2761 5545 tunc
2793 5481 2936 5558 (eum
2966 5500 3017 5547 te
3042 5481 3345 5558 elegerunt)
3375 5491 3474 5540 tam

1893 5570 2110 5640 fuissent
2140 5566 2275 5617 cauti
2291 5578 2611 5640 _quam_nun_c
2638 5573 2776 5640 suat,
2805 5573 2911 5620 etc.

1968 5639 1982 5689 l
2023 5641 2069 5696 Δ
2100 5650 2231 5695 mss.
2257 5636 2409 5694 abest
2434 5638 2504 5699 είς
2532 5637 2616 5693 τὸν
2641 5636 2781 5693 Θεόν.
