  <div class='ocr_page' id='page_1' title='image "/cluster/home/n/w/nwhite01/storage/ocr_20150623/50/uva.x000827094/247.png"; bbox 0 0 3982 6182; ppageno 0'>
   <div class='ocr_carea' id='block_1_1' title="bbox 495 171 601 227">
    <p class='ocr_par' dir='ltr' id='par_1_1' title="bbox 495 171 601 227">
     <span class='ocr_line' id='line_1_1' title="bbox 495 171 601 227; baseline 0.019 -2"><span class='ocrx_word' id='word_1_1' title='bbox 495 171 601 227; x_wconf 68' lang='grc' dir='ltr'>ετδ</span> 
     </span>
    </p>
   </div>
   <div class='ocr_carea' id='block_1_2' title="bbox 1278 161 3000 226">
    <p class='ocr_par' dir='ltr' id='par_1_2' title="bbox 1278 161 3000 226">
     <span class='ocr_line' id='line_1_2' title="bbox 1278 161 3000 226; baseline -0.001 -2"><span class='ocrx_word' id='word_1_2' title='bbox 1278 168 1339 226; x_wconf 91' lang='lat' dir='ltr'><strong>S.</strong></span> <span class='ocrx_word' id='word_1_3' title='bbox 1378 166 1774 225; x_wconf 78' lang='lat' dir='ltr'><strong>CCELESTINI</strong></span> <span class='ocrx_word' id='word_1_4' title='bbox 1810 163 1832 220; x_wconf 87' lang='grc' dir='ltr'><strong>ι</strong></span> <span class='ocrx_word' id='word_1_5' title='bbox 1872 161 2075 220; x_wconf 66' lang='lat' dir='ltr'><strong>PAPIE</strong></span> <span class='ocrx_word' id='word_1_6' title='bbox 2116 162 2479 221; x_wconf 64' lang='lat' dir='ltr'><strong>EPISTOLIE</strong></span> <span class='ocrx_word' id='word_1_7' title='bbox 2518 167 2609 224; x_wconf 84' lang='lat' dir='ltr'><strong>ET</strong></span> <span class='ocrx_word' id='word_1_8' title='bbox 2651 167 3000 226; x_wconf 80' lang='lat' dir='ltr'><strong>DECRETA.</strong></span> 
     </span>
    </p>
   </div>
   <div class='ocr_carea' id='block_1_3' title="bbox 3677 171 3782 228">
    <p class='ocr_par' dir='ltr' id='par_1_3' title="bbox 3677 171 3782 228">
     <span class='ocr_line' id='line_1_3' title="bbox 3677 171 3782 228; baseline 0.01 -2"><span class='ocrx_word' id='word_1_9' title='bbox 3677 171 3782 228; x_wconf 73' lang='grc'><strong>476</strong></span> 
     </span>
    </p>
   </div>
   <div class='ocr_carea' id='block_1_4' title="bbox 563 282 2105 364">
    <p class='ocr_par' dir='ltr' id='par_1_4' title="bbox 563 282 2090 358">
     <span class='ocr_line' id='line_1_4' title="bbox 563 282 2090 358; baseline -0.005 -15"><span class='ocrx_word' id='word_1_10' title='bbox 563 287 616 343; x_wconf 77' lang='grc'>4.</span> <span class='ocrx_word' id='word_1_11' title='bbox 648 286 779 354; x_wconf 81' lang='lat' dir='ltr'><strong>Quis</strong></span> <span class='ocrx_word' id='word_1_12' title='bbox 812 299 1062 358; x_wconf 77' lang='lat' dir='ltr'><strong>umquam</strong></span> <span class='ocrx_word' id='word_1_13' title='bbox 1093 298 1198 340; x_wconf 90' lang='lat' dir='ltr'><strong>non</strong></span> <span class='ocrx_word' id='word_1_14' title='bbox 1229 282 1421 355; x_wconf 83' lang='lat' dir='ltr'><strong>dignus</strong></span> <span class='ocrx_word' id='word_1_15' title='bbox 1453 293 1536 339; x_wconf 89' lang='lat' dir='ltr'><strong>est</strong></span> <span class='ocrx_word' id='word_1_16' title='bbox 1576 283 1920 338; x_wconf 86' lang='lat' dir='ltr'><strong>anathemate</strong></span> <span class='ocrx_word' id='word_1_17' title='bbox 1946 282 2090 351; x_wconf 89' lang='lat' dir='ltr'><strong>judi-</strong></span> 
     </span>
    </p>
   </div>
   <div class='ocr_carea' id='block_1_5' title="bbox 2209 282 3784 364">
    <p class='ocr_par' dir='ltr' id='par_1_5' title="bbox 2264 283 3784 364">
     <span class='ocr_line' id='line_1_5' title="bbox 2264 283 3784 364; baseline 0.007 -25"><span class='ocrx_word' id='word_1_18' title='bbox 2264 285 2353 346; x_wconf 86' lang='grc' dir='ltr'>Τίς</span> <span class='ocrx_word' id='word_1_19' title='bbox 2385 287 2596 342; x_wconf 78' lang='grc' dir='ltr'>πώποτε</span> <span class='ocrx_word' id='word_1_20' title='bbox 2629 287 2720 342; x_wconf 78' lang='grc' dir='ltr'>οὐκ</span> <span class='ocrx_word' id='word_1_21' title='bbox 2760 283 2905 354; x_wconf 77' lang='grc' dir='ltr'>ἄξιος</span> <span class='ocrx_word' id='word_1_22' title='bbox 2930 292 3024 344; x_wconf 86' lang='grc' dir='ltr'>τοῦ</span> <span class='ocrx_word' id='word_1_23' title='bbox 3053 287 3519 358; x_wconf 78' lang='grc' dir='ltr'>ἀναθεματισθῆναι</span> <span class='ocrx_word' id='word_1_24' title='bbox 3545 287 3723 364; x_wconf 68' lang='lat' dir='ltr'><strong>iit-piem</strong></span> <span class='ocrx_word' id='word_1_25' title='bbox 3755 289 3784 351; x_wconf 71' lang='grc' dir='ltr'>ἦ</span> 
     </span>
    </p>
   </div>
   <div class='ocr_carea' id='block_1_6' title="bbox 495 374 2085 448">
    <p class='ocr_par' dir='ltr' id='par_1_6' title="bbox 495 374 2085 448">
     <span class='ocr_line' id='line_1_6' title="bbox 495 374 2085 448; baseline -0.006 -10"><span class='ocrx_word' id='word_1_26' title='bbox 495 391 662 445; x_wconf 79' lang='lat' dir='ltr'><strong>catus,</strong></span> <span class='ocrx_word' id='word_1_27' title='bbox 689 379 770 434; x_wconf 81' lang='lat' dir='ltr'><strong>vel</strong></span> <span class='ocrx_word' id='word_1_28' title='bbox 798 378 1058 448; x_wconf 88' lang='lat' dir='ltr'><strong>adjicicns</strong></span> <span class='ocrx_word' id='word_1_29' title='bbox 1079 379 1162 433; x_wconf 86' lang='lat' dir='ltr'><strong>vel</strong></span> <span class='ocrx_word' id='word_1_30' title='bbox 1194 377 1483 432; x_wconf 89' lang='lat' dir='ltr'><strong>detrahens</strong></span> <span class='ocrx_word' id='word_1_31' title='bbox 1508 374 1667 431; x_wconf 86' lang='lat' dir='ltr'><strong>fidei?</strong></span> <span class='ocrx_word' id='word_1_32' title='bbox 1696 376 1860 430; x_wconf 81' lang='lat' dir='ltr'><strong>Plene</strong></span> <span class='ocrx_word' id='word_1_33' title='bbox 1887 377 2085 430; x_wconf 88' lang='lat' dir='ltr'><strong>etenim</strong></span> 
     </span>
    </p>
   </div>
   <div class='ocr_carea' id='block_1_7' title="bbox 496 472 2090 541">
    <p class='ocr_par' dir='ltr' id='par_1_7' title="bbox 496 472 2090 541">
     <span class='ocr_line' id='line_1_7' title="bbox 496 472 2090 541; baseline -0.004 -10"><span class='ocrx_word' id='word_1_34' title='bbox 496 490 556 531; x_wconf 82' lang='lat' dir='ltr'><strong>ac</strong></span> <span class='ocrx_word' id='word_1_35' title='bbox 579 473 860 529; x_wconf 80' lang='lat' dir='ltr'><strong>tttattifeSIe</strong></span> <span class='ocrx_word' id='word_1_36' title='bbox 882 473 1074 528; x_wconf 82' lang='lat' dir='ltr'><strong>tradita</strong></span> <span class='ocrx_word' id='word_1_37' title='bbox 1106 472 1174 525; x_wconf 84' lang='lat' dir='ltr'><strong>ab</strong></span> <span class='ocrx_word' id='word_1_38' title='bbox 1206 472 1479 541; x_wconf 77' lang='lat' dir='ltr'><strong>Apustol‘is</strong></span> <span class='ocrx_word' id='word_1_39' title='bbox 1505 472 1680 537; x_wconf 86' lang='lat' dir='ltr'><strong>nobis,</strong></span> <span class='ocrx_word' id='word_1_40' title='bbox 1712 486 1810 524; x_wconf 86' lang='lat' dir='ltr'><strong>nec</strong></span> <span class='ocrx_word' id='word_1_41' title='bbox 1835 485 2090 541; x_wconf 82' lang='lat' dir='ltr'><strong>augmen-</strong></span> 
     </span>
    </p>
   </div>
   <div class='ocr_carea' id='block_1_8' title="bbox 497 563 2091 636">
    <p class='ocr_par' dir='ltr' id='par_1_8' title="bbox 497 563 2091 636">
     <span class='ocr_line' id='line_1_8' title="bbox 497 563 2091 636; baseline -0.003 -14"><span class='ocrx_word' id='word_1_42' title='bbox 497 577 629 636; x_wconf 88' lang='lat' dir='ltr'><strong>tum,</strong></span> <span class='ocrx_word' id='word_1_43' title='bbox 663 583 762 623; x_wconf 89' lang='lat' dir='ltr'><strong>nec</strong></span> <span class='ocrx_word' id='word_1_44' title='bbox 791 565 1219 622; x_wconf 74' lang='lat' dir='ltr'><strong>imminutionem</strong></span> <span class='ocrx_word' id='word_1_45' title='bbox 1251 567 1549 636; x_wconf 90' lang='lat' dir='ltr'><strong>requirunt.</strong></span> <span class='ocrx_word' id='word_1_46' title='bbox 1581 564 1835 633; x_wconf 80' lang='lat' dir='ltr'><strong>Legimus</strong></span> <span class='ocrx_word' id='word_1_47' title='bbox 1863 563 1914 618; x_wconf 92' lang='lat' dir='ltr'><strong>iu</strong></span> <span class='ocrx_word' id='word_1_48' title='bbox 1940 563 2091 617; x_wconf 89' lang='lat' dir='ltr'><strong>libris</strong></span> 
     </span>
    </p>
   </div>
   <div class='ocr_carea' id='block_1_9' title="bbox 495 655 2089 736">
    <p class='ocr_par' dir='ltr' id='par_1_9' title="bbox 495 655 2089 736">
     <span class='ocr_line' id='line_1_9' title="bbox 495 655 2089 736; baseline -0.006 -18"><span class='ocrx_word' id='word_1_49' title='bbox 495 664 695 719; x_wconf 76' lang='lat' dir='ltr'><strong>nostris</strong></span> <span class='ocrx_word' id='word_1_50' title='bbox 720 665 909 736; x_wconf 83' lang='lat' dir='ltr'><strong>(Apoc.</strong></span> <span class='ocrx_word' id='word_1_51' title='bbox 941 677 1076 729; x_wconf 81' lang='lat' dir='ltr'><strong>ml,</strong></span> <span class='ocrx_word' id='word_1_52' title='bbox 1115 660 1226 734; x_wconf 81' lang='grc'>18),</span> <span class='ocrx_word' id='word_1_53' title='bbox 1256 675 1364 714; x_wconf 90' lang='lat' dir='ltr'><strong>non</strong></span> <span class='ocrx_word' id='word_1_54' title='bbox 1402 659 1524 713; x_wconf 84' lang='lat' dir='ltr'><strong>addi</strong></span> <span class='ocrx_word' id='word_1_55' title='bbox 1565 659 1802 724; x_wconf 83' lang='lat' dir='ltr'><strong>debere,</strong></span> <span class='ocrx_word' id='word_1_56' title='bbox 1851 655 1956 711; x_wconf 87' lang='lat' dir='ltr'><strong>nun</strong></span> <span class='ocrx_word' id='word_1_57' title='bbox 1992 655 2089 710; x_wconf 86' lang='lat' dir='ltr'><strong>de-</strong></span> 
     </span>
    </p>
   </div>
   <div class='ocr_carea' id='block_1_10' title="bbox 497 750 2090 827">
    <p class='ocr_par' dir='ltr' id='par_1_10' title="bbox 497 750 2090 827">
     <span class='ocr_line' id='line_1_10' title="bbox 497 750 2090 827; baseline -0.004 -16"><span class='ocrx_word' id='word_1_58' title='bbox 497 757 681 812; x_wconf 83' lang='lat' dir='ltr'><strong>trahi:</strong></span> <span class='ocrx_word' id='word_1_59' title='bbox 736 771 927 827; x_wconf 78' lang='lat' dir='ltr'><strong>magna</strong></span> <span class='ocrx_word' id='word_1_60' title='bbox 973 755 1171 826; x_wconf 84' lang='lat' dir='ltr'><strong>quippe</strong></span> <span class='ocrx_word' id='word_1_61' title='bbox 1215 764 1269 810; x_wconf 88' lang='lat' dir='ltr'><strong>et</strong></span> <span class='ocrx_word' id='word_1_62' title='bbox 1312 753 1598 808; x_wconf 85' lang='lat' dir='ltr'><strong>addentem</strong></span> <span class='ocrx_word' id='word_1_63' title='bbox 1630 761 1684 808; x_wconf 90' lang='lat' dir='ltr'><strong>et</strong></span> <span class='ocrx_word' id='word_1_64' title='bbox 1715 750 2090 808; x_wconf 76' lang='lat' dir='ltr'><strong>detrahentem</strong></span> 
     </span>
    </p>
   </div>
   <div class='ocr_carea' id='block_1_11' title="bbox 495 846 2094 919">
    <p class='ocr_par' dir='ltr' id='par_1_11' title="bbox 495 846 2094 919">
     <span class='ocr_line' id='line_1_11' title="bbox 495 846 2094 919; baseline -0.004 -14"><span class='ocrx_word' id='word_1_65' title='bbox 495 865 652 919; x_wconf 66' lang='lat' dir='ltr'><strong>paena</strong></span> <span class='ocrx_word' id='word_1_66' title='bbox 697 847 1038 919; x_wconf 75' lang='lat' dir='ltr'><strong>constringit.</strong></span> <span class='ocrx_word' id='word_1_67' title='bbox 1091 846 1242 904; x_wconf 89' lang='lat' dir='ltr'><strong>Unde</strong></span> <span class='ocrx_word' id='word_1_68' title='bbox 1288 846 1586 903; x_wconf 88' lang='lat' dir='ltr'><strong>cauterium</strong></span> <span class='ocrx_word' id='word_1_69' title='bbox 1633 859 2001 914; x_wconf 65' lang='lat' dir='ltr'><strong>praeparamus</strong></span> <span class='ocrx_word' id='word_1_70' title='bbox 2039 853 2094 899; x_wconf 91' lang='lat' dir='ltr'><strong>et</strong></span> 
     </span>
    </p>
   </div>
   <div class='ocr_carea' id='block_1_12' title="bbox 495 936 2094 1010">
    <p class='ocr_par' dir='ltr' id='par_1_12' title="bbox 495 936 2094 1010">
     <span class='ocr_line' id='line_1_12' title="bbox 495 936 2094 1010; baseline -0.002 -14"><span class='ocrx_word' id='word_1_71' title='bbox 495 941 696 996; x_wconf 89' lang='lat' dir='ltr'><strong>ferrum</strong></span> <span class='ocrx_word' id='word_1_72' title='bbox 719 983 732 1005; x_wconf 94' lang='lat'><strong>,</strong></span> <span class='ocrx_word' id='word_1_73' title='bbox 776 939 898 1010; x_wconf 83' lang='lat' dir='ltr'><strong>quia</strong></span> <span class='ocrx_word' id='word_1_74' title='bbox 942 939 1079 993; x_wconf 89' lang='lat' dir='ltr'><strong>ultra</strong></span> <span class='ocrx_word' id='word_1_75' title='bbox 1112 955 1218 994; x_wconf 90' lang='lat' dir='ltr'><strong>non</strong></span> <span class='ocrx_word' id='word_1_76' title='bbox 1250 948 1407 994; x_wconf 88' lang='lat' dir='ltr'><strong>erunt</strong></span> <span class='ocrx_word' id='word_1_77' title='bbox 1439 936 1662 993; x_wconf 88' lang='lat' dir='ltr'><strong>fovenda</strong></span> <span class='ocrx_word' id='word_1_78' title='bbox 1693 938 1944 1003; x_wconf 83' lang='lat' dir='ltr'><strong>vulnera,</strong></span> <span class='ocrx_word' id='word_1_79' title='bbox 1975 953 2094 1008; x_wconf 76' lang='lat' dir='ltr'><strong>qua:</strong></span> 
     </span>
    </p>
   </div>
   <div class='ocr_carea' id='block_1_13' title="bbox 499 1028 2095 1099">
    <p class='ocr_par' dir='ltr' id='par_1_13' title="bbox 499 1028 2095 1099">
     <span class='ocr_line' id='line_1_13' title="bbox 499 1028 2095 1099; baseline -0.002 -12"><span class='ocrx_word' id='word_1_80' title='bbox 499 1041 773 1087; x_wconf 87' lang='lat' dir='ltr'><strong>merentur</strong></span> <span class='ocrx_word' id='word_1_81' title='bbox 800 1029 1025 1085; x_wconf 86' lang='lat' dir='ltr'><strong>abscidi.</strong></span> <span class='ocrx_word' id='word_1_82' title='bbox 1061 1029 1276 1088; x_wconf 90' lang='lat' dir='ltr'><strong>Scimus</strong></span> <span class='ocrx_word' id='word_1_83' title='bbox 1305 1041 1452 1085; x_wconf 90' lang='lat' dir='ltr'><strong>certe</strong></span> <span class='ocrx_word' id='word_1_84' title='bbox 1483 1028 1689 1099; x_wconf 83' lang='lat' dir='ltr'><strong>majora</strong></span> <span class='ocrx_word' id='word_1_85' title='bbox 1716 1029 1844 1082; x_wconf 90' lang='lat' dir='ltr'><strong>vitia</strong></span> <span class='ocrx_word' id='word_1_86' title='bbox 1893 1028 2095 1098; x_wconf 81' lang='lat' dir='ltr'><strong>majore</strong></span> 
     </span>
    </p>
   </div>
   <div class='ocr_carea' id='block_1_14' title="bbox 497 1121 2097 1194">
    <p class='ocr_par' dir='ltr' id='par_1_14' title="bbox 497 1121 2097 1194">
     <span class='ocr_line' id='line_1_14' title="bbox 497 1121 2097 1194; baseline -0.002 -14"><span class='ocrx_word' id='word_1_87' title='bbox 497 1140 710 1194; x_wconf 86' lang='lat' dir='ltr'><strong>semper</strong></span> <span class='ocrx_word' id='word_1_88' title='bbox 753 1124 942 1179; x_wconf 90' lang='lat' dir='ltr'><strong>dolore</strong></span> <span class='ocrx_word' id='word_1_89' title='bbox 989 1125 1190 1179; x_wconf 87' lang='lat' dir='ltr'><strong>sanari.</strong></span> <span class='ocrx_word' id='word_1_90' title='bbox 1247 1123 1392 1178; x_wconf 90' lang='lat' dir='ltr'><strong>Inter</strong></span> <span class='ocrx_word' id='word_1_91' title='bbox 1438 1123 1606 1177; x_wconf 91' lang='lat' dir='ltr'><strong>multa</strong></span> <span class='ocrx_word' id='word_1_92' title='bbox 1643 1138 1764 1194; x_wconf 69' lang='lat' dir='ltr'><strong>qua:</strong></span> <span class='ocrx_word' id='word_1_93' title='bbox 1794 1137 1823 1175; x_wconf 89' lang='lat' dir='ltr'><strong>a</strong></span> <span class='ocrx_word' id='word_1_94' title='bbox 1854 1131 1905 1177; x_wconf 91' lang='lat' dir='ltr'><strong>te</strong></span> <span class='ocrx_word' id='word_1_95' title='bbox 1933 1121 2097 1192; x_wconf 85' lang='lat' dir='ltr'><strong>impie</strong></span> 
     </span>
    </p>
   </div>
   <div class='ocr_carea' id='block_1_15' title="bbox 500 1215 2098 1290">
    <p class='ocr_par' dir='ltr' id='par_1_15' title="bbox 500 1215 2098 1290">
     <span class='ocr_line' id='line_1_15' title="bbox 500 1215 2098 1290; baseline -0.003 -17"><span class='ocrx_word' id='word_1_96' title='bbox 500 1219 790 1290; x_wconf 68' lang='lat' dir='ltr'><strong>praedicata</strong></span> <span class='ocrx_word' id='word_1_97' title='bbox 818 1218 1141 1273; x_wconf 90' lang='lat' dir='ltr'><strong>universalis</strong></span> <span class='ocrx_word' id='word_1_98' title='bbox 1172 1224 1384 1272; x_wconf 88' lang='lat' dir='ltr'><strong>recusat</strong></span> <span class='ocrx_word' id='word_1_99' title='bbox 1415 1216 1680 1283; x_wconf 85' lang='lat' dir='ltr'><strong>Ecclesia,</strong></span> <span class='ocrx_word' id='word_1_100' title='bbox 1707 1215 1956 1288; x_wconf 82' lang='lat' dir='ltr'><strong>symbolo</strong></span> <span class='ocrx_word' id='word_1_101' title='bbox 1980 1225 2007 1253; x_wconf 72' lang='grc' dir='ltr'><strong>ιι</strong></span> <span class='ocrx_word' id='word_1_102' title='bbox 2030 1216 2098 1269; x_wconf 91' lang='lat' dir='ltr'><strong>ab</strong></span> 
     </span>
    </p>
   </div>
   <div class='ocr_carea' id='block_1_16' title="bbox 497 1305 2095 1380">
    <p class='ocr_par' dir='ltr' id='par_1_16' title="bbox 497 1305 2095 1380">
     <span class='ocr_line' id='line_1_16' title="bbox 497 1305 2095 1380; baseline -0.004 -15"><span class='ocrx_word' id='word_1_103' title='bbox 497 1311 760 1380; x_wconf 84' lang='lat' dir='ltr'><strong>apostolis</strong></span> <span class='ocrx_word' id='word_1_104' title='bbox 791 1309 986 1364; x_wconf 89' lang='lat' dir='ltr'><strong>tradito</strong></span> <span class='ocrx_word' id='word_1_105' title='bbox 1014 1309 1314 1379; x_wconf 76' lang='lat' dir='ltr'><strong>plangimus</strong></span> <span class='ocrx_word' id='word_1_106' title='bbox 1343 1306 1459 1362; x_wconf 61' lang='lat' dir='ltr'><strong>haec</strong></span> <span class='ocrx_word' id='word_1_107' title='bbox 1486 1307 1646 1362; x_wconf 88' lang='lat' dir='ltr'><strong>verba</strong></span> <span class='ocrx_word' id='word_1_108' title='bbox 1679 1305 1843 1361; x_wconf 89' lang='lat' dir='ltr'><strong>fuisse</strong></span> <span class='ocrx_word' id='word_1_109' title='bbox 1887 1305 2095 1360; x_wconf 89' lang='lat' dir='ltr'><strong>sublata</strong></span> 
     </span>
    </p>
   </div>
   <div class='ocr_carea' id='block_1_17' title="bbox 498 1399 2095 1472">
    <p class='ocr_par' dir='ltr' id='par_1_17' title="bbox 498 1399 2095 1472">
     <span class='ocr_line' id='line_1_17' title="bbox 498 1399 2095 1472; baseline -0.003 -16"><span class='ocrx_word' id='word_1_110' title='bbox 498 1418 615 1472; x_wconf 74' lang='lat' dir='ltr'><strong>qua:</strong></span> <span class='ocrx_word' id='word_1_111' title='bbox 638 1401 794 1456; x_wconf 92' lang='lat' dir='ltr'><strong>nobis</strong></span> <span class='ocrx_word' id='word_1_112' title='bbox 840 1399 1000 1455; x_wconf 91' lang='lat' dir='ltr'><strong>totius</strong></span> <span class='ocrx_word' id='word_1_113' title='bbox 1049 1414 1200 1469; x_wconf 89' lang='lat' dir='ltr'><strong>spem</strong></span> <span class='ocrx_word' id='word_1_114' title='bbox 1248 1399 1373 1454; x_wconf 78' lang='lat' dir='ltr'><strong>vitae</strong></span> <span class='ocrx_word' id='word_1_115' title='bbox 1421 1400 1714 1468; x_wconf 87' lang='lat' dir='ltr'><strong>salutisque</strong></span> <span class='ocrx_word' id='word_1_116' title='bbox 1757 1399 2095 1470; x_wconf 90' lang='lat' dir='ltr'><strong>promittunt.</strong></span> 
     </span>
    </p>
   </div>
   <div class='ocr_carea' id='block_1_18' title="bbox 499 1490 2095 1562">
    <p class='ocr_par' dir='ltr' id='par_1_18' title="bbox 499 1490 2095 1562">
     <span class='ocr_line' id='line_1_18' title="bbox 499 1490 2095 1562; baseline 0.001 -18"><span class='ocrx_word' id='word_1_117' title='bbox 499 1493 648 1561; x_wconf 86' lang='lat' dir='ltr'><strong>Quod</strong></span> <span class='ocrx_word' id='word_1_118' title='bbox 665 1507 831 1562; x_wconf 88' lang='lat' dir='ltr'><strong>quare</strong></span> <span class='ocrx_word' id='word_1_119' title='bbox 847 1493 935 1546; x_wconf 86' lang='lat' dir='ltr'><strong>fiat</strong></span> <span class='ocrx_word' id='word_1_120' title='bbox 949 1491 1238 1560; x_wconf 88' lang='lat' dir='ltr'><strong>loquuntur</strong></span> <span class='ocrx_word' id='word_1_121' title='bbox 1253 1492 1492 1560; x_wconf 69' lang='lat' dir='ltr'><strong>epistola:</strong></span> <span class='ocrx_word' id='word_1_122' title='bbox 1509 1503 1632 1557; x_wconf 68' lang='lat' dir='ltr'><strong>tute,</strong></span> <span class='ocrx_word' id='word_1_123' title='bbox 1655 1490 1724 1546; x_wconf 90' lang='lat' dir='ltr'><strong>de</strong></span> <span class='ocrx_word' id='word_1_124' title='bbox 1742 1491 1931 1561; x_wconf 80' lang='lat' dir='ltr'><strong>quibus</strong></span> <span class='ocrx_word' id='word_1_125' title='bbox 1953 1491 2095 1546; x_wconf 89' lang='lat' dir='ltr'><strong>nulla</strong></span> 
     </span>
    </p>
   </div>
   <div class='ocr_carea' id='block_1_19' title="bbox 500 1583 2096 1653">
    <p class='ocr_par' dir='ltr' id='par_1_19' title="bbox 500 1583 2096 1653">
     <span class='ocr_line' id='line_1_19' title="bbox 500 1583 2096 1653; baseline 0.001 -15"><span class='ocrx_word' id='word_1_126' title='bbox 500 1583 763 1638; x_wconf 77' lang='lat' dir='ltr'><strong>dubitatio</strong></span> <span class='ocrx_word' id='word_1_127' title='bbox 793 1593 875 1638; x_wconf 90' lang='lat' dir='ltr'><strong>est</strong></span> <span class='ocrx_word' id='word_1_128' title='bbox 903 1583 1028 1652; x_wconf 88' lang='lat' dir='ltr'><strong>quia</strong></span> <span class='ocrx_word' id='word_1_129' title='bbox 1056 1597 1149 1639; x_wconf 87' lang='lat' dir='ltr'><strong>eas</strong></span> <span class='ocrx_word' id='word_1_130' title='bbox 1189 1585 1306 1652; x_wconf 90' lang='lat' dir='ltr'><strong>ipse</strong></span> <span class='ocrx_word' id='word_1_131' title='bbox 1348 1583 1578 1650; x_wconf 90' lang='lat' dir='ltr'><strong>misisti;</strong></span> <span class='ocrx_word' id='word_1_132' title='bbox 1626 1600 1757 1653; x_wconf 90' lang='lat' dir='ltr'><strong>quas</strong></span> <span class='ocrx_word' id='word_1_133' title='bbox 1805 1588 1858 1640; x_wconf 91' lang='lat' dir='ltr'><strong>in</strong></span> <span class='ocrx_word' id='word_1_134' title='bbox 1909 1602 2096 1640; x_wconf 88' lang='lat' dir='ltr'><strong>manus</strong></span> 
     </span>
    </p>
   </div>
   <div class='ocr_carea' id='block_1_20' title="bbox 2190 377 3785 457">
    <p class='ocr_par' dir='ltr' id='par_1_20' title="bbox 2190 377 3785 457">
     <span class='ocr_line' id='line_1_20' title="bbox 2190 377 3785 457; baseline 0.006 -27"><span class='ocrx_word' id='word_1_135' title='bbox 2190 377 2412 453; x_wconf 80' lang='grc' dir='ltr'>ἀφαιρῶν</span> <span class='ocrx_word' id='word_1_136' title='bbox 2435 401 2502 440; x_wconf 88' lang='grc' dir='ltr'><strong>τι.</strong></span> <span class='ocrx_word' id='word_1_137' title='bbox 2535 377 2564 438; x_wconf 78' lang='grc' dir='ltr'><em>ἧ</em></span> <span class='ocrx_word' id='word_1_138' title='bbox 2588 381 2884 454; x_wconf 79' lang='grc' dir='ltr'>προστιθείς</span> <span class='ocrx_word' id='word_1_139' title='bbox 2911 389 2974 457; x_wconf 75' lang='grc' dir='ltr'>τῇ</span> <span class='ocrx_word' id='word_1_140' title='bbox 3003 384 3206 444; x_wconf 68' lang='lat' dir='ltr'><strong>ariam;</strong></span> <span class='ocrx_word' id='word_1_141' title='bbox 3243 383 3310 436; x_wconf 87' lang='grc' dir='ltr'><strong>τά</strong></span> <span class='ocrx_word' id='word_1_142' title='bbox 3339 383 3440 455; x_wconf 73' lang='grc' dir='ltr'><strong>γὰρ</strong></span> <span class='ocrx_word' id='word_1_143' title='bbox 3471 389 3667 450; x_wconf 83' lang='grc' dir='ltr'>μεστῶς</span> <span class='ocrx_word' id='word_1_144' title='bbox 3703 387 3785 439; x_wconf 66' lang='grc' dir='ltr'><strong>καί</strong></span> 
     </span>
    </p>
   </div>
   <div class='ocr_carea' id='block_1_21' title="bbox 2191 472 3782 549">
    <p class='ocr_par' dir='ltr' id='par_1_21' title="bbox 2191 472 3782 549">
     <span class='ocr_line' id='line_1_21' title="bbox 2191 472 3782 549; baseline 0.004 -23"><span class='ocrx_word' id='word_1_145' title='bbox 2191 481 2417 547; x_wconf 71' lang='grc' dir='ltr'>φανερῶς</span> <span class='ocrx_word' id='word_1_146' title='bbox 2459 472 2807 547; x_wconf 73' lang='grc' dir='ltr'><strong>παραδοθέντα</strong></span> <span class='ocrx_word' id='word_1_147' title='bbox 2852 476 2970 546; x_wconf 73' lang='grc' dir='ltr'><strong>ἡμῖν</strong></span> <span class='ocrx_word' id='word_1_148' title='bbox 3019 477 3164 549; x_wconf 85' lang='grc' dir='ltr'><strong>παρά</strong></span> <span class='ocrx_word' id='word_1_149' title='bbox 3189 482 3294 530; x_wconf 86' lang='grc' dir='ltr'><strong>τῶν</strong></span> <span class='ocrx_word' id='word_1_150' title='bbox 3325 477 3641 539; x_wconf 70' lang='grc' dir='ltr'><strong>ἀποστόλων,</strong></span> <span class='ocrx_word' id='word_1_151' title='bbox 3675 473 3782 532; x_wconf 68' lang='grc' dir='ltr'>οὗτε</span> 
     </span>
    </p>
   </div>
   <div class='ocr_carea' id='block_1_22' title="bbox 2189 563 3785 641">
    <p class='ocr_par' dir='ltr' id='par_1_22' title="bbox 2189 563 3785 641">
     <span class='ocr_line' id='line_1_22' title="bbox 2189 563 3785 641; baseline 0.003 -20"><span class='ocrx_word' id='word_1_152' title='bbox 2189 569 2481 641; x_wconf 78' lang='grc' dir='ltr'><strong>προσθήκην</strong></span> <span class='ocrx_word' id='word_1_153' title='bbox 2518 563 2635 622; x_wconf 74' lang='grc' dir='ltr'>οὔτε</span> <span class='ocrx_word' id='word_1_154' title='bbox 2665 570 2877 639; x_wconf 77' lang='grc' dir='ltr'><strong>μείωσιν</strong></span> <span class='ocrx_word' id='word_1_155' title='bbox 2907 567 3230 639; x_wconf 76' lang='grc' dir='ltr'>ἐπιδέχεται·</span> <span class='ocrx_word' id='word_1_156' title='bbox 3272 577 3574 641; x_wconf 76' lang='grc' dir='ltr'><strong>’Δνέγνωμεν</strong></span> <span class='ocrx_word' id='word_1_157' title='bbox 3601 572 3645 624; x_wconf 84' lang='grc' dir='ltr'>ἐν</span> <span class='ocrx_word' id='word_1_158' title='bbox 3673 578 3785 632; x_wconf 83' lang='grc' dir='ltr'>ταῖς</span> 
     </span>
    </p>
   </div>
   <div class='ocr_carea' id='block_1_23' title="bbox 2191 659 3777 740">
    <p class='ocr_par' dir='ltr' id='par_1_23' title="bbox 2191 659 3777 740">
     <span class='ocr_line' id='line_1_23' title="bbox 2191 659 3777 740; baseline 0.003 -28"><span class='ocrx_word' id='word_1_159' title='bbox 2191 660 2384 731; x_wconf 78' lang='grc' dir='ltr'>βίϐλοις</span> <span class='ocrx_word' id='word_1_160' title='bbox 2429 667 2596 732; x_wconf 71' lang='grc' dir='ltr'>ἡμῶν.</span> <span class='ocrx_word' id='word_1_161' title='bbox 2629 664 2756 732; x_wconf 76' lang='grc' dir='ltr'>μήτε</span> <span class='ocrx_word' id='word_1_162' title='bbox 2805 662 3138 738; x_wconf 76' lang='grc' dir='ltr'><strong>προστιθέναι</strong></span> <span class='ocrx_word' id='word_1_163' title='bbox 3182 659 3316 723; x_wconf 81' lang='grc' dir='ltr'>δεῖν,</span> <span class='ocrx_word' id='word_1_164' title='bbox 3358 667 3487 734; x_wconf 78' lang='grc' dir='ltr'>μήτε</span> <span class='ocrx_word' id='word_1_165' title='bbox 3533 666 3630 736; x_wconf 66' lang='grc' dir='ltr'>ἀγα</span> <span class='ocrx_word' id='word_1_166' title='bbox 3652 673 3777 740; x_wconf 70' lang='grc' dir='ltr'>ριῖυο</span> 
     </span>
    </p>
   </div>
   <div class='ocr_carea' id='block_1_24' title="bbox 2191 751 3787 833">
    <p class='ocr_par' dir='ltr' id='par_1_24' title="bbox 2191 751 3787 833">
     <span class='ocr_line' id='line_1_24' title="bbox 2191 751 3787 833; baseline 0.007 -32"><span class='ocrx_word' id='word_1_167' title='bbox 2191 752 2408 823; x_wconf 72' lang='grc' dir='ltr'>μεγίστη</span> <span class='ocrx_word' id='word_1_168' title='bbox 2450 751 2547 826; x_wconf 66' lang='grc' dir='ltr'><strong>γὰρ</strong></span> <span class='ocrx_word' id='word_1_169' title='bbox 2595 754 2679 807; x_wconf 79' lang='grc' dir='ltr'>καὶ</span> <span class='ocrx_word' id='word_1_170' title='bbox 2713 752 2802 807; x_wconf 83' lang='grc' dir='ltr'>τὸν</span> <span class='ocrx_word' id='word_1_171' title='bbox 2845 753 3190 828; x_wconf 74' lang='grc' dir='ltr'><strong>προστιθέντα</strong></span> <span class='ocrx_word' id='word_1_172' title='bbox 3232 755 3311 808; x_wconf 85' lang='grc' dir='ltr'><strong>καί</strong></span> <span class='ocrx_word' id='word_1_173' title='bbox 3354 753 3441 809; x_wconf 78' lang='grc' dir='ltr'>τὸν</span> <span class='ocrx_word' id='word_1_174' title='bbox 3480 757 3787 833; x_wconf 73' lang='grc' dir='ltr'>ἀφαιροῦντα</span> 
     </span>
    </p>
   </div>
   <div class='ocr_carea' id='block_1_25' title="bbox 2193 841 3785 925">
    <p class='ocr_par' dir='ltr' id='par_1_25' title="bbox 2193 841 3785 925">
     <span class='ocr_line' id='line_1_25' title="bbox 2193 841 3785 925; baseline 0.003 -26"><span class='ocrx_word' id='word_1_175' title='bbox 2193 846 2414 919; x_wconf 80' lang='grc' dir='ltr'><strong>τιμωρία</strong></span> <span class='ocrx_word' id='word_1_176' title='bbox 2444 843 2641 916; x_wconf 82' lang='grc' dir='ltr'>δεσμεῖ.</span> <span class='ocrx_word' id='word_1_177' title='bbox 2664 841 2812 901; x_wconf 81' lang='grc' dir='ltr'>Ὀθεν</span> <span class='ocrx_word' id='word_1_178' title='bbox 2839 855 3076 921; x_wconf 78' lang='grc' dir='ltr'><strong>καυτῆρα</strong></span> <span class='ocrx_word' id='word_1_179' title='bbox 3103 848 3186 900; x_wconf 81' lang='grc' dir='ltr'><strong>καί</strong></span> <span class='ocrx_word' id='word_1_180' title='bbox 3209 845 3417 922; x_wconf 83' lang='grc' dir='ltr'>σίδηρον</span> <span class='ocrx_word' id='word_1_181' title='bbox 3438 848 3785 925; x_wconf 40' lang='grc' dir='ltr'>ἑτοιμάζοιαεν,</span> 
     </span>
    </p>
   </div>
   <div class='ocr_carea' id='block_1_26' title="bbox 2194 935 3787 1018">
    <p class='ocr_par' dir='ltr' id='par_1_26' title="bbox 2194 935 3787 1018">
     <span class='ocr_line' id='line_1_26' title="bbox 2194 935 3787 1018; baseline 0.004 -26"><span class='ocrx_word' id='word_1_182' title='bbox 2194 935 2468 1014; x_wconf 70' lang='grc' dir='ltr'><strong>ἐπειδήπερ</strong></span> <span class='ocrx_word' id='word_1_183' title='bbox 2500 939 2687 1016; x_wconf 79' lang='grc' dir='ltr'><strong>ἑτέρως</strong></span> <span class='ocrx_word' id='word_1_184' title='bbox 2727 942 2813 994; x_wconf 80' lang='grc' dir='ltr'>οὐκ</span> <span class='ocrx_word' id='word_1_185' title='bbox 2848 938 2962 995; x_wconf 74' lang='grc' dir='ltr'>ἔστι</span> <span class='ocrx_word' id='word_1_186' title='bbox 2993 943 3342 998; x_wconf 79' lang='grc' dir='ltr'>καταντλητία</span> <span class='ocrx_word' id='word_1_187' title='bbox 3383 943 3450 996; x_wconf 87' lang='grc' dir='ltr'><strong>τά</strong></span> <span class='ocrx_word' id='word_1_188' title='bbox 3485 945 3787 1018; x_wconf 81' lang='grc' dir='ltr'>τραύματα,</span> 
     </span>
    </p>
   </div>
   <div class='ocr_carea' id='block_1_27' title="bbox 2197 1025 3794 1106">
    <p class='ocr_par' dir='ltr' id='par_1_27' title="bbox 2197 1025 3794 1106">
     <span class='ocr_line' id='line_1_27' title="bbox 2197 1025 3794 1106; baseline 0.004 -24"><span class='ocrx_word' id='word_1_189' title='bbox 2197 1025 2330 1104; x_wconf 85' lang='grc' dir='ltr'>ἅπερ</span> <span class='ocrx_word' id='word_1_190' title='bbox 2359 1028 2471 1083; x_wconf 81' lang='grc' dir='ltr'>ἐστὶ</span> <span class='ocrx_word' id='word_1_191' title='bbox 2499 1030 2672 1084; x_wconf 82' lang='grc' dir='ltr'>λοιπὸν</span> <span class='ocrx_word' id='word_1_192' title='bbox 2694 1032 2962 1090; x_wconf 79' lang='grc' dir='ltr'>ἀποκοπῆς</span> <span class='ocrx_word' id='word_1_193' title='bbox 2994 1027 3132 1096; x_wconf 77' lang='grc' dir='ltr'>ἄξια.</span> <span class='ocrx_word' id='word_1_194' title='bbox 3161 1027 3339 1104; x_wconf 80' lang='grc' dir='ltr'>Ἰσμεν</span> <span class='ocrx_word' id='word_1_195' title='bbox 3356 1031 3456 1106; x_wconf 68' lang='grc' dir='ltr'><strong>γάρ</strong></span> <span class='ocrx_word' id='word_1_196' title='bbox 3482 1034 3548 1086; x_wconf 87' lang='grc' dir='ltr'><strong>τά</strong></span> <span class='ocrx_word' id='word_1_197' title='bbox 3576 1035 3794 1105; x_wconf 65' lang='grc' dir='ltr'>μέγιστα</span> 
     </span>
    </p>
   </div>
   <div class='ocr_carea' id='block_1_28' title="bbox 2197 1123 3791 1199">
    <p class='ocr_par' dir='ltr' id='par_1_28' title="bbox 2197 1123 3791 1199">
     <span class='ocr_line' id='line_1_28' title="bbox 2197 1123 3791 1199; baseline 0.002 -22"><span class='ocrx_word' id='word_1_198' title='bbox 2197 1123 2532 1194; x_wconf 78' lang='grc' dir='ltr'>ἐλαττώματα</span> <span class='ocrx_word' id='word_1_199' title='bbox 2554 1124 2688 1192; x_wconf 82' lang='grc' dir='ltr'><strong>μετά</strong></span> <span class='ocrx_word' id='word_1_200' title='bbox 2707 1126 2935 1193; x_wconf 76' lang='grc' dir='ltr'><strong>μείζονος</strong></span> <span class='ocrx_word' id='word_1_201' title='bbox 2955 1124 3035 1178; x_wconf 78' lang='grc' dir='ltr'>ἀεὶ</span> <span class='ocrx_word' id='word_1_202' title='bbox 3062 1123 3216 1180; x_wconf 77' lang='grc' dir='ltr'>πόνου</span> <span class='ocrx_word' id='word_1_203' title='bbox 3237 1124 3631 1199; x_wconf 71' lang='grc' dir='ltr'><strong>θεραπευόμενα.</strong></span> <span class='ocrx_word' id='word_1_204' title='bbox 3652 1125 3791 1180; x_wconf 75' lang='grc' dir='ltr'>Ἀλλά</span> 
     </span>
    </p>
   </div>
   <div class='ocr_carea' id='block_1_29' title="bbox 2198 1213 3791 1293">
    <p class='ocr_par' dir='ltr' id='par_1_29' title="bbox 2198 1213 3791 1293">
     <span class='ocr_line' id='line_1_29' title="bbox 2198 1213 3791 1293; baseline 0.002 -24"><span class='ocrx_word' id='word_1_205' title='bbox 2198 1217 2386 1287; x_wconf 81' lang='grc' dir='ltr'>μεταξύ</span> <span class='ocrx_word' id='word_1_206' title='bbox 2415 1215 2640 1281; x_wconf 85' lang='grc' dir='ltr'>πολλῶν,</span> <span class='ocrx_word' id='word_1_207' title='bbox 2673 1213 2804 1291; x_wconf 80' lang='grc' dir='ltr'>ἅπερ</span> <span class='ocrx_word' id='word_1_208' title='bbox 2840 1219 2987 1293; x_wconf 85' lang='grc' dir='ltr'><strong>παρά</strong></span> <span class='ocrx_word' id='word_1_209' title='bbox 3017 1223 3113 1271; x_wconf 82' lang='grc' dir='ltr'>σοῦ</span> <span class='ocrx_word' id='word_1_210' title='bbox 3145 1217 3350 1278; x_wconf 72' lang='grc' dir='ltr'>ἀσεϐῶς</span> <span class='ocrx_word' id='word_1_211' title='bbox 3387 1217 3736 1292; x_wconf 73' lang='grc' dir='ltr'>κηρυττόμενα</span> <span class='ocrx_word' id='word_1_212' title='bbox 3761 1219 3791 1276; x_wconf 72' lang='grc' dir='ltr'>ἡ</span> 
     </span>
    </p>
   </div>
   <div class='ocr_carea' id='block_1_30' title="bbox 2199 1310 3790 1382">
    <p class='ocr_par' dir='ltr' id='par_1_30' title="bbox 2199 1310 3790 1382">
     <span class='ocr_line' id='line_1_30' title="bbox 2199 1310 3790 1382; baseline 0.003 -20"><span class='ocrx_word' id='word_1_213' title='bbox 2199 1310 2404 1364; x_wconf 76' lang='grc' dir='ltr'><strong>καθόλου</strong></span> <span class='ocrx_word' id='word_1_214' title='bbox 2430 1311 2704 1365; x_wconf 83' lang='grc' dir='ltr'>ἀπωθεῖται</span> <span class='ocrx_word' id='word_1_215' title='bbox 2718 1311 3005 1375; x_wconf 80' lang='grc' dir='ltr'><strong>Ἐκκλησία,</strong></span> <span class='ocrx_word' id='word_1_216' title='bbox 3024 1311 3256 1382; x_wconf 76' lang='grc' dir='ltr'>κλαίομεν</span> <span class='ocrx_word' id='word_1_217' title='bbox 3277 1311 3502 1380; x_wconf 76' lang='grc' dir='ltr'>μάλιστα</span> <span class='ocrx_word' id='word_1_218' title='bbox 3523 1312 3603 1373; x_wconf 80' lang='grc' dir='ltr'><strong>τὸ,</strong></span> <span class='ocrx_word' id='word_1_219' title='bbox 3627 1317 3790 1366; x_wconf 76' lang='grc' dir='ltr'>ταῦτα</span> 
     </span>
    </p>
   </div>
   <div class='ocr_carea' id='block_1_31' title="bbox 2198 1403 3785 1479">
    <p class='ocr_par' dir='ltr' id='par_1_31' title="bbox 2198 1403 3785 1479">
     <span class='ocr_line' id='line_1_31' title="bbox 2198 1403 3785 1479; baseline 0 -21"><span class='ocrx_word' id='word_1_220' title='bbox 2198 1405 2264 1458; x_wconf 85' lang='grc' dir='ltr'><strong>τά</strong></span> <span class='ocrx_word' id='word_1_221' title='bbox 2293 1403 2500 1474; x_wconf 77' lang='grc' dir='ltr'>ῥήματα</span> <span class='ocrx_word' id='word_1_222' title='bbox 2527 1405 2671 1479; x_wconf 88' lang='grc' dir='ltr'><strong>παρά</strong></span> <span class='ocrx_word' id='word_1_223' title='bbox 2697 1409 2792 1457; x_wconf 79' lang='grc' dir='ltr'>σοῦ</span> <span class='ocrx_word' id='word_1_224' title='bbox 2823 1403 3040 1478; x_wconf 80' lang='grc' dir='ltr'>ἐπῆρθαε</span> <span class='ocrx_word' id='word_1_225' title='bbox 3075 1406 3176 1460; x_wconf 82' lang='grc' dir='ltr'>ἀπὸ</span> <span class='ocrx_word' id='word_1_226' title='bbox 3203 1410 3302 1460; x_wconf 84' lang='grc' dir='ltr'>τοῦ</span> <span class='ocrx_word' id='word_1_227' title='bbox 3332 1405 3619 1473; x_wconf 77' lang='grc' dir='ltr'>συμϐόλου,</span> <span class='ocrx_word' id='word_1_228' title='bbox 3655 1403 3785 1478; x_wconf 79' lang='grc' dir='ltr'>ἅπερ</span> 
     </span>
    </p>
   </div>
   <div class='ocr_carea' id='block_1_32' title="bbox 2200 1494 3791 1570">
    <p class='ocr_par' dir='ltr' id='par_1_32' title="bbox 2200 1494 3791 1570">
     <span class='ocr_line' id='line_1_32' title="bbox 2200 1494 3791 1570; baseline 0.001 -24"><span class='ocrx_word' id='word_1_229' title='bbox 2200 1497 2315 1568; x_wconf 65' lang='lat' dir='ltr'><strong>ripis</strong></span> <span class='ocrx_word' id='word_1_230' title='bbox 2337 1496 2510 1556; x_wconf 77' lang='grc' dir='ltr'>πάσης</span> <span class='ocrx_word' id='word_1_231' title='bbox 2537 1499 2670 1562; x_wconf 81' lang='grc' dir='ltr'>ζωῆς</span> <span class='ocrx_word' id='word_1_232' title='bbox 2700 1498 2780 1550; x_wconf 84' lang='grc' dir='ltr'><strong>καί</strong></span> <span class='ocrx_word' id='word_1_233' title='bbox 2803 1507 3059 1569; x_wconf 79' lang='grc' dir='ltr'>σωτηρίας</span> <span class='ocrx_word' id='word_1_234' title='bbox 3088 1497 3452 1570; x_wconf 74' lang='grc' dir='ltr'>ἐπαγγέλλεται</span> <span class='ocrx_word' id='word_1_235' title='bbox 3479 1502 3568 1555; x_wconf 72' lang='grc' dir='ltr'>τὴν</span> <span class='ocrx_word' id='word_1_236' title='bbox 3601 1494 3791 1551; x_wconf 80' lang='grc' dir='ltr'>ἐλπίδα.</span> 
     </span>
    </p>
   </div>
   <div class='ocr_carea' id='block_1_33' title="bbox 2203 1585 3793 1666">
    <p class='ocr_par' dir='ltr' id='par_1_33' title="bbox 2203 1585 3793 1666">
     <span class='ocr_line' id='line_1_33' title="bbox 2203 1585 3793 1666; baseline 0.001 -24"><span class='ocrx_word' id='word_1_237' title='bbox 2203 1585 2329 1666; x_wconf 84' lang='grc' dir='ltr'>ὅπερ</span> <span class='ocrx_word' id='word_1_238' title='bbox 2375 1587 2458 1644; x_wconf 81' lang='grc' dir='ltr'>διὰ</span> <span class='ocrx_word' id='word_1_239' title='bbox 2499 1591 2551 1642; x_wconf 88' lang='grc' dir='ltr'><strong>τί</strong></span> <span class='ocrx_word' id='word_1_240' title='bbox 2576 1590 2796 1662; x_wconf 76' lang='grc' dir='ltr'>γίνεται.</span> <span class='ocrx_word' id='word_1_241' title='bbox 2827 1589 3068 1648; x_wconf 82' lang='grc' dir='ltr'>λαλοῦσιν</span> <span class='ocrx_word' id='word_1_242' title='bbox 3107 1590 3159 1644; x_wconf 79' lang='grc' dir='ltr'>αἱ</span> <span class='ocrx_word' id='word_1_243' title='bbox 3194 1591 3464 1645; x_wconf 83' lang='grc' dir='ltr'>ἐπιστολαὶ</span> <span class='ocrx_word' id='word_1_244' title='bbox 3508 1611 3635 1650; x_wconf 83' lang='grc' dir='ltr'>σου,</span> <span class='ocrx_word' id='word_1_245' title='bbox 3677 1592 3793 1665; x_wconf 80' lang='grc' dir='ltr'><strong>περί</strong></span> 
     </span>
    </p>
   </div>
   <div class='ocr_carea' id='block_1_34' title="bbox 502 1671 2105 1753">
    <p class='ocr_par' dir='ltr' id='par_1_34' title="bbox 502 1673 2100 1747">
     <span class='ocr_line' id='line_1_34' title="bbox 502 1673 2100 1747; baseline 0.003 -19"><span class='ocrx_word' id='word_1_246' title='bbox 502 1681 716 1728; x_wconf 86' lang='lat' dir='ltr'><strong>nostras</strong></span> <span class='ocrx_word' id='word_1_247' title='bbox 760 1673 1107 1729; x_wconf 88' lang='lat' dir='ltr'><strong>nolueramus</strong></span> <span class='ocrx_word' id='word_1_248' title='bbox 1151 1675 1369 1741; x_wconf 89' lang='lat' dir='ltr'><strong>venire,</strong></span> <span class='ocrx_word' id='word_1_249' title='bbox 1423 1689 1490 1730; x_wconf 90' lang='lat' dir='ltr'><strong>no</strong></span> <span class='ocrx_word' id='word_1_250' title='bbox 1518 1675 1587 1730; x_wconf 90' lang='lat' dir='ltr'><strong>de</strong></span> <span class='ocrx_word' id='word_1_251' title='bbox 1618 1675 1750 1730; x_wconf 91' lang='lat' dir='ltr'><strong>tanti</strong></span> <span class='ocrx_word' id='word_1_252' title='bbox 1781 1691 2100 1747; x_wconf 77' lang='lat' dir='ltr'><strong>cogeremur</strong></span> 
     </span>
    </p>
   </div>
   <div class='ocr_carea' id='block_1_35' title="bbox 2209 1671 3793 1753">
    <p class='ocr_par' dir='ltr' id='par_1_35' title="bbox 2209 1677 3793 1753">
     <span class='ocr_line' id='line_1_35' title="bbox 2209 1677 3793 1753; baseline 0.001 -19"><span class='ocrx_word' id='word_1_253' title='bbox 2209 1677 2268 1734; x_wconf 75' lang='grc' dir='ltr'>ὧν</span> <span class='ocrx_word' id='word_1_254' title='bbox 2312 1679 2523 1753; x_wconf 78' lang='grc' dir='ltr'>οὐδεμία</span> <span class='ocrx_word' id='word_1_255' title='bbox 2556 1681 2828 1752; x_wconf 72' lang='grc' dir='ltr'>ἀμφιϐολία</span> <span class='ocrx_word' id='word_1_256' title='bbox 2853 1683 3011 1737; x_wconf 74' lang='grc' dir='ltr'>ἕστίν·</span> <span class='ocrx_word' id='word_1_257' title='bbox 3042 1680 3216 1740; x_wconf 71' lang='grc' dir='ltr'>ἔπειδή</span> <span class='ocrx_word' id='word_1_258' title='bbox 3256 1684 3456 1743; x_wconf 81' lang='grc' dir='ltr'>ταύτας</span> <span class='ocrx_word' id='word_1_259' title='bbox 3493 1684 3640 1742; x_wconf 76' lang='grc' dir='ltr'>αὐτὸς</span> <span class='ocrx_word' id='word_1_260' title='bbox 3674 1683 3793 1736; x_wconf 61' lang='grc' dir='ltr'>ἀπίω</span> 
     </span>
    </p>
   </div>
   <div class='ocr_carea' id='block_1_36' title="bbox 502 1761 2098 1837">
    <p class='ocr_par' dir='ltr' id='par_1_36' title="bbox 502 1761 2098 1837">
     <span class='ocr_line' id='line_1_36' title="bbox 502 1761 2098 1837; baseline 0.002 -17"><span class='ocrx_word' id='word_1_261' title='bbox 502 1764 722 1820; x_wconf 82' lang='lat' dir='ltr'><strong>scelerls</strong></span> <span class='ocrx_word' id='word_1_262' title='bbox 746 1777 945 1835; x_wconf 82' lang='lat' dir='ltr'><strong>genere</strong></span> <span class='ocrx_word' id='word_1_263' title='bbox 965 1764 1230 1835; x_wconf 84' lang='lat' dir='ltr'><strong>judicare.</strong></span> <span class='ocrx_word' id='word_1_264' title='bbox 1256 1761 1505 1820; x_wconf 88' lang='lat' dir='ltr'><strong>Omnium</strong></span> <span class='ocrx_word' id='word_1_265' title='bbox 1529 1766 1955 1837; x_wconf 89' lang='lat' dir='ltr'><strong>disputationum</strong></span> <span class='ocrx_word' id='word_1_266' title='bbox 1985 1780 2098 1823; x_wconf 87' lang='lat' dir='ltr'><strong>tua-</strong></span> 
     </span>
    </p>
   </div>
   <div class='ocr_carea' id='block_1_37' title="bbox 502 1857 2100 1925">
    <p class='ocr_par' dir='ltr' id='par_1_37' title="bbox 502 1857 2100 1925">
     <span class='ocr_line' id='line_1_37' title="bbox 502 1857 2100 1925; baseline 0.003 -13"><span class='ocrx_word' id='word_1_267' title='bbox 502 1871 619 1912; x_wconf 88' lang='lat' dir='ltr'><strong>rum</strong></span> <span class='ocrx_word' id='word_1_268' title='bbox 647 1858 761 1911; x_wconf 87' lang='lat' dir='ltr'><strong>vias</strong></span> <span class='ocrx_word' id='word_1_269' title='bbox 791 1857 971 1912; x_wconf 78' lang='lat' dir='ltr'><strong>brevis</strong></span> <span class='ocrx_word' id='word_1_270' title='bbox 1008 1872 1192 1912; x_wconf 89' lang='lat' dir='ltr'><strong>earum</strong></span> <span class='ocrx_word' id='word_1_271' title='bbox 1237 1872 1419 1912; x_wconf 89' lang='lat' dir='ltr'><strong>sermo</strong></span> <span class='ocrx_word' id='word_1_272' title='bbox 1466 1859 1763 1925; x_wconf 91' lang='lat' dir='ltr'><strong>conclusit;</strong></span> <span class='ocrx_word' id='word_1_273' title='bbox 1812 1861 2100 1918; x_wconf 79' lang='lat' dir='ltr'><strong>cxtendiSti</strong></span> 
     </span>
    </p>
   </div>
   <div class='ocr_carea' id='block_1_38' title="bbox 506 1948 2097 2019">
    <p class='ocr_par' dir='ltr' id='par_1_38' title="bbox 506 1948 2097 2019">
     <span class='ocr_line' id='line_1_38' title="bbox 506 1948 2097 2019; baseline 0.003 -15"><span class='ocrx_word' id='word_1_274' title='bbox 506 1957 561 2004; x_wconf 88' lang='lat' dir='ltr'><strong>te</strong></span> <span class='ocrx_word' id='word_1_275' title='bbox 594 1948 752 2004; x_wconf 89' lang='lat' dir='ltr'><strong>latius</strong></span> <span class='ocrx_word' id='word_1_276' title='bbox 774 1991 788 2016; x_wconf 91' lang='lat'><strong>,</strong></span> <span class='ocrx_word' id='word_1_277' title='bbox 821 1949 1004 2004; x_wconf 90' lang='lat' dir='ltr'><strong>multis</strong></span> <span class='ocrx_word' id='word_1_278' title='bbox 1031 1949 1364 2006; x_wconf 78' lang='lat' dir='ltr'><strong>anfractibus</strong></span> <span class='ocrx_word' id='word_1_279' title='bbox 1396 1952 1689 2007; x_wconf 88' lang='lat' dir='ltr'><strong>circumisti</strong></span> <span class='ocrx_word' id='word_1_280' title='bbox 1712 1994 1726 2019; x_wconf 92' lang='lat'><strong>,</strong></span> <span class='ocrx_word' id='word_1_281' title='bbox 1760 1969 1885 2009; x_wconf 91' lang='lat' dir='ltr'><strong>sero</strong></span> <span class='ocrx_word' id='word_1_282' title='bbox 1922 1964 2097 2010; x_wconf 88' lang='lat' dir='ltr'><strong>tamen</strong></span> 
     </span>
    </p>
   </div>
   <div class='ocr_carea' id='block_1_39' title="bbox 503 2041 2096 2114">
    <p class='ocr_par' dir='ltr' id='par_1_39' title="bbox 503 2041 2096 2114">
     <span class='ocr_line' id='line_1_39' title="bbox 503 2041 2096 2114; baseline 0.004 -18"><span class='ocrx_word' id='word_1_283' title='bbox 503 2041 719 2097; x_wconf 82' lang='lat' dir='ltr'><strong>diverso</strong></span> <span class='ocrx_word' id='word_1_284' title='bbox 759 2043 952 2096; x_wconf 89' lang='lat' dir='ltr'><strong>itinere</strong></span> <span class='ocrx_word' id='word_1_285' title='bbox 1001 2042 1294 2112; x_wconf 86' lang='lat' dir='ltr'><strong>pervenisti</strong></span> <span class='ocrx_word' id='word_1_286' title='bbox 1342 2043 1409 2098; x_wconf 85' lang='lat' dir='ltr'><strong>ad</strong></span> <span class='ocrx_word' id='word_1_287' title='bbox 1460 2045 1683 2114; x_wconf 93' lang='lat' dir='ltr'><strong>impium</strong></span> <span class='ocrx_word' id='word_1_288' title='bbox 1729 2047 2096 2103; x_wconf 90' lang='lat' dir='ltr'><strong>constitutum.</strong></span> 
     </span>
    </p>
   </div>
   <div class='ocr_carea' id='block_1_40' title="bbox 503 2133 2100 2207">
    <p class='ocr_par' dir='ltr' id='par_1_40' title="bbox 503 2133 2100 2207">
     <span class='ocr_line' id='line_1_40' title="bbox 503 2133 2100 2207; baseline 0.004 -17"><span class='ocrx_word' id='word_1_289' title='bbox 503 2133 717 2190; x_wconf 86' lang='lat' dir='ltr'><strong>Scimus</strong></span> <span class='ocrx_word' id='word_1_290' title='bbox 740 2135 870 2206; x_wconf 92' lang='lat' dir='ltr'><strong>quid</strong></span> <span class='ocrx_word' id='word_1_291' title='bbox 900 2135 990 2190; x_wconf 92' lang='lat' dir='ltr'><strong>ille</strong></span> <span class='ocrx_word' id='word_1_292' title='bbox 1015 2135 1251 2202; x_wconf 88' lang='lat' dir='ltr'><strong>caverit,</strong></span> <span class='ocrx_word' id='word_1_293' title='bbox 1280 2135 1372 2205; x_wconf 89' lang='lat' dir='ltr'><strong>qui</strong></span> <span class='ocrx_word' id='word_1_294' title='bbox 1422 2137 1681 2207; x_wconf 80' lang='lat' dir='ltr'><strong>praecepit</strong></span> <span class='ocrx_word' id='word_1_295' title='bbox 1723 2141 2100 2196; x_wconf 89' lang='lat' dir='ltr'><strong>contentiones</strong></span> 
     </span>
    </p>
   </div>
   <div class='ocr_carea' id='block_1_41' title="bbox 505 2225 2096 2301">
    <p class='ocr_par' dir='ltr' id='par_1_41' title="bbox 505 2225 2096 2301">
     <span class='ocr_line' id='line_1_41' title="bbox 505 2225 2096 2301; baseline 0.003 -20"><span class='ocrx_word' id='word_1_296' title='bbox 505 2233 560 2282; x_wconf 85' lang='lat' dir='ltr'><strong>et</strong></span> <span class='ocrx_word' id='word_1_297' title='bbox 585 2241 790 2296; x_wconf 86' lang='lat' dir='ltr'><strong>pugnas</strong></span> <span class='ocrx_word' id='word_1_298' title='bbox 815 2225 946 2297; x_wconf 82' lang='lat' dir='ltr'><strong>legis</strong></span> <span class='ocrx_word' id='word_1_299' title='bbox 988 2241 1110 2283; x_wconf 88' lang='lat' dir='ltr'><strong>esse</strong></span> <span class='ocrx_word' id='word_1_300' title='bbox 1159 2226 1450 2282; x_wconf 87' lang='lat' dir='ltr'><strong>vitandas:</strong></span> <span class='ocrx_word' id='word_1_301' title='bbox 1490 2237 1611 2282; x_wconf 85' lang='lat' dir='ltr'><strong>sunt</strong></span> <span class='ocrx_word' id='word_1_302' title='bbox 1652 2228 1836 2298; x_wconf 90' lang='lat' dir='ltr'><strong>enim,</strong></span> <span class='ocrx_word' id='word_1_303' title='bbox 1889 2231 2096 2301; x_wconf 78' lang='lat' dir='ltr'><strong>inquit,</strong></span> 
     </span>
    </p>
   </div>
   <div class='ocr_carea' id='block_1_42' title="bbox 507 2315 2104 2390">
    <p class='ocr_par' dir='ltr' id='par_1_42' title="bbox 507 2315 2104 2390">
     <span class='ocr_line' id='line_1_42' title="bbox 507 2315 2104 2390; baseline 0.006 -20"><span class='ocrx_word' id='word_1_304' title='bbox 507 2317 714 2373; x_wconf 79' lang='lat' dir='ltr'><strong>inutiles</strong></span> <span class='ocrx_word' id='word_1_305' title='bbox 757 2327 806 2374; x_wconf 86' lang='lat' dir='ltr'><strong>et</strong></span> <span class='ocrx_word' id='word_1_306' title='bbox 851 2333 996 2373; x_wconf 79' lang='grc' dir='ltr'>υαηιε</span> <span class='ocrx_word' id='word_1_307' title='bbox 1038 2315 1162 2390; x_wconf 89' lang='lat' dir='ltr'><strong>(Tit.</strong></span> <span class='ocrx_word' id='word_1_308' title='bbox 1212 2335 1306 2385; x_wconf 87' lang='lat' dir='ltr'><strong>III,</strong></span> <span class='ocrx_word' id='word_1_309' title='bbox 1349 2317 1426 2390; x_wconf 88' lang='lat'><strong>9).</strong></span> <span class='ocrx_word' id='word_1_310' title='bbox 1456 2318 1608 2387; x_wconf 83' lang='lat' dir='ltr'><strong>Quod</strong></span> <span class='ocrx_word' id='word_1_311' title='bbox 1640 2319 1800 2390; x_wconf 83' lang='lat' dir='ltr'><strong>igitur</strong></span> <span class='ocrx_word' id='word_1_312' title='bbox 1826 2337 2020 2378; x_wconf 88' lang='lat' dir='ltr'><strong>vanum</strong></span> <span class='ocrx_word' id='word_1_313' title='bbox 2049 2333 2104 2379; x_wconf 90' lang='lat' dir='ltr'><strong>et</strong></span> 
     </span>
    </p>
   </div>
   <div class='ocr_carea' id='block_1_43' title="bbox 509 2409 2097 2490">
    <p class='ocr_par' dir='ltr' id='par_1_43' title="bbox 509 2409 2097 2490">
     <span class='ocr_line' id='line_1_43' title="bbox 509 2409 2097 2490; baseline 0.004 -26"><span class='ocrx_word' id='word_1_314' title='bbox 509 2409 698 2466; x_wconf 86' lang='lat' dir='ltr'><strong>inutile</strong></span> <span class='ocrx_word' id='word_1_315' title='bbox 724 2411 1027 2479; x_wconf 88' lang='lat' dir='ltr'><strong>judicatur,</strong></span> <span class='ocrx_word' id='word_1_316' title='bbox 1058 2425 1218 2467; x_wconf 89' lang='lat' dir='ltr'><strong>nemo</strong></span> <span class='ocrx_word' id='word_1_317' title='bbox 1247 2410 1456 2467; x_wconf 81' lang='lat' dir='ltr'><strong>dubitat</strong></span> <span class='ocrx_word' id='word_1_318' title='bbox 1483 2411 1706 2470; x_wconf 88' lang='lat' dir='ltr'><strong>minime</strong></span> <span class='ocrx_word' id='word_1_319' title='bbox 1734 2413 2097 2490; x_wconf 91' lang='lat' dir='ltr'><strong>profuturum.</strong></span> 
     </span>
    </p>
   </div>
   <div class='ocr_carea' id='block_1_44' title="bbox 581 2697 2101 2772">
    <p class='ocr_par' dir='ltr' id='par_1_44' title="bbox 581 2697 2101 2772">
     <span class='ocr_line' id='line_1_44' title="bbox 581 2697 2101 2772; baseline 0.002 -18"><span class='ocrx_word' id='word_1_320' title='bbox 581 2697 638 2754; x_wconf 78' lang='lat'><strong>5.</strong></span> <span class='ocrx_word' id='word_1_321' title='bbox 669 2697 850 2766; x_wconf 87' lang='lat' dir='ltr'><strong>Itaque</strong></span> <span class='ocrx_word' id='word_1_322' title='bbox 879 2697 1126 2768; x_wconf 84' lang='lat' dir='ltr'><strong>quamvis</strong></span> <span class='ocrx_word' id='word_1_323' title='bbox 1151 2705 1206 2754; x_wconf 89' lang='lat' dir='ltr'><strong>et</strong></span> <span class='ocrx_word' id='word_1_324' title='bbox 1230 2697 1341 2769; x_wconf 87' lang='lat' dir='ltr'><strong>jam</strong></span> <span class='ocrx_word' id='word_1_325' title='bbox 1371 2699 1538 2755; x_wconf 78' lang='lat' dir='ltr'><strong>frater</strong></span> <span class='ocrx_word' id='word_1_326' title='bbox 1572 2699 1803 2772; x_wconf 84' lang='lat' dir='ltr'><strong>Cyrillus</strong></span> <span class='ocrx_word' id='word_1_327' title='bbox 1849 2701 2101 2757; x_wconf 88' lang='lat' dir='ltr'><strong>secundis</strong></span> 
     </span>
    </p>
   </div>
   <div class='ocr_carea' id='block_1_45' title="bbox 512 2789 2103 2864">
    <p class='ocr_par' dir='ltr' id='par_1_45' title="bbox 512 2789 2103 2864">
     <span class='ocr_line' id='line_1_45' title="bbox 512 2789 2103 2864; baseline 0.002 -17"><span class='ocrx_word' id='word_1_328' title='bbox 512 2802 565 2850; x_wconf 87' lang='lat' dir='ltr'><strong>te</strong></span> <span class='ocrx_word' id='word_1_329' title='bbox 609 2789 852 2861; x_wconf 87' lang='lat' dir='ltr'><strong>epistolis</strong></span> <span class='ocrx_word' id='word_1_330' title='bbox 900 2790 1013 2845; x_wconf 88' lang='lat' dir='ltr'><strong>suis</strong></span> <span class='ocrx_word' id='word_1_331' title='bbox 1055 2799 1267 2848; x_wconf 88' lang='lat' dir='ltr'><strong>asserat</strong></span> <span class='ocrx_word' id='word_1_332' title='bbox 1294 2807 1416 2849; x_wconf 88' lang='lat' dir='ltr'><strong>esse</strong></span> <span class='ocrx_word' id='word_1_333' title='bbox 1445 2802 1798 2861; x_wconf 89' lang='lat' dir='ltr'><strong>conventum,</strong></span> <span class='ocrx_word' id='word_1_334' title='bbox 1834 2794 2103 2864; x_wconf 86' lang='lat' dir='ltr'><strong>intelligas</strong></span> 
     </span>
    </p>
   </div>
   <div class='ocr_carea' id='block_1_46' title="bbox 513 2882 2101 2953">
    <p class='ocr_par' dir='ltr' id='par_1_46' title="bbox 513 2882 2101 2953">
     <span class='ocr_line' id='line_1_46' title="bbox 513 2882 2101 2953; baseline 0.003 -16"><span class='ocrx_word' id='word_1_335' title='bbox 513 2885 653 2950; x_wconf 91' lang='lat' dir='ltr'><strong>volo,</strong></span> <span class='ocrx_word' id='word_1_336' title='bbox 689 2893 808 2953; x_wconf 89' lang='lat' dir='ltr'><strong>post</strong></span> <span class='ocrx_word' id='word_1_337' title='bbox 840 2882 1066 2952; x_wconf 88' lang='lat' dir='ltr'><strong>primam</strong></span> <span class='ocrx_word' id='word_1_338' title='bbox 1093 2893 1150 2940; x_wconf 89' lang='lat' dir='ltr'><strong>et</strong></span> <span class='ocrx_word' id='word_1_339' title='bbox 1176 2886 1466 2941; x_wconf 89' lang='lat' dir='ltr'><strong>secundam</strong></span> <span class='ocrx_word' id='word_1_340' title='bbox 1499 2885 1675 2952; x_wconf 87' lang='lat' dir='ltr'><strong>illius,</strong></span> <span class='ocrx_word' id='word_1_341' title='bbox 1708 2898 1763 2942; x_wconf 90' lang='lat' dir='ltr'><strong>et</strong></span> <span class='ocrx_word' id='word_1_342' title='bbox 1797 2886 1935 2942; x_wconf 86' lang='lat' dir='ltr'><strong>hanc</strong></span> <span class='ocrx_word' id='word_1_343' title='bbox 1977 2901 2101 2941; x_wconf 91' lang='lat' dir='ltr'><strong>cor-</strong></span> 
     </span>
    </p>
   </div>
   <div class='ocr_carea' id='block_1_47' title="bbox 513 2975 2101 3050">
    <p class='ocr_par' dir='ltr' id='par_1_47' title="bbox 513 2975 2101 3050">
     <span class='ocr_line' id='line_1_47' title="bbox 513 2975 2101 3050; baseline 0 -16"><span class='ocrx_word' id='word_1_344' title='bbox 513 2977 808 3048; x_wconf 85' lang='lat' dir='ltr'><strong>reptionem</strong></span> <span class='ocrx_word' id='word_1_345' title='bbox 837 2985 1100 3049; x_wconf 87' lang='lat' dir='ltr'><strong>nostram,</strong></span> <span class='ocrx_word' id='word_1_346' title='bbox 1123 2994 1282 3050; x_wconf 87' lang='lat' dir='ltr'><strong>quam</strong></span> <span class='ocrx_word' id='word_1_347' title='bbox 1305 2987 1515 3035; x_wconf 83' lang='lat' dir='ltr'><strong>constat</strong></span> <span class='ocrx_word' id='word_1_348' title='bbox 1536 2994 1657 3035; x_wconf 89' lang='lat' dir='ltr'><strong>esse</strong></span> <span class='ocrx_word' id='word_1_349' title='bbox 1672 2977 1785 3049; x_wconf 89' lang='lat' dir='ltr'><strong>jam</strong></span> <span class='ocrx_word' id='word_1_350' title='bbox 1808 2975 1836 3023; x_wconf 77' lang='lat' dir='ltr'><strong>d.</strong></span> <span class='ocrx_word' id='word_1_351' title='bbox 1862 2979 2101 3046; x_wconf 88' lang='lat' dir='ltr'><strong>tertiam,</strong></span> 
     </span>
    </p>
   </div>
   <div class='ocr_carea' id='block_1_48' title="bbox 2202 1772 3795 1846">
    <p class='ocr_par' dir='ltr' id='par_1_48' title="bbox 2202 1772 3795 1846">
     <span class='ocr_line' id='line_1_48' title="bbox 2202 1772 3795 1846; baseline -0.001 -18"><span class='ocrx_word' id='word_1_352' title='bbox 2202 1772 2424 1840; x_wconf 75' lang='grc' dir='ltr'>στείλας,</span> <span class='ocrx_word' id='word_1_353' title='bbox 2455 1772 2516 1833; x_wconf 84' lang='grc' dir='ltr'><strong>ἃς</strong></span> <span class='ocrx_word' id='word_1_354' title='bbox 2545 1773 2635 1828; x_wconf 87' lang='grc' dir='ltr'><strong>ούκ</strong></span> <span class='ocrx_word' id='word_1_355' title='bbox 2663 1772 2983 1844; x_wconf 73' lang='grc' dir='ltr'>ἠϐουλὸμιθα</span> <span class='ocrx_word' id='word_1_356' title='bbox 3003 1774 3290 1833; x_wconf 74' lang='grc' dir='ltr'>ἐληλυθέναι</span> <span class='ocrx_word' id='word_1_357' title='bbox 3313 1775 3385 1833; x_wconf 77' lang='grc' dir='ltr'>εἰς</span> <span class='ocrx_word' id='word_1_358' title='bbox 3410 1775 3658 1846; x_wconf 69' lang='grc' dir='ltr'>ἡμετέρας</span> <span class='ocrx_word' id='word_1_359' title='bbox 3687 1779 3795 1844; x_wconf 82' lang='grc' dir='ltr'><strong>χεῖ·</strong></span> 
     </span>
    </p>
   </div>
   <div class='ocr_carea' id='block_1_49' title="bbox 2203 1863 3796 1938">
    <p class='ocr_par' dir='ltr' id='par_1_49' title="bbox 2203 1863 3796 1938">
     <span class='ocr_line' id='line_1_49' title="bbox 2203 1863 3796 1938; baseline -0.002 -16"><span class='ocrx_word' id='word_1_360' title='bbox 2203 1887 2328 1938; x_wconf 79' lang='grc' dir='ltr'>ρας,</span> <span class='ocrx_word' id='word_1_361' title='bbox 2370 1872 2439 1938; x_wconf 78' lang='grc' dir='ltr'><strong>μὴ</strong></span> <span class='ocrx_word' id='word_1_362' title='bbox 2489 1867 2883 1938; x_wconf 65' lang='grc' dir='ltr'>ἀναγκασθῶμεν</span> <span class='ocrx_word' id='word_1_363' title='bbox 2930 1865 3146 1921; x_wconf 80' lang='grc' dir='ltr'>δικάσαι</span> <span class='ocrx_word' id='word_1_364' title='bbox 3191 1869 3312 1934; x_wconf 75' lang='grc' dir='ltr'>περὶ</span> <span class='ocrx_word' id='word_1_365' title='bbox 3360 1871 3447 1920; x_wconf 83' lang='grc' dir='ltr'>τοῦ</span> <span class='ocrx_word' id='word_1_366' title='bbox 3497 1863 3668 1924; x_wconf 83' lang='grc' dir='ltr'>εἴδους</span> <span class='ocrx_word' id='word_1_367' title='bbox 3713 1870 3796 1919; x_wconf 77' lang='grc' dir='ltr'>τοῦ</span> 
     </span>
    </p>
   </div>
   <div class='ocr_carea' id='block_1_50' title="bbox 2199 1955 3798 2030">
    <p class='ocr_par' dir='ltr' id='par_1_50' title="bbox 2199 1955 3798 2030">
     <span class='ocr_line' id='line_1_50' title="bbox 2199 1955 3798 2030; baseline -0.004 -16"><span class='ocrx_word' id='word_1_368' title='bbox 2199 1959 2497 2016; x_wconf 77' lang='grc' dir='ltr'>τηλικούτου</span> <span class='ocrx_word' id='word_1_369' title='bbox 2525 1960 2744 2030; x_wconf 66' lang='grc' dir='ltr'>μύσους.</span> <span class='ocrx_word' id='word_1_370' title='bbox 2775 1965 2957 2013; x_wconf 84' lang='grc' dir='ltr'>Πασῶν</span> <span class='ocrx_word' id='word_1_371' title='bbox 2985 1966 3086 2014; x_wconf 81' lang='grc' dir='ltr'>τῶν</span> <span class='ocrx_word' id='word_1_372' title='bbox 3111 1956 3372 2022; x_wconf 74' lang='grc' dir='ltr'>διαλέξεὼν</span> <span class='ocrx_word' id='word_1_373' title='bbox 3405 1978 3500 2012; x_wconf 87' lang='grc' dir='ltr'><strong>σου</strong></span> <span class='ocrx_word' id='word_1_374' title='bbox 3522 1959 3620 2017; x_wconf 79' lang='grc' dir='ltr'>τὰς</span> <span class='ocrx_word' id='word_1_375' title='bbox 3654 1955 3798 2016; x_wconf 79' lang='grc' dir='ltr'>ὁδούς</span> 
     </span>
    </p>
   </div>
   <div class='ocr_carea' id='block_1_51' title="bbox 2203 2048 3800 2125">
    <p class='ocr_par' dir='ltr' id='par_1_51' title="bbox 2203 2048 3800 2125">
     <span class='ocr_line' id='line_1_51' title="bbox 2203 2048 3800 2125; baseline -0.003 -19"><span class='ocrx_word' id='word_1_376' title='bbox 2203 2051 2227 2106; x_wconf 84' lang='grc' dir='ltr'>ὁ</span> <span class='ocrx_word' id='word_1_377' title='bbox 2255 2052 2466 2125; x_wconf 82' lang='grc' dir='ltr'>βραχύς</span> <span class='ocrx_word' id='word_1_378' title='bbox 2504 2054 2706 2108; x_wconf 73' lang='grc' dir='ltr'>ἐκείνων</span> <span class='ocrx_word' id='word_1_379' title='bbox 2743 2052 3057 2123; x_wconf 80' lang='grc' dir='ltr'>περιέκλεισε</span> <span class='ocrx_word' id='word_1_380' title='bbox 3104 2050 3276 2123; x_wconf 74' lang='grc' dir='ltr'>λόγος’</span> <span class='ocrx_word' id='word_1_381' title='bbox 3318 2049 3551 2108; x_wconf 78' lang='grc' dir='ltr'>ἦπλωσας</span> <span class='ocrx_word' id='word_1_382' title='bbox 3579 2048 3800 2102; x_wconf 79' lang='grc' dir='ltr'>σεαυτὸν</span> 
     </span>
    </p>
   </div>
   <div class='ocr_carea' id='block_1_52' title="bbox 2203 2138 3802 2220">
    <p class='ocr_par' dir='ltr' id='par_1_52' title="bbox 2203 2138 3802 2220">
     <span class='ocr_line' id='line_1_52' title="bbox 2203 2138 3802 2220; baseline -0.002 -23"><span class='ocrx_word' id='word_1_383' title='bbox 2203 2144 2534 2220; x_wconf 78' lang='grc' dir='ltr'>πλατύτερον·</span> <span class='ocrx_word' id='word_1_384' title='bbox 2566 2147 2656 2200; x_wconf 83' lang='grc' dir='ltr'><strong>καί</strong></span> <span class='ocrx_word' id='word_1_385' title='bbox 2683 2144 2890 2203; x_wconf 82' lang='grc' dir='ltr'>πολλαῖς</span> <span class='ocrx_word' id='word_1_386' title='bbox 2919 2142 2946 2179; x_wconf 70' lang='lat' dir='ltr'><strong>b</strong></span> <span class='ocrx_word' id='word_1_387' title='bbox 2977 2149 3340 2216; x_wconf 72' lang='grc' dir='ltr'>περωτροφαίς</span> <span class='ocrx_word' id='word_1_388' title='bbox 3387 2140 3671 2212; x_wconf 79' lang='grc' dir='ltr'>περιῆλθες·</span> <span class='ocrx_word' id='word_1_389' title='bbox 3707 2138 3802 2210; x_wconf 73' lang='grc' dir='ltr'><strong>ὀψὲ</strong></span> 
     </span>
    </p>
   </div>
   <div class='ocr_carea' id='block_1_53' title="bbox 2202 2230 3802 2309">
    <p class='ocr_par' dir='ltr' id='par_1_53' title="bbox 2202 2230 3802 2309">
     <span class='ocr_line' id='line_1_53' title="bbox 2202 2230 3802 2309; baseline -0.003 -19"><span class='ocrx_word' id='word_1_390' title='bbox 2202 2234 2254 2290; x_wconf 81' lang='grc' dir='ltr'><strong>δὲ</strong></span> <span class='ocrx_word' id='word_1_391' title='bbox 2283 2233 2411 2306; x_wconf 82' lang='grc' dir='ltr'>ὅμως</span> <span class='ocrx_word' id='word_1_392' title='bbox 2441 2234 2525 2292; x_wconf 75' lang='grc' dir='ltr'><strong>διὰ</strong></span> <span class='ocrx_word' id='word_1_393' title='bbox 2555 2235 2808 2309; x_wconf 79' lang='grc' dir='ltr'>διαφόρων</span> <span class='ocrx_word' id='word_1_394' title='bbox 2840 2234 2968 2290; x_wconf 83' lang='grc' dir='ltr'>ὁδῶν</span> <span class='ocrx_word' id='word_1_395' title='bbox 2997 2240 3068 2296; x_wconf 75' lang='grc' dir='ltr'>εἰς</span> <span class='ocrx_word' id='word_1_396' title='bbox 3103 2237 3189 2290; x_wconf 85' lang='grc' dir='ltr'>τὸν</span> <span class='ocrx_word' id='word_1_397' title='bbox 3218 2235 3380 2293; x_wconf 78' lang='grc' dir='ltr'>ἀσεϐῆ</span> <span class='ocrx_word' id='word_1_398' title='bbox 3409 2231 3521 2305; x_wconf 78' lang='grc' dir='ltr'>ὅρον</span> <span class='ocrx_word' id='word_1_399' title='bbox 3550 2230 3802 2302; x_wconf 77' lang='grc' dir='ltr'>ἔφθασας.</span> 
     </span>
    </p>
   </div>
   <div class='ocr_carea' id='block_1_54' title="bbox 2199 2323 3802 2401">
    <p class='ocr_par' dir='ltr' id='par_1_54' title="bbox 2199 2323 3802 2401">
     <span class='ocr_line' id='line_1_54' title="bbox 2199 2323 3802 2401; baseline -0.002 -18"><span class='ocrx_word' id='word_1_400' title='bbox 2199 2326 2373 2400; x_wconf 79' lang='grc' dir='ltr'>Ἰσμεν</span> <span class='ocrx_word' id='word_1_401' title='bbox 2400 2328 2426 2384; x_wconf 83' lang='grc' dir='ltr'>ὅ</span> <span class='ocrx_word' id='word_1_402' title='bbox 2448 2351 2497 2385; x_wconf 91' lang='grc' dir='ltr'><strong>τι</strong></span> <span class='ocrx_word' id='word_1_403' title='bbox 2525 2331 2707 2390; x_wconf 81' lang='grc' dir='ltr'>ἐκεῖνος</span> <span class='ocrx_word' id='word_1_404' title='bbox 2739 2328 3016 2394; x_wconf 76' lang='grc' dir='ltr'>διέταξεν-ὁ</span> <span class='ocrx_word' id='word_1_405' title='bbox 3043 2329 3291 2388; x_wconf 79' lang='grc' dir='ltr'>κελεύσας</span> <span class='ocrx_word' id='word_1_406' title='bbox 3325 2324 3524 2401; x_wconf 70' lang='grc' dir='ltr'>φεύγειν</span> <span class='ocrx_word' id='word_1_407' title='bbox 3571 2326 3671 2385; x_wconf 76' lang='grc' dir='ltr'>τὰς</span> <span class='ocrx_word' id='word_1_408' title='bbox 3701 2323 3802 2399; x_wconf 80' lang='grc' dir='ltr'>ἕρι·</span> 
     </span>
    </p>
   </div>
   <div class='ocr_carea' id='block_1_55' title="bbox 2201 2420 3800 2498">
    <p class='ocr_par' dir='ltr' id='par_1_55' title="bbox 2201 2420 3800 2498">
     <span class='ocr_line' id='line_1_55' title="bbox 2201 2420 3800 2498; baseline -0.004 -21"><span class='ocrx_word' id='word_1_409' title='bbox 2201 2421 2295 2483; x_wconf 81' lang='grc' dir='ltr'><strong>δας</strong></span> <span class='ocrx_word' id='word_1_410' title='bbox 2319 2425 2405 2477; x_wconf 85' lang='grc' dir='ltr'><strong>καί</strong></span> <span class='ocrx_word' id='word_1_411' title='bbox 2427 2425 2522 2482; x_wconf 83' lang='grc' dir='ltr'><strong>τάς</strong></span> <span class='ocrx_word' id='word_1_412' title='bbox 2550 2424 2731 2494; x_wconf 78' lang='grc' dir='ltr'>μάχας</span> <span class='ocrx_word' id='word_1_413' title='bbox 2760 2425 2852 2484; x_wconf 79' lang='grc' dir='ltr'>τὰς</span> <span class='ocrx_word' id='word_1_414' title='bbox 2881 2425 3117 2498; x_wconf 76' lang='grc' dir='ltr'>περὶτοῦ</span> <span class='ocrx_word' id='word_1_415' title='bbox 3144 2421 3324 2493; x_wconf 75' lang='grc' dir='ltr'>νόμουο</span> <span class='ocrx_word' id='word_1_416' title='bbox 3349 2422 3452 2474; x_wconf 71' lang='lat' dir='ltr'><strong>eici</strong></span> <span class='ocrx_word' id='word_1_417' title='bbox 3479 2420 3608 2493; x_wconf 73' lang='grc' dir='ltr'>γὰρ,</span> <span class='ocrx_word' id='word_1_418' title='bbox 3636 2421 3800 2492; x_wconf 75' lang='grc' dir='ltr'>φησίν,</span> 
     </span>
    </p>
   </div>
   <div class='ocr_carea' id='block_1_56' title="bbox 2202 2508 3801 2589">
    <p class='ocr_par' dir='ltr' id='par_1_56' title="bbox 2202 2508 3801 2589">
     <span class='ocr_line' id='line_1_56' title="bbox 2202 2508 3801 2589; baseline -0.004 -21"><span class='ocrx_word' id='word_1_419' title='bbox 2202 2510 2467 2589; x_wconf 78' lang='grc' dir='ltr'>ἄχρηστοι</span> <span class='ocrx_word' id='word_1_420' title='bbox 2494 2517 2575 2569; x_wconf 84' lang='grc' dir='ltr'>καὶ</span> <span class='ocrx_word' id='word_1_421' title='bbox 2600 2515 2838 2586; x_wconf 79' lang='grc' dir='ltr'>μάταιαι,</span> <span class='ocrx_word' id='word_1_422' title='bbox 2866 2512 2992 2587; x_wconf 80' lang='grc' dir='ltr'>ὅπερ</span> <span class='ocrx_word' id='word_1_423' title='bbox 3015 2515 3179 2568; x_wconf 78' lang='grc' dir='ltr'>τοίνυν</span> <span class='ocrx_word' id='word_1_424' title='bbox 3202 2508 3477 2587; x_wconf 76' lang='grc' dir='ltr'>ἄχρηστον</span> <span class='ocrx_word' id='word_1_425' title='bbox 3494 2511 3576 2564; x_wconf 78' lang='grc' dir='ltr'><strong>καί</strong></span> <span class='ocrx_word' id='word_1_426' title='bbox 3597 2512 3801 2580; x_wconf 74' lang='grc' dir='ltr'>μάταιοι</span> 
     </span>
    </p>
   </div>
   <div class='ocr_carea' id='block_1_57' title="bbox 2201 2601 3645 2684">
    <p class='ocr_par' dir='ltr' id='par_1_57' title="bbox 2201 2601 3645 2684">
     <span class='ocr_line' id='line_1_57' title="bbox 2201 2601 3645 2684; baseline -0.004 -22"><span class='ocrx_word' id='word_1_427' title='bbox 2201 2610 2442 2684; x_wconf 88' lang='grc' dir='ltr'>κρίνεται.</span> <span class='ocrx_word' id='word_1_428' title='bbox 2475 2607 2636 2669; x_wconf 78' lang='grc' dir='ltr'>οὐδεὶς</span> <span class='ocrx_word' id='word_1_429' title='bbox 2662 2608 2964 2682; x_wconf 63' lang='grc' dir='ltr'>ἀμφιϐάλλει</span> <span class='ocrx_word' id='word_1_430' title='bbox 2991 2607 3191 2682; x_wconf 83' lang='grc' dir='ltr'>μακρὰν</span> <span class='ocrx_word' id='word_1_431' title='bbox 3217 2601 3346 2660; x_wconf 83' lang='grc' dir='ltr'>εἶναι</span> <span class='ocrx_word' id='word_1_432' title='bbox 3377 2604 3645 2678; x_wconf 73' lang='grc' dir='ltr'>ὠφελείας.</span> 
     </span>
    </p>
   </div>
   <div class='ocr_carea' id='block_1_58' title="bbox 2277 2694 3798 2776">
    <p class='ocr_par' dir='ltr' id='par_1_58' title="bbox 2277 2694 3798 2776">
     <span class='ocr_line' id='line_1_58' title="bbox 2277 2694 3798 2776; baseline -0.005 -20"><span class='ocrx_word' id='word_1_433' title='bbox 2277 2708 2559 2776; x_wconf 72' lang='grc' dir='ltr'>Τοιγαροῦν</span> <span class='ocrx_word' id='word_1_434' title='bbox 2581 2703 2625 2756; x_wconf 82' lang='grc' dir='ltr'>εἰ</span> <span class='ocrx_word' id='word_1_435' title='bbox 2652 2704 2738 2755; x_wconf 85' lang='grc' dir='ltr'><strong>καί</strong></span> <span class='ocrx_word' id='word_1_436' title='bbox 2765 2700 2790 2755; x_wconf 86' lang='grc' dir='ltr'><strong>ὁ</strong></span> <span class='ocrx_word' id='word_1_437' title='bbox 2821 2699 3028 2773; x_wconf 74' lang='grc' dir='ltr'>ἀδελφὸς</span> <span class='ocrx_word' id='word_1_438' title='bbox 3057 2698 3298 2774; x_wconf 75' lang='grc' dir='ltr'>Κύριλλος</span> <span class='ocrx_word' id='word_1_439' title='bbox 3323 2695 3420 2756; x_wconf 76' lang='grc' dir='ltr'><strong>ἤδη</strong></span> <span class='ocrx_word' id='word_1_440' title='bbox 3450 2717 3507 2750; x_wconf 89' lang='grc' dir='ltr'><strong>σε</strong></span> <span class='ocrx_word' id='word_1_441' title='bbox 3527 2694 3614 2751; x_wconf 79' lang='grc' dir='ltr'>διὰ</span> <span class='ocrx_word' id='word_1_442' title='bbox 3640 2694 3798 2751; x_wconf 79' lang='grc' dir='ltr'>δευτέ-</span> 
     </span>
    </p>
   </div>
   <div class='ocr_carea' id='block_1_59' title="bbox 2206 2790 3801 2870">
    <p class='ocr_par' dir='ltr' id='par_1_59' title="bbox 2206 2790 3801 2870">
     <span class='ocr_line' id='line_1_59' title="bbox 2206 2790 3801 2870; baseline -0.003 -23"><span class='ocrx_word' id='word_1_443' title='bbox 2206 2815 2310 2870; x_wconf 87' lang='grc' dir='ltr'>ρων</span> <span class='ocrx_word' id='word_1_444' title='bbox 2354 2795 2630 2850; x_wconf 73' lang='grc' dir='ltr'>ἐπιστολῶν</span> <span class='ocrx_word' id='word_1_445' title='bbox 2675 2791 3031 2866; x_wconf 79' lang='grc' dir='ltr'>μεθοδευθῆναί</span> <span class='ocrx_word' id='word_1_446' title='bbox 3076 2813 3234 2864; x_wconf 69' lang='grc' dir='ltr'>φησι,</span> <span class='ocrx_word' id='word_1_447' title='bbox 3279 2800 3299 2828; x_wconf 74' lang='grc' dir='ltr'><strong>ο</strong></span> <span class='ocrx_word' id='word_1_448' title='bbox 3344 2790 3492 2844; x_wconf 78' lang='grc' dir='ltr'>θέλων</span> <span class='ocrx_word' id='word_1_449' title='bbox 3541 2809 3602 2844; x_wconf 89' lang='grc' dir='ltr'><strong>σε</strong></span> <span class='ocrx_word' id='word_1_450' title='bbox 3659 2793 3801 2843; x_wconf 74' lang='grc' dir='ltr'>τοῦτο</span> 
     </span>
    </p>
   </div>
   <div class='ocr_carea' id='block_1_60' title="bbox 2208 2881 3802 2961">
    <p class='ocr_par' dir='ltr' id='par_1_60' title="bbox 2208 2881 3802 2961">
     <span class='ocr_line' id='line_1_60' title="bbox 2208 2881 3802 2961; baseline -0.005 -19"><span class='ocrx_word' id='word_1_451' title='bbox 2208 2894 2394 2950; x_wconf 85' lang='grc' dir='ltr'>ποιεῖν,</span> <span class='ocrx_word' id='word_1_452' title='bbox 2427 2885 2506 2943; x_wconf 81' lang='grc' dir='ltr'>ὅτι</span> <span class='ocrx_word' id='word_1_453' title='bbox 2532 2889 2664 2958; x_wconf 77' lang='grc' dir='ltr'><strong>μετά</strong></span> <span class='ocrx_word' id='word_1_454' title='bbox 2696 2891 2799 2945; x_wconf 63' lang='lat' dir='ltr'><strong>inriti</strong></span> <span class='ocrx_word' id='word_1_455' title='bbox 2834 2889 3042 2961; x_wconf 78' lang='grc' dir='ltr'>πρώτην</span> <span class='ocrx_word' id='word_1_456' title='bbox 3072 2887 3160 2940; x_wconf 85' lang='grc' dir='ltr'><strong>καί</strong></span> <span class='ocrx_word' id='word_1_457' title='bbox 3185 2883 3432 2959; x_wconf 69' lang='grc' dir='ltr'>δευτέραν</span> <span class='ocrx_word' id='word_1_458' title='bbox 3458 2882 3687 2946; x_wconf 68' lang='grc' dir='ltr'>ἐκείνου,</span> <span class='ocrx_word' id='word_1_459' title='bbox 3716 2881 3802 2935; x_wconf 80' lang='grc' dir='ltr'><strong>καί</strong></span> 
     </span>
    </p>
   </div>
   <div class='ocr_carea' id='block_1_61' title="bbox 2207 2968 3805 3054">
    <p class='ocr_par' dir='ltr' id='par_1_61' title="bbox 2207 2968 3805 3054">
     <span class='ocr_line' id='line_1_61' title="bbox 2207 2968 3805 3054; baseline -0.002 -20"><span class='ocrx_word' id='word_1_460' title='bbox 2207 2981 2512 3040; x_wconf 78' lang='grc' dir='ltr'>ταύτηντήν</span> <span class='ocrx_word' id='word_1_461' title='bbox 2555 2980 2804 3054; x_wconf 75' lang='grc' dir='ltr'>ἡμετέραν</span> <span class='ocrx_word' id='word_1_462' title='bbox 2851 2981 3178 3054; x_wconf 70' lang='grc' dir='ltr'>ἐπιτίμησιν,</span> <span class='ocrx_word' id='word_1_463' title='bbox 3209 2978 3272 3037; x_wconf 72' lang='grc' dir='ltr'>ἣν</span> <span class='ocrx_word' id='word_1_464' title='bbox 3304 2968 3452 3038; x_wconf 73' lang='grc' dir='ltr'><strong>δῆλὸν</strong></span> <span class='ocrx_word' id='word_1_465' title='bbox 3494 2977 3644 3032; x_wconf 65' lang='grc' dir='ltr'>ἐστιν</span> <span class='ocrx_word' id='word_1_466' title='bbox 3687 2971 3805 3031; x_wconf 81' lang='grc' dir='ltr'>εἶναι</span> 
     </span>
    </p>
   </div>
   <div class='ocr_carea' id='block_1_62' title="bbox 586 3181 3802 3277">
    <p class='ocr_par' dir='ltr' id='par_1_62' title="bbox 586 3181 3802 3277">
     <span class='ocr_line' id='line_1_62' title="bbox 586 3181 3802 3277; baseline -0.005 -19"><span class='ocrx_word' id='word_1_467' title='bbox 586 3214 614 3244; x_wconf 74' lang='grc' dir='ltr'>ει</span> <span class='ocrx_word' id='word_1_468' title='bbox 641 3202 854 3277; x_wconf 64' lang='lat' dir='ltr'><strong>VerbaL</strong></span> <span class='ocrx_word' id='word_1_469' title='bbox 863 3204 925 3258; x_wconf 87' lang='lat' dir='ltr'><strong>ab</strong></span> <span class='ocrx_word' id='word_1_470' title='bbox 955 3204 1203 3277; x_wconf 75' lang='lat' dir='ltr'><strong>apostolis</strong></span> <span class='ocrx_word' id='word_1_471' title='bbox 1231 3205 1450 3267; x_wconf 82' lang='lat' dir='ltr'><strong>tradito,</strong></span> <span class='ocrx_word' id='word_1_472' title='bbox 1484 3203 1733 3258; x_wconf 75' lang='lat' dir='ltr'><strong>Grzecnm</strong></span> <span class='ocrx_word' id='word_1_473' title='bbox 1757 3201 2104 3277; x_wconf 78' lang='lat' dir='ltr'><strong>interpretem</strong></span> <span class='ocrx_word' id='word_1_474' title='bbox 2134 3200 2179 3264; x_wconf 88' lang='lat' dir='ltr'>C</span> <span class='ocrx_word' id='word_1_475' title='bbox 2210 3200 2329 3277; x_wconf 68' lang='lat' dir='ltr'><strong>psit.</strong></span> <span class='ocrx_word' id='word_1_476' title='bbox 2365 3197 2419 3277; x_wconf 80' lang='lat' dir='ltr'><strong>In</strong></span> <span class='ocrx_word' id='word_1_477' title='bbox 2449 3197 2816 3277; x_wconf 59' lang='lat' dir='ltr'><strong>citataautem</strong></span> <span class='ocrx_word' id='word_1_478' title='bbox 2847 3194 3070 3277; x_wconf 76' lang='lat' dir='ltr'><strong>epistola</strong></span> <span class='ocrx_word' id='word_1_479' title='bbox 3089 3237 3103 3259; x_wconf 94' lang='lat'><strong>,</strong></span> <span class='ocrx_word' id='word_1_480' title='bbox 3137 3194 3190 3247; x_wconf 94' lang='lat' dir='ltr'><strong>in</strong></span> <span class='ocrx_word' id='word_1_481' title='bbox 3229 3205 3333 3277; x_wconf 82' lang='lat' dir='ltr'><strong>qua</strong></span> <span class='ocrx_word' id='word_1_482' title='bbox 3387 3191 3523 3245; x_wconf 85' lang='lat' dir='ltr'><strong>hanc</strong></span> <span class='ocrx_word' id='word_1_483' title='bbox 3567 3181 3802 3277; x_wconf 78' lang='lat' dir='ltr'><strong>symboli</strong></span> 
     </span>
    </p>
   </div>
   <div class='ocr_carea' id='block_1_63' title="bbox 516 3273 2105 3346">
    <p class='ocr_par' dir='ltr' id='par_1_63' title="bbox 516 3273 2105 3346">
     <span class='ocr_line' id='line_1_63' title="bbox 516 3273 2105 3346; baseline -0.003 -18"><span class='ocrx_word' id='word_1_484' title='bbox 516 3276 788 3346; x_wconf 78' lang='lat' dir='ltr'><strong>fugerunt.</strong></span> <span class='ocrx_word' id='word_1_485' title='bbox 821 3275 894 3346; x_wconf 74' lang='lat' dir='ltr'><strong>Ex</strong></span> <span class='ocrx_word' id='word_1_486' title='bbox 928 3273 1113 3330; x_wconf 80' lang='lat' dir='ltr'><strong>eorum</strong></span> <span class='ocrx_word' id='word_1_487' title='bbox 1150 3277 1367 3346; x_wconf 74' lang='lat' dir='ltr'><strong>regione</strong></span> <span class='ocrx_word' id='word_1_488' title='bbox 1397 3277 1666 3346; x_wconf 59' lang='lat' dir='ltr'><strong>Itutnauus</strong></span> <span class='ocrx_word' id='word_1_489' title='bbox 1710 3273 2105 3346; x_wconf 10' lang='lat' dir='ltr'><strong>editorranno-</strong></span> 
     </span>
    </p>
   </div>
   <div class='ocr_carea' id='block_1_64' title="bbox 517 3343 2107 3416">
    <p class='ocr_par' dir='ltr' id='par_1_64' title="bbox 517 3343 2107 3416">
     <span class='ocr_line' id='line_1_64' title="bbox 517 3343 2107 3416; baseline -0.001 -16"><span class='ocrx_word' id='word_1_490' title='bbox 517 3343 666 3409; x_wconf 74' lang='lat' dir='ltr'><strong>tavit,</strong></span> <span class='ocrx_word' id='word_1_491' title='bbox 695 3345 984 3416; x_wconf 78' lang='lat' dir='ltr'><strong>symbolum</strong></span> <span class='ocrx_word' id='word_1_492' title='bbox 1009 3343 1361 3412; x_wconf 71' lang='lat' dir='ltr'><strong>apostatarum</strong></span> <span class='ocrx_word' id='word_1_493' title='bbox 1392 3343 1662 3400; x_wconf 87' lang='lat' dir='ltr'><strong>Nestorius</strong></span> <span class='ocrx_word' id='word_1_494' title='bbox 1687 3345 1962 3403; x_wconf 83' lang='lat' dir='ltr'><strong>mutilavit,</strong></span> <span class='ocrx_word' id='word_1_495' title='bbox 1984 3346 2107 3416; x_wconf 60' lang='lat' dir='ltr'><strong>Ca;-</strong></span> 
     </span>
    </p>
   </div>
   <div class='ocr_carea' id='block_1_65' title="bbox 517 3414 2105 3481">
    <p class='ocr_par' dir='ltr' id='par_1_65' title="bbox 517 3414 2105 3481">
     <span class='ocr_line' id='line_1_65' title="bbox 517 3414 2105 3481; baseline -0.003 -9"><span class='ocrx_word' id='word_1_496' title='bbox 517 3418 692 3472; x_wconf 80' lang='lat' dir='ltr'><strong>IeStini</strong></span> <span class='ocrx_word' id='word_1_497' title='bbox 723 3414 982 3480; x_wconf 74' lang='lat' dir='ltr'><strong>utentem,</strong></span> <span class='ocrx_word' id='word_1_498' title='bbox 1015 3420 1066 3469; x_wconf 90' lang='lat' dir='ltr'><strong>ni</strong></span> <span class='ocrx_word' id='word_1_499' title='bbox 1098 3417 1290 3481; x_wconf 86' lang='lat' dir='ltr'><strong>fallor,</strong></span> <span class='ocrx_word' id='word_1_500' title='bbox 1343 3417 1480 3469; x_wconf 85' lang='lat' dir='ltr'><strong>haud</strong></span> <span class='ocrx_word' id='word_1_501' title='bbox 1529 3418 1658 3469; x_wconf 77' lang='lat' dir='ltr'><strong>satis</strong></span> <span class='ocrx_word' id='word_1_502' title='bbox 1705 3425 2002 3468; x_wconf 78' lang='lat' dir='ltr'><strong>assecutus.</strong></span> <span class='ocrx_word' id='word_1_503' title='bbox 2056 3414 2105 3468; x_wconf 91' lang='lat' dir='ltr'><strong>Is</strong></span> 
     </span>
    </p>
   </div>
   <div class='ocr_carea' id='block_1_66' title="bbox 517 3487 2104 3554">
    <p class='ocr_par' dir='ltr' id='par_1_66' title="bbox 517 3487 2104 3554">
     <span class='ocr_line' id='line_1_66' title="bbox 517 3487 2104 3554; baseline -0.001 -15"><span class='ocrx_word' id='word_1_504' title='bbox 517 3489 657 3539; x_wconf 88' lang='lat' dir='ltr'><strong>enim</strong></span> <span class='ocrx_word' id='word_1_505' title='bbox 703 3488 944 3552; x_wconf 77' lang='lat' dir='ltr'><strong>pontifex</strong></span> <span class='ocrx_word' id='word_1_506' title='bbox 985 3489 1148 3540; x_wconf 82' lang='lat' dir='ltr'><strong>verba</strong></span> <span class='ocrx_word' id='word_1_507' title='bbox 1187 3501 1307 3553; x_wconf 74' lang='lat' dir='ltr'><strong>qua:</strong></span> <span class='ocrx_word' id='word_1_508' title='bbox 1334 3503 1480 3552; x_wconf 72' lang='lat' dir='ltr'><strong>spem</strong></span> <span class='ocrx_word' id='word_1_509' title='bbox 1511 3487 1701 3540; x_wconf 80' lang='lat' dir='ltr'><strong>salutis</strong></span> <span class='ocrx_word' id='word_1_510' title='bbox 1728 3487 2046 3554; x_wconf 85' lang='lat' dir='ltr'><strong>promittunt</strong></span> <span class='ocrx_word' id='word_1_511' title='bbox 2075 3499 2104 3538; x_wconf 85' lang='lat' dir='ltr'><strong>a</strong></span> 
     </span>
    </p>
   </div>
   <div class='ocr_carea' id='block_1_67' title="bbox 517 3555 2106 3625">
    <p class='ocr_par' dir='ltr' id='par_1_67' title="bbox 517 3555 2106 3625">
     <span class='ocr_line' id='line_1_67' title="bbox 517 3555 2106 3625; baseline -0.003 -13"><span class='ocrx_word' id='word_1_512' title='bbox 517 3555 765 3612; x_wconf 77' lang='lat' dir='ltr'><strong>Nestorio</strong></span> <span class='ocrx_word' id='word_1_513' title='bbox 796 3555 999 3609; x_wconf 90' lang='lat' dir='ltr'><strong>sublata</strong></span> <span class='ocrx_word' id='word_1_514' title='bbox 1033 3573 1153 3610; x_wconf 89' lang='lat' dir='ltr'><strong>esse</strong></span> <span class='ocrx_word' id='word_1_515' title='bbox 1178 3557 1437 3625; x_wconf 84' lang='lat' dir='ltr'><strong>queritur,</strong></span> <span class='ocrx_word' id='word_1_516' title='bbox 1467 3566 1730 3625; x_wconf 86' lang='lat' dir='ltr'><strong>quatenus</strong></span> <span class='ocrx_word' id='word_1_517' title='bbox 1757 3557 1986 3610; x_wconf 84' lang='lat' dir='ltr'><strong>nativam</strong></span> <span class='ocrx_word' id='word_1_518' title='bbox 2014 3570 2106 3610; x_wconf 88' lang='lat' dir='ltr'><strong>eo-</strong></span> 
     </span>
    </p>
   </div>
   <div class='ocr_carea' id='block_1_68' title="bbox 517 3625 2107 3695">
    <p class='ocr_par' dir='ltr' id='par_1_68' title="bbox 517 3625 2107 3695">
     <span class='ocr_line' id='line_1_68' title="bbox 517 3625 2107 3695; baseline 0 -15"><span class='ocrx_word' id='word_1_519' title='bbox 517 3641 636 3680; x_wconf 84' lang='lat' dir='ltr'><strong>rum</strong></span> <span class='ocrx_word' id='word_1_520' title='bbox 682 3625 951 3678; x_wconf 88' lang='lat' dir='ltr'><strong>notionem</strong></span> <span class='ocrx_word' id='word_1_521' title='bbox 980 3628 1230 3692; x_wconf 88' lang='lat' dir='ltr'><strong>sustulit,</strong></span> <span class='ocrx_word' id='word_1_522' title='bbox 1279 3641 1384 3678; x_wconf 88' lang='lat' dir='ltr'><strong>non</strong></span> <span class='ocrx_word' id='word_1_523' title='bbox 1431 3637 1693 3695; x_wconf 72' lang='lat' dir='ltr'><strong>quatenus</strong></span> <span class='ocrx_word' id='word_1_524' title='bbox 1740 3627 1880 3679; x_wconf 88' lang='lat' dir='ltr'><strong>ullos</strong></span> <span class='ocrx_word' id='word_1_525' title='bbox 1925 3627 2107 3694; x_wconf 85' lang='lat' dir='ltr'><strong>apices</strong></span> 
     </span>
    </p>
   </div>
   <div class='ocr_carea' id='block_1_69' title="bbox 518 3695 2106 3765">
    <p class='ocr_par' dir='ltr' id='par_1_69' title="bbox 518 3695 2106 3765">
     <span class='ocr_line' id='line_1_69' title="bbox 518 3695 2106 3765; baseline 0.001 -16"><span class='ocrx_word' id='word_1_526' title='bbox 518 3696 837 3762; x_wconf 83' lang='lat' dir='ltr'><strong>suppressit.</strong></span> <span class='ocrx_word' id='word_1_527' title='bbox 861 3695 1062 3764; x_wconf 84' lang='lat' dir='ltr'><strong>Nempe</strong></span> <span class='ocrx_word' id='word_1_528' title='bbox 1084 3713 1203 3749; x_wconf 82' lang='lat' dir='ltr'><strong>eum</strong></span> <span class='ocrx_word' id='word_1_529' title='bbox 1226 3697 1589 3765; x_wconf 62' lang='lat' dir='ltr'><strong>apostolorum</strong></span> <span class='ocrx_word' id='word_1_530' title='bbox 1610 3698 1909 3764; x_wconf 84' lang='lat' dir='ltr'><strong>symbolum</strong></span> <span class='ocrx_word' id='word_1_531' title='bbox 1934 3697 2106 3763; x_wconf 89' lang='lat' dir='ltr'><strong>primo</strong></span> 
     </span>
    </p>
   </div>
   <div class='ocr_carea' id='block_1_70' title="bbox 519 3765 2110 3839">
    <p class='ocr_par' dir='ltr' id='par_1_70' title="bbox 519 3765 2110 3839">
     <span class='ocr_line' id='line_1_70' title="bbox 519 3765 2110 3839; baseline 0.001 -20"><span class='ocrx_word' id='word_1_532' title='bbox 519 3776 702 3838; x_wconf 85' lang='lat' dir='ltr'><strong>ponat.</strong></span> <span class='ocrx_word' id='word_1_533' title='bbox 740 3765 803 3818; x_wconf 87' lang='lat' dir='ltr'><strong>Et</strong></span> <span class='ocrx_word' id='word_1_534' title='bbox 832 3767 886 3819; x_wconf 85' lang='lat' dir='ltr'><strong>in</strong></span> <span class='ocrx_word' id='word_1_535' title='bbox 909 3765 1088 3820; x_wconf 77' lang='lat' dir='ltr'><strong>Iesum</strong></span> <span class='ocrx_word' id='word_1_536' title='bbox 1112 3765 1366 3822; x_wconf 83' lang='lat' dir='ltr'><strong>Christum</strong></span> <span class='ocrx_word' id='word_1_537' title='bbox 1394 3768 1585 3822; x_wconf 80' lang='lat' dir='ltr'><strong>Filium</strong></span> <span class='ocrx_word' id='word_1_538' title='bbox 1607 3772 1718 3839; x_wconf 87' lang='lat' dir='ltr'><strong>ejus</strong></span> <span class='ocrx_word' id='word_1_539' title='bbox 1741 3770 1969 3829; x_wconf 79' lang='lat' dir='ltr'><strong>unicum,</strong></span> <span class='ocrx_word' id='word_1_540' title='bbox 2003 3768 2110 3821; x_wconf 90' lang='lat' dir='ltr'><strong>Do-</strong></span> 
     </span>
    </p>
   </div>
   <div class='ocr_carea' id='block_1_71' title="bbox 517 3839 2109 3906">
    <p class='ocr_par' dir='ltr' id='par_1_71' title="bbox 517 3839 2109 3906">
     <span class='ocr_line' id='line_1_71' title="bbox 517 3839 2109 3906; baseline 0.001 -14"><span class='ocrx_word' id='word_1_541' title='bbox 517 3839 714 3892; x_wconf 85' lang='lat' dir='ltr'><strong>minum</strong></span> <span class='ocrx_word' id='word_1_542' title='bbox 742 3849 994 3904; x_wconf 86' lang='lat' dir='ltr'><strong>nostrum,</strong></span> <span class='ocrx_word' id='word_1_543' title='bbox 1018 3854 1083 3894; x_wconf 85' lang='lat' dir='ltr'><strong>ac</strong></span> <span class='ocrx_word' id='word_1_544' title='bbox 1110 3840 1302 3894; x_wconf 86' lang='lat' dir='ltr'><strong>deinde</strong></span> <span class='ocrx_word' id='word_1_545' title='bbox 1349 3841 1594 3906; x_wconf 84' lang='lat' dir='ltr'><strong>subjiciat</strong></span> <span class='ocrx_word' id='word_1_546' title='bbox 1622 3880 1636 3901; x_wconf 95' lang='lat'><strong>,</strong></span> <span class='ocrx_word' id='word_1_547' title='bbox 1687 3841 1786 3904; x_wconf 79' lang='lat' dir='ltr'><strong>Qui</strong></span> <span class='ocrx_word' id='word_1_548' title='bbox 1834 3850 2109 3906; x_wconf 78' lang='lat' dir='ltr'><strong>conceptus</strong></span> 
     </span>
    </p>
   </div>
   <div class='ocr_carea' id='block_1_72' title="bbox 518 3908 2110 3978">
    <p class='ocr_par' dir='ltr' id='par_1_72' title="bbox 518 3908 2110 3978">
     <span class='ocr_line' id='line_1_72' title="bbox 518 3908 2110 3978; baseline -0.001 -14"><span class='ocrx_word' id='word_1_549' title='bbox 518 3921 590 3964; x_wconf 91' lang='lat' dir='ltr'><strong>est</strong></span> <span class='ocrx_word' id='word_1_550' title='bbox 620 3910 683 3964; x_wconf 89' lang='lat' dir='ltr'><strong>de</strong></span> <span class='ocrx_word' id='word_1_551' title='bbox 713 3910 913 3978; x_wconf 82' lang='lat' dir='ltr'><strong>Spiritu</strong></span> <span class='ocrx_word' id='word_1_552' title='bbox 943 3921 1151 3976; x_wconf 88' lang='lat' dir='ltr'><strong>sancto,</strong></span> <span class='ocrx_word' id='word_1_553' title='bbox 1190 3921 1339 3964; x_wconf 87' lang='lat' dir='ltr'><strong>natus</strong></span> <span class='ocrx_word' id='word_1_554' title='bbox 1385 3927 1447 3964; x_wconf 79' lang='lat' dir='ltr'><strong>ea:</strong></span> <span class='ocrx_word' id='word_1_555' title='bbox 1492 3910 1662 3964; x_wconf 84' lang='lat' dir='ltr'><strong>Maria</strong></span> <span class='ocrx_word' id='word_1_556' title='bbox 1723 3908 1968 3978; x_wconf 76' lang='lat' dir='ltr'><strong>Virgine;</strong></span> <span class='ocrx_word' id='word_1_557' title='bbox 2017 3923 2110 3967; x_wconf 78' lang='lat' dir='ltr'><strong>tto-</strong></span> 
     </span>
    </p>
   </div>
   <div class='ocr_carea' id='block_1_73' title="bbox 519 3977 2110 4048">
    <p class='ocr_par' dir='ltr' id='par_1_73' title="bbox 519 3977 2110 4048">
     <span class='ocr_line' id='line_1_73' title="bbox 519 3977 2110 4048; baseline 0 -13"><span class='ocrx_word' id='word_1_558' title='bbox 519 3991 719 4035; x_wconf 87' lang='lat' dir='ltr'><strong>strema</strong></span> <span class='ocrx_word' id='word_1_559' title='bbox 760 3977 886 4035; x_wconf 71' lang='lat' dir='ltr'><strong>lucc</strong></span> <span class='ocrx_word' id='word_1_560' title='bbox 926 3982 1087 4033; x_wconf 87' lang='lat' dir='ltr'><strong>verba</strong></span> <span class='ocrx_word' id='word_1_561' title='bbox 1135 3983 1372 4033; x_wconf 81' lang='lat' dir='ltr'><strong>luuditus</strong></span> <span class='ocrx_word' id='word_1_562' title='bbox 1424 3983 1599 4044; x_wconf 89' lang='lat' dir='ltr'><strong>tollit,</strong></span> <span class='ocrx_word' id='word_1_563' title='bbox 1641 3977 1980 4048; x_wconf 57' lang='lat' dir='ltr'><strong>quiTMariam</strong></span> <span class='ocrx_word' id='word_1_564' title='bbox 2013 3978 2110 4035; x_wconf 85' lang='lat' dir='ltr'><strong>Dei</strong></span> 
     </span>
    </p>
   </div>
   <div class='ocr_carea' id='block_1_74' title="bbox 518 4050 2105 4118">
    <p class='ocr_par' dir='ltr' id='par_1_74' title="bbox 518 4050 2105 4118">
     <span class='ocr_line' id='line_1_74' title="bbox 518 4050 2105 4118; baseline -0.003 -13"><span class='ocrx_word' id='word_1_565' title='bbox 518 4054 832 4118; x_wconf 69' lang='lat' dir='ltr'><strong>genitricem</strong></span> <span class='ocrx_word' id='word_1_566' title='bbox 869 4060 1043 4112; x_wconf 74' lang='lat' dir='ltr'><strong>negat.</strong></span> <span class='ocrx_word' id='word_1_567' title='bbox 1076 4051 1205 4103; x_wconf 87' lang='lat' dir='ltr'><strong>Nam</strong></span> <span class='ocrx_word' id='word_1_568' title='bbox 1234 4053 1277 4104; x_wconf 90' lang='lat' dir='ltr'><strong>si</strong></span> <span class='ocrx_word' id='word_1_569' title='bbox 1314 4051 1399 4102; x_wconf 90' lang='lat' dir='ltr'><strong>illa</strong></span> <span class='ocrx_word' id='word_1_570' title='bbox 1437 4050 1530 4104; x_wconf 90' lang='lat' dir='ltr'><strong>Dei</strong></span> <span class='ocrx_word' id='word_1_571' title='bbox 1577 4052 1805 4117; x_wconf 77' lang='lat' dir='ltr'><strong>genitrix</strong></span> <span class='ocrx_word' id='word_1_572' title='bbox 1857 4066 1960 4103; x_wconf 87' lang='lat' dir='ltr'><strong>non</strong></span> <span class='ocrx_word' id='word_1_573' title='bbox 2003 4061 2105 4118; x_wconf 87' lang='lat' dir='ltr'><strong>est,</strong></span> 
     </span>
    </p>
   </div>
   <div class='ocr_carea' id='block_1_75' title="bbox 522 4120 2106 4184">
    <p class='ocr_par' dir='ltr' id='par_1_75' title="bbox 522 4120 2106 4184">
     <span class='ocr_line' id='line_1_75' title="bbox 522 4120 2106 4184; baseline 0.001 -12"><span class='ocrx_word' id='word_1_574' title='bbox 522 4135 697 4184; x_wconf 84' lang='lat' dir='ltr'><strong>neque</strong></span> <span class='ocrx_word' id='word_1_575' title='bbox 726 4122 886 4172; x_wconf 89' lang='lat' dir='ltr'><strong>etiam</strong></span> <span class='ocrx_word' id='word_1_576' title='bbox 917 4120 1009 4173; x_wconf 85' lang='lat' dir='ltr'><strong>Dei</strong></span> <span class='ocrx_word' id='word_1_577' title='bbox 1036 4120 1201 4174; x_wconf 81' lang='lat' dir='ltr'><strong>Filius</strong></span> <span class='ocrx_word' id='word_1_578' title='bbox 1234 4122 1489 4174; x_wconf 87' lang='lat' dir='ltr'><strong>Dominus</strong></span> <span class='ocrx_word' id='word_1_579' title='bbox 1519 4128 1702 4173; x_wconf 86' lang='lat' dir='ltr'><strong>noster</strong></span> <span class='ocrx_word' id='word_1_580' title='bbox 1728 4130 1878 4172; x_wconf 86' lang='lat' dir='ltr'><strong>natus</strong></span> <span class='ocrx_word' id='word_1_581' title='bbox 1903 4138 1966 4174; x_wconf 78' lang='lat' dir='ltr'><strong>ea:</strong></span> <span class='ocrx_word' id='word_1_582' title='bbox 1993 4120 2106 4173; x_wconf 76' lang='lat' dir='ltr'><strong>Ma-</strong></span> 
     </span>
    </p>
   </div>
   <div class='ocr_carea' id='block_1_76' title="bbox 519 4189 2112 4259">
    <p class='ocr_par' dir='ltr' id='par_1_76' title="bbox 519 4189 2112 4259">
     <span class='ocr_line' id='line_1_76' title="bbox 519 4189 2112 4259; baseline 0.003 -17"><span class='ocrx_word' id='word_1_583' title='bbox 519 4192 599 4242; x_wconf 86' lang='lat' dir='ltr'><strong>ria</strong></span> <span class='ocrx_word' id='word_1_584' title='bbox 628 4189 728 4242; x_wconf 89' lang='lat' dir='ltr'><strong>dici</strong></span> <span class='ocrx_word' id='word_1_585' title='bbox 761 4200 954 4258; x_wconf 85' lang='lat' dir='ltr'><strong>potest,</strong></span> <span class='ocrx_word' id='word_1_586' title='bbox 985 4191 1180 4259; x_wconf 89' lang='lat' dir='ltr'><strong>quibus</strong></span> <span class='ocrx_word' id='word_1_587' title='bbox 1224 4191 1402 4246; x_wconf 81' lang='lat' dir='ltr'><strong>verbis</strong></span> <span class='ocrx_word' id='word_1_588' title='bbox 1431 4208 1552 4244; x_wconf 85' lang='lat' dir='ltr'><strong>eum</strong></span> <span class='ocrx_word' id='word_1_589' title='bbox 1599 4191 1690 4258; x_wconf 92' lang='lat' dir='ltr'><strong>qui</strong></span> <span class='ocrx_word' id='word_1_590' title='bbox 1735 4192 1904 4245; x_wconf 86' lang='lat' dir='ltr'><strong>Deum</strong></span> <span class='ocrx_word' id='word_1_591' title='bbox 1947 4191 2112 4247; x_wconf 81' lang='lat' dir='ltr'><strong>habet</strong></span> 
     </span>
    </p>
   </div>
   <div class='ocr_carea' id='block_1_77' title="bbox 520 4261 2111 4330">
    <p class='ocr_par' dir='ltr' id='par_1_77' title="bbox 520 4261 2111 4330">
     <span class='ocr_line' id='line_1_77' title="bbox 520 4261 2111 4330; baseline 0.003 -18"><span class='ocrx_word' id='word_1_592' title='bbox 520 4271 724 4330; x_wconf 87' lang='lat' dir='ltr'><strong>patrem</strong></span> <span class='ocrx_word' id='word_1_593' title='bbox 753 4271 804 4312; x_wconf 86' lang='lat' dir='ltr'><strong>et</strong></span> <span class='ocrx_word' id='word_1_594' title='bbox 835 4261 1053 4314; x_wconf 76' lang='lat' dir='ltr'><strong>Mariam</strong></span> <span class='ocrx_word' id='word_1_595' title='bbox 1086 4272 1308 4316; x_wconf 84' lang='lat' dir='ltr'><strong>matrem</strong></span> <span class='ocrx_word' id='word_1_596' title='bbox 1343 4263 1539 4315; x_wconf 83' lang='lat' dir='ltr'><strong>habere</strong></span> <span class='ocrx_word' id='word_1_597' title='bbox 1570 4264 1906 4328; x_wconf 78' lang='lat' dir='ltr'><strong>proﬁtemur.</strong></span> <span class='ocrx_word' id='word_1_598' title='bbox 1935 4262 2111 4316; x_wconf 79' lang='lat' dir='ltr'><strong>C(elc-</strong></span> 
     </span>
    </p>
   </div>
   <div class='ocr_carea' id='block_1_78' title="bbox 521 4330 2112 4402">
    <p class='ocr_par' dir='ltr' id='par_1_78' title="bbox 521 4330 2112 4402">
     <span class='ocr_line' id='line_1_78' title="bbox 521 4330 2112 4402; baseline 0.002 -17"><span class='ocrx_word' id='word_1_599' title='bbox 521 4330 644 4385; x_wconf 89' lang='lat' dir='ltr'><strong>stini</strong></span> <span class='ocrx_word' id='word_1_600' title='bbox 692 4347 971 4386; x_wconf 72' lang='lat' dir='ltr'><strong>sueeesmr</strong></span> <span class='ocrx_word' id='word_1_601' title='bbox 1021 4331 1218 4402; x_wconf 81' lang='lat' dir='ltr'><strong>Xysms</strong></span> <span class='ocrx_word' id='word_1_602' title='bbox 1263 4332 1420 4400; x_wconf 84' lang='lat' dir='ltr'><strong>epist.</strong></span> <span class='ocrx_word' id='word_1_603' title='bbox 1469 4331 1501 4385; x_wconf 88' lang='lat'><strong>5</strong></span> <span class='ocrx_word' id='word_1_604' title='bbox 1549 4349 1602 4385; x_wconf 89' lang='grc' dir='ltr'><strong>ιι.</strong></span> <span class='ocrx_word' id='word_1_605' title='bbox 1644 4333 1677 4386; x_wconf 83' lang='grc'><strong>5</strong></span> <span class='ocrx_word' id='word_1_606' title='bbox 1709 4332 2112 4388; x_wconf 86' lang='lat' dir='ltr'><strong>Nestoriicom-</strong></span> 
     </span>
    </p>
   </div>
   <div class='ocr_carea' id='block_1_79' title="bbox 523 4403 2108 4473">
    <p class='ocr_par' dir='ltr' id='par_1_79' title="bbox 523 4403 2108 4473">
     <span class='ocr_line' id='line_1_79' title="bbox 523 4403 2108 4473; baseline 0.001 -17"><span class='ocrx_word' id='word_1_607' title='bbox 523 4403 718 4456; x_wconf 88' lang='lat' dir='ltr'><strong>mentis</strong></span> <span class='ocrx_word' id='word_1_608' title='bbox 743 4403 807 4457; x_wconf 82' lang='lat' dir='ltr'><strong>de</strong></span> <span class='ocrx_word' id='word_1_609' title='bbox 836 4403 1063 4472; x_wconf 83' lang='lat' dir='ltr'><strong>symbolo</strong></span> <span class='ocrx_word' id='word_1_610' title='bbox 1094 4406 1315 4473; x_wconf 79' lang='lat' dir='ltr'><strong>primum</strong></span> <span class='ocrx_word' id='word_1_611' title='bbox 1341 4405 1474 4456; x_wconf 83' lang='lat' dir='ltr'><strong>inter</strong></span> <span class='ocrx_word' id='word_1_612' title='bbox 1501 4404 1761 4471; x_wconf 81' lang='lat' dir='ltr'><strong>apostolos</strong></span> <span class='ocrx_word' id='word_1_613' title='bbox 1788 4403 1977 4457; x_wconf 83' lang='lat' dir='ltr'><strong>tradito</strong></span> <span class='ocrx_word' id='word_1_614' title='bbox 2014 4404 2108 4456; x_wconf 77' lang='lat' dir='ltr'><strong>de-</strong></span> 
     </span>
    </p>
   </div>
   <div class='ocr_carea' id='block_1_80' title="bbox 521 4473 2106 4541">
    <p class='ocr_par' dir='ltr' id='par_1_80' title="bbox 521 4473 2106 4541">
     <span class='ocr_line' id='line_1_80' title="bbox 521 4473 2106 4541; baseline 0.002 -15"><span class='ocrx_word' id='word_1_615' title='bbox 521 4474 694 4538; x_wconf 84' lang='lat' dir='ltr'><strong>rogari</strong></span> <span class='ocrx_word' id='word_1_616' title='bbox 739 4476 936 4540; x_wconf 75' lang='lat' dir='ltr'><strong>pariter</strong></span> <span class='ocrx_word' id='word_1_617' title='bbox 980 4476 1204 4540; x_wconf 78' lang='lat' dir='ltr'><strong>scribit;</strong></span> <span class='ocrx_word' id='word_1_618' title='bbox 1245 4490 1308 4530; x_wconf 88' lang='lat' dir='ltr'><strong>ac</strong></span> <span class='ocrx_word' id='word_1_619' title='bbox 1336 4475 1531 4528; x_wconf 84' lang='lat' dir='ltr'><strong>deinde</strong></span> <span class='ocrx_word' id='word_1_620' title='bbox 1561 4475 1716 4541; x_wconf 85' lang='lat' dir='ltr'><strong>epist.</strong></span> <span class='ocrx_word' id='word_1_621' title='bbox 1747 4474 1780 4529; x_wconf 83' lang='lat'><strong>6</strong></span> <span class='ocrx_word' id='word_1_622' title='bbox 1811 4491 1864 4527; x_wconf 84' lang='grc' dir='ltr'>η.</span> <span class='ocrx_word' id='word_1_623' title='bbox 1894 4473 1928 4528; x_wconf 73' lang='grc'><strong>4</strong></span> <span class='ocrx_word' id='word_1_624' title='bbox 1957 4491 2106 4529; x_wconf 87' lang='lat' dir='ltr'><strong>suam</strong></span> 
     </span>
    </p>
   </div>
   <div class='ocr_carea' id='block_1_81' title="bbox 521 4545 2107 4613">
    <p class='ocr_par' dir='ltr' id='par_1_81' title="bbox 521 4545 2107 4613">
     <span class='ocr_line' id='line_1_81' title="bbox 521 4545 2107 4613; baseline 0.001 -16"><span class='ocrx_word' id='word_1_625' title='bbox 521 4560 585 4597; x_wconf 86' lang='lat' dir='ltr'><strong>ac</strong></span> <span class='ocrx_word' id='word_1_626' title='bbox 605 4545 904 4598; x_wconf 84' lang='lat' dir='ltr'><strong>decessoris</strong></span> <span class='ocrx_word' id='word_1_627' title='bbox 927 4546 1006 4598; x_wconf 83' lang='lat' dir='ltr'><strong>sui</strong></span> <span class='ocrx_word' id='word_1_628' title='bbox 1033 4557 1264 4599; x_wconf 89' lang='lat' dir='ltr'><strong>mentem</strong></span> <span class='ocrx_word' id='word_1_629' title='bbox 1287 4546 1461 4613; x_wconf 91' lang='lat' dir='ltr'><strong>aperit</strong></span> <span class='ocrx_word' id='word_1_630' title='bbox 1478 4556 1527 4598; x_wconf 89' lang='lat' dir='ltr'><strong>et</strong></span> <span class='ocrx_word' id='word_1_631' title='bbox 1547 4545 1779 4609; x_wconf 73' lang='grc' dir='ltr'>θενΙίρτιι</span> <span class='ocrx_word' id='word_1_632' title='bbox 1796 4545 1874 4597; x_wconf 69' lang='lat' dir='ltr'><strong>llis</strong></span> <span class='ocrx_word' id='word_1_633' title='bbox 1895 4545 2107 4599; x_wconf 82' lang='lat' dir='ltr'><strong>verbis:</strong></span> 
     </span>
    </p>
   </div>
   <div class='ocr_carea' id='block_1_82' title="bbox 525 4613 2114 4684">
    <p class='ocr_par' dir='ltr' id='par_1_82' title="bbox 525 4613 2114 4684">
     <span class='ocr_line' id='line_1_82' title="bbox 525 4613 2114 4684; baseline 0.004 -20"><span class='ocrx_word' id='word_1_634' title='bbox 525 4613 797 4668; x_wconf 75' lang='lat' dir='ltr'><strong>Hominem</strong></span> <span class='ocrx_word' id='word_1_635' title='bbox 829 4633 1042 4684; x_wconf 81' lang='lat' dir='ltr'><strong>namque</strong></span> <span class='ocrx_word' id='word_1_636' title='bbox 1070 4629 1244 4669; x_wconf 85' lang='lat' dir='ltr'><strong>natum</strong></span> <span class='ocrx_word' id='word_1_637' title='bbox 1275 4617 1533 4672; x_wconf 80' lang='lat' dir='ltr'><strong>Christum</strong></span> <span class='ocrx_word' id='word_1_638' title='bbox 1585 4616 1934 4669; x_wconf 85' lang='lat' dir='ltr'><strong>tantummodo</strong></span> <span class='ocrx_word' id='word_1_639' title='bbox 1975 4632 2114 4684; x_wconf 73' lang='lat' dir='ltr'><strong>pra:-</strong></span> 
     </span>
    </p>
   </div>
   <div class='ocr_carea' id='block_1_83' title="bbox 523 4685 2116 4757">
    <p class='ocr_par' dir='ltr' id='par_1_83' title="bbox 523 4685 2116 4757">
     <span class='ocr_line' id='line_1_83' title="bbox 523 4685 2116 4757; baseline 0.002 -19"><span class='ocrx_word' id='word_1_640' title='bbox 523 4685 725 4738; x_wconf 83' lang='lat' dir='ltr'><strong>dicabat</strong></span> <span class='ocrx_word' id='word_1_641' title='bbox 757 4687 1098 4757; x_wconf 81' lang='lat' dir='ltr'><strong>(Nest0rius)</strong></span> <span class='ocrx_word' id='word_1_642' title='bbox 1122 4690 1364 4755; x_wconf 79' lang='lat' dir='ltr'><strong>auferens</strong></span> <span class='ocrx_word' id='word_1_643' title='bbox 1393 4686 1775 4742; x_wconf 87' lang='lat' dir='ltr'><strong>Incarnationis</strong></span> <span class='ocrx_word' id='word_1_644' title='bbox 1819 4689 2116 4755; x_wconf 81' lang='lat' dir='ltr'><strong>mysterium</strong></span> 
     </span>
    </p>
   </div>
   <div class='ocr_carea' id='block_1_84' title="bbox 523 4758 2116 4830">
    <p class='ocr_par' dir='ltr' id='par_1_84' title="bbox 523 4758 2116 4830">
     <span class='ocr_line' id='line_1_84' title="bbox 523 4758 2116 4830; baseline 0.002 -21"><span class='ocrx_word' id='word_1_645' title='bbox 523 4766 570 4809; x_wconf 88' lang='lat' dir='ltr'><strong>et</strong></span> <span class='ocrx_word' id='word_1_646' title='bbox 614 4758 743 4830; x_wconf 73' lang='lat' dir='ltr'><strong>illud</strong></span> <span class='ocrx_word' id='word_1_647' title='bbox 788 4774 1037 4830; x_wconf 76' lang='lat' dir='ltr'><strong>evacuans</strong></span> <span class='ocrx_word' id='word_1_648' title='bbox 1062 4799 1077 4820; x_wconf 90' lang='lat'><strong>,</strong></span> <span class='ocrx_word' id='word_1_649' title='bbox 1116 4759 1273 4830; x_wconf 86' lang='lat' dir='ltr'><strong>immo</strong></span> <span class='ocrx_word' id='word_1_650' title='bbox 1303 4758 1436 4812; x_wconf 86' lang='lat' dir='ltr'><strong>illud</strong></span> <span class='ocrx_word' id='word_1_651' title='bbox 1464 4760 1788 4830; x_wconf 78' lang='lat' dir='ltr'><strong>impugnans,</strong></span> <span class='ocrx_word' id='word_1_652' title='bbox 1819 4775 1882 4812; x_wconf 79' lang='lat' dir='ltr'><strong>ea:</strong></span> <span class='ocrx_word' id='word_1_653' title='bbox 1911 4775 2007 4830; x_wconf 82' lang='lat' dir='ltr'><strong>quo</strong></span> <span class='ocrx_word' id='word_1_654' title='bbox 2037 4774 2116 4811; x_wconf 60' lang='lat' dir='ltr'><strong>sec</strong></span> 
     </span>
    </p>
   </div>
   <div class='ocr_carea' id='block_1_85' title="bbox 523 4827 2114 4898">
    <p class='ocr_par' dir='ltr' id='par_1_85' title="bbox 523 4827 2114 4898">
     <span class='ocr_line' id='line_1_85' title="bbox 523 4827 2114 4898; baseline 0.001 -18"><span class='ocrx_word' id='word_1_655' title='bbox 523 4827 748 4880; x_wconf 88' lang='lat' dir='ltr'><strong>cundum</strong></span> <span class='ocrx_word' id='word_1_656' title='bbox 779 4828 1068 4898; x_wconf 86' lang='lat' dir='ltr'><strong>symbolum</strong></span> <span class='ocrx_word' id='word_1_657' title='bbox 1097 4837 1144 4884; x_wconf 85' lang='lat' dir='ltr'><strong>et</strong></span> <span class='ocrx_word' id='word_1_658' title='bbox 1183 4829 1312 4898; x_wconf 77' lang='lat' dir='ltr'><strong>ﬁdes</strong></span> <span class='ocrx_word' id='word_1_659' title='bbox 1357 4841 1403 4883; x_wconf 88' lang='lat' dir='ltr'><strong>et</strong></span> <span class='ocrx_word' id='word_1_660' title='bbox 1451 4827 1819 4883; x_wconf 50' lang='lat' dir='ltr'><strong>salus&#39;nostra</strong></span> <span class='ocrx_word' id='word_1_661' title='bbox 1866 4828 2114 4882; x_wconf 85' lang='lat' dir='ltr'><strong>subsistit.</strong></span> 
     </span>
    </p>
   </div>
   <div class='ocr_carea' id='block_1_86' title="bbox 525 4898 2117 4970">
    <p class='ocr_par' dir='ltr' id='par_1_86' title="bbox 525 4898 2117 4970">
     <span class='ocr_line' id='line_1_86' title="bbox 525 4898 2117 4970; baseline 0.003 -20"><span class='ocrx_word' id='word_1_662' title='bbox 525 4898 634 4970; x_wconf 87' lang='lat' dir='ltr'><strong>Iloc</strong></span> <span class='ocrx_word' id='word_1_663' title='bbox 666 4901 987 4954; x_wconf 81' lang='lat' dir='ltr'><strong>confirmare</strong></span> <span class='ocrx_word' id='word_1_664' title='bbox 1017 4901 1140 4953; x_wconf 89' lang='lat' dir='ltr'><strong>licet</strong></span> <span class='ocrx_word' id='word_1_665' title='bbox 1165 4901 1342 4954; x_wconf 70' lang='lat' dir='ltr'><strong>vi-rbis</strong></span> <span class='ocrx_word' id='word_1_666' title='bbox 1368 4901 1544 4954; x_wconf 79' lang='lat' dir='ltr'><strong>Acacii</strong></span> <span class='ocrx_word' id='word_1_667' title='bbox 1577 4902 1840 4954; x_wconf 71' lang='lat' dir='ltr'><strong>Melitentn</strong></span> <span class='ocrx_word' id='word_1_668' title='bbox 1864 4900 2117 4970; x_wconf 74' lang='lat' dir='ltr'><strong>episcopi</strong></span> 
     </span>
    </p>
   </div>
   <div class='ocr_carea' id='block_1_87' title="bbox 523 4967 2119 5038">
    <p class='ocr_par' dir='ltr' id='par_1_87' title="bbox 523 4967 2119 5038">
     <span class='ocr_line' id='line_1_87' title="bbox 523 4967 2119 5038; baseline 0.002 -17"><span class='ocrx_word' id='word_1_669' title='bbox 523 4967 576 5021; x_wconf 90' lang='lat' dir='ltr'><strong>In</strong></span> <span class='ocrx_word' id='word_1_670' title='bbox 606 4970 832 5022; x_wconf 76' lang='lat' dir='ltr'><strong>concilio</strong></span> <span class='ocrx_word' id='word_1_671' title='bbox 867 4970 1136 5036; x_wconf 83' lang='lat' dir='ltr'><strong>Ephesin</strong></span> <span class='ocrx_word' id='word_1_672' title='bbox 1160 4984 1265 5025; x_wconf 88' lang='lat' dir='ltr'><strong>act.</strong></span> <span class='ocrx_word' id='word_1_673' title='bbox 1301 4974 1320 5024; x_wconf 85' lang='lat' dir='ltr'><strong>l</strong></span> <span class='ocrx_word' id='word_1_674' title='bbox 1360 4986 1477 5035; x_wconf 66' lang='lat' dir='ltr'><strong>pag.</strong></span> <span class='ocrx_word' id='word_1_675' title='bbox 1502 4970 1628 5032; x_wconf 61' lang='lat'><strong>49.5,</strong></span> <span class='ocrx_word' id='word_1_676' title='bbox 1661 4967 1890 5038; x_wconf 87' lang='lat' dir='ltr'><strong>primum</strong></span> <span class='ocrx_word' id='word_1_677' title='bbox 1915 4967 1986 5024; x_wconf 79' lang='lat' dir='ltr'><strong>de</strong></span> <span class='ocrx_word' id='word_1_678' title='bbox 2017 4967 2119 5024; x_wconf 86' lang='lat' dir='ltr'><strong>Ne-</strong></span> 
     </span>
    </p>
   </div>
   <div class='ocr_carea' id='block_1_88' title="bbox 524 5039 2116 5112">
    <p class='ocr_par' dir='ltr' id='par_1_88' title="bbox 524 5039 2116 5112">
     <span class='ocr_line' id='line_1_88' title="bbox 524 5039 2116 5112; baseline 0.001 -21"><span class='ocrx_word' id='word_1_679' title='bbox 524 5039 691 5091; x_wconf 84' lang='lat' dir='ltr'><strong>sturiu</strong></span> <span class='ocrx_word' id='word_1_680' title='bbox 721 5041 798 5094; x_wconf 89' lang='lat' dir='ltr'><strong>sic</strong></span> <span class='ocrx_word' id='word_1_681' title='bbox 831 5042 1116 5109; x_wconf 87' lang='lat' dir='ltr'><strong>loquentis,</strong></span> <span class='ocrx_word' id='word_1_682' title='bbox 1154 5051 1209 5094; x_wconf 90' lang='lat' dir='ltr'><strong>ut</strong></span> <span class='ocrx_word' id='word_1_683' title='bbox 1236 5042 1324 5112; x_wconf 83' lang='lat' dir='ltr'><strong>qui</strong></span> <span class='ocrx_word' id='word_1_684' title='bbox 1345 5043 1544 5094; x_wconf 83' lang='lat' dir='ltr'><strong>divinas</strong></span> <span class='ocrx_word' id='word_1_685' title='bbox 1587 5042 1886 5112; x_wconf 74' lang='lat' dir='ltr'><strong>Scriptura:</strong></span> <span class='ocrx_word' id='word_1_686' title='bbox 1927 5040 2116 5108; x_wconf 87' lang='lat' dir='ltr'><strong>depra-</strong></span> 
     </span>
    </p>
   </div>
   <div class='ocr_carea' id='block_1_89' title="bbox 525 5112 2117 5182">
    <p class='ocr_par' dir='ltr' id='par_1_89' title="bbox 525 5112 2117 5182">
     <span class='ocr_line' id='line_1_89' title="bbox 525 5112 2117 5182; baseline 0.001 -20"><span class='ocrx_word' id='word_1_687' title='bbox 525 5121 756 5176; x_wconf 81' lang='lat' dir='ltr'><strong>vaverat,</strong></span> <span class='ocrx_word' id='word_1_688' title='bbox 779 5123 823 5182; x_wconf 74' lang='lat' dir='ltr'><strong>et</strong></span> <span class='ocrx_word' id='word_1_689' title='bbox 850 5123 1144 5182; x_wconf 81' lang='lat' dir='ltr'><strong>sanctorum</strong></span> <span class='ocrx_word' id='word_1_690' title='bbox 1181 5129 1377 5179; x_wconf 74' lang='lat' dir='ltr'><strong>quoque</strong></span> <span class='ocrx_word' id='word_1_691' title='bbox 1418 5115 1660 5182; x_wconf 87' lang='lat' dir='ltr'><strong>dogmata</strong></span> <span class='ocrx_word' id='word_1_692' title='bbox 1706 5112 2117 5182; x_wconf 68' lang='lat' dir='ltr'><strong>adulteraverat;</strong></span> 
     </span>
    </p>
   </div>
   <div class='ocr_carea' id='block_1_90' title="bbox 526 5179 2118 5251">
    <p class='ocr_par' dir='ltr' id='par_1_90' title="bbox 526 5179 2118 5251">
     <span class='ocr_line' id='line_1_90' title="bbox 526 5179 2118 5251; baseline 0.001 -18"><span class='ocrx_word' id='word_1_693' title='bbox 526 5188 636 5233; x_wconf 89' lang='lat' dir='ltr'><strong>ttttn</strong></span> <span class='ocrx_word' id='word_1_694' title='bbox 673 5182 737 5234; x_wconf 85' lang='lat' dir='ltr'><strong>ad</strong></span> <span class='ocrx_word' id='word_1_695' title='bbox 783 5181 937 5250; x_wconf 79' lang='lat' dir='ltr'><strong>huius</strong></span> <span class='ocrx_word' id='word_1_696' title='bbox 973 5185 1048 5236; x_wconf 89' lang='lat' dir='ltr'><strong>rei</strong></span> <span class='ocrx_word' id='word_1_697' title='bbox 1079 5183 1448 5251; x_wconf 88' lang='lat' dir='ltr'><strong>probationem</strong></span> <span class='ocrx_word' id='word_1_698' title='bbox 1481 5179 1595 5239; x_wconf 67' lang='lat' dir='ltr'><strong>hinc</strong></span> <span class='ocrx_word' id='word_1_699' title='bbox 1625 5183 1960 5250; x_wconf 81' lang='lat' dir='ltr'><strong>subjicientis</strong></span> <span class='ocrx_word' id='word_1_700' title='bbox 1987 5201 2000 5235; x_wconf 89' lang='lat'><strong>:</strong></span> <span class='ocrx_word' id='word_1_701' title='bbox 2031 5179 2118 5236; x_wconf 85' lang='lat' dir='ltr'><strong>Et-</strong></span> 
     </span>
    </p>
   </div>
   <div class='ocr_carea' id='block_1_91' title="bbox 479 5252 2117 5325">
    <p class='ocr_par' dir='ltr' id='par_1_91' title="bbox 479 5252 2117 5325">
     <span class='ocr_line' id='line_1_91' title="bbox 479 5252 2117 5325; baseline 0.001 -20"><span class='ocrx_word' id='word_1_702' title='bbox 479 5321 481 5323; x_wconf 93' lang='lat'><em>_</em></span> <span class='ocrx_word' id='word_1_703' title='bbox 523 5253 660 5325; x_wconf 83' lang='lat' dir='ltr'><strong>enim</strong></span> <span class='ocrx_word' id='word_1_704' title='bbox 681 5253 897 5324; x_wconf 85' lang='lat' dir='ltr'><strong>epistola</strong></span> <span class='ocrx_word' id='word_1_705' title='bbox 926 5252 1069 5306; x_wconf 82' lang='lat' dir='ltr'><strong>illius</strong></span> <span class='ocrx_word' id='word_1_706' title='bbox 1096 5269 1210 5322; x_wconf 78' lang='lat' dir='ltr'><strong>quae</strong></span> <span class='ocrx_word' id='word_1_707' title='bbox 1238 5255 1396 5325; x_wconf 83' lang='lat' dir='ltr'><strong>paulo</strong></span> <span class='ocrx_word' id='word_1_708' title='bbox 1421 5262 1539 5309; x_wconf 86' lang='lat' dir='ltr'><strong>ante</strong></span> <span class='ocrx_word' id='word_1_709' title='bbox 1566 5257 1778 5308; x_wconf 87' lang='lat' dir='ltr'><strong>recitata</strong></span> <span class='ocrx_word' id='word_1_710' title='bbox 1791 5264 1881 5321; x_wconf 85' lang='lat' dir='ltr'><strong>est,</strong></span> <span class='ocrx_word' id='word_1_711' title='bbox 1901 5255 2117 5325; x_wconf 81' lang='lat' dir='ltr'><strong>apertis-</strong></span> 
     </span>
    </p>
   </div>
   <div class='ocr_carea' id='block_1_92' title="bbox 466 5323 2118 5396">
    <p class='ocr_par' dir='ltr' id='par_1_92' title="bbox 466 5323 2118 5396">
     <span class='ocr_line' id='line_1_92' title="bbox 466 5323 2118 5396; baseline 0.002 -22"><span class='ocrx_word' id='word_1_712' title='bbox 466 5331 486 5374; x_wconf 68' lang='grc' dir='ltr'><strong>’ζ</strong></span> <span class='ocrx_word' id='word_1_713' title='bbox 524 5324 650 5396; x_wconf 56' lang='lat' dir='ltr'><strong>{inte</strong></span> <span class='ocrx_word' id='word_1_714' title='bbox 676 5323 866 5380; x_wconf 83' lang='lat' dir='ltr'><strong>iudicat</strong></span> <span class='ocrx_word' id='word_1_715' title='bbox 893 5326 1031 5396; x_wconf 83' lang='lat' dir='ltr'><strong>quod</strong></span> <span class='ocrx_word' id='word_1_716' title='bbox 1056 5323 1256 5380; x_wconf 80' lang='lat' dir='ltr'><strong>vocibus</strong></span> <span class='ocrx_word' id='word_1_717' title='bbox 1279 5325 1460 5396; x_wconf 80' lang='lat' dir='ltr'><strong>quibus</strong></span> <span class='ocrx_word' id='word_1_718' title='bbox 1484 5327 1548 5380; x_wconf 90' lang='lat' dir='ltr'><strong>de</strong></span> <span class='ocrx_word' id='word_1_719' title='bbox 1569 5327 1834 5394; x_wconf 81' lang='lat' dir='ltr'><strong>unigenito</strong></span> <span class='ocrx_word' id='word_1_720' title='bbox 1864 5325 1954 5378; x_wconf 84' lang='lat' dir='ltr'><strong>Dei</strong></span> <span class='ocrx_word' id='word_1_721' title='bbox 1982 5323 2118 5378; x_wconf 78' lang='lat' dir='ltr'><strong>Filio</strong></span> 
     </span>
    </p>
   </div>
   <div class='ocr_carea' id='block_1_93' title="bbox 524 5392 2119 5468">
    <p class='ocr_par' dir='ltr' id='par_1_93' title="bbox 524 5392 2119 5468">
     <span class='ocr_line' id='line_1_93' title="bbox 524 5392 2119 5468; baseline 0.001 -21"><span class='ocrx_word' id='word_1_722' title='bbox 675 5407 846 5468; x_wconf 81' lang='lat' dir='ltr'><strong>patres</strong></span> <span class='ocrx_word' id='word_1_723' title='bbox 886 5404 932 5449; x_wconf 87' lang='lat' dir='ltr'><strong>ct</strong></span> <span class='ocrx_word' id='word_1_724' title='bbox 972 5393 1135 5468; x_wconf 74' lang='lat' dir='ltr'><strong>divini</strong></span> <span class='ocrx_word' id='word_1_725' title='bbox 1171 5392 1394 5467; x_wconf 76' lang='lat' dir='ltr'><strong>episcOpi</strong></span> <span class='ocrx_word' id='word_1_726' title='bbox 1421 5415 1517 5452; x_wconf 87' lang='lat' dir='ltr'><strong>suo</strong></span> <span class='ocrx_word' id='word_1_727' title='bbox 1548 5399 1600 5450; x_wconf 88' lang='lat' dir='ltr'><strong>in</strong></span> <span class='ocrx_word' id='word_1_728' title='bbox 1631 5392 1860 5468; x_wconf 75' lang='lat' dir='ltr'><strong>symbolo</strong></span> <span class='ocrx_word' id='word_1_729' title='bbox 1894 5398 1973 5449; x_wconf 86' lang='lat' dir='ltr'><strong>usi</strong></span> <span class='ocrx_word' id='word_1_730' title='bbox 2000 5405 2119 5450; x_wconf 88' lang='lat' dir='ltr'><strong>sunt</strong></span> 
     </span>
    </p>
   </div>
   <div class='ocr_carea' id='block_1_94' title="bbox 524 5463 2118 5538">
    <p class='ocr_par' dir='ltr' id='par_1_94' title="bbox 524 5463 2118 5538">
     <span class='ocr_line' id='line_1_94' title="bbox 524 5463 2118 5538; baseline 0.003 -22"><span class='ocrx_word' id='word_1_731' title='bbox 524 5463 733 5538; x_wconf 85' lang='lat' dir='ltr'><strong>ablatis,</strong></span> <span class='ocrx_word' id='word_1_732' title='bbox 759 5477 806 5520; x_wconf 90' lang='lat' dir='ltr'><strong>et</strong></span> <span class='ocrx_word' id='word_1_733' title='bbox 827 5484 941 5537; x_wconf 76' lang='lat' dir='ltr'><strong>qua:</strong></span> <span class='ocrx_word' id='word_1_734' title='bbox 962 5467 1031 5520; x_wconf 87' lang='lat' dir='ltr'><strong>ad</strong></span> <span class='ocrx_word' id='word_1_735' title='bbox 1057 5463 1295 5522; x_wconf 74' lang='lat' dir='ltr'><strong>salutaris</strong></span> <span class='ocrx_word' id='word_1_736' title='bbox 1322 5468 1461 5522; x_wconf 86' lang='lat' dir='ltr'><strong>illius</strong></span> <span class='ocrx_word' id='word_1_737' title='bbox 1488 5463 1886 5538; x_wconf 58' lang='lat' dir='ltr'><strong>dispensationis</strong></span> <span class='ocrx_word' id='word_1_738' title='bbox 1934 5475 2118 5538; x_wconf 86' lang='lat' dir='ltr'><strong>myste-</strong></span> 
     </span>
    </p>
   </div>
   <div class='ocr_carea' id='block_1_95' title="bbox 525 5537 2118 5610">
    <p class='ocr_par' dir='ltr' id='par_1_95' title="bbox 525 5537 2118 5610">
     <span class='ocr_line' id='line_1_95' title="bbox 525 5537 2118 5610; baseline 0 -21"><span class='ocrx_word' id='word_1_739' title='bbox 525 5537 658 5589; x_wconf 84' lang='lat' dir='ltr'><strong>rium</strong></span> <span class='ocrx_word' id='word_1_740' title='bbox 678 5539 899 5610; x_wconf 84' lang='lat' dir='ltr'><strong>pertinet</strong></span> <span class='ocrx_word' id='word_1_741' title='bbox 925 5540 1022 5591; x_wconf 89' lang='lat' dir='ltr'><strong>soli</strong></span> <span class='ocrx_word' id='word_1_742' title='bbox 1052 5539 1190 5592; x_wconf 83' lang='lat' dir='ltr'><strong>carni</strong></span> <span class='ocrx_word' id='word_1_743' title='bbox 1229 5539 1456 5605; x_wconf 85' lang='lat' dir='ltr'><strong>tributis,</strong></span> <span class='ocrx_word' id='word_1_744' title='bbox 1499 5541 1696 5593; x_wconf 85' lang='lat' dir='ltr'><strong>nudum</strong></span> <span class='ocrx_word' id='word_1_745' title='bbox 1736 5537 1832 5593; x_wconf 75' lang='lat' dir='ltr'><strong>Dei</strong></span> <span class='ocrx_word' id='word_1_746' title='bbox 1871 5537 2118 5610; x_wconf 66' lang='lat' dir='ltr'><strong>templum</strong></span> 
     </span>
    </p>
   </div>
   <div class='ocr_carea' id='block_1_96' title="bbox 529 5608 2120 5681">
    <p class='ocr_par' dir='ltr' id='par_1_96' title="bbox 529 5608 2120 5681">
     <span class='ocr_line' id='line_1_96' title="bbox 529 5608 2120 5681; baseline 0.003 -23"><span class='ocrx_word' id='word_1_747' title='bbox 529 5609 913 5681; x_wconf 79' lang='lat' dir='ltr'><strong>nativitatentet</strong></span> <span class='ocrx_word' id='word_1_748' title='bbox 944 5619 1156 5681; x_wconf 56' lang='lat' dir='ltr'><strong>mortem</strong></span> <span class='ocrx_word' id='word_1_749' title='bbox 1193 5611 1490 5664; x_wconf 85' lang='lat' dir='ltr'><strong>sustinuisse</strong></span> <span class='ocrx_word' id='word_1_750' title='bbox 1529 5611 1843 5681; x_wconf 65' lang='lat' dir='ltr'><strong>praedicarit.</strong></span> <span class='ocrx_word' id='word_1_751' title='bbox 1889 5608 1981 5668; x_wconf 9' lang='lat' dir='ltr'><strong>Ital</strong></span> <span class='ocrx_word' id='word_1_752' title='bbox 2017 5609 2120 5681; x_wconf 86' lang='lat' dir='ltr'><strong>ipsi</strong></span> 
     </span>
    </p>
   </div>
   <div class='ocr_carea' id='block_1_97' title="bbox 531 5678 2117 5750">
    <p class='ocr_par' dir='ltr' id='par_1_97' title="bbox 531 5678 2117 5750">
     <span class='ocr_line' id='line_1_97' title="bbox 531 5678 2117 5750; baseline 0.004 -22"><span class='ocrx_word' id='word_1_753' title='bbox 531 5690 727 5742; x_wconf 75' lang='lat' dir='ltr'><strong>mque</strong></span> <span class='ocrx_word' id='word_1_754' title='bbox 755 5679 943 5734; x_wconf 70' lang='lat' dir='ltr'><strong>divina:</strong></span> <span class='ocrx_word' id='word_1_755' title='bbox 969 5678 1252 5745; x_wconf 74' lang='lat' dir='ltr'><strong>Scriptum</strong></span> <span class='ocrx_word' id='word_1_756' title='bbox 1288 5678 1589 5734; x_wconf 83' lang='lat' dir='ltr'><strong>sententiam</strong></span> <span class='ocrx_word' id='word_1_757' title='bbox 1621 5683 1753 5736; x_wconf 78' lang='lat' dir='ltr'><strong>hanc</strong></span> <span class='ocrx_word' id='word_1_758' title='bbox 1780 5681 1916 5750; x_wconf 81' lang='lat' dir='ltr'><strong>[also</strong></span> <span class='ocrx_word' id='word_1_759' title='bbox 1952 5679 2117 5736; x_wconf 87' lang='lat' dir='ltr'><strong>ascri-</strong></span> 
     </span>
    </p>
   </div>
   <div class='ocr_carea' id='block_1_98' title="bbox 2142 4579 2192 4638">
    <p class='ocr_par' dir='ltr' id='par_1_98' title="bbox 2142 4579 2192 4638">
     <span class='ocr_line' id='line_1_98' title="bbox 2142 4579 2192 4638; baseline 0 0"><span class='ocrx_word' id='word_1_760' title='bbox 2142 4579 2192 4638; x_wconf 88' lang='lat' dir='ltr'><strong>D</strong></span> 
     </span>
    </p>
   </div>
   <div class='ocr_carea' id='block_1_99' title="bbox 2209 3262 3804 3335">
    <p class='ocr_par' dir='ltr' id='par_1_99' title="bbox 2209 3262 3804 3335">
     <span class='ocr_line' id='line_1_99' title="bbox 2209 3262 3804 3335; baseline -0.007 -11"><span class='ocrx_word' id='word_1_761' title='bbox 2209 3262 2408 3324; x_wconf 69' lang='lat' dir='ltr'><strong>Nicasni</strong></span> <span class='ocrx_word' id='word_1_762' title='bbox 2441 3280 2494 3322; x_wconf 78' lang='lat' dir='ltr'><strong>et</strong></span> <span class='ocrx_word' id='word_1_763' title='bbox 2522 3268 2810 3335; x_wconf 71' lang='lat' dir='ltr'><strong>Scriptura:</strong></span> <span class='ocrx_word' id='word_1_764' title='bbox 2839 3281 3010 3320; x_wconf 65' lang='lat' dir='ltr'><strong>sacrae</strong></span> <span class='ocrx_word' id='word_1_765' title='bbox 3037 3265 3474 3334; x_wconf 62' lang='lat' dir='ltr'><strong>depravationem</strong></span> <span class='ocrx_word' id='word_1_766' title='bbox 3513 3262 3804 3335; x_wconf 81' lang='lat' dir='ltr'><strong>apertissi-</strong></span> 
     </span>
    </p>
   </div>
   <div class='ocr_carea' id='block_1_100' title="bbox 2209 3333 3794 3406">
    <p class='ocr_par' dir='ltr' id='par_1_100' title="bbox 2209 3333 3794 3406">
     <span class='ocr_line' id='line_1_100' title="bbox 2209 3333 3794 3406; baseline -0.006 -12"><span class='ocrx_word' id='word_1_767' title='bbox 2209 3357 2350 3394; x_wconf 83' lang='lat' dir='ltr'><strong>mam</strong></span> <span class='ocrx_word' id='word_1_768' title='bbox 2400 3333 2792 3396; x_wconf 77' lang='lat' dir='ltr'><strong>esseasserit.</strong></span> <span class='ocrx_word' id='word_1_769' title='bbox 2828 3353 2930 3390; x_wconf 90' lang='lat' dir='ltr'><strong>non</strong></span> <span class='ocrx_word' id='word_1_770' title='bbox 2969 3333 3157 3390; x_wconf 86' lang='lat' dir='ltr'><strong>vocum</strong></span> <span class='ocrx_word' id='word_1_771' title='bbox 3188 3335 3441 3406; x_wconf 76' lang='lat' dir='ltr'><strong>syllabas,</strong></span> <span class='ocrx_word' id='word_1_772' title='bbox 3465 3333 3794 3406; x_wconf 75' lang='lat' dir='ltr'><strong>_sed_genui-</strong></span> 
     </span>
    </p>
   </div>
   <div class='ocr_carea' id='block_1_101' title="bbox 2208 3402 3794 3479">
    <p class='ocr_par' dir='ltr' id='par_1_101' title="bbox 2208 3402 3794 3479">
     <span class='ocr_line' id='line_1_101' title="bbox 2208 3402 3794 3479; baseline -0.006 -14"><span class='ocrx_word' id='word_1_773' title='bbox 2208 3425 2332 3465; x_wconf 73' lang='lat' dir='ltr'><strong>nam</strong></span> <span class='ocrx_word' id='word_1_774' title='bbox 2377 3427 2560 3464; x_wconf 84' lang='lat' dir='ltr'><strong>earum</strong></span> <span class='ocrx_word' id='word_1_775' title='bbox 2603 3408 3016 3479; x_wconf 69' lang='lat' dir='ltr'><strong>intell?gentiatn</strong></span> <span class='ocrx_word' id='word_1_776' title='bbox 3051 3411 3163 3460; x_wconf 86' lang='lat' dir='ltr'><strong>sive</strong></span> <span class='ocrx_word' id='word_1_777' title='bbox 3205 3402 3232 3457; x_wconf 73' lang='lat' dir='ltr'><strong>:i</strong></span> <span class='ocrx_word' id='word_1_778' title='bbox 3274 3403 3517 3479; x_wconf 72' lang='lat' dir='ltr'><strong>Sytllbtlio</strong></span> <span class='ocrx_word' id='word_1_779' title='bbox 3554 3402 3794 3479; x_wconf 64' lang='lat' dir='ltr'><strong>Niceno,</strong></span> 
     </span>
    </p>
   </div>
   <div class='ocr_carea' id='block_1_102' title="bbox 2208 3475 3805 3547">
    <p class='ocr_par' dir='ltr' id='par_1_102' title="bbox 2208 3475 3805 3547">
     <span class='ocr_line' id='line_1_102' title="bbox 2208 3475 3805 3547; baseline -0.004 -13"><span class='ocrx_word' id='word_1_780' title='bbox 2208 3483 2322 3534; x_wconf 84' lang='lat' dir='ltr'><strong>sive</strong></span> <span class='ocrx_word' id='word_1_781' title='bbox 2353 3496 2378 3532; x_wconf 89' lang='lat' dir='ltr'><strong>a</strong></span> <span class='ocrx_word' id='word_1_782' title='bbox 2411 3483 2591 3533; x_wconf 87' lang='lat' dir='ltr'><strong>divina</strong></span> <span class='ocrx_word' id='word_1_783' title='bbox 2621 3475 2893 3547; x_wconf 71' lang='lat' dir='ltr'><strong>Scriptura</strong></span> <span class='ocrx_word' id='word_1_784' title='bbox 2925 3477 3121 3531; x_wconf 85' lang='lat' dir='ltr'><strong>auferri</strong></span> <span class='ocrx_word' id='word_1_785' title='bbox 3164 3478 3504 3547; x_wconf 79' lang='lat' dir='ltr'><strong>perspicuum</strong></span> <span class='ocrx_word' id='word_1_786' title='bbox 3541 3486 3654 3530; x_wconf 81' lang='lat' dir='ltr'><strong>est.</strong></span> <span class='ocrx_word' id='word_1_787' title='bbox 3696 3475 3805 3544; x_wconf 88' lang='lat' dir='ltr'><strong>Ipse</strong></span> 
     </span>
    </p>
   </div>
   <div class='ocr_carea' id='block_1_103' title="bbox 2208 3546 3799 3606">
    <p class='ocr_par' dir='ltr' id='par_1_103' title="bbox 2208 3546 3799 3606">
     <span class='ocr_line' id='line_1_103' title="bbox 2208 3546 3799 3606; baseline -0.004 0"><span class='ocrx_word' id='word_1_788' title='bbox 2208 3554 2368 3606; x_wconf 89' lang='lat' dir='ltr'><strong>etiam</strong></span> <span class='ocrx_word' id='word_1_789' title='bbox 2405 3553 2632 3606; x_wconf 81' lang='lat' dir='ltr'><strong>Aeacius</strong></span> <span class='ocrx_word' id='word_1_790' title='bbox 2673 3552 2724 3605; x_wconf 92' lang='lat' dir='ltr'><strong>in</strong></span> <span class='ocrx_word' id='word_1_791' title='bbox 2762 3550 2936 3605; x_wconf 85' lang='lat' dir='ltr'><strong>verbis</strong></span> <span class='ocrx_word' id='word_1_792' title='bbox 2963 3549 3148 3604; x_wconf 87' lang='lat' dir='ltr'><strong>relatis</strong></span> <span class='ocrx_word' id='word_1_793' title='bbox 3167 3546 3332 3603; x_wconf 80' lang='lat' dir='ltr'><strong>suam</strong></span> <span class='ocrx_word' id='word_1_794' title='bbox 3364 3561 3426 3601; x_wconf 87' lang='lat' dir='ltr'><strong>ea</strong></span> <span class='ocrx_word' id='word_1_795' title='bbox 3453 3546 3522 3600; x_wconf 86' lang='lat' dir='ltr'><strong>de</strong></span> <span class='ocrx_word' id='word_1_796' title='bbox 3553 3561 3622 3600; x_wconf 88' lang='lat' dir='ltr'><strong>re</strong></span> <span class='ocrx_word' id='word_1_797' title='bbox 3655 3561 3799 3600; x_wconf 83' lang='lat' dir='ltr'><strong>men-</strong></span> 
     </span>
    </p>
   </div>
   <div class='ocr_carea' id='block_1_104' title="bbox 2212 3623 2763 3692">
    <p class='ocr_par' dir='ltr' id='par_1_104' title="bbox 2212 3623 2763 3692">
     <span class='ocr_line' id='line_1_104' title="bbox 2212 3623 2763 3692; baseline -0.004 -16"><span class='ocrx_word' id='word_1_798' title='bbox 2212 3633 2314 3678; x_wconf 87' lang='lat' dir='ltr'><strong>tem</strong></span> <span class='ocrx_word' id='word_1_799' title='bbox 2351 3626 2480 3678; x_wconf 79' lang='lat' dir='ltr'><strong>satis</strong></span> <span class='ocrx_word' id='word_1_800' title='bbox 2510 3623 2763 3692; x_wconf 76' lang='lat' dir='ltr'><strong>explicat.</strong></span> 
     </span>
    </p>
   </div>
   <div class='ocr_carea' id='block_1_105' title="bbox 2210 3688 3808 3821">
    <p class='ocr_par' dir='ltr' id='par_1_105' title="bbox 2210 3688 3808 3821">
     <span class='ocr_line' id='line_1_105' title="bbox 2210 3688 3808 3821; baseline -0.003 -74"><span class='ocrx_word' id='word_1_801' title='bbox 2210 3763 2241 3821; x_wconf 66' lang='grc' dir='ltr'>δ</span> <span class='ocrx_word' id='word_1_802' title='bbox 2271 3693 2480 3821; x_wconf 54' lang='lat' dir='ltr'><strong>:9Untts</strong></span> <span class='ocrx_word' id='word_1_803' title='bbox 2503 3688 2605 3748; x_wconf 82' lang='lat' dir='ltr'><strong>ms.</strong></span> <span class='ocrx_word' id='word_1_804' title='bbox 2629 3694 2786 3764; x_wconf 79' lang='lat' dir='ltr'><strong>Reg.,</strong></span> <span class='ocrx_word' id='word_1_805' title='bbox 2801 3699 3048 3769; x_wconf 78' lang='grc' dir='ltr'>στροφαῖς</span> <span class='ocrx_word' id='word_1_806' title='bbox 3071 3690 3346 3768; x_wconf 77' lang='grc' dir='ltr'>προῆλθες;</span> <span class='ocrx_word' id='word_1_807' title='bbox 3375 3688 3533 3756; x_wconf 87' lang='lat' dir='ltr'><strong>alter,</strong></span> <span class='ocrx_word' id='word_1_808' title='bbox 3555 3697 3808 3765; x_wconf 78' lang='grc' dir='ltr'>στροφαῖς</span> 
     </span>
     <span class='ocr_line' id='line_1_106' title="bbox 2246 3785 2423 3821; baseline -0.011 0"><span class='ocrx_word' id='word_1_809' title='bbox 2246 3785 2324 3821; x_wconf 79' lang='lat' dir='ltr'><strong>tm.</strong></span> <span class='ocrx_word' id='word_1_810' title='bbox 2353 3787 2423 3821; x_wconf 82' lang='grc' dir='ltr'><strong>ες.</strong></span> 
     </span>
    </p>
   </div>
   <div class='ocr_carea' id='block_1_106' title="bbox 2246 3767 2423 3827">
    <p class='ocr_par' dir='ltr' id='par_1_106' title="bbox 2246 3767 2423 3827">
     <span class='ocr_line' id='line_1_107' title="bbox 2246 3767 2423 3827; baseline -0.017 -6"><span class='ocrx_word' id='word_1_811' title='bbox 2246 3767 2423 3827; x_wconf 82' lang='grc' dir='ltr'>ιῆλθες.</span> 
     </span>
    </p>
   </div>
   <div class='ocr_carea' id='block_1_107' title="bbox 2285 3837 3064 3904">
    <p class='ocr_par' dir='ltr' id='par_1_107' title="bbox 2285 3837 3064 3904">
     <span class='ocr_line' id='line_1_108' title="bbox 2285 3837 3064 3904; baseline -0.006 -13"><span class='ocrx_word' id='word_1_812' title='bbox 2285 3849 2307 3878; x_wconf 75' lang='grc' dir='ltr'><strong><em>ο</em></strong></span> <span class='ocrx_word' id='word_1_813' title='bbox 2344 3840 2469 3904; x_wconf 79' lang='lat' dir='ltr'><strong>Leg.</strong></span> <span class='ocrx_word' id='word_1_814' title='bbox 2498 3837 2624 3891; x_wconf 79' lang='grc' dir='ltr'>θέλω</span> <span class='ocrx_word' id='word_1_815' title='bbox 2649 3855 2709 3890; x_wconf 87' lang='grc' dir='ltr'><strong>σε</strong></span> <span class='ocrx_word' id='word_1_816' title='bbox 2735 3841 2888 3892; x_wconf 81' lang='grc' dir='ltr'>τοῦτο</span> <span class='ocrx_word' id='word_1_817' title='bbox 2915 3840 3064 3890; x_wconf 77' lang='grc' dir='ltr'>νοεῖν.</span> 
     </span>
    </p>
   </div>
   <div class='ocr_carea' id='block_1_108' title="bbox 2281 3900 3806 3976">
    <p class='ocr_par' dir='ltr' id='par_1_108' title="bbox 2281 3900 3806 3976">
     <span class='ocr_line' id='line_1_109' title="bbox 2281 3900 3806 3976; baseline -0.003 -16"><span class='ocrx_word' id='word_1_818' title='bbox 2281 3904 2308 3943; x_wconf 67' lang='grc' dir='ltr'>τι</span> <span class='ocrx_word' id='word_1_819' title='bbox 2339 3900 2454 3974; x_wconf 61' lang='lat' dir='ltr'><strong>Ipso</strong></span> <span class='ocrx_word' id='word_1_820' title='bbox 2483 3907 2718 3976; x_wconf 82' lang='lat' dir='ltr'><strong>Cyrillus</strong></span> <span class='ocrx_word' id='word_1_821' title='bbox 2761 3908 2844 3960; x_wconf 89' lang='lat' dir='ltr'><strong>his</strong></span> <span class='ocrx_word' id='word_1_822' title='bbox 2883 3907 3170 3976; x_wconf 88' lang='lat' dir='ltr'><strong>obsecutus</strong></span> <span class='ocrx_word' id='word_1_823' title='bbox 3209 3901 3329 3956; x_wconf 89' lang='lat' dir='ltr'><strong>huic</strong></span> <span class='ocrx_word' id='word_1_824' title='bbox 3359 3900 3657 3976; x_wconf 57' lang='lat' dir='ltr'><strong>pmlestini</strong></span> <span class='ocrx_word' id='word_1_825' title='bbox 3697 3904 3806 3972; x_wconf 84' lang='lat' dir='ltr'><strong>epi-</strong></span> 
     </span>
    </p>
   </div>
   <div class='ocr_carea' id='block_1_109' title="bbox 2209 3975 3802 4048">
    <p class='ocr_par' dir='ltr' id='par_1_109' title="bbox 2209 3975 3802 4048">
     <span class='ocr_line' id='line_1_110' title="bbox 2209 3975 3802 4048; baseline -0.002 -16"><span class='ocrx_word' id='word_1_826' title='bbox 2209 3978 2364 4033; x_wconf 80' lang='lat' dir='ltr'><strong>stolae</strong></span> <span class='ocrx_word' id='word_1_827' title='bbox 2395 3975 2641 4048; x_wconf 88' lang='lat' dir='ltr'><strong>adjuncta</strong></span> <span class='ocrx_word' id='word_1_828' title='bbox 2673 3976 2910 4048; x_wconf 85' lang='lat' dir='ltr'><strong>propria,</strong></span> <span class='ocrx_word' id='word_1_829' title='bbox 2941 3992 3059 4044; x_wconf 69' lang='lat' dir='ltr'><strong>qua:</strong></span> <span class='ocrx_word' id='word_1_830' title='bbox 3091 3975 3318 4048; x_wconf 80' lang='lat' dir='ltr'><strong>habetur</strong></span> <span class='ocrx_word' id='word_1_831' title='bbox 3350 3975 3802 4048; x_wconf 28' lang='lat' dir='ltr'><strong>EphesaConcil.</strong></span> 
     </span>
    </p>
   </div>
   <div class='ocr_carea' id='block_1_110' title="bbox 2211 4047 3806 4117">
    <p class='ocr_par' dir='ltr' id='par_1_110' title="bbox 2211 4047 3806 4117">
     <span class='ocr_line' id='line_1_111' title="bbox 2211 4047 3806 4117; baseline 0.002 -21"><span class='ocrx_word' id='word_1_832' title='bbox 2211 4060 2349 4116; x_wconf 82' lang='lat' dir='ltr'><strong>part.</strong></span> <span class='ocrx_word' id='word_1_833' title='bbox 2383 4063 2398 4101; x_wconf 85' lang='grc' dir='ltr'><strong>ι</strong></span> <span class='ocrx_word' id='word_1_834' title='bbox 2429 4063 2477 4101; x_wconf 90' lang='lat' dir='ltr'><strong>c.</strong></span> <span class='ocrx_word' id='word_1_835' title='bbox 2510 4048 2612 4105; x_wconf 75' lang='lat'><strong>26.</strong></span> <span class='ocrx_word' id='word_1_836' title='bbox 2656 4047 2963 4102; x_wconf 85' lang='lat' dir='ltr'><strong>Nestorium</strong></span> <span class='ocrx_word' id='word_1_837' title='bbox 3014 4047 3262 4101; x_wconf 90' lang='lat' dir='ltr'><strong>convenit.</strong></span> <span class='ocrx_word' id='word_1_838' title='bbox 3309 4055 3469 4114; x_wconf 89' lang='lat' dir='ltr'><strong>atque</strong></span> <span class='ocrx_word' id='word_1_839' title='bbox 3515 4047 3806 4117; x_wconf 82' lang='lat' dir='ltr'><strong>alloquitur</strong></span> 
     </span>
    </p>
   </div>
   <div class='ocr_carea' id='block_1_111' title="bbox 2213 4118 3807 4190">
    <p class='ocr_par' dir='ltr' id='par_1_111' title="bbox 2213 4118 3807 4190">
     <span class='ocr_line' id='line_1_112' title="bbox 2213 4118 3807 4190; baseline -0.001 -17"><span class='ocrx_word' id='word_1_840' title='bbox 2213 4119 2300 4173; x_wconf 88' lang='lat' dir='ltr'><strong>his</strong></span> <span class='ocrx_word' id='word_1_841' title='bbox 2330 4119 2508 4172; x_wconf 77' lang='lat' dir='ltr'><strong>verbis</strong></span> <span class='ocrx_word' id='word_1_842' title='bbox 2533 4135 2547 4172; x_wconf 91' lang='lat'><strong>:</strong></span> <span class='ocrx_word' id='word_1_843' title='bbox 2582 4120 2714 4174; x_wconf 82' lang='lat' dir='ltr'><strong>Ecce</strong></span> <span class='ocrx_word' id='word_1_844' title='bbox 2740 4121 2898 4190; x_wconf 84' lang='lat' dir='ltr'><strong>igitur</strong></span> <span class='ocrx_word' id='word_1_845' title='bbox 2926 4135 3031 4172; x_wconf 87' lang='lat' dir='ltr'><strong>una</strong></span> <span class='ocrx_word' id='word_1_846' title='bbox 3055 4133 3171 4172; x_wconf 86' lang='lat' dir='ltr'><strong>cum</strong></span> <span class='ocrx_word' id='word_1_847' title='bbox 3201 4127 3378 4190; x_wconf 82' lang='lat' dir='ltr'><strong>sancta</strong></span> <span class='ocrx_word' id='word_1_848' title='bbox 3412 4118 3615 4186; x_wconf 79' lang='lat' dir='ltr'><strong>synodo</strong></span> <span class='ocrx_word' id='word_1_849' title='bbox 3645 4160 3658 4180; x_wconf 93' lang='lat'><strong>,</strong></span> <span class='ocrx_word' id='word_1_850' title='bbox 3699 4132 3807 4185; x_wconf 68' lang='lat' dir='ltr'><strong>qua</strong></span> 
     </span>
    </p>
   </div>
   <div class='ocr_carea' id='block_1_112' title="bbox 2209 4188 3808 4260">
    <p class='ocr_par' dir='ltr' id='par_1_112' title="bbox 2209 4188 3808 4260">
     <span class='ocr_line' id='line_1_113' title="bbox 2209 4188 3808 4260; baseline -0.002 -17"><span class='ocrx_word' id='word_1_851' title='bbox 2209 4191 2264 4243; x_wconf 89' lang='lat' dir='ltr'><strong>in</strong></span> <span class='ocrx_word' id='word_1_852' title='bbox 2290 4205 2478 4260; x_wconf 82' lang='lat' dir='ltr'><strong>magna</strong></span> <span class='ocrx_word' id='word_1_853' title='bbox 2507 4188 2860 4246; x_wconf 81' lang='lat' dir='ltr'><strong>Romanorum</strong></span> <span class='ocrx_word' id='word_1_854' title='bbox 2887 4191 3086 4243; x_wconf 79' lang='lat' dir='ltr'><strong>civitate</strong></span> <span class='ocrx_word' id='word_1_855' title='bbox 3127 4188 3449 4241; x_wconf 79' lang='lat' dir='ltr'><strong>sanctissimo</strong></span> <span class='ocrx_word' id='word_1_856' title='bbox 3493 4197 3808 4260; x_wconf 79' lang='lat' dir='ltr'><strong>et_rereren-</strong></span> 
     </span>
    </p>
   </div>
   <div class='ocr_carea' id='block_1_113' title="bbox 2211 4255 3802 4333">
    <p class='ocr_par' dir='ltr' id='par_1_113' title="bbox 2211 4255 3802 4333">
     <span class='ocr_line' id='line_1_114' title="bbox 2211 4255 3802 4333; baseline -0.002 -18"><span class='ocrx_word' id='word_1_857' title='bbox 2211 4255 2419 4333; x_wconf 68' lang='lat' dir='ltr'><strong>dissinio</strong></span> <span class='ocrx_word' id='word_1_858' title='bbox 2442 4264 2677 4333; x_wconf 85' lang='lat' dir='ltr'><strong>episcopo</strong></span> <span class='ocrx_word' id='word_1_859' title='bbox 2703 4262 2862 4329; x_wconf 76' lang='lat' dir='ltr'><strong>fratre</strong></span> <span class='ocrx_word' id='word_1_860' title='bbox 2882 4269 2931 4314; x_wconf 88' lang='lat' dir='ltr'><strong>et</strong></span> <span class='ocrx_word' id='word_1_861' title='bbox 2955 4261 3299 4333; x_wconf 82' lang='lat' dir='ltr'><strong>comministro</strong></span> <span class='ocrx_word' id='word_1_862' title='bbox 3329 4268 3502 4333; x_wconf 75' lang='lat' dir='ltr'><strong>nostra</strong></span> <span class='ocrx_word' id='word_1_863' title='bbox 3525 4255 3802 4315; x_wconf 65' lang='lat' dir='ltr'><strong>Celestino</strong></span> 
     </span>
    </p>
   </div>
   <div class='ocr_carea' id='block_1_114' title="bbox 2212 4327 3806 4403">
    <p class='ocr_par' dir='ltr' id='par_1_114' title="bbox 2212 4327 3806 4403">
     <span class='ocr_line' id='line_1_115' title="bbox 2212 4327 3806 4403; baseline 0.001 -22"><span class='ocrx_word' id='word_1_864' title='bbox 2212 4327 2511 4403; x_wconf 72' lang='lat' dir='ltr'><strong>prwsidente</strong></span> <span class='ocrx_word' id='word_1_865' title='bbox 2539 4327 2788 4390; x_wconf 77' lang='lat' dir='ltr'><strong>convenit,</strong></span> <span class='ocrx_word' id='word_1_866' title='bbox 2809 4334 2921 4402; x_wconf 89' lang='lat' dir='ltr'><strong>jam</strong></span> <span class='ocrx_word' id='word_1_867' title='bbox 2935 4346 3146 4403; x_wconf 53' lang='lat' dir='ltr'><strong>IEBTIO</strong></span> <span class='ocrx_word' id='word_1_868' title='bbox 3170 4329 3248 4381; x_wconf 81' lang='lat' dir='ltr'><strong>Itis</strong></span> <span class='ocrx_word' id='word_1_869' title='bbox 3275 4337 3323 4382; x_wconf 89' lang='lat' dir='ltr'><strong>te</strong></span> <span class='ocrx_word' id='word_1_870' title='bbox 3345 4327 3527 4403; x_wconf 77' lang='lat' dir='ltr'><strong>litteris</strong></span> <span class='ocrx_word' id='word_1_871' title='bbox 3552 4340 3806 4383; x_wconf 82' lang='lat' dir='ltr'><strong>contesta-</strong></span> 
     </span>
    </p>
   </div>
   <div class='ocr_carea' id='block_1_115' title="bbox 2212 4400 3806 4469">
    <p class='ocr_par' dir='ltr' id='par_1_115' title="bbox 2212 4400 3806 4469">
     <span class='ocr_line' id='line_1_116' title="bbox 2212 4400 3806 4469; baseline 0 -15"><span class='ocrx_word' id='word_1_872' title='bbox 2212 4400 2331 4456; x_wconf 65' lang='lat' dir='ltr'><strong>ntur</strong></span> <span class='ocrx_word' id='word_1_873' title='bbox 2358 4412 2406 4456; x_wconf 86' lang='lat' dir='ltr'><strong>et</strong></span> <span class='ocrx_word' id='word_1_874' title='bbox 2433 4405 2758 4469; x_wconf 72' lang='lat' dir='ltr'><strong>obtestamur,</strong></span> <span class='ocrx_word' id='word_1_875' title='bbox 2787 4400 2890 4456; x_wconf 76' lang='lat' dir='ltr'><strong>etc.</strong></span> <span class='ocrx_word' id='word_1_876' title='bbox 2934 4400 3131 4453; x_wconf 87' lang='lat' dir='ltr'><strong>Nititur</strong></span> <span class='ocrx_word' id='word_1_877' title='bbox 3160 4411 3336 4454; x_wconf 89' lang='lat' dir='ltr'><strong>autem</strong></span> <span class='ocrx_word' id='word_1_878' title='bbox 3382 4400 3465 4453; x_wconf 90' lang='lat' dir='ltr'><strong>hic</strong></span> <span class='ocrx_word' id='word_1_879' title='bbox 3504 4414 3620 4453; x_wconf 76' lang='lat' dir='ltr'><strong>mus</strong></span> <span class='ocrx_word' id='word_1_880' title='bbox 3662 4416 3806 4468; x_wconf 76' lang='lat' dir='ltr'><strong>prae-</strong></span> 
     </span>
    </p>
   </div>
   <div class='ocr_carea' id='block_1_116' title="bbox 2213 4471 3798 4539">
    <p class='ocr_par' dir='ltr' id='par_1_116' title="bbox 2213 4471 3798 4539">
     <span class='ocr_line' id='line_1_117' title="bbox 2213 4471 3798 4539; baseline -0.003 -11"><span class='ocrx_word' id='word_1_881' title='bbox 2213 4484 2371 4539; x_wconf 88' lang='lat' dir='ltr'><strong>cepto</strong></span> <span class='ocrx_word' id='word_1_882' title='bbox 2405 4474 2617 4528; x_wconf 82' lang='lat' dir='ltr'><strong>Domini</strong></span> <span class='ocrx_word' id='word_1_883' title='bbox 2643 4472 2830 4527; x_wconf 74' lang='lat' dir='ltr'><strong>Matth.</strong></span> <span class='ocrx_word' id='word_1_884' title='bbox 2860 4487 3018 4534; x_wconf 81' lang='lat' dir='ltr'><strong>xvnt,</strong></span> <span class='ocrx_word' id='word_1_885' title='bbox 3054 4472 3148 4528; x_wconf 78' lang='grc'><strong>15.</strong></span> <span class='ocrx_word' id='word_1_886' title='bbox 3198 4479 3306 4538; x_wconf 88' lang='lat' dir='ltr'><strong>quo</strong></span> <span class='ocrx_word' id='word_1_887' title='bbox 3351 4471 3798 4537; x_wconf 84' lang='lat' dir='ltr'><strong>quemadmodum</strong></span> 
     </span>
    </p>
   </div>
   <div class='ocr_carea' id='block_1_117' title="bbox 2217 4541 3802 4612">
    <p class='ocr_par' dir='ltr' id='par_1_117' title="bbox 2217 4541 3802 4612">
     <span class='ocr_line' id='line_1_118' title="bbox 2217 4541 3802 4612; baseline -0.001 -15"><span class='ocrx_word' id='word_1_888' title='bbox 2217 4545 2589 4611; x_wconf 89' lang='lat' dir='ltr'><strong>corripiendus</strong></span> <span class='ocrx_word' id='word_1_889' title='bbox 2615 4546 2687 4598; x_wconf 86' lang='lat' dir='ltr'><strong>sit</strong></span> <span class='ocrx_word' id='word_1_890' title='bbox 2716 4545 2880 4597; x_wconf 88' lang='lat' dir='ltr'><strong>frater</strong></span> <span class='ocrx_word' id='word_1_891' title='bbox 2909 4542 3296 4612; x_wconf 66' lang='lat' dir='ltr'><strong>praescribitur,</strong></span> <span class='ocrx_word' id='word_1_892' title='bbox 3325 4554 3382 4596; x_wconf 86' lang='lat' dir='ltr'><strong>nt</strong></span> <span class='ocrx_word' id='word_1_893' title='bbox 3411 4541 3526 4608; x_wconf 80' lang='lat' dir='ltr'><strong>ipse</strong></span> <span class='ocrx_word' id='word_1_894' title='bbox 3553 4542 3802 4596; x_wconf 72' lang='lat' dir='ltr'><strong>leesti-</strong></span> 
     </span>
    </p>
   </div>
   <div class='ocr_carea' id='block_1_118' title="bbox 2219 4611 3797 4684">
    <p class='ocr_par' dir='ltr' id='par_1_118' title="bbox 2219 4611 3797 4684">
     <span class='ocr_line' id='line_1_119' title="bbox 2219 4611 3797 4684; baseline -0.001 -17"><span class='ocrx_word' id='word_1_895' title='bbox 2219 4631 2319 4668; x_wconf 89' lang='lat' dir='ltr'><strong>nus</strong></span> <span class='ocrx_word' id='word_1_896' title='bbox 2345 4616 2500 4684; x_wconf 65' lang='lat' dir='ltr'><strong>epist.</strong></span> <span class='ocrx_word' id='word_1_897' title='bbox 2534 4616 2602 4669; x_wconf 68' lang='grc'><strong>24</strong></span> <span class='ocrx_word' id='word_1_898' title='bbox 2636 4632 2689 4667; x_wconf 88' lang='grc' dir='ltr'><strong>ιι.</strong></span> <span class='ocrx_word' id='word_1_899' title='bbox 2719 4615 2752 4669; x_wconf 84' lang='lat'><strong>9</strong></span> <span class='ocrx_word' id='word_1_900' title='bbox 2781 4611 3017 4682; x_wconf 79' lang='lat' dir='ltr'><strong>exponit.</strong></span> <span class='ocrx_word' id='word_1_901' title='bbox 3045 4611 3274 4666; x_wconf 81' lang='lat' dir='ltr'><strong>Civilem</strong></span> <span class='ocrx_word' id='word_1_902' title='bbox 3306 4615 3464 4684; x_wconf 74' lang='lat' dir='ltr'><strong>ea__tle</strong></span> <span class='ocrx_word' id='word_1_903' title='bbox 3492 4627 3549 4666; x_wconf 88' lang='lat' dir='ltr'><strong>re</strong></span> <span class='ocrx_word' id='word_1_904' title='bbox 3570 4613 3797 4684; x_wconf 83' lang='lat' dir='ltr'><strong>judicio-</strong></span> 
     </span>
    </p>
   </div>
   <div class='ocr_carea' id='block_1_119' title="bbox 2217 4679 3799 4754">
    <p class='ocr_par' dir='ltr' id='par_1_119' title="bbox 2217 4679 3799 4754">
     <span class='ocr_line' id='line_1_120' title="bbox 2217 4679 3799 4754; baseline -0.002 -16"><span class='ocrx_word' id='word_1_905' title='bbox 2217 4701 2334 4739; x_wconf 88' lang='lat' dir='ltr'><strong>rnm</strong></span> <span class='ocrx_word' id='word_1_906' title='bbox 2379 4679 2555 4754; x_wconf 80' lang='lat' dir='ltr'><strong>legem</strong></span> <span class='ocrx_word' id='word_1_907' title='bbox 2604 4685 2776 4739; x_wconf 86' lang='lat' dir='ltr'><strong>Julius</strong></span> <span class='ocrx_word' id='word_1_908' title='bbox 2824 4679 2968 4737; x_wconf 64' lang='lat' dir='ltr'><strong>I‘auli</strong></span> <span class='ocrx_word' id='word_1_909' title='bbox 3021 4684 3113 4737; x_wconf 90' lang='lat' dir='ltr'><strong>lib.</strong></span> <span class='ocrx_word' id='word_1_910' title='bbox 3159 4699 3190 4736; x_wconf 86' lang='lat' dir='ltr'><strong>v</strong></span> <span class='ocrx_word' id='word_1_911' title='bbox 3234 4684 3314 4736; x_wconf 86' lang='lat' dir='ltr'><strong>tit.</strong></span> <span class='ocrx_word' id='word_1_912' title='bbox 3362 4679 3396 4735; x_wconf 83' lang='lat'><strong>5</strong></span> <span class='ocrx_word' id='word_1_913' title='bbox 3432 4683 3500 4734; x_wconf 90' lang='lat' dir='ltr'><strong>ita</strong></span> <span class='ocrx_word' id='word_1_914' title='bbox 3531 4683 3799 4754; x_wconf 78' lang='lat' dir='ltr'><strong>explicat:</strong></span> 
     </span>
    </p>
   </div>
   <div class='ocr_carea' id='block_1_120' title="bbox 2221 4753 3800 4820">
    <p class='ocr_par' dir='ltr' id='par_1_120' title="bbox 2221 4753 3800 4820">
     <span class='ocr_line' id='line_1_121' title="bbox 2221 4753 3800 4820; baseline -0.004 -11"><span class='ocrx_word' id='word_1_915' title='bbox 2221 4755 2388 4809; x_wconf 85' lang='lat' dir='ltr'><strong>Trinis</strong></span> <span class='ocrx_word' id='word_1_916' title='bbox 2416 4753 2598 4810; x_wconf 79' lang='lat' dir='ltr'><strong>litteris</strong></span> <span class='ocrx_word' id='word_1_917' title='bbox 2627 4758 2703 4810; x_wconf 84' lang='lat' dir='ltr'><strong>vel</strong></span> <span class='ocrx_word' id='word_1_918' title='bbox 2730 4756 2929 4817; x_wconf 83' lang='lat' dir='ltr'><strong>edictis,</strong></span> <span class='ocrx_word' id='word_1_919' title='bbox 2960 4763 3049 4807; x_wconf 87' lang='lat' dir='ltr'><strong>aut</strong></span> <span class='ocrx_word' id='word_1_920' title='bbox 3094 4771 3197 4808; x_wconf 89' lang='lat' dir='ltr'><strong>uno</strong></span> <span class='ocrx_word' id='word_1_921' title='bbox 3239 4769 3330 4820; x_wconf 84' lang='lat' dir='ltr'><strong>pro</strong></span> <span class='ocrx_word' id='word_1_922' title='bbox 3377 4753 3615 4808; x_wconf 87' lang='lat' dir='ltr'><strong>omnibus</strong></span> <span class='ocrx_word' id='word_1_923' title='bbox 3662 4753 3800 4816; x_wconf 78' lang='lat' dir='ltr'><strong>dato,</strong></span> 
     </span>
    </p>
   </div>
   <div class='ocr_carea' id='block_1_121' title="bbox 2217 4823 3805 4896">
    <p class='ocr_par' dir='ltr' id='par_1_121' title="bbox 2217 4823 3805 4896">
     <span class='ocr_line' id='line_1_122' title="bbox 2217 4823 3805 4896; baseline -0.003 -17"><span class='ocrx_word' id='word_1_924' title='bbox 2217 4836 2306 4880; x_wconf 90' lang='lat' dir='ltr'><strong>aut</strong></span> <span class='ocrx_word' id='word_1_925' title='bbox 2357 4829 2490 4880; x_wconf 88' lang='lat' dir='ltr'><strong>trina</strong></span> <span class='ocrx_word' id='word_1_926' title='bbox 2529 4827 2912 4880; x_wconf 87' lang='lat' dir='ltr'><strong>denuntiatione</strong></span> <span class='ocrx_word' id='word_1_927' title='bbox 2949 4837 3242 4883; x_wconf 80' lang='lat' dir='ltr'><strong>conventus.</strong></span> <span class='ocrx_word' id='word_1_928' title='bbox 3274 4823 3372 4878; x_wconf 87' lang='lat' dir='ltr'><strong>nisi</strong></span> <span class='ocrx_word' id='word_1_929' title='bbox 3396 4824 3464 4877; x_wconf 84' lang='lat' dir='ltr'><strong>ad</strong></span> <span class='ocrx_word' id='word_1_930' title='bbox 3478 4824 3720 4896; x_wconf 81' lang='lat' dir='ltr'><strong>judicent</strong></span> <span class='ocrx_word' id='word_1_931' title='bbox 3741 4823 3805 4875; x_wconf 88' lang='lat' dir='ltr'><strong>ad</strong></span> 
     </span>
    </p>
   </div>
   <div class='ocr_carea' id='block_1_122' title="bbox 2217 4895 3804 4968">
    <p class='ocr_par' dir='ltr' id='par_1_122' title="bbox 2217 4895 3804 4968">
     <span class='ocr_line' id='line_1_123' title="bbox 2217 4895 3804 4968; baseline -0.004 -17"><span class='ocrx_word' id='word_1_932' title='bbox 2217 4915 2363 4967; x_wconf 85' lang='lat' dir='ltr'><strong>quem</strong></span> <span class='ocrx_word' id='word_1_933' title='bbox 2391 4898 2486 4952; x_wconf 84' lang='lat' dir='ltr'><strong>sibi</strong></span> <span class='ocrx_word' id='word_1_934' title='bbox 2517 4899 2872 4952; x_wconf 84' lang='lat' dir='ltr'><strong>denuntiatum</strong></span> <span class='ocrx_word' id='word_1_935' title='bbox 2895 4906 2989 4962; x_wconf 88' lang='lat' dir='ltr'><strong>est,</strong></span> <span class='ocrx_word' id='word_1_936' title='bbox 3021 4909 3108 4948; x_wconf 88' lang='lat' dir='ltr'><strong>aut</strong></span> <span class='ocrx_word' id='word_1_937' title='bbox 3138 4899 3288 4968; x_wconf 78' lang='lat' dir='ltr'><strong>cujus</strong></span> <span class='ocrx_word' id='word_1_938' title='bbox 3319 4895 3502 4950; x_wconf 82' lang='lat' dir='ltr'><strong>litteris</strong></span> <span class='ocrx_word' id='word_1_939' title='bbox 3527 4895 3603 4950; x_wconf 81' lang='lat' dir='ltr'><strong>vel</strong></span> <span class='ocrx_word' id='word_1_940' title='bbox 3642 4895 3804 4948; x_wconf 87' lang='lat' dir='ltr'><strong>edicto</strong></span> 
     </span>
    </p>
   </div>
   <div class='ocr_carea' id='block_1_123' title="bbox 2219 4967 3804 5036">
    <p class='ocr_par' dir='ltr' id='par_1_123' title="bbox 2219 4967 3804 5036">
     <span class='ocr_line' id='line_1_124' title="bbox 2219 4967 3804 5036; baseline -0.004 -13"><span class='ocrx_word' id='word_1_941' title='bbox 2219 4981 2490 5023; x_wconf 84' lang='lat' dir='ltr'><strong>conventus</strong></span> <span class='ocrx_word' id='word_1_942' title='bbox 2514 4977 2608 5029; x_wconf 85' lang='lat' dir='ltr'><strong>est,</strong></span> <span class='ocrx_word' id='word_1_943' title='bbox 2642 4969 2848 5027; x_wconf 81' lang='lat' dir='ltr'><strong>venerit,</strong></span> <span class='ocrx_word' id='word_1_944' title='bbox 2881 4968 3026 5036; x_wconf 85' lang='lat' dir='ltr'><strong>quasi</strong></span> <span class='ocrx_word' id='word_1_945' title='bbox 3056 4968 3111 5020; x_wconf 85' lang='lat' dir='ltr'><strong>in</strong></span> <span class='ocrx_word' id='word_1_946' title='bbox 3143 4967 3489 5021; x_wconf 77' lang='lat' dir='ltr'><strong>contumacem</strong></span> <span class='ocrx_word' id='word_1_947' title='bbox 3520 4967 3657 5018; x_wconf 79' lang='lat' dir='ltr'><strong>dicta</strong></span> <span class='ocrx_word' id='word_1_948' title='bbox 3693 4981 3804 5019; x_wconf 85' lang='lat' dir='ltr'><strong>sen-</strong></span> 
     </span>
    </p>
   </div>
   <div class='ocr_carea' id='block_1_124' title="bbox 2218 5036 3803 5122">
    <p class='ocr_par' dir='ltr' id='par_1_124' title="bbox 2218 5036 3803 5122">
     <span class='ocr_line' id='line_1_125' title="bbox 2218 5036 3803 5122; baseline -0.004 -30"><span class='ocrx_word' id='word_1_949' title='bbox 2218 5041 2378 5122; x_wconf 77' lang='lat' dir='ltr'><strong>tentia</strong></span> <span class='ocrx_word' id='word_1_950' title='bbox 2419 5041 2775 5122; x_wconf 69' lang='lat' dir='ltr'><strong>auctoritatem</strong></span> <span class='ocrx_word' id='word_1_951' title='bbox 2809 5041 3163 5122; x_wconf 74' lang='lat' dir='ltr'><strong>judicatarupi</strong></span> <span class='ocrx_word' id='word_1_952' title='bbox 3210 5054 3384 5122; x_wconf 44' lang='lat' dir='ltr'><strong>rapum</strong></span> <span class='ocrx_word' id='word_1_953' title='bbox 3427 5038 3632 5091; x_wconf 86' lang='lat' dir='ltr'><strong>obtinet.</strong></span> <span class='ocrx_word' id='word_1_954' title='bbox 3672 5036 3803 5122; x_wconf 66' lang='lat' dir='ltr'><strong>Quin</strong></span> 
     </span>
    </p>
   </div>
   <div class='ocr_carea' id='block_1_125' title="bbox 2219 5108 3804 5182">
    <p class='ocr_par' dir='ltr' id='par_1_125' title="bbox 2219 5108 3804 5182">
     <span class='ocr_line' id='line_1_126' title="bbox 2219 5108 3804 5182; baseline -0.004 -18"><span class='ocrx_word' id='word_1_955' title='bbox 2219 5112 2374 5165; x_wconf 89' lang='lat' dir='ltr'><strong>immo</strong></span> <span class='ocrx_word' id='word_1_956' title='bbox 2418 5128 2508 5164; x_wconf 85' lang='lat' dir='ltr'><strong>nec</strong></span> <span class='ocrx_word' id='word_1_957' title='bbox 2557 5108 2824 5182; x_wconf 79' lang='lat' dir='ltr'><strong>appellari</strong></span> <span class='ocrx_word' id='word_1_958' title='bbox 2865 5119 3024 5176; x_wconf 83' lang='lat' dir='ltr'><strong>potest</strong></span> <span class='ocrx_word' id='word_1_959' title='bbox 3069 5108 3132 5162; x_wconf 85' lang='lat' dir='ltr'><strong>ab</strong></span> <span class='ocrx_word' id='word_1_960' title='bbox 3161 5126 3237 5182; x_wconf 79' lang='lat' dir='ltr'><strong>ea.</strong></span> <span class='ocrx_word' id='word_1_961' title='bbox 3267 5108 3436 5164; x_wconf 83' lang='lat' dir='ltr'><strong>Noms</strong></span> <span class='ocrx_word' id='word_1_962' title='bbox 3457 5119 3539 5164; x_wconf 86' lang='lat' dir='ltr'><strong>est</strong></span> <span class='ocrx_word' id='word_1_963' title='bbox 3567 5123 3628 5162; x_wconf 83' lang='lat' dir='ltr'><strong>ea</strong></span> <span class='ocrx_word' id='word_1_964' title='bbox 3655 5109 3723 5159; x_wconf 86' lang='lat' dir='ltr'><strong>de</strong></span> <span class='ocrx_word' id='word_1_965' title='bbox 3749 5118 3804 5158; x_wconf 86' lang='lat' dir='ltr'><strong>re</strong></span> 
     </span>
    </p>
   </div>
   <div class='ocr_carea' id='block_1_126' title="bbox 2219 5181 3800 5251">
    <p class='ocr_par' dir='ltr' id='par_1_126' title="bbox 2219 5181 3800 5251">
     <span class='ocr_line' id='line_1_127' title="bbox 2219 5181 3800 5251; baseline -0.005 -16"><span class='ocrx_word' id='word_1_966' title='bbox 2219 5183 2590 5247; x_wconf 88' lang='lat' dir='ltr'><strong>apostolorum</strong></span> <span class='ocrx_word' id='word_1_967' title='bbox 2619 5181 2791 5237; x_wconf 88' lang='lat' dir='ltr'><strong>canon</strong></span> <span class='ocrx_word' id='word_1_968' title='bbox 2818 5183 2907 5242; x_wconf 79' lang='grc'>75,</span> <span class='ocrx_word' id='word_1_969' title='bbox 2941 5195 3047 5250; x_wconf 89' lang='lat' dir='ltr'><strong>quo</strong></span> <span class='ocrx_word' id='word_1_970' title='bbox 3094 5181 3404 5251; x_wconf 84' lang='lat' dir='ltr'><strong>episcopum</strong></span> <span class='ocrx_word' id='word_1_971' title='bbox 3453 5187 3757 5235; x_wconf 84' lang='lat' dir='ltr'><strong>accusatum</strong></span> <span class='ocrx_word' id='word_1_972' title='bbox 3785 5214 3800 5238; x_wconf 88' lang='lat'><strong>,</strong></span> 
     </span>
    </p>
   </div>
   <div class='ocr_carea' id='block_1_127' title="bbox 2219 5251 3801 5329">
    <p class='ocr_par' dir='ltr' id='par_1_127' title="bbox 2219 5251 3801 5329">
     <span class='ocr_line' id='line_1_128' title="bbox 2219 5251 3801 5329; baseline -0.005 -22"><span class='ocrx_word' id='word_1_973' title='bbox 2219 5257 2265 5308; x_wconf 84' lang='lat' dir='ltr'><strong>si</strong></span> <span class='ocrx_word' id='word_1_974' title='bbox 2295 5269 2354 5308; x_wconf 83' lang='lat' dir='ltr'><strong>se</strong></span> <span class='ocrx_word' id='word_1_975' title='bbox 2369 5252 2590 5329; x_wconf 79' lang='lat' dir='ltr'><strong>judicio</strong></span> <span class='ocrx_word' id='word_1_976' title='bbox 2616 5268 2721 5308; x_wconf 92' lang='lat' dir='ltr'><strong>non</strong></span> <span class='ocrx_word' id='word_1_977' title='bbox 2753 5253 2932 5314; x_wconf 85' lang='lat' dir='ltr'><strong>sistat,</strong></span> <span class='ocrx_word' id='word_1_978' title='bbox 2979 5251 3128 5329; x_wconf 79' lang='lat' dir='ltr'><strong>prius</strong></span> <span class='ocrx_word' id='word_1_979' title='bbox 3163 5255 3321 5308; x_wconf 90' lang='lat' dir='ltr'><strong>tertio</strong></span> <span class='ocrx_word' id='word_1_980' title='bbox 3359 5251 3653 5306; x_wconf 86' lang='lat' dir='ltr'><strong>vocandum</strong></span> <span class='ocrx_word' id='word_1_981' title='bbox 3685 5260 3801 5329; x_wconf 73' lang='lat' dir='ltr'><strong>esse</strong></span> 
     </span>
    </p>
   </div>
   <div class='ocr_carea' id='block_1_128' title="bbox 2219 5324 3805 5396">
    <p class='ocr_par' dir='ltr' id='par_1_128' title="bbox 2219 5324 3805 5396">
     <span class='ocr_line' id='line_1_129' title="bbox 2219 5324 3805 5396; baseline -0.006 -18"><span class='ocrx_word' id='word_1_982' title='bbox 2219 5325 2548 5395; x_wconf 43' lang='lat' dir='ltr'><strong>pratcipitur,</strong></span> <span class='ocrx_word' id='word_1_983' title='bbox 2578 5340 2744 5396; x_wconf 83' lang='lat' dir='ltr'><strong>quam</strong></span> <span class='ocrx_word' id='word_1_984' title='bbox 2768 5325 3033 5380; x_wconf 87' lang='lat' dir='ltr'><strong>sententia</strong></span> <span class='ocrx_word' id='word_1_985' title='bbox 3064 5324 3324 5396; x_wconf 77' lang='lat' dir='ltr'><strong>adversus</strong></span> <span class='ocrx_word' id='word_1_986' title='bbox 3346 5338 3469 5378; x_wconf 86' lang='lat' dir='ltr'><strong>eum</strong></span> <span class='ocrx_word' id='word_1_987' title='bbox 3498 5324 3805 5396; x_wconf 56' lang='lat' dir='ltr'><strong>pronuntief</strong></span> 
     </span>
    </p>
   </div>
   <div class='ocr_carea' id='block_1_129' title="bbox 2222 5393 3806 5464">
    <p class='ocr_par' dir='ltr' id='par_1_129' title="bbox 2222 5393 3806 5464">
     <span class='ocr_line' id='line_1_130' title="bbox 2222 5393 3806 5464; baseline -0.004 -16"><span class='ocrx_word' id='word_1_988' title='bbox 2222 5393 2326 5449; x_wconf 86' lang='lat' dir='ltr'><strong>iur.</strong></span> <span class='ocrx_word' id='word_1_989' title='bbox 2364 5393 2498 5451; x_wconf 88' lang='lat' dir='ltr'><strong>Iluic</strong></span> <span class='ocrx_word' id='word_1_990' title='bbox 2525 5393 2701 5450; x_wconf 88' lang='lat' dir='ltr'><strong>autem</strong></span> <span class='ocrx_word' id='word_1_991' title='bbox 2728 5394 2866 5464; x_wconf 84' lang='lat' dir='ltr'><strong>juris</strong></span> <span class='ocrx_word' id='word_1_992' title='bbox 2919 5397 3234 5464; x_wconf 64' lang='lat' dir='ltr'><strong>praescripto</strong></span> <span class='ocrx_word' id='word_1_993' title='bbox 3278 5395 3358 5449; x_wconf 86' lang='lat' dir='ltr'><strong>sic</strong></span> <span class='ocrx_word' id='word_1_994' title='bbox 3395 5407 3593 5447; x_wconf 80' lang='lat' dir='ltr'><strong>morem</strong></span> <span class='ocrx_word' id='word_1_995' title='bbox 3642 5393 3806 5459; x_wconf 76' lang='lat' dir='ltr'><strong>gessit</strong></span> 
     </span>
    </p>
   </div>
   <div class='ocr_carea' id='block_1_130' title="bbox 2221 5463 3802 5538">
    <p class='ocr_par' dir='ltr' id='par_1_130' title="bbox 2221 5463 3802 5538">
     <span class='ocr_line' id='line_1_131' title="bbox 2221 5463 3802 5538; baseline 0.001 -17"><span class='ocrx_word' id='word_1_996' title='bbox 2221 5466 2568 5534; x_wconf 75' lang='lat' dir='ltr'><strong>Caelestinns,</strong></span> <span class='ocrx_word' id='word_1_997' title='bbox 2601 5478 2657 5522; x_wconf 94' lang='lat' dir='ltr'><strong>ut</strong></span> <span class='ocrx_word' id='word_1_998' title='bbox 2682 5463 2814 5522; x_wconf 83' lang='lat' dir='ltr'><strong>duas</strong></span> <span class='ocrx_word' id='word_1_999' title='bbox 2843 5465 3032 5538; x_wconf 80' lang='lat' dir='ltr'><strong>Cyrilli</strong></span> <span class='ocrx_word' id='word_1_1000' title='bbox 3065 5463 3319 5532; x_wconf 72' lang='lat' dir='ltr'><strong>epistolas</strong></span> <span class='ocrx_word' id='word_1_1001' title='bbox 3357 5466 3423 5521; x_wconf 88' lang='lat' dir='ltr'><strong>ad</strong></span> <span class='ocrx_word' id='word_1_1002' title='bbox 3467 5463 3802 5538; x_wconf 64' lang='lat' dir='ltr'><strong>Nestorium,</strong></span> 
     </span>
    </p>
   </div>
   <div class='ocr_carea' id='block_1_131' title="bbox 2224 5534 3806 5609">
    <p class='ocr_par' dir='ltr' id='par_1_131' title="bbox 2224 5534 3806 5609">
     <span class='ocr_line' id='line_1_132' title="bbox 2224 5534 3806 5609; baseline -0.007 -15"><span class='ocrx_word' id='word_1_1003' title='bbox 2224 5541 2386 5594; x_wconf 89' lang='lat' dir='ltr'><strong>etiam</strong></span> <span class='ocrx_word' id='word_1_1004' title='bbox 2413 5549 2537 5594; x_wconf 88' lang='lat' dir='ltr'><strong>ante</strong></span> <span class='ocrx_word' id='word_1_1005' title='bbox 2560 5541 2787 5608; x_wconf 79' lang='lat' dir='ltr'><strong>scriptas</strong></span> <span class='ocrx_word' id='word_1_1006' title='bbox 2815 5534 2973 5609; x_wconf 76' lang='lat' dir='ltr'><strong>quam</strong></span> <span class='ocrx_word' id='word_1_1007' title='bbox 3001 5540 3045 5592; x_wconf 90' lang='lat' dir='ltr'><strong>is</strong></span> <span class='ocrx_word' id='word_1_1008' title='bbox 3071 5538 3139 5592; x_wconf 87' lang='lat' dir='ltr'><strong>ad</strong></span> <span class='ocrx_word' id='word_1_1009' title='bbox 3177 5538 3476 5593; x_wconf 75' lang='lat' dir='ltr'><strong>Romanum</strong></span> <span class='ocrx_word' id='word_1_1010' title='bbox 3524 5534 3806 5609; x_wconf 62' lang='lat' dir='ltr'><strong>prgesulem</strong></span> 
     </span>
    </p>
   </div>
   <div class='ocr_carea' id='block_1_132' title="bbox 2225 5604 3806 5682">
    <p class='ocr_par' dir='ltr' id='par_1_132' title="bbox 2225 5604 3806 5682">
     <span class='ocr_line' id='line_1_133' title="bbox 2225 5604 3806 5682; baseline -0.006 -17"><span class='ocrx_word' id='word_1_1011' title='bbox 2225 5610 2544 5677; x_wconf 88' lang='lat' dir='ltr'><strong>deferretur,</strong></span> <span class='ocrx_word' id='word_1_1012' title='bbox 2570 5604 2801 5682; x_wconf 80' lang='lat' dir='ltr'><strong>duplicis</strong></span> <span class='ocrx_word' id='word_1_1013' title='bbox 2829 5604 3282 5682; x_wconf 76' lang='lat' dir='ltr'><strong>monitionisvice</strong></span> <span class='ocrx_word' id='word_1_1014' title='bbox 3306 5604 3601 5682; x_wconf 76' lang='lat' dir='ltr'><strong>computari</strong></span> <span class='ocrx_word' id='word_1_1015' title='bbox 3624 5604 3806 5682; x_wconf 59' lang='lat' dir='ltr'><strong>value:</strong></span> 
     </span>
    </p>
   </div>
   <div class='ocr_carea' id='block_1_133' title="bbox 2169 5669 3805 5774">
    <p class='ocr_par' dir='ltr' id='par_1_133' title="bbox 2169 5669 3805 5774">
     <span class='ocr_line' id='line_1_134' title="bbox 2169 5669 3805 5774; baseline -0.009 -33"><span class='ocrx_word' id='word_1_1016' title='bbox 2169 5770 2174 5774; x_wconf 19' lang='grc' dir='ltr'><strong><em>ι</em></strong></span> <span class='ocrx_word' id='word_1_1017' title='bbox 2225 5683 2317 5740; x_wconf 86' lang='lat' dir='ltr'><strong>rit.</strong></span> <span class='ocrx_word' id='word_1_1018' title='bbox 2359 5669 2624 5746; x_wconf 75' lang='lat' dir='ltr'><strong>Nimirum</strong></span> <span class='ocrx_word' id='word_1_1019' title='bbox 2651 5669 2996 5755; x_wconf 54' lang='lat' dir='ltr'><strong>aegritudinis</strong></span> <span class='ocrx_word' id='word_1_1020' title='bbox 3031 5680 3292 5751; x_wconf 78' lang='lat' dir='ltr'><strong>qualitas,</strong></span> <span class='ocrx_word' id='word_1_1021' title='bbox 3327 5689 3388 5737; x_wconf 87' lang='lat' dir='ltr'><strong>ut</strong></span> <span class='ocrx_word' id='word_1_1022' title='bbox 3419 5669 3552 5740; x_wconf 80' lang='lat' dir='ltr'><strong>intra</strong></span> <span class='ocrx_word' id='word_1_1023' title='bbox 3594 5689 3746 5733; x_wconf 82' lang='lat' dir='ltr'><strong>num.</strong></span> <span class='ocrx_word' id='word_1_1024' title='bbox 3774 5669 3805 5726; x_wconf 81' lang='lat'><strong><em>9</em></strong></span> 
     </span>
    </p>
   </div>
  </div>
