3982 6182
228 208 321 293 tri

944 201 1168 297 'Epis'r.
1206 232 1433 292 xui.—
1458 225 1856 290 C(ELESTINI
1892 226 2095 284 pars:
2131 225 2226 284 AD
2263 227 2682 288 uesronmn.

3357 227 3471 293 ιτε

228 365 250 394 ι
271 355 328 412 ab
354 353 689 411 universitate
717 349 930 422 collegii
960 361 1012 406 et
1040 360 1311 406 conventu
1345 348 1757 405 Chrisnanorun

1879 343 2050 399 λοιπόν
2076 345 2251 420 τρίτην
2276 388 2289 409 ,
2322 347 2585 406 παντελῶς
2623 347 2727 400 ἀπό
2757 352 2850 407 τῆς
2876 349 2968 402 τοῦ
2997 342 3265 422 συνεδρίου
3304 347 3468 420 ἡμῶν,

225 457 270 503 te
294 461 487 518 prorsus
515 461 638 502 esse
663 446 986 513 sejunctnm,
1019 443 1122 498 nisi
1159 457 1281 496 mox
1309 455 1429 512 quae
1458 439 1598 494 male
1632 437 1773 492 dicta

219 551 324 595 sunt
363 541 717 609 corrigantur,
763 537 862 591 nisi
909 538 963 589 in
994 551 1111 589 eam
1142 535 1277 588 viam
1310 533 1499 587 redeas
1528 545 1686 601 quam
1717 541 1776 584 se

219 631 436 687 Cbristus
457 648 574 688 esse
604 641 827 684 testatur
863 626 1044 699 (Joan.
1078 642 1198 692 xiv,
1231 626 1310 696 6).
1347 625 1484 680 Male
1529 623 1580 677 in
1633 622 1776 676 hunc

217 743 344 780 arma
370 727 728 798 desperatione
767 721 982 777 movisti
1010 764 1024 786 ,
1074 723 1162 789 qui
1213 731 1264 774 te
1311 734 1473 788 super
1516 715 1772 771 familiam

214 836 342 873 suam
366 821 493 874 velut
521 818 729 874 fidelem
756 816 1182 884 prudentcmque
1210 827 1423 866 servum
1455 803 1773 880 permiserat

211 922 317 965 ante
360 909 604 966 coiistitui
646 907 864 976 (Matth.
912 923 1059 966 xxiv.
1091 904 1204 976 45).
1239 904 1406 959 Periit
1435 903 1526 956 tibi
1554 902 1712 971 hujus
1740 898 1770 940 υ

210 1004 340 1058 ofﬁcii
374 1004 637 1059 beatitudo
666 1003 948 1072 promissa.
979 1001 1095 1054 Non
1127 1000 1299 1053 solum
1333 1014 1439 1051 nun
1465 995 1561 1050 das
1585 995 1763 1049 cibum

207 1097 247 1151 in
277 1109 521 1166 tempore,
545 1113 730 1153 verum
762 1097 924 1150 etiam
960 1105 1166 1146 veneno
1195 1089 1474 1148 interiit-is.
1508 1101 1644 1158 quos
1674 1086 1763 1141 ille

203 1202 286 1241 suo
333 1193 576 1258 sanguine
620 1202 673 1243 et
716 1203 809 1242 sua
862 1198 1034 1240 morte
1072 1183 1319 1254 quaesivit
1348 1181 1485 1254 (Act.
1518 1195 1609 1246 xx,
1640 1178 1758 1249 ‘29).

204 1277 451 1334 Venenum
482 1291 503 1320 ο
533 1296 762 1348 namque
794 1288 872 1332 est
903 1276 1003 1330 sub
1032 1277 1135 1328 tuis
1167 1273 1351 1340 labiis,
1385 1287 1503 1342 qua:
1535 1268 1760 1324 maledi-

197 1373 365 1425 ctionis
390 1382 440 1427 ct
467 1371 842 1426 amaritudinis
872 1362 1036 1438 plena
1070 1365 1310 1419 videmus
1335 1407 1349 1430 ,
1401 1378 1523 1418 cum
1573 1369 1757 1415 contra

196 1478 299 1518 eum
345 1467 428 1534 qui
476 1467 654 1521 suavis
701 1469 820 1524 est,
853 1460 1046 1515 niteris
1075 1457 1367 1527 disputare.
1399 1455 1497 1513 Ubi
1527 1461 1610 1510 est
1639 1453 1762 1510 dili-

192 1557 346 1624 gentia
377 1558 690 1625 pastoralis?
737 1545 931 1610 Pastor
971 1549 1142 1608 bonus
1167 1553 1400 1607 animam
1425 1565 1578 1606 suam
1609 1548 1758 1619 ponit

191 1659 272 1713 pro
294 1648 482 1703 ovibus
508 1649 656 1711 Suis;
687 1647 1054 1702 mercenarius
1079 1661 1206 1700 vero
1236 1641 1262 1682 τι
1292 1660 1383 1699 eas
1410 1644 1549 1713 lupis
1576 1634 1757 1696 dimit-

1873 441 1960 492 καί
1996 445 2088 498 τῆς
2132 446 2232 494 τῶν
2265 446 2584 515 Χριστιανῶν
2620 438 2830 494 συνόδου
2871 441 3232 502 ἀπεκλείσθης,
3277 443 3362 498 ἐὰν
3397 447 3469 514 μὴ

1872 531 2053 591 εὐθέως
2080 533 2148 587 τά
2179 539 2345 592 κακῶς
2374 533 2613 607 εἰρημένα
2639 529 2932 607 διορθωθῇς,
2967 533 3052 586 ἐὰν
3083 537 3153 603 μή
3175 534 3246 593 εἷς
3274 534 3467 593 ταύτην

1871 631 1964 685 τήν
1993 625 2106 681 ὁδόν
2130 627 2419 696 ἐπανέλθῃς,
2451 627 2510 685 ἣν
2541 626 2719 680 ἑαυτὸν
2750 625 2775 680 ὁ
2799 627 3018 701 Χριστὸς
3048 622 3176 681 εἶναι
3203 631 3464 704 μαρτύρε-

1870 741 1974 775 ται.
2006 727 2176 782 κακῶς
2207 722 2337 775 κατά
2362 721 2548 776 τούτου
2576 716 2708 776 ὅπλα
2736 719 2844 775 κατ’
2858 720 3176 774 ἀνελπιστίαν
3205 721 3462 791 ἐκίνησας,

1871 810 1927 876 ὃς
1952 815 2120 869 ἐπάνω
2151 834 2210 870 σε
2242 821 2341 870 τῶν
2372 817 2574 869 οἰκετῶν
2601 815 2758 870 αὐτοῦ
2781 855 2795 879 ,
2831 817 2899 874 ὡς
2927 815 3110 869 πιστόν
3139 815 3226 867 καί
3257 815 3464 868 συνετόν

1868 906 2045 964 δοῦλον
2081 907 2329 985 ἐπέτρεψε
2369 909 2618 987 πρότερον
2655 919 2992 969 καταστῆναι.
3035 909 3290 964 Ἀπώλετό
3319 931 3402 963 σοι
3431 909 3462 968 ἦ

1873 1000 2007 1076 ύπέρ
2033 1007 2125 1063 τῆς
2147 1002 2392 1062 τοιαύτης
2414 1002 2703 1078 ὑπηρεσίας
2733 1004 3095 1074 ἔπαγγελθεῖσα
3120 1002 3460 1075 μακαριότης.

1864 1096 1936 1148 Οὐ
1977 1096 2073 1170 γάρ
2111 1094 2259 1169 μόνον
2304 1101 2485 1167 τροφὴν
2521 1097 2578 1148 ού
2617 1097 2874 1172 παρέχεις
2912 1097 2961 1151 ἓν
3003 1103 3192 1171 καιρῷ,
3226 1096 3352 1150 ἀλλά
3381 1097 3463 1150 καί

1863 1184 2144 1258 δηλητηρίῳ
2183 1189 2437 1263 ἀναιρεῖς,
2475 1185 2563 1248 οὓς
2603 1188 2784 1249 ἐκεῖνος
2819 1194 2892 1260 τῷ
2933 1185 3042 1259 ἰδίῳ
3071 1188 3249 1257 αἵματι
3278 1189 3360 1241 καί
3388 1193 3461 1259 τῷ

1861 1277 1970 1351 ἰδίῳ
2013 1280 2216 1350 θανάτῳ
2263 1277 2514 1355 ἐκέρδανε.
2566 1279 2870 1353 Δηλητήριον
2915 1280 3016 1356 γάρ
3063 1279 3164 1333 ύπό
3200 1286 3307 1338 τοῖς
3352 1285 3462 1341 σοῖς

1863 1371 2087 1440 χείλεσίν
2123 1373 2232 1427 ἐστι
2265 1377 2449 1434 ταῦτα.
2486 1369 2618 1447 ἅπερ
2648 1375 2878 1445 κατάρας
2905 1375 2992 1427 καί
3024 1371 3331 1448 πικρότητος
3362 1393 3457 1443 με·

1860 1465 1963 1518 στά
1992 1466 2307 1540 καθορῶμεν,
2341 1462 2494 1519 ὁπότε
2530 1466 2658 1519 κατά
2691 1471 2780 1521 τοῦ
2813 1461 2957 1527 ὄντος
2993 1463 3136 1525 ἡδέος
3172 1466 3459 1537 ἐπιχειρεῖς

1860 1553 2209 1629 διαλέγεσθαι.
2245 1563 2346 1611 Ποῦ
2393 1557 2532 1613 ἐστιν
2569 1560 2597 1616 ἡ
2637 1563 2907 1630 ποιμενικὴ
2946 1559 3234 1630 ἐπιμέλειας
3266 1564 3457 1631 ποιμήν

1861 1648 2042 1720 ἁγαθός
2079 1653 2171 1706 τήν
2203 1647 2386 1720 ψυχὴν
2418 1649 2586 1703 αὐτοῦ
2615 1651 2810 1708 τίθησιν
2837 1650 2970 1726 ὑπὲρ
3012 1657 3113 1706 τῶν
3149 1647 3288 1705 ἰδίων
3327 1670 3457 1724 προ-

187 1739 238 1790 tit
263 1747 318 1792 et
345 1739 505 1793 tradit
535 1737 712 1810 (Joan.
742 1755 793 1802 x,
832 1737 940 1806 Η).
972 1737 1103 1804 Quid
1135 1735 1222 1790 bic
1251 1746 1305 1790 tu
1335 1744 1519 1806 pastor
1542 1740 1757 1788 acturus

1865 1739 2052 1796 ϐάτων
2086 1740 2337 1812 μισθωτός
2368 1737 2422 1794 δέ
2460 1740 2630 1806 ἔστιν,
2663 1735 2718 1800 ὃς
2748 1747 2916 1796 ταῦτα
2951 1747 3065 1801 τοῖς
3100 1742 3270 1802 λύκοις
3299 1764 3457 1798 κατα-

180 1844 252 1887 es.
286 1830 374 1898 qni
405 1831 726 1885 dominicum
759 1845 972 1900 gregem
1002 1844 1096 1898 pro
1124 1828 1267 1897 lupis
1298 1829 1414 1896 ipse
1452 1823 1758 1895 discerpis?

176 1918 251 1974 Ad
279 1937 519 1988 quamam
550 1938 679 1991 grex
709 1921 1007 1975 dominicus
1037 1931 1189 1989 septa
1220 1918 1511 1988 confugiet,
1545 1917 1588 1970 si
1617 1915 1758 1970 intra

178 2014 319 2066 ovilia
353 2013 604 2068 Ecclesia:
645 2015 959 2069 saucietnr?
1002 2029 1106 2082 qua
1155 2011 1364 2066 futurus
1411 2017 1494 2064 est
1534 2009 1758 2064 tuitinne

177 2104 408 2160 defensus
434 2149 450 2173 ,
497 2109 585 2178 qui
635 2114 685 2161 te
731 2107 933 2178 patitur
968 2121 1063 2173 pro
1090 2105 1313 2159 Clisttldc
1347 2101 1660 2174 raptorem?
1692 2100 1759 2154 Et

177 2199 310 2264 alias,
344 2201 517 2269 inquit
543 2201 818 2269 Dominus,
850 2216 963 2254 oves
992 2199 1151 2252 habeo
1177 2213 1290 2268 quia
1313 2214 1413 2250 non
1437 2207 1554 2251 sunt
1580 2211 1642 2248 ea:
1663 2199 1759 2248 hoc

174 2290 313 2352 ouili,
360 2303 406 2345 et
454 2292 575 2347 illas
616 2303 813 2360 oportet
861 2309 942 2346 me
982 2291 1238 2346 adducere
1294 2288 1460 2363 (Ibid.
1504 2288 1616 2359 16).
1662 2288 1756 2343 Ille

173 2380 288 2434 alias
315 2399 372 2438 se
403 2385 665 2452 promittit
695 2385 1000 2450 adducere;
1039 2385 1132 2439 tibi
1173 2382 1190 2422 τ
1226 2395 1453 2454 pereunt
1492 2398 1626 2454 quas
1661 2383 1757 2437 ba-

171 2468 336 2528 brbas.
366 2477 606 2532 Tametsi
639 2477 854 2546 quidem
888 2489 1092 2532 certum
1128 2477 1216 2543 sit,
1252 2477 1464 2546 qthlicS
1490 2478 1592 2528 ista
1625 2491 1756 2527 cnn-

171 2564 382 2634 lingunt,
411 2587 519 2623 non
546 2585 675 2622 oves
703 2569 1027 2638 pastoribus,
1052 2567 1147 2622 sed
1173 2570 1341 2638 magis
1364 2567 1556 2621 ovibus
1581 2569 1755 2635 perire

170 2669 416 2724 pastores.
457 2661 524 2718 Et
554 2681 722 2718 vocem
765 2681 927 2718 nteant
953 2705 967 2728 ,
1021 2662 1230 2732 inquit,
1284 2663 1494 2716 audient
1537 2662 1751 2733 (Ibid).

169 2746 364 2812 Quare?
397 2754 468 2810 Ut
492 2755 583 2826 ﬁat
610 2774 739 2810 unus
768 2745 912 2829 great.
957 2755 1037 2809 Ad
1087 2755 1231 2810 illius
1277 2771 1460 2808 vocem
1513 2765 1654 2809 unus
1699 2753 1756 2808 lit

165 2854 316 2911 grex;
345 2846 414 2902 ad
446 2859 586 2904 tuam
619 2864 743 2905 vero
772 2859 864 2904 aut
886 2848 1144 2915 inlicitur,
1176 2859 1269 2902 aut
1299 2847 1527 2918 iugatur.

217 3201 270 3259 6.
299 3201 520 3260 Durum
551 3209 663 3270 est,
690 3210 749 3257 ut
789 3202 847 3256 in
896 3209 949 3256 te
988 3199 1058 3255 de
1102 3200 1326 3256 Actibus
1373 3199 1758 3270 Apostolorum

155 3292 288 3350 beati
318 3293 492 3350 Pauli
524 3292 684 3348 verba
713 3293 1035 3348 conveniant
1061 3309 1074 3345 :
1113 3291 1245 3365 Ego,
1278 3291 1471 3363 inquit,
1498 3288 1607 3347 scio
1637 3297 1762 3365 quid

155 3386 421 3441 intrabunt
453 3395 568 3453 post
595 3385 876 3439 discessum
905 3401 1070 3439 meum
1101 3388 1209 3454 lupi
1238 3403 1416 3457 graves
1441 3387 1493 3441 in
1519 3403 1628 3453 vos,
1658 3405 1758 3445 non

159 3489 421 3546 parcentes
462 3479 625 3550 gregi.
660 3475 728 3530 Et
757 3493 819 3530 ea:
847 3476 990 3530 vobis
1034 3479 1160 3550 ipsis
1204 3491 1480 3553 exsurgcnt
1529 3481 1759 3538 homines

163 3573 415 3644 loquentes
447 3590 704 3637 perversa,
735 3580 790 3625 ut
816 3571 1072 3626 abducant
1099 3574 1381 3646 discipulos
1409 3585 1520 3643 post
1543 3593 1595 3630 se
1619 3575 1754 3648 (Act.

163 3675 241 3733 sx,
268 3669 362 3733 29,
391 3667 512 3735 50;.
548 3666 676 3721 llam
700 3681 729 3720 a
763 3674 815 3720 te
845 3667 964 3720 aliis
995 3683 1152 3736 quam
1183 3669 1274 3721 tibi
1299 3668 1440 3723 dicta
1471 3670 1756 3727 vellemus.

167 3755 403 3815 Ducenda
441 3760 582 3815 enim
617 3760 713 3813 tibi
744 3759 980 3824 fuerant,
1023 3776 1127 3815 non
1168 3761 1425 3818 discenda
1466 3780 1586 3834 qnce
1626 3765 1758 3822 dici—

169 3865 292 3907 mus.
324 3853 459 3907 Nam
491 3853 611 3922 quis
642 3854 775 3908 lerat
803 3853 985 3908 doceri
1037 3855 1348 3923 episc0pum
1390 3859 1624 3927 qualiter
1664 3857 1756 3912 de-

169 3941 276 4000 beat
320 3961 446 4001 esse
494 3944 878 4000 Cbrisﬁanus?
920 3945 1217 4017 Diligenter
1265 3951 1447 4020 aspice
1498 3951 1548 4004 in
1594 3966 1754 4022 quam

169 4039 524 4095 conditionem
555 4041 782 4094 voceris.
813 4038 1122 4105 Incesseris,
1155 4043 1419 4112 argueris,
1451 4045 1752 4112 accusaris;

169 4130 273 4198 quid
307 4131 506 4186 lmrum
539 4131 789 4186 convenit
817 4132 1128 4186 sacerdoti?
1162 4134 1320 4188 Duris
1358 4135 1488 4189 dura
1531 4151 1754 4206 respon-

169 4219 254 4290 sio,
284 4225 326 4278 si
361 4223 522 4295 (qua)
548 4233 724 4277 tamen
765 4223 1076 4278 vicissitudo
1121 4237 1232 4289 cst,
1278 4227 1457 4280 verbis
1497 4227 1749 4298 blasphe-

171 4316 308 4371 miam
351 4317 657 4373 vindicare.
698 4319 777 4372 An
810 4317 901 4371 tibi
931 4333 957 4370 a
989 4317 1144 4373 nobis
1171 4319 1450 4375 existimas
1477 4336 1594 4377 esse
1625 4337 1750 4391 par-

171 4410 401 4474 cendum,
431 4426 560 4467 cum
589 4414 782 4464 animae
815 4420 919 4465 tua:
946 4412 1014 4464 ita
1046 4413 1161 4482 ipse
1187 4428 1290 4466 non
1319 4430 1528 4482 parcas,
1558 4423 1616 4468 ut
1638 4430 1753 4467 orn-

1860 1831 2127 1904 λιμπάνειί
2156 1832 2242 1887 καί
2269 1828 2618 1904 παραδίδωσι.
2647 1832 2708 1885 Τί
2739 1829 2794 1886 δέ
2824 1833 2912 1896 σὺ,
2945 1826 2984 1886 ὦ
3006 1838 3212 1906 ποιμήν,
3243 1835 3459 1890 ἐνταῦθα

1859 1926 2100 2001 πράξεις,
2133 1923 2214 1980 ὅτι
2249 1930 2339 1986 τήν
2375 1923 2684 1988 δεσποτικήν
2722 1925 2904 1998 ἀγέλην
2944 1927 3055 1982 ἀντὶ
3099 1928 3263 1982 λύκων
3305 1930 3456 1989 αὐτὸς

1859 2016 2288 2095 διασπαράττειςς
2321 2020 2393 2081 είς
2428 2019 2607 2080 ποίους
2631 2020 2801 2075 λοιπὸν
2828 2027 3082 2094 φραγμοὺς
3121 2023 3150 2080 ἡ
3178 2019 3456 2082 δεσποτική

1859 2112 2011 2187 ἀγέλη
2036 2120 2342 2185 καταφυγεῖν
2361 2111 2599 2180 δύναται,
2627 2117 2674 2167 εί
2696 2121 2717 2149 ⁸
2738 2112 2875 2172 ἐντός
2903 2118 3002 2166 τῶν
3036 2112 3453 2170 ἔκκλησιαστικῶν

1858 2205 2142 2280 περιϐόλων
2187 2206 2554 2284 τιτρώσκεταις
2586 2201 2618 2264 ἦ
2661 2205 2784 2279 ποία
2833 2202 3177 2277 παραφυλακῇ
3227 2202 3456 2273 ἀσφαλής

1860 2293 2033 2362 ἔσται,
2055 2295 2206 2352 ὁπότε
2230 2318 2288 2351 σε
2315 2299 2522 2369 πάσχει
2545 2293 2660 2352 ἀντὶ
2683 2297 2898 2369 φύλακος
2926 2293 3138 2373 ἅρπαγα
3159 2311 3172 2358 ;
3196 2297 3281 2348 καί
3305 2291 3452 2358 ἄλλα,

1858 2392 2003 2464 φησίν
2044 2388 2069 2444 ὁ
2109 2391 2327 2466 Κύριος,
2371 2387 2491 2461 ἔχω
2539 2387 2804 2468 πρόϐατα,
2854 2387 2987 2464 ἅπερ
3033 2388 3125 2441 ούκ
3165 2383 3309 2441 ἔστιν
3352 2386 3454 2441 άπὸ

1856 2485 2047 2559 τούτου
2084 2490 2176 2538 τοῦ
2216 2483 2609 2559 προϐατεῶνος,
2653 2484 2861 2559 κᾴκείνα
2905 2480 2986 2538 δεῖ
3022 2502 3085 2554 με
3127 2487 3454 2555 καταγαγεῖν.

1856 2556 2063 2635 Ἐκεῖνος
2094 2573 2220 2630 ἄλλα
2256 2556 2618 2650 ἐπαγγέλλεται
2664 2556 2908 2650 ἀγαγεῖν,
2943 2577 3027 2630 σοί
3052 2573 3106 2630 δὲ
3138 2571 3272 2652 ἅπερ
3312 2569 3458 2646 εἶχες

1858 2669 2156 2725 ἀπόλλυται.
2196 2671 2258 2722 Εί
2300 2671 2388 2722 καί
2424 2668 2490 2724 τὰ
2532 2668 2758 2738 μάλιστα
2806 2667 3014 2744 φανερόν
3058 2668 3226 2731 ἔστιν,
3274 2666 3456 2727 ὁσάκις

1857 2767 2026 2816 ταῦτα
2068 2761 2370 2833 συμϐαίνει,
2405 2762 2462 2816 οὐ
2503 2761 2570 2815 τά
2609 2759 2850 2836 πρόϐατα
2886 2765 3000 2819 τοῖς
3028 2760 3268 2829 ποιμέσιν
3291 2798 3303 2814 .
3331 2757 3458 2814 ἀλλά

1857 2852 2044 2920 μᾶλλον
2083 2860 2196 2913 τοῖς
2226 2852 2510 2928 προϐάτοις
2546 2852 2670 2910 τούς
2706 2849 2947 2921 ποιμένας
2990 2848 3326 2902 ἀπόλλυσθαι.
3357 2850 3458 2901 Καί

1859 2948 1950 3002 τήν
1980 2946 2140 3013 φωνήν
2165 2965 2263 3016 μου
2282 2984 2296 3004 ,
2329 2946 2499 3015 φησίν,
2532 2942 2856 2998 ἀκούσονται.
2907 2942 2999 2996 Διά
3036 2941 3116 3002 τί;
3146 2940 3232 2994 ἶνα
3255 2939 3459 3012 γίνηται

1860 3037 1953 3103 μία
1977 3037 2182 3104 ποίμνη.
2221 3037 2352 3109 Πρὸς
2387 3040 2477 3093 τήν
2515 3035 2700 3089 ἐκείνου
2731 3037 2892 3108 φωνήν
2922 3035 3013 3104 μία
3041 3033 3194 3106 ἀγέλη
3232 3035 3453 3107 γίνεται⁶

1786 3109 1830 3169 C
1863 3125 1991 3198 πρός
2021 3124 2073 3179 δὲ
2102 3129 2192 3182 τὴν
2220 3129 2315 3184 σήν
2345 3125 2653 3199 βλάπτεται,
2685 3123 2716 3185 ἦ
2741 3122 3101 3196 φυγαδεύεται.

1934 3216 2146 3292 Σκληρόν
2186 3217 2456 3284 ἔστιν,ῖνα
2493 3217 2580 3272 Earl
2631 3213 2715 3271 σοί
2759 3215 2965 3293 ἁρμόσῃ
3003 3217 3068 3272 τὰ
3112 3215 3320 3290 ῥήματα
3366 3222 3458 3274 τοῦ

1862 3313 2122 3388 μακαρίου
2163 3311 2357 3366 Παύλου
2396 3311 2498 3366 διπὸ
2545 3318 2646 3366 τῶν
2684 3312 2919 3387 Πρόξὲων
2968 3318 3069 3366 τῶν
3120 3311 3453 3367 ἀποστόλων⁶

1860 3404 2008 3476 Ἐγὼ,
2028 3405 2194 3476 φησίν,
2218 3397 2329 3457 οἶδα
2342 3400 2420 3458 ὅτι
2445 3401 2813 3459 εἰσελεύσονται
2839 3405 2969 3475 μετὰ
3000 3409 3092 3464 τήν
3115 3405 3234 3477 ἐμήν
3248 3406 3458 3477 άναχώι

1859 3517 2011 3569 ρησιν
2037 3495 2180 3550 λύκοι
2225 3495 2408 3571 βαρεῖς
2447 3497 2751 3568 καθ’ύμῶν,
2783 3501 2854 3568 μὴ
2890 3493 3168 3570 φειδόμενοι
3206 3504 3296 3552 τοῦ
3335 3520 3454 3553 ποι-

1862 3588 2029 3658 μνίου.
2092 3587 2194 3660 Ἀφ’
2220 3587 2363 3659 ύμῶν
2424 3589 2803 3649 ἀναστήσονται
2868 3585 3121 3667 ἅνθρωποι
3187 3590 3457 3652 λαλοῦντες

1860 3675 2254 3752 διεστραμμένα.
2278 3679 2366 3733 ἶνα
2408 3680 2642 3751 ἀγάγωσι
2667 3681 2787 3739 τούς
2817 3683 3047 3752 μαθητάς
3079 3683 3246 3738 ὀπίσω
3272 3685 3450 3739 αὐτῶν.

1859 3775 2040 3824 Ταῦτα
2077 3769 2392 3840 ἡϐουλόμεθα
2435 3772 2579 3846 παρὰ
2619 3775 2716 3822 σοῦ
2759 3766 2957 3832 ἄλλοις,
2992 3772 3025 3829 ἦ
3067 3794 3153 3826 σοι
3200 3775 3452 3846 εἰρῆσθαι’

1859 3859 2102 3917 διδακτέα
2132 3864 2233 3936 γάρ
2259 3860 2317 3922 ἦν
2343 3863 2487 3937 παρὰ
2514 3865 2632 3924 σοῦ,
2667 3860 2723 3912 ού
2751 3861 2977 3930 μαθητέα
3007 3880 3110 3922 σοι,
3149 3859 3279 3934 ἅπερ
3309 3865 3454 3933 λέγο-

1859 3977 1970 4028 μεν.
1999 3959 2087 4017 Τίς
2112 3959 2211 4034 γὰρ
2238 3958 2396 4032 φέρει,
2431 3953 2761 4010 διδάσκεσθαι
2790 3953 3064 4008 ἐπίσκοπον
3108 3949 3246 4013 ὅπως
3277 3954 3456 4028 ὀφείλει

1859 4043 1986 4105 εἶναι
2031 4049 2365 4123 χριστιανόςς
2413 4047 2664 4118 ἐπιμελῶς
2700 4045 2938 4122 πρόσεχε
2984 4046 3054 4106 εἰς
3103 4043 3212 4098 οἷαν
3260 4044 3456 4119 αἵρεσιν

1857 4141 2112 4200 κέκλησαι.
2153 4142 2406 4217 Προκαλῇ,
2437 4139 2699 4212 διαϐάλλῃ.
2729 4146 3006 4215 κατηγορῇ·
3037 4139 3088 4192 τί
3113 4138 3308 4192 τούτων
3335 4137 3460 4210 ίερεῖ

1858 4234 2073 4307 πρέπει;
2113 4235 2348 4308 σκληροῖς
2389 4233 2587 4307 σκληρά
2630 4229 2918 4304 ἀπόκρισις,
2972 4226 3130 4288 εἴτις
3170 4225 3273 4302 ἄρα
3321 4229 3456 4280 ἐστίν

1856 4320 2050 4396 ἄμυνα,
2079 4324 2248 4397 λόγοις
2275 4324 2606 4400 τιμωρεῖσθαι
2634 4325 2699 4377 τά
2735 4323 3033 4394 βλάσφημα.
3063 4317 3124 4373 ’11
3151 4317 3457 4390 ὑπολαμϐά-

1855 4435 1955 4475 νεις
1980 4412 2059 4470 ὅτι
2092 4417 2236 4484 ἡμεῖς
2265 4435 2361 4469 σου
2393 4414 2686 4487 φεισόμεθα,
2717 4413 2867 4468 ὁπότε
2914 4421 3006 4471 τῆς
3047 4411 3230 4465 ἑαυτοῦ
3266 4408 3452 4481 ψυχῆς

175 4497 313 4556 nibus
342 4504 481 4559 velis
511 4512 566 4556 et
600 4502 906 4571 praeteritis,
939 4511 995 4557 et
1030 4504 1382 4572 praesentibus
1408 4546 1422 4570 ,
1465 4513 1520 4559 et
1562 4505 1757 4560 futuris

1865 4506 2014 4567 αὐτὸς
2041 4507 2098 4560 ού
2129 4503 2299 4579 φείδῃ,
2331 4501 2385 4565 ὃς
2423 4509 2616 4565 πάντας
2652 4504 2804 4564 θέλεις
2844 4505 2970 4564 τούς
2996 4503 3287 4576 φθάσαντας
3317 4511 3340 4550 Β
3369 4504 3454 4557 καί

175 4674 406 4746 loquitur,
444 4681 624 4736 nullas
649 4679 895 4752 inducias
923 4680 1288 4752 permittebat.
1320 4680 1492 4735 Immo
1520 4683 1586 4737 ad
1621 4697 1757 4752 pra)-

174 4753 414 4817 scriptum
449 4753 667 4808 Domini
696 4751 885 4806 Matth.
921 4763 1074 4817 ινιιι,
1107 4751 1196 4820 15,
1227 4753 1552 4810 Caelestinns
1578 4751 1678 4808 hac
1704 4754 1758 4808 in

173 4832 221 4874 re
245 4838 299 4876 se
328 4829 518 4893 geSs-it.

233 4902 258 4929 ⁸
287 4895 447 4959 Magis
482 4895 714 4959 placeret
744 4893 884 4962 quod
917 4893 1081 4948 habet
1118 4893 1338 4949 Grarcus
1367 4910 1569 4959 sermo,
1599 4912 1631 4949 a
1658 4911 1753 4949 no-

172 4964 250 5015 stri
289 4969 531 5021 societate
573 4967 797 5034 collegii,
833 4965 916 5018 vel
951 4967 1268 5033 simpliciter
1297 4977 1354 5020 ut
1385 4966 1544 5032 infra,
1573 4983 1630 5021 η.
1664 4967 1755 5032 10,

174 5045 199 5080 a
225 5048 386 5090 nostra
413 5037 657 5105 collegio.
687 5037 886 5091 Eadem
915 5036 1125 5090 ratione
1153 5038 1220 5090 de
1262 5037 1518 5092 bmretico
1562 5037 1754 5092 eodem

174 5107 412 5173 Scriptum
455 5110 685 5177 legimus
727 5111 886 5175 epist.
932 5107 992 5162 Η
1035 5123 1089 5161 n.
1127 5106 1200 5161 ιε
1231 5110 1276 5162 Α
1301 5120 1471 5162 nostra
1498 5126 1613 5162 eum
1641 5125 1756 5162 cor-

175 5187 280 5254 pore
323 5183 454 5232 sciat
505 5195 611 5232 esse
655 5178 1051 5242 removendum;
1087 5187 1143 5234 et
1172 5181 1332 5249 epist.
1369 5177 1436 5234 12
1461 5195 1515 5234 n.
1543 5181 1578 5236 4
1605 5197 1618 5235 :
1650 5183 1754 5234 Aut

176 5257 513 5320 episcoporum
541 5258 672 5303 carm
695 5260 941 5307 remotus.
972 5261 1079 5304 etc.

233 5313 256 5352 δ
284 5313 352 5372 l'a
379 5321 562 5374 Biluz.
589 5335 707 5394 cuin
732 5321 960 5394 mss.th
983 5321 1111 5376 editi
1137 5322 1250 5388 alii,
1277 5323 1430 5387 huius
1450 5324 1558 5394 uice
1579 5322 1750 5394 omcii.

176 5381 338 5441 Gricca
373 5393 553 5445 littera
591 5393 670 5445 sic
715 5391 1034 5457 simpliciter
1081 5381 1394 5448 reddenda:
1446 5381 1635 5448 Periit"
1661 5395 1752 5448 tibi

175 5467 255 5537 Pfo
293 5462 383 5537 tali
429 5464 712 5537 ministerio
741 5464 993 5533 promissa
1026 5463 1306 5537 beatitudo.
1335 5465 1454 5520 Mox
1483 5481 1582 5536 pro
1610 5481 1751 5536 quar-

173 5531 291 5611 tirit,
312 5531 499 5611 (ἔειπεν
526 5531 899 5611 interpretatio
920 5535 1109 5611 suadet
1130 5538 1412 5611 legendum
1436 5531 1750 5611 esseacq_ui-

173 5605 309 5684 ﬁﬂ,
338 5605 588 5684 maxime
634 5621 754 5660 cum
791 5608 866 5684 .ad
888 5607 1056 5684 verba
1088 5609 1235 5684 Pauli
1267 5613 1385 5662 Act.
1413 5625 1507 5684 xx,
1538 5607 1628 5670 28.
1651 5605 1752 5684 λιιίο

173 5674 354 5750 ζεερίεἰ
390 5675 734 5750 manifestum
759 5676 848 5730 sit.
887 5677 1024 5750 Hinc
1049 5686 1106 5733 et
1130 5678 1289 5744 infra,
1323 5694 1380 5733 n.
1413 5680 1475 5750 7,
1507 5682 1754 5750 attonitus

171 5748 263 5805 Pro
284 5745 563 5814 acquisita:
588 5747 827 5819 positum
855 5749 1194 5819 suspicamur
1213 5789 1231 5811 .
1279 5745 1753 5818 suspicionemque

1865 4692 2100 4736 nostram
2127 4679 2409 4735 conﬁrmat
2433 4680 2572 4744 quod
2600 4695 2720 4733 mox
2747 4679 3008 4743 sequitur,
3037 4680 3308 4751 prannium
3339 4695 3455 4734 con-

1863 4754 2098 4822 fessionis
2118 4753 2400 4822 a:quirere.
2431 4752 2589 4803 Certe
2613 4751 2662 4803 in
2691 4752 2861 4804 tribus
2885 4751 2989 4804 illis
3011 4753 3139 4804 locis
3159 4767 3266 4804 uno
3291 4767 3369 4806 vei
3386 4754 3454 4805 bo

1861 4824 2134 4902 κερδαίνειν
2162 4826 2428 4902 interpres
2455 4823 2673 4877 Grmcus
2705 4837 2830 4874 u~u~
2860 4835 2962 4875 est.

1938 4907 1961 4934 ο
1995 4896 2074 4948 Ad
2111 4896 2342 4948 litteram
2371 4893 2636 4957 Cra-cam,
2664 4908 2884 4962 namque
2907 4891 3001 4946 sub
3031 4891 3182 4946 labiis
3209 4892 3310 4946 tuis
3335 4901 3453 4946 sunt

1889 4983 1941 5020 α.
1974 4983 2108 5020 (ιιιιε.

1859 4981 1920 5020 ea
2010 4981 2108 5020 me.

1928 4983 2066 5091 vita
2095 5051 2222 5090 mss.
2254 5036 2322 5090 At
2353 5035 2504 5098 editi,
2533 5033 2876 5087 mercenarius
2906 5043 2974 5086 est
3004 5032 3091 5100 qui
3120 5049 3239 5096 eas;
3269 5039 3326 5088 et
3365 5035 3450 5087 in-

1859 5108 1941 5163 fra
1968 5109 2240 5179 dispergis,
2269 5121 2368 5175 pro
2394 5107 2660 5179 discerpis.
2692 5111 2860 5158 Antea
2888 5120 3027 5158 more
3060 5107 3295 5174 (sperum
3319 5104 3450 5158 inal-

1859 5174 2060 5236 lemns.
2088 5174 2245 5247 qnam
2277 5174 2370 5245 pro
2400 5174 2559 5240 lupis.

1934 5260 1958 5325 ς
1987 5246 2155 5325 Edili.
2189 5251 2374 5325 ἐντοῖς
2401 5248 2709 5325 περιϐόλοις.
2741 5246 3079 5325 οηςτξιςιιιιιιιτ
3103 5262 3168 5325 οξ
3199 5259 3329 5325 mss.

1933 5318 1954 5359 ί
1987 5321 2043 5374 Ir.
2072 5320 2297 5380 vulgatis
2323 5313 2527 5393 obtinet
2552 5319 2737 5393 Ora-ce
2765 5319 2832 5372 σὺ
2943 5317 3093 5393 ἅπερ
3114 5313 3258 5393 εἶχεν
3285 5315 3452 5393 Δδιαπολ-

1853 5393 2010 5457 λύιις,
2043 5401 2098 5444 tu
2127 5401 2297 5444 autem
2323 5407 2449 5458 quas
2478 5388 2693 5443 [iubebat
2737 5391 2925 5457 perdis.
2970 5388 3057 5443 At"
3083 5390 3295 5442 lectioni
3343 5389 3447 5441 La-

1859 5465 1983 5519 tina:
2008 5469 2366 5518 consentanea
2397 5470 2478 5515 est
2506 5462 2690 5515 Graeca
2719 5462 2769 5512 in
2801 5475 2930 5514 mss.
2963 5463 3148 5526 regiis.
3181 5462 3279 5513 ΠΜ
3307 5458 3448 5528 quod

1859 5536 1912 5590 in
1960 5537 2044 5588 his
2086 5533 2342 5587 mendose
2391 5541 2574 5588 exstet
2609 5534 2676 5588 σὺ
2715 5531 2798 5595 δέ,
2850 5547 2946 5601 pro
2984 5535 3068 5587 σοι
3092 5530 3168 5588 δὲ.
3203 5531 3451 5587 Nasuam

1858 5607 2247 5664 correctionem
2280 5605 2515 5660 subnexa
2546 5604 2883 5659 conﬁrmant.

1934 5688 1960 5727 ε
2002 5680 2056 5734 In
2084 5692 2211 5736 mss.
2241 5691 2353 5738 non
2377 5685 2554 5734 exstat
2581 5679 2671 5733 nat
2691 5678 2815 5737 τοὺς
2836 5674 3127 5751 παρόντας.
