3982 6182
456 202 560 273 ῑτθ

1240 206 1300 263 S.
1340 203 1735 263 C(ELESTINI
1773 203 1796 259 l
1832 201 2036 258 PAP/E
2076 201 2431 258 EPISTOLE
2475 203 2560 257 ET
2602 203 2943 261 DECRETA.

3624 207 3734 268 £80

458 321 774 379 beneficium
824 320 1011 376 salutis
1055 319 1300 373 auferre?
1352 320 1647 385 Persequar
1696 316 1852 384 plane
1904 314 2026 369 boni

2137 316 2251 373 τοὺς
2276 314 2532 389 παρόντας
2554 318 2637 370 καί
2675 318 2792 377 τοὺς
2822 319 3086 389 μέλλοντας
3114 320 3445 395 ἀφαιρεῖσθαι
3473 326 3565 381 τήν
3589 324 3733 397 εύερ-

456 412 667 467 Domini
697 413 800 466 mei
834 411 1004 466 ﬁdelis
1050 423 1236 462 servus
1281 408 1555 472 inimicos;
1606 423 1725 461 cum
1777 406 2041 473 Propheta

454 514 677 571 asserat,
703 517 795 556 eos
818 502 941 556 odio
959 515 1015 554 se
1038 499 1211 553 odisse
1235 499 1472 566 perfecto
1494 496 1611 566 (Ps.
1637 512 1891 563 cxxxvui,
1923 497 2039 565 2‘2).

454 604 476 632 ι
509 596 728 650 Moneor
758 607 960 653 rursus,
994 592 1163 645 altero
1194 590 1445 659 loquente
1474 605 1541 643 ne
1575 604 1785 658 parcam
1815 588 1873 660 (Ι
1911 589 2039 660 Reg.

454 701 537 754 xv,
570 686 648 752 ῖι).
678 686 845 749 Quem
880 684 965 737 hic
991 697 1091 752 ego
1118 682 1439 750 respiciam?
1467 680 1553 733 cui
1592 679 1811 733 honoris
1838 678 2038 749 aliquid

452 792 677 838 servem,
703 775 917 842 quando
938 774 1109 844 agitur
1130 782 1187 827 ut
1213 773 1345 826 mihi
1374 772 1535 826 totius
1564 772 1677 840 spei
1711 786 1844 824 meae
1876 785 2039 824 causa

450 865 698 921 tollatur?
727 866 894 936 ipsius
926 867 976 919 in
1008 864 1297 935 Evangelio
1322 865 1482 918 verba
1506 872 1631 917 sunt
1660 862 1893 926 Domini,
1921 864 2040 931 qui-

450 957 547 1013 bus
568 958 661 1021 ait,
687 973 788 1011 non
814 958 915 1012 sibi
946 965 1172 1025 patrem,
1200 970 1307 1011 non
1330 955 1429 1009 sibi
1462 964 1708 1023 matrem,
1740 970 1843 1009 nou
1876 954 2035 1019 ﬁlios,

449 1066 551 1106 non
580 1052 812 1121 aliquam
840 1051 1294 1105 necessitudinem
1320 1048 1520 1103 debere
1552 1050 1787 1117 νεωροηί
1813 1046 2033 1120 (Matth.

448 1156 500 1207 ι,
543 1144 653 1210 '57).
700 1142 796 1197 Est
842 1143 985 1196 enim
1027 1157 1180 1197 nus
1224 1156 1574 1204 vascosana
1603 1154 1806 1204 PIETAS,
1841 1156 1907 1194 ex
1934 1156 2037 1209 qua

449 1242 697 1288 nascatur
727 1233 993 1303 impietas,
1024 1248 1169 1296 cum,
1195 1234 1443 1287 vincente
1464 1234 1640 1285 carnis
1670 1231 1885 1296 affectu,
1909 1232 2038 1286 cha-

448 1326 589 1379 ritati
622 1326 695 1379 illi
729 1342 845 1395 qua:
874 1325 1016 1379 Deus
1047 1336 1149 1388 est,
1181 1324 1419 1380 charitas
1464 1324 1795 1393 przeponitur
1840 1338 2035 1391 corpo-

448 1417 596 1479 ralis,
620 1417 769 1484 cujus
791 1416 983 1470 intuitu
1008 1414 1275 1485 aliquibus
1297 1428 1439 1483 saepe
1460 1412 1807 1468 deferimus.b
1828 1415 1893 1465 At
1914 1427 2034 1467 cum

448 1511 500 1565 in
535 1511 675 1564 hunc
706 1509 941 1564 tenditur
970 1510 1060 1579 qui
1086 1518 1169 1563 est
1210 1509 1323 1578 ipsa
1376 1508 1593 1562 dilectio
1620 1550 1634 1575 ,
1688 1520 1910 1561 necesse
1953 1515 2038 1560 est

449 1617 548 1657 nec
576 1601 665 1657 illa
697 1611 977 1657 serventur
1000 1614 1229 1671 quorum
1260 1609 1449 1654 auctor
1480 1607 1695 1654 vocatur
1717 1597 1770 1652 in
1793 1611 2032 1652 causam.

516 1797 572 1853 7.
615 1796 1011 1866 Expergiscere
1037 1796 1253 1852 tandem
1275 1837 1289 1860 ,
1322 1796 1445 1865 quia
1481 1810 1586 1849 non
1627 1802 1753 1848 sunt
1802 1794 1921 1848 ista:
1952 1793 2036 1849 di-

448 1888 631 1944 cendae
664 1888 882 1956 vigiliae,
918 1904 1050 1958 quas
1093 1905 1200 1942 non
1230 1888 1458 1942 exhibes
1491 1887 1791 1950 custodire,
1822 1886 1915 1942 sed
1946 1902 2034 1941 ra-

447 1982 611 2049 pinte.
650 1980 898 2034 Dormire
931 1992 982 2034 te
1010 1981 1273 2034 vellemus
1298 1981 1350 2033 in
1373 1980 1476 2033 hoc
1494 1979 1635 2048 quod
1664 1979 1951 2049 praedicas,
1982 1989 2037 2035 et

448 2073 682 2142 vigilare
707 2073 758 2125 in
788 2072 899 2126 hoc
921 2072 1061 2140 quod
1086 2072 1387 2140 impugnas.
1415 2068 1442 2107 ἀ
1469 2070 1667 2124 Levius
1697 2081 1844 2125 certe
1868 2073 2039 2125 ferre-

447 2179 590 2225 mus,
622 2164 667 2217 si
702 2162 754 2217 in
792 2173 1021 2233 utroque
1066 2162 1357 2216 dormires.
1396 2170 1418 2197 °
1447 2162 1617 2215 Nemo
1651 2162 1748 2215 tibi
1794 2163 2038 2231 perditus

445 2263 613 2316 esset,
652 2270 811 2309 nemo
847 2252 1191 2324 fquzesitus;
1227 2252 1377 2305 nullo
1410 2251 1718 2305 animarum
1754 2252 2037 2322 dispendio

446 2358 703 2399 numeret
726 2343 998 2412 Ecclesia,
1017 2342 1173 2396 nullo
1196 2340 1523 2409 compendio
1546 2342 1848 2407 laetaretur;
1870 2345 2038 2399 satius

445 2436 494 2487 ei
519 2445 663 2489 esset
683 2436 724 2487 si
760 2435 899 2488 hanc
923 2448 1131 2503 sponso
1156 2447 1259 2486 suo
1276 2477 1290 2501 ,
1324 2433 1396 2486 ita
1420 2442 1479 2487 ut
1506 2449 1826 2504 susceperas
1850 2477 1864 2501 ,
1899 2435 2037 2490 resi-

444 2540 658 2595 gnares.
693 2525 800 2579 Sed
836 2524 964 2593 quid
1007 2525 1193 2578 multis
1234 2525 1525 2588 immoror,
1562 2525 1819 2595 loquente
1857 2526 2035 2581 archi-

446 2625 589 2671 tecto
617 2618 812 2683 Paulo,
839 2616 1068 2671 Frustra
1092 2631 1186 2685 per
1227 2624 1280 2670 te
1310 2616 1798 2684 supertedilicatum
1835 2617 2035 2685 aliquid

443 2725 662 2780 quaero,
700 2710 754 2763 in
803 2724 910 2779 quo
959 2723 1064 2762 non
1112 2707 1332 2762 invenio
1380 2707 1788 2762 fundamentum
1828 2707 1879 2777 (1
1911 2706 2032 2761 Cor.

443 2818 522 2868 ιιι,
558 2802 688 2874 il)?
718 2801 891 2857 Audio
921 2811 945 2850 δ
965 2799 1071 2855 vim
1101 2802 1391 2856 maximam
1422 2801 1694 2855 catholice
1712 2802 2029 2865 sentientes,

441 2895 636 2967 quibus
686 2909 785 2949 nos
828 2894 1290 2948 communicamus
1314 2937 1327 2955 ,
1361 2892 1595 2946 clericos
1626 2892 1897 2946 sustinere
1919 2934 1933 2958 ,
1960 2891 2033 2945 ita

442 2999 498 3042 ut
527 2988 611 3042 his
638 2990 801 3043 etiam
830 2988 1023 3043 civitas
1057 2986 1345 3041 interdicta
1374 2984 1606 3039 dicatur.
1643 2985 1911 3038 Lazlamur
1938 3001 2033 3040 eos

2147 408 2318 476 γεσίαν
2345 414 2436 466 τῆς
2462 410 2748 482 σωτηρίας
2791 408 2949 463 διώκω
2979 410 3201 470 δηλονότι
3238 416 3361 473 τούς
3394 414 3611 489 ἐχθρούς
3640 422 3729 470 τοῦ

2144 498 2296 552 καλοῦ
2328 497 2579 554 δεσπότου
2626 521 2753 565 μου,
2790 501 3062 562 ὡςδούλος
3104 504 3308 564 πιστός’
3348 500 3501 560 όπότε
3531 511 3677 579 φησίν
3703 507 3730 562 ό

2144 594 2424 665 προφήτης,
2456 591 2628 663 τελείῳ
2654 594 2794 662 μίσει
2828 595 3043 653 τούτους
3069 601 3255 666 μισεῖν.
3288 594 3728 667 ’Υπομνιμνήσκο-

2144 702 2237 751 μαι
2270 681 2420 736 πάλιν
2448 678 2598 735 ἄλλου
2643 682 2923 750 λαλοῦντος,
2949 684 3033 737 ἶνα
3077 689 3146 754 μή
3187 688 3461 757 φείσωμαι.
3492 689 3595 741 Τίνι
3631 688 3727 757 ἐγὼ

2145 774 2355 827 ἐνταῦθα
2394 781 2652 846 προσχῶ;
2697 777 2792 829 τίνι
2831 773 2885 828 δὲ
2926 779 3076 844 τιμήν
3117 776 3340 849 φυλάξω,
3375 776 3530 832 ὁπότε
3574 784 3728 832 τοῦτο

2144 862 2244 938 όρῶ
2270 864 2639 937 πραττόμενον,
2665 866 2745 919 ἵνα
2788 888 2873 934 μοι
2910 867 3035 941 ἀρθῇ
3068 869 3098 925 ἡ
3137 866 3338 928 ἀπάσης
3366 867 3565 929 ἑλπίδος
3592 870 3729 925 ύπόο

2140 957 2305 1018 θεσιςς
2340 958 2497 1011 αὐτοῦ
2526 964 2617 1011 τοῦ
2646 961 2825 1035 Κυρίου
2856 960 2903 1011 ἐν
2940 968 3013 1027 τῷ
3040 961 3310 1032 εὐαγγελίῳ
3332 960 3531 1037 ῥήματά
3559 963 3725 1026 ἐστιν,

2142 1042 2213 1107 οἷς
2238 1067 2379 1117 φησι,
2408 1053 2476 1117 μή
2504 1050 2719 1120 πατέρα.
2744 1054 2813 1119 μή
2842 1050 3055 1122 μητέρα,
3082 1055 3153 1121 μή
3172 1052 3337 1115 τέκνα,
3368 1056 3437 1123 μή
3465 1074 3578 1107 τινα
3601 1074 3729 1126 συγ-

2139 1138 2326 1208 γένειαν
2371 1139 2576 1210 ὀφείλειν
2606 1141 2763 1194 αὐτοῦ
2791 1143 3152 1215 προτιμᾶσθαι.
3186 1138 3339 1197 Ἐστι
3366 1144 3464 1218 γάρ
3490 1144 3729 1207 πολλάκις

2138 1232 2351 1287 τοιαύτη
2391 1231 2623 1285 εὐσέϐεια
2640 1270 2656 1293 ,
2690 1231 2772 1303 ἀφ’
2797 1230 2854 1293 ἧς
2882 1232 3090 1287 ἀσέϐεια
3114 1235 3364 1297 τίκτεται,
3401 1230 3483 1288 ὅτε
3511 1236 3728 1296 νικώσης

2138 1330 2231 1381 τῆς·
2270 1326 2403 1378 κατά
2442 1325 2607 1395 σάρκα
2647 1322 2949 1390 διαθέσεως,
2980 1327 3168 1385 ἒκείνης
3214 1334 3307 1385 τῆς
3355 1324 3579 1397 ἀγάπης,
3615 1330 3727 1388 ἥτις

2138 1414 2277 1467 ἐστίν
2306 1415 2332 1468 ό
2362 1417 2506 1480 Θεός,
2542 1424 2571 1475 ἡ
2602 1422 2867 1487 σωματική
3089 1421 3427 1493 προκρίνεται,
3449 1418 3510 1474 δι’
3527 1421 3584 1478 ἣν
3610 1420 3728 1474 πολ-

2137 1505 2276 1568 λάκις
2305 1509 2395 1578 μὲν
2434 1510 2658 1580 τιμῶμέν
2687 1531 2849 1569 τινας.
2883 1507 3004 1564 Ἀλλ’
3020 1508 3102 1564 ὅτε
3127 1509 3235 1565 κατ’
3255 1511 3441 1565 ἐκείνου
3481 1512 3637 1577 ἐστίν,
3671 1509 3727 1574 ὅς

2138 1598 2274 1653 ἐστιν
2316 1601 2442 1657 αὐτή
2468 1602 2498 1657 ri
2527 1601 2700 1670 ἀγάπη
2722 1644 2733 1659 ,
2985 1601 3158 1656 λοιπόν
3202 1604 3439 1675 κᾴκείνας
3466 1604 3560 1664 τάς
3595 1612 3616 1641 ο
3646 1602 3727 1657 ἔνο

2066 1692 2116 1754 Β
2140 1691 2272 1749 νοίας
2303 1690 2654 1753 ἐκϐάλλεσθαι,
2685 1688 2753 1744 ὧν
2777 1690 2802 1745 ό
2833 1693 3071 1767 ἀρχηγὸς
3100 1694 3170 1751 είς
3200 1690 3338 1750 δίκην
3366 1694 3612 1747 καλεῖται.

2208 1785 2559 1846 Ἐξυπνίσθητι
2586 1784 2677 1854 όψί
2698 1801 2840 1839 ποτε·
2868 1787 2924 1838 ού
2952 1787 3051 1859 γάρ
3078 1786 3271 1839 λεκτέον
3293 1784 3488 1845 ταύτας
3508 1788 3723 1860 ἐγρηγο-

2138 1882 2338 1948 ρήσεις,
2370 1877 2429 1937 ἃς
2459 1878 2725 1947 ἀπονέμεις
2760 1879 2816 1931 ού
2860 1887 2923 1949 τῇ
2961 1878 3169 1951 φυλακῇ,
3219 1878 3342 1931 ἀλλά
3383 1885 3446 1953 τῇ
3492 1877 3725 1952 ἁρπαγῇ.

2138 1968 2464 2039 Ἦϐουλόμεθά
2490 1990 2547 2023 σε
2590 1970 2636 2021 ἐν
2674 1967 2863 2040 τούτῳ,
2981 1971 3269 2042 κηρύττεις,
3314 1973 3604 2041 κοιμᾶσθαι.
3638 1974 3728 2024 καί

2138 2062 2457 2136 ἐγρηγορέναι
2491 2062 2594 2115 καθ’
2620 2059 2675 2114 οὗ
2717 2062 2974 2133 πολεμεῖς.
3008 2065 3068 2115 Τί
3096 2058 3148 2115 δέ
3187 2061 3347 2132 λέγως
3387 2061 3728 2134 φορητότερον

2138 2152 2346 2224 ἧνήμῖν,
2376 2156 2419 2208 εί
2442 2156 2624 2225 ἐκοιμῶ
2652 2158 2722 2214 είς
2745 2154 3001 2229 ἑκάτερον.
3025 2151 3220 2208 Ούδίνα
3242 2152 3517 2213 ἀπώλλυες,
3544 2150 3727 2207 οὐδένα

2138 2245 2437 2323 ἑκέρδαινες,
2471 2246 2519 2299 ἐν
2546 2245 2757 2320 οὐδεμία
2784 2249 2938 2319 ζημίᾳ
2964 2245 3154 2317 ψυχῶν
3184 2248 3213 2302 ri
3252 2242 3505 2301 Ἐκκλησία
3535 2244 3733 2315 ἐστύν-

2137 2342 2302 2402 ναζεν,
2337 2340 2388 2391 ἐν
2418 2335 2577 2390 οὐδενί
2614 2335 2776 2409 κέρδει
2805 2334 3036 2411 ἔχαιρεν·
3078 2336 3221 2410 ἤρκει
3248 2336 3378 2408 αὐτῇ
3417 2338 3462 2388 εί
3499 2341 3569 2403 τῷ
3610 2332 3728 2403 ἰδίῳ

2137 2433 2328 2502 νυμφίῳ
2360 2431 2532 2487 αὐτήν,
2564 2429 2741 2502 ὥσπερ
2768 2428 3112 2505 παρειλήφεις,
3141 2428 3225 2481 καί
3249 2424 3552 2497 παρεδίδως.
3580 2425 3730 2481 Ἀ)λά

2138 2525 2189 2577 τί
2208 2523 2411 2581 πολλοῖς
2440 2518 2771 2593 ἐμϐραδύνω;
2807 2521 3036 2593 λέγοντος
3065 2525 3151 2573 τοῦ
3190 2521 3558 2593 ἀρχιτέκτονος
3588 2517 3731 2572 Παύ-

2136 2615 2244 2679 λου,
2279 2616 2439 2686 μάτην
2472 2612 2555 2668 διά
2594 2620 2687 2667 σοῦ
2721 2614 3014 2682 ,ἐπικτισθέν
3045 2635 3095 2667 τι
3140 2617 3292 2676 ζητῶ,
3344 2612 3391 2663 ἐν
3419 2608 3459 2684 ᾧ
3488 2613 3587 2680 οὐχ
3618 2609 3729 2685 όρῷ

2136 2709 2377 2782 θεμέλιον.
2393 2710 2574 2761 ’Λκούω
2589 2707 2707 2778 βίαν
2730 2708 2999 2778 ὑπομένειν
3021 2708 3142 2765 τούς
3164 2706 3429 2778 κληρικούς
3453 2708 3725 2775 μεγίστην,

2135 2802 2257 2859 τοὺς
2306 2800 2578 2859 καθολικῶς
2609 2805 2934 2877 φρονοῦντας,
2979 2794 3052 2857 οἷς
3102 2800 3249 2868 ἡμεῖς
3277 2802 3619 2865 κοινωνοῦμεν,
3655 2799 3729 2855 ὡς

2136 2891 2368 2964 λέγεσθαι
2391 2893 2577 2950 αύτούς
2603 2895 2689 2945 καὶ
2715 2900 2806 2950 τῆς
2833 2889 3026 2951 πόλεως
3046 2888 3447 2942 ἀποκεκλεῖσθαι.
3474 2890 3729 2963 Χαίρομεν

2137 2983 2215 3042 ὄτι
2240 2986 2299 3041 τὸ
2325 2984 2535 3040 ἔπαθλον
2554 2993 2643 3044 τῆς
2665 2984 2933 3056 ὁμολογίας
2949 2981 3232 3057 ἐκέρδαναν·
3258 2982 3381 3035 ἀλλά
3404 2980 3723 3047 λυπούμεθα,

441 3082 721 3149 praemium
752 3080 1114 3135 confessionis
1142 3080 1449 3149 acquirere,
1482 3079 1577 3133 sed
1608 3078 1857 3133 dolemus
1888 3079 2026 3147 quod

2137 3076 2210 3134 ὅτι
2242 3081 2514 3138 ἐπίσκοπος
2540 3076 2565 3130 ό
2592 3076 2804 3131 διώκων.
2836 3087 2890 3130 '0
2934 3076 3176 3151 μακάριος
3216 3073 3494 3131 ἀπόστολος
3518 3071 3727 3129 Παῦλος

440 3174 699 3242 episcopo
769 3182 1154 3244 persequente.
1218 3171 1417 3227 Beatus
1486 3172 1765 3241 apostolus
1829 3171 2028 3225 Paulus

440 3262 467 3301 ¹³
523 3274 929 3335 persecutorem
992 3264 1349 3333 praedicatore
1401 3264 1629 3316 mulavit
1678 3280 1690 3315 :
1744 3261 1898 3318 nefas
1946 3271 2028 3316 est

440 3360 741 3413 maximum
779 3356 1189 3424 praedicatorem
1233 3364 1588 3425 persecutore
1615 3363 1903 3409 mutatum.
1938 3355 2027 3408 Di-

440 3458 570 3518 ‘gere
608 3449 665 3501 in
696 3462 981 3501 numerum
1014 3455 1164 3500 retro
1199 3444 1215 3483 ί
1244 3446 1560 3512 haereticos,
1593 3448 1681 3517 qui
1716 3447 2025 3517 hujusmodi

440 3538 771 3607 quaestiones
822 3537 1083 3593 Ecclesia:
1124 3538 1445 3593 intulerunt.
1484 3541 1616 3606 Quis
1656 3556 1909 3609 umquam
1958 3542 2027 3597 de

442 3629 545 3683 hoc
572 3628 871 3682 certamine
905 3629 1079 3682 victor
1115 3627 1380 3682 revertit?
1422 3630 1601 3685 Habes
1628 3641 1778 3685 certe
1810 3640 1914 3686 tua:
1943 3630 2025 3686 ci-

440 3720 621 3775 vitatis
660 3721 989 3789 exemplum.
1024 3721 1226 3775 Paulus
1257 3722 1392 3777 civis
1428 3723 1441 3774 i
1488 3724 1905 3789 Samosateuus,
1936 3740 2027 3779 oc-

439 3822 630 3881 cupata
655 3813 990 3869 Antiochena
1024 3814 1292 3881 Ecclesia,
1320 3829 1441 3869 cum
1468 3816 1645 3884 aliqua
1678 3816 2019 3883 pradicaret,

439 3905 661 3974 collegit
688 3919 908 3959 suorum
946 3906 1211 3960 seminum
1236 3920 1499 3961 messem.
1539 3905 1801 3973 Reliquos
1836 3908 2025 3962 iuven-

438 4009 584 4054 tores
613 4000 877 4053 malorum
899 3999 1155 4053 Ecelesiis
1182 3999 1462 4067 occupatis
1490 3998 1774 4053 sententiae
1795 4013 2022 4056 censura

437 4105 654 4159 semper
685 4103 791 4142 non
817 4088 1000 4153 dispar
1023 4088 1204 4156 ejecit.

508 4180 561 4233 8.
606 4178 714 4231 Hos
752 4191 972 4246 quoque
1015 4177 1336 4242 haereticos,
1371 4178 1439 4234 de
1469 4177 1665 4247 quibus
1703 4193 1833 4244 nos,
1874 4179 2025 4235 velut

435 4284 623 4326 eorum
649 4284 767 4340 quae
801 4278 950 4340 gesta
996 4278 1123 4325 sunt
1154 4270 1374 4324 nescius
1396 4312 1410 4336 ,
1441 4270 1731 4325 consulere
1759 4271 1976 4326 voluisti
2003 4312 2018 4337 ,

436 4362 656 4419 sedibus
686 4363 796 4419 suis
838 4361 1040 4432 injusta
1080 4363 1327 4418 dicentes
1358 4363 1569 4434 expulit
1611 4364 1753 4435 justa
1796 4364 2022 4419 damna-

2129 3172 2230 3224 ἀπό
2264 3169 2478 3226 διὼκτου
2530 3172 2603 3229 είς
2644 3173 2840 3243 κήρυκα
2900 3167 3207 3239 μετηλλάογηο
3244 3171 3330 3219 νῦν
3382 3163 3435 3218 δὲ
3482 3165 3727 3235 μέγιστον

2127 3262 2384 3333 ἀσέϐημα,
2416 3263 2486 3321 εἰς
2516 3259 2725 3319 διώκτην
2755 3261 2856 3315 ἀπὸ
2882 3263 3096 3335 κήρυκος
3124 3256 3726 3331 μετηλλάχθαι.“Αρίθμει

2126 3358 2247 3415 τοὺς
2274 3356 2433 3409 πάλαι
2474 3356 2782 3430 αίρετικοὺς,
2830 3354 2878 3408 οἶ
2927 3374 3056 3413 τινες
3095 3354 3337 3412 τοιαύτας
3382 3354 3618 3415 ζητήσεις

2125 3451 2394 3525 Ἐκκλησία
2435 3454 2727 3523 ἐπήνεγκαν
2767 3454 2843 3511 τίς
2889 3454 3098 3506 πώποτε
3140 3451 3243 3505 ἀπὸ
3285 3452 3521 3509 τοιαύτης
3550 3448 3725 3523 ἴριδος

2127 3546 2332 3603 νικήσας
2357 3545 2714 3617 ἀνεχώρησεν;
2750 3541 2901 3614 ἔχεις
2944 3541 3229 3616 ὑπόδειγμα
3270 3551 3363 3603 τῆς
3404 3542 3597 3601 πόλεως
3622 3550 3725 3603 τῆς

2128 3640 2241 3693 σῆς.
2274 3634 2461 3694 Παῦλος
2506 3634 2531 3688 ὁ
2582 3637 2909 3705 Σαμοσατεύς
2959 3634 3140 3694 ἐπιϐάς
3177 3642 3268 3693 τῆς
3308 3634 3594 3702 Δντιοχέων
3628 3634 3723 3685 ἐκ-

2126 3725 2359 3793 κλησίας,
2384 3728 2452 3785 ὥς
2476 3748 2589 3780 τινα
2618 3729 2877 3798 ἐκήρυττε,
2910 3735 3091 3800 συνῆρε
3118 3733 3217 3780 τῶν
3244 3723 3380 3779 ἰδίων
3407 3725 3725 3799 σπερμάτων

2126 3818 2183 3871 τό
2208 3819 2364 3885 θέρος.
2395 3820 2524 3879 Τούς
2552 3819 2752 3879 λοιπούς
2776 3826 2875 3873 τῶν
2904 3825 3072 3873 κακῶν
3102 3818 3313 3890 εύρετάς
3345 3812 3723 3886 κατασχόντας

2124 3913 2223 3962 τῶν
2261 3909 2562 3974 ἐκκλησιῶν,
2608 3910 2689 3965 ἀεὶ
2735 3912 2766 3967 ri
2806 3911 2937 3969 αύτή
2972 3909 3254 3981 στερῥὸτης
3285 3917 3378 3969 τῆς
3409 3909 3722 3978 ἀποφάσεως

2124 4000 2476 4057 κατεϐάλλετο.

2194 4176 2330 4230 Ἀλλά
2356 4180 2445 4231 καί
2469 4179 2682 4239 τούτους
2718 4180 2840 4239 τοὺς
2882 4178 3184 4252 αἰρετικοὺς,
3212 4179 3331 4248 περὶ
3355 4172 3421 4228 ὧν
3459 4176 3610 4245 ἡμᾶς,
3640 4176 3719 4233 ὡς

2122 4268 2187 4321 τά
2209 4268 2310 4322 κατ’
2335 4272 2519 4331 αύτούς
2542 4272 2750 4343 ἀγνοῶν,
2784 4272 3037 4345 ἐρωτῆσαι
3062 4270 3328 4329 ἠθέλησας,
3370 4269 3424 4320 ἐκ
3450 4274 3545 4321 τῶν
3568 4262 3718 4318 ἰδίων

2122 4366 2328 4440 θρόνων,
2358 4368 2427 4426 ὡς
2458 4361 2608 4420 ἄδικα
2635 4364 2933 4428 λαλοῦντας,
2974 4359 3212 4418 καταδίκη
3256 4358 3428 4415 δικαία
3471 4358 3712 4419 ἐξέωσεν.

507 4537 717 4626 {Editi
738 4581 752 4607 ,
787 4535 985 4592 Memor
1037 4554 1260 4594 rursus:
1310 4539 1652 4610 corriguntur
1694 4557 1759 4597 ex
1792 4557 1923 4598 mss.
1957 4550 2011 4598 et
2039 4565 2094 4626 Β
2116 4559 2225 4626 rem
2249 4542 2381 4626 ibid.
2416 4550 2595 4595 vocat.

434 4610 645 4667 Graeco.

504 4679 532 4718 δ
573 4680 804 4743 Baron.,
834 4686 954 4747 post
983 4678 1112 4736 edit.
1146 4680 1301 4733 Rom.
1334 4682 1397 4733 At
1425 4681 1507 4735 ubi
1534 4682 1758 4737 adeum.
1793 4683 2012 4739 Rectius

434 4765 565 4805 mss.
594 4750 657 4802 At
688 4765 804 4802 cum
852 4750 903 4801 in
952 4750 1119 4816 hunc,
1155 4751 1257 4803 hoc
1290 4761 1372 4806 est
1419 4752 1688 4806 adversum
1729 4770 1845 4807 eum
1869 4795 1882 4817 ,
1917 4771 2011 4810 seu

435 4838 547 4874 cum
574 4821 688 4891 quis
710 4820 1015 4891 adrersalur
1043 4822 1086 4874 ei
1114 4821 1287 4891 quiest
1326 4826 1436 4891 ipsa
1467 4824 1691 4887 dilectio,
1728 4833 1873 4891 tum,
1926 4841 2012 4880 se-

432 4892 662 4945 cundum
698 4890 895 4957 Gram,
931 4890 1133 4946 necesse
1158 4902 1231 4946 est
1261 4905 1307 4946 et
1332 4890 1409 4946 illi
1430 4890 2008 4964 abjiciantura/fe’ctus,

432 4978 669 5031 quorum,
699 4971 782 5014 etc
794 5001 806 5013 .

507 5041 529 5099 (ἕ
571 5030 698 5099 Leg.
732 5033 945 5093 εὐνοίας.

502 5098 528 5139 ἀ
572 5098 866 5173 Εχίϐιηιςοο
899 5102 983 5156 hic
1009 5103 1385 5173 supplendum,
1422 5103 1527 5159 Sed
1556 5106 1681 5170 quid
1712 5107 1871 5161 dico?

504 5181 526 5208 θ
562 5172 666 5227 Seu
724 5170 793 5225 ad
842 5170 1089 5245 litteram
1113 5170 1404 5237 'Grsecam,
1451 5178 1705 5231 neminem
1748 5179 2006 5245 perderes,

430 5244 676 5318 neminem
707 5244 992 5318 (requireres
1035 5245 1165 5315 (aut
1193 5246 1544 5318 lucrifaceres
1567 5248 1623 5318 );
1676 5246 1913 5303 Ecclesia
1946 5244 2011 5302 de

428 5314 574 5391 nullo
597 5323 829 5391 mrereret
843 5314 1134 5391 animarum
1166 5314 1379 5378 damno,
1409 5318 1472 5371 de
1511 5314 1654 5373 nullo
1684 5319 1828 5373 lucro
1856 5334 2001 5391 gau—

428 5386 607 5459 deret;
634 5386 757 5459 satis
786 5385 830 5459 ei
865 5396 992 5459 esset
1020 5388 1075 5459 si
1104 5389 1267 5454 ipsam
1315 5404 1503 5459 sponso
1545 5406 1661 5456 suo,
1712 5400 1820 5444 etc.
1857 5385 2000 5445 'Hzcc

428 5452 1219 5530 idcircoscribitflmlestinus,
1242 5452 1364 5530 quia
1400 5461 1619 5513 utinfra
1643 5452 1802 5530 epist.
1838 5462 1904 5515 25
1943 5478 1997 5515 n.

427 5525 489 5599 8_,
522 5526 791 5591 fatebitur,
823 5526 1130 5599 Nestorium
1165 5531 1218 5599 in
1245 5525 1425 5584 officio
1462 5525 1713 5599 pastorali
1735 5548 1835 5585 non
1868 5532 2003 5585 desi—

428 5597 560 5661 dem,
595 5612 695 5650 non
713 5597 1069 5668 negligentem,
1105 5598 1199 5653 sed
1244 5597 1499 5654 hominem
1524 5603 1773 5655 sermonis
1800 5604 2001 5655 assidui

428 5678 677 5721 essenon
716 5667 1016 5735 ignorabat.
1055 5670 1490 5749 Quocircaﬂeum
1537 5671 1743 5739 vigilem
1777 5673 2003 5743 perdito-

2195 4613 2213 4651 ί
2249 4613 2432 4675 Forte,
2468 4611 2767 4679 acquisitus.

2191 4696 2216 4732 ε
2250 4674 2478 4737 NitidiOr
2536 4674 2688 4736 fieret
2732 4682 2905 4736 oratio
2949 4681 3053 4736 hoc
3107 4680 3393 4734 verborum
3450 4674 3642 4731 ordine
3682 4695 3696 4731 :

2118 4755 2289 4809 Audio
2333 4754 2575 4815 clericos,
2619 4753 2705 4822 qui
2743 4751 2992 4805 catholice
3035 4753 3256 4805 sentiunt
3303 4757 3351 4802 et
3396 4748 3711 4822 quibuscum

2114 4826 2578 4888 communicamus,
2604 4819 2702 4875 vim
2730 4824 3009 4876 maximam
3032 4823 3286 4876 sustinere
3303 4833 3367 4873 ac
3392 4819 3519 4888 pati.

2188 4894 2215 4933 δ
2247 4894 2431 4950 Graeca
2456 4894 2661 4947 littera:
2714 4893 2799 4946 Ea:
2844 4902 3166 4965 persecutore
3210 4893 3262 4945 in
3314 4889 3712 4960 praedicatorem

2118 4975 2348 5021 mutatus
2380 4976 2486 5029 est;
2512 4980 2649 5017 nunc
2676 4979 2791 5017 vero
2820 4965 3096 5017 maximum
3143 4971 3217 5016 est
3263 4966 3406 5029 nefas
3425 5002 3438 5024 ,
3474 4975 3533 5013 ea:
3562 4975 3709 5029 pra:-

2116 5036 2493 5107 dicatore’(seu
2526 5050 2647 5090 eum
2676 5037 2768 5105 qui
2796 5034 3120 5105 praadicator
3147 5034 3297 5103 erat)
3327 5032 3382 5085 in
3412 5039 3707 5101 persecuto-

2114 5125 2222 5164 rem
2256 5108 2412 5178 fuisse
2434 5117 2707 5178 mutatum.

2194 5178 2207 5216 ί
2246 5171 2426 5233 Codex
2452 5177 2719 5231 Bellovac.
2738 5218 2754 5243 ,
2785 5178 3164 5229 haereticorum.
3194 5173 3556 5229 Retinendum
3588 5171 3707 5225 ha:—

2113 5250 2336 5313 reticos;
2367 5249 2459 5301 sed
2495 5258 2647 5302 antea
2700 5262 2907 5301 recense
2958 5257 3050 5300 aut
3095 5261 3341 5301 enumera
3384 5243 3703 5313 mallemus,

2112 5335 2270 5388 quam
2318 5311 2493 5386 digere
2528 5319 2582 5371 in
2629 5333 2920 5371 numerum.
2954 5316 3077 5372 Mox
3118 5314 3401 5381 Ecclesiis,
3434 5314 3554 5369 loco
3587 5311 3707 5367 Ec-

2112 5391 2285 5444 etesia:
2306 5429 2321 5454 ,
2354 5389 2538 5442 Baluz.
2578 5403 2699 5442 cum
2733 5401 2864 5442 mss.
2897 5388 3149 5459 praetulit.

2184 5461 2196 5510 i
2243 5460 2299 5514 In
2330 5475 2495 5517 mss..
2548 5454 2915 5514 Samosateusf
2956 5458 3013 5512 In
3067 5458 3167 5511 hoc
3218 5454 3383 5510 Paulo
3414 5455 3712 5513 Nestorius

2108 5531 2309 5584 habere
2334 5530 2529 5585 dicitur
2554 5530 2786 5585 civitatis
2811 5544 2922 5582 sure
2941 5528 3268 5595 exemplum,
3300 5526 3422 5593 quia
3450 5528 3494 5579 is
3515 5534 3710 5583 ortum

2108 5602 2375 5657 habuerat
2401 5600 2736 5667 Antiochiae,
2778 5601 2934 5669 cujus
2968 5598 3164 5657 Paulus
3194 5596 3492 5653 Ecclesiam
3524 5610 3711 5653 occu-

2110 5674 2275 5744 pavit.
