3982 6182
472 269 578 327 εει

1254 267 1312 323 S.
1354 266 1759 326 C(ELESTINI
1797 266 1816 322 1
1855 264 2060 321 ΡΑΡᾸΞ
2098 264 2453 322 EPISTOLA’S
2492 266 2581 321 ET
2622 264 2967 321 DECRETA.

3638 269 3743 319 εδδ

474 386 675 445 remias
699 384 797 454 ait,
821 384 1003 439 talium
1025 384 1413 455 prophetarum
1440 398 1612 439 vanos
1634 399 1738 438 non
1765 396 2054 453 possumus

2185 382 2444 455 ἱνθρωπον.
2470 390 2556 437 νῦν
2597 386 2736 453 αὐτῷ
2780 385 3035 437 κοινωνίαν
3079 387 3232 446 Θεοῦ,
3282 379 3458 440 ὁσάκις
3497 380 3743 445 καταξιοῑ,

473 480 661 537 audire
697 494 976 533 sermones
1006 476 1224 551 (let-em.
1270 492 1422 545 χχιιι,
1460 477 1573 549 16).
1621 477 1819 532 Audiat
1845 486 1898 532 et
1927 476 2062 531 Eze-

474 570 737 635 chielem;
766 578 821 624 et
851 568 983 639 quid
1013 569 1116 623 sibi
1149 568 1428 624 immineat
1456 578 1838 637 recognoscat:
1867 566 2063 622 Exten-

473 666 613 729 dam,
649 661 844 731 inquit,
871 676 1084 713 manum
1112 675 1279 714 meam
1305 675 1461 726 super
1482 659 1758 729 prapltetas
1782 658 1869 726 qui
1894 658 2062 711 vident

471 752 770 819 utendacia,
802 760 850 803 et
895 752 1179 823 loquuntur
1206 765 1379 816 vana;
1410 748 1436 787 δ
1467 751 1522 803 in
1550 748 1732 819 populi
1757 750 1858 803 mei
1906 749 2063 803 disci-

471 845 620 911 plina
650 859 752 898 non
777 852 952 912 erunt,
984 857 1143 913 neque
1167 844 1221 895 in
1249 842 1509 911 scriptura
1540 841 1721 894 domus
1743 838 1911 894 Israel
1935 841 2065 895 scri-

474 942 678 1004 bentur,
710 948 757 992 et
780 938 834 991 in
857 946 1047 991 terram
1079 933 1256 990 Israel
1283 951 1388 988 non
1412 934 1701 999 intrabunt,
1730 935 1855 1003 quia
1894 949 2060 1003 papu-

473 1031 583 1085 lum
635 1045 804 1083 meum
848 1028 1169 1083 seduxerunt
1200 1024 1416 1096 (Ezech.
1452 1041 1569 1093 xm,
1614 1025 1669 1091 9,
1706 1025 1817 1095 to).
1853 1024 1951 1081 Ubi
1981 1034 2065 1081 est

472 1123 654 1180 debita
683 1137 813 1193 erga
857 1132 1103 1178 sanctum
1130 1135 1348 1190 gregem
1376 1133 1505 1174 cura
1536 1118 1813 1186 pastoris?
1854 1117 1954 1173 Ubi
1982 1128 2065 1172 est

471 1214 864 1271 dominicorum
887 1212 1200 1269 sollicitudo
1223 1219 1497 1281 septorum
1517 1210 1538 1263 ?
1562 1210 1700 1277 Quid
1726 1210 1842 1277 spei
1872 1209 2067 1263 habeat

471 1322 626 1377 gres,
656 1306 872 1376 quando
916 1305 1099 1374 lupum
1143 1317 1203 1358 se
1228 1302 1347 1372 ipse
1375 1312 1559 1371 pastor
1595 1300 1851 1365 ostendit,
1886 1310 1942 1355 et
1987 1299 2066 1353 sic

471 1414 604 1454 oves
634 1400 860 1462 invadit,
895 1407 953 1452 ιιι
980 1406 1258 1467 grassetur
1288 1396 1345 1451 in
1386 1395 1677 1465 singulas?
1708 1394 1788 1450 Eo
1831 1408 2064 1463 namque

471 1505 567 1547 ore
618 1491 918 1556 laniantur,
970 1503 1078 1559 quo
1118 1489 1282 1557 impia
1328 1486 1697 1557 proferuntur.
1746 1485 2065 1541 Praebentur

472 1582 669 1653 pabula
700 1594 719 1618 ι’
755 1597 859 1635 non
912 1583 1201 1646 refectura,
1249 1579 1346 1635 sed
1403 1579 1588 1633 noxia.
1640 1577 1839 1633 Beatus
1886 1587 2060 1632 tamen

472 1692 603 1747 gres
626 1675 713 1734 cui
737 1674 888 1730 dedit
910 1674 1174 1729 Dominus
1198 1673 1266 1729 de
1285 1672 1507 1744 pascuis
1533 1670 1794 1743 judicare.

540 1958 597 2013 2.
636 1956 795 2013 Unde
822 1956 963 2012 sicut
988 1969 1086 2011 vos
1111 1954 1293 2011 facere
1323 1967 1434 2009 non
1460 1951 1817 2023 ambigimus,
1844 1950 2064 2022 impiam

473 2048 896 2119 disputationem
926 2047 1092 2103 debet
1122 2046 1256 2102 lides
1285 2055 1464 2102 vestra
1508 2060 1792 2116 respuere,
1838 2054 1896 2100 ut
1926 2044 2064 2115 apud

472 2154 591 2207 vos,
622 2137 647 2177 ἀ
673 2140 959 2210 vigilantes
986 2140 1038 2193 in
1063 2136 1305 2205 Christo,
1336 2138 1477 2193 inter
1503 2138 1687 2195 cibum
1717 2146 1774 2194 et
1800 2152 2065 2191 venenum

473 2231 544 2286 sit
579 2241 727 2287 certa
770 2230 1055 2293 discretio,
1099 2238 1156 2283 et
1186 2229 1546 2299 permaneatis
1588 2230 1641 2283 in
1688 2228 1773 2284 his
1803 2244 1923 2299 quae
1956 2243 2069 2282 ser-

474 2337 636 2377 mone
656 2321 1000 2391 superiorum
1026 2328 1304 2388 pastorum
1329 2319 1560 2374 docente
1581 2318 1871 2385 didicistis,
1893 2318 2071 2374 scien-

474 2422 560 2467 tes
603 2412 772 2467 fuisse
812 2413 969 2467 vobis
1015 2411 1274 2465 hactenus
1320 2411 1630 2466 sacerdotes
1676 2412 1987 2482 magisterio
2017 2420 2071 2466 et

476 2507 762 2560 sanctitate
792 2505 1082 2574 pollentes,
1112 2505 1201 2572 qui
1234 2520 1527 2575 numquam
1563 2520 1589 2557 a
1623 2506 1865 2575 paternis
1907 2504 2074 2560 tradi-

478 2595 716 2651 tionibus
738 2594 1045 2663 deviantes,
1074 2594 1376 2651 Ecclesiam
1410 2596 1625 2651 Domini
1658 2613 1869 2653 summa
1892 2600 2073 2668 quiete

478 2696 762 2742 rexerant.
796 2686 927 2741 Nam
971 2697 1031 2741 ut
1073 2701 1104 2740 a
1144 2689 1539 2744 recentioribus
1570 2689 1913 2757 inchoemus,
1945 2691 2071 2761 quid

478 2794 587 2836 non
608 2778 803 2835 animis
821 2781 1017 2836 vestris
1039 2780 1274 2836 eruditio
1290 2793 1495 2837 sanctae
1524 2784 1804 2838 memoriae
1826 2784 2073 2853 episcOpi

477 2872 706 2929 Joannis
744 2872 973 2938 infudit,
1018 2873 1171 2942 cujus
1216 2889 1398 2929 sermo
1461 2882 1709 2929 astruens
1748 2876 2073 2929 catholicam

481 2964 644 3020 ﬁdem
694 2973 809 3019 toto
852 2965 993 3036 orbef
1023 2963 1251 3020 diffusus
1281 2966 1402 3021 est?
1429 2966 1520 3036 qui
1559 2981 1825 3036 nusquam
1858 2984 1953 3037 per
1980 2968 2076 3022 do-

481 3060 712 3115 ctrinam
748 3075 900 3114 suam
951 3060 1142 3128 defuit,
1188 3061 1311 3130 quia
1372 3061 1702 3132 ubicumque
1751 3062 1921 3117 lectus
1971 3075 2074 3130 est,

2164 478 2499 550 προσάπτων.
2523 476 2645 531 Ἀλλ’
2674 478 2838 545 ἡμεῖς,
2866 477 2934 535 ώς
2959 475 3197 548 Ἱερεμίας
3224 476 3371 546 φησί,
3392 480 3491 527 τῶν
3510 476 3745 527 τοιούτων

2162 575 2437 640 προφητῶν
2460 568 2579 626 τούς
2607 568 2856 636 ματαίους
2894 567 3113 620 ἀκοῦσαι
3159 568 3215 618 ού
3260 564 3507 637 δυνάμεθα
3545 565 3742 637 λόγους.

2161 660 2373 729 ’Δκούση
2392 664 2481 714 τοῦ
2494 658 2735 722 ἰεζεκιήλ,
2752 661 2838 711 καί
2852 660 3038 730 ἐπιγνῷ
3058 660 3109 711 τί
3130 658 3272 729 αύτῷ
3290 657 3498 710 ἀπειλεῖ·
3519 663 3745 719 Ἐκτενῶ,

2164 753 2301 823 φησί,
2333 755 2424 808 τήν
2463 761 2488 786 ἰ
2532 753 2805 825 μάχαιράν
2850 772 2949 821 μου
2992 751 3158 803 ἐπάνω
3204 756 3301 802 τῶν
3341 754 3606 822 προφητῶν
3652 755 3749 803 τῶν

2164 841 2391 919 ὁρώντων
2414 842 2600 914 ψευδῆ,
2628 847 2711 897 καί
2736 845 3012 899 λαλούντων
3050 846 3189 899 κενά·
3221 844 3272 896 ἐν
3292 850 3353 916 τῇ
3377 844 3636 915 ἐπιστήμῃ
3657 844 3748 895 τοῦ

2164 936 2287 989 λαοῦ
2320 957 2418 1007 μου
2450 938 2541 988 οὐκ
2559 934 2782 999 ἔσονται,
2808 933 2921 989 ούδέ
2947 937 2994 988 ἐν
3020 942 3082 1010 τῇ
3102 942 3265 1007 γραφῇ
3283 939 3371 987 τοῦ
3396 929 3524 985 οἴκου
3551 932 3753 1006 Ἰσραήλ

2164 1034 2535 1103 γραφήσονται,
2569 1033 2653 1082 καί
2682 1030 2751 1087 εἰς
2771 1035 2861 1087 τήν
2888 1036 2978 1099 γῆν
2998 1033 3088 1081 τοῦ
3118 1025 3313 1100 Ἰσραήλ
3338 1026 3426 1078 οὐκ
3452 1024 3755 1079 εἰσελεύσον-

2164 1142 2273 1184 ται,
2297 1117 2374 1174 ὅτι
2400 1122 2486 1174 τὸν
2514 1120 2631 1173 λαόν
2650 1140 2751 1190 μου
2772 1120 3066 1178 ἠπάτησαν.
3109 1124 3205 1171 Ποῦ
3230 1118 3368 1171 ἐστιν
3389 1117 3419 1173 ή
3451 1135 3752 1188 χρεωστου-

2166 1216 2291 1284 μένη
2312 1216 2432 1287 περί
2457 1218 2547 1272 τήν
2571 1214 2711 1287 ίιράν
2737 1212 2914 1284 ἀγέλην
2936 1214 3132 1286 φροντίς
3158 1216 3248 1265 τοῦ
3279 1211 3515 1280 ποιμένος
3540 1224 3554 1270 ;
3584 1214 3684 1261 πού
3723 1210 3752 1265 ή

2168 1308 2390 1382 πρόνοια
2431 1315 2529 1361 τῶν
2572 1305 2878 1361 δεσποτικῶν
2922 1305 3235 1380 περιϐόλων;
3289 1306 3439 1357 ποίαν
3483 1300 3536 1355 δέ
3580 1299 3754 1356 ἐλπίδα

2166 1398 2266 1462 ἕξει
2308 1399 2337 1455 ἡ
2374 1398 2547 1468 ἀγέλη,
2590 1394 2672 1451 ὅτε
2712 1397 2858 1450 λύκον
2902 1394 3076 1449 ἐαυτὸν
3117 1394 3358 1464 ὁποιμήν
3390 1391 3629 1451 δείκνυσι,
3676 1396 3754 1445 καί

2167 1489 2302 1542 οὕτω
2328 1496 2435 1548 τοῖς
2455 1487 2734 1562 προϐάτοις
2757 1488 3058 1561 ἐπέρχεται,
3083 1489 3150 1546 ὡς
3178 1488 3275 1540 καθ
3296 1485 3514 1538 ἑκάστου
3534 1484 3751 1559 λυσσᾷν;

2168 1582 2335 1650 ἐκείνῳ
2382 1582 2478 1653 γὰρ
2530 1588 2604 1650 τῷ
2656 1579 2878 1650 στόματι
2922 1578 3417 1653 διασπαράττονται,
3468 1579 3548 1647 ἀφ’
3592 1573 3649 1631 οὗ
3695 1579 3756 1630 τά

2169 1675 2332 1732 ἀσεϐῆ
2358 1676 2687 1749 προφέρεται.
2728 1674 2918 1746 Τροφαί
2952 1671 3365 1746 παραϐάλλονται
3407 1671 3515 1739 οὐχ
3543 1670 3593 1722 αί
3616 1672 3755 1724 πιαί-

2096 1766 2145 1827 Β
2170 1787 2368 1829 νουσαι,
2400 1765 2497 1819 ἀλλ’
2526 1766 2579 1819 αἱ
2618 1766 2983 1819 λεπτύνουσαι.
3022 1764 3252 1833 Μακαρία
3293 1760 3346 1814 δέ
3376 1757 3513 1831 ὅμως
3535 1763 3565 1819 ἡ
3589 1761 3754 1832 ἀγέλη,

2170 1857 2202 1933 ᾖ
2229 1860 2502 1934 παρέσχεν
2532 1856 2557 1912 ὁ
2584 1862 2756 1932 κύριος
2777 1859 2959 1931 κρίνειν
2989 1858 3109 1930 περί
3137 1862 3228 1914 τῆς
3251 1852 3381 1913 ἰδίας
3406 1862 3590 1925 νομῆς’

2238 1948 2402 2015 Ὀθεν,
2440 1946 2466 2004 ό
2491 1951 2582 2003 ούκ
2605 1949 2977 2021 ἀμφιϐάλλομεν
2999 1946 3076 2002 ὅτι
3102 1954 3312 2012 ποιεῖτε,
3345 1952 3434 2005 τὴν
3461 1947 3628 2004 ἀσεϐῆ
3658 1944 3759 2001 διά-

2169 2042 2297 2107 λεξιν
2339 2043 2651 2096 ἀπωθεῖσθαι
2680 2040 2859 2114 ὀφείλει
2888 2043 2917 2097 ἡ
2961 2043 3137 2099 πίστις
3178 2041 3340 2110 ύμῶν’
3388 2040 3467 2092 ἵνα
3500 2038 3761 2113 παρ’ύμῐν

2171 2137 2222 2188 ἐν
2252 2142 2454 2209 Χριστῷ
2496 2134 2801 2209 ἐγρηγορόσι
2829 2136 3019 2208 φανερά
3109 2131 3320 2206 διαφορά
3353 2140 3534 2205 τροφῆς
3570 2134 3655 2185 καί
3683 2130 3763 2188 δη·

2172 2228 2429 2301 λητηρίου,
2464 2232 2548 2280 καὶ
2588 2228 2869 2299 ἐπιμείνητε
2908 2227 3138 2289 τούτοις,
3174 2224 3306 2300 ἅπερ
3352 2231 3439 2279 τοῦ
3478 2225 3635 2295 λόγου
3671 2231 3762 2278 τῶν

2174 2324 2434 2397 προτέρων
2460 2323 2706 2393 ποιμένων
2737 2320 3064 2381 διδάσκοντος
3095 2320 3433 2389 μεμαθήκατε·
3472 2318 3664 2377 εἰδότες
3692 2315 3760 2371 ὅτ·

2176 2409 2310 2487 ἄχρι
2338 2419 2429 2465 τοῦ
2452 2412 2707 2487 παρόντος
2734 2413 2996 2481 ἐσχήκατε
3031 2412 3194 2485 ἱερέας
3224 2408 3273 2464 ἕν
3301 2431 3353 2463 τε
3379 2418 3439 2482 τῇ
3472 2408 3763 2481 διδασκαλίᾳ

2176 2510 2255 2560 καί
2284 2506 2513 2579 ἁγιότητι
2540 2509 2895 2580 προύχοντας,
2929 2506 2973 2558 οἶ
3001 2525 3130 2564 τινες
3152 2502 3391 2557 οὐδέποτε
3427 2504 3762 2576 χωριζόμενοι

2177 2606 2276 2653 τῶν
2304 2608 2567 2673 πατρικῶν
2597 2594 2953 2669 παραδόσεων,
2986 2603 3075 2656 τήν
3105 2596 3398 2654 Ἐκκλησίαν
3440 2600 3530 2649 τοῦ
3583 2596 3761 2662 Κυρίου

2178 2692 2306 2762 μετά
2332 2693 2576 2763 μεγίστης
2622 2690 2962 2763 ἐκυϐέρνησαν
2990 2690 3241 2759 ήσυχίας.
3273 2684 3376 2740 ἰνα
3403 2688 3503 2761 γάρ
3539 2687 3647 2740 ὀιπό
3675 2692 3761 2738 τῶν

2177 2788 2367 2856 νεαρῶν
2404 2782 2701 2851 ἀρξώμεθα,
2732 2782 2785 2834 τί
2814 2783 2899 2834 ούκ
2940 2780 3134 2834 ἐνέϐαλε
3175 2786 3292 2836 ταῖς
3332 2779 3536 2849 ψυχαῖς
3574 2780 3761 2849 ύμῶνή

2178 2875 2450 2935 παίδευσις
2475 2882 2565 2930 τοῦ
2592 2884 2683 2935 τῆς
2711 2874 2861 2947 ἁγίας
2892 2879 3088 2945 μνήμης
3118 2874 3395 2928 ἐπισκόπου
3428 2872 3690 2936 Ἰωάννου,
3710 2868 3762 2923 οὗ

2180 2967 2377 3041 ὁλόγος
2416 2970 2485 3028 εἰς
2531 2970 2696 3022 πάντα
2744 2968 2827 3020 τὸν
2872 2966 3057 3034 κόσμον
3088 2965 3329 3034 ἐξεχύθη,
3363 2960 3643 3031 οἰκοδομῶν
3686 2966 3765 3019 τήν

2180 3060 2436 3116 καθολικήν
2466 3061 2670 3121 πίστιν;
2702 3055 2755 3118 ὂς
2803 3055 3025 3128 οὐδαμοῦ
3070 3057 3200 3110 κατά
3244 3052 3569 3108 διδασκαλίαν
3620 3055 3762 3110 ἀπῆν·

484 3150 820 3221 praedicavit.
864 3150 1017 3208 Illius
1065 3161 1089 3189 ⁸
1130 3151 1373 3222 diligenti
1427 3153 1731 3224 prudentia:
1774 3155 2073 3209 constantia

2185 3149 2308 3206 ὅπου
2347 3154 2448 3227 γὰρ
2491 3150 2678 3209 δήποτε
2720 3150 3031 3222 ἀνεγνώσθη,
3068 3148 3297 3222 ἐκήρυξε.
3344 3151 3442 3204 Τήν
3485 3143 3535 3199 δέ
3594 3146 3765 3197 ἐκείνου

485 3242 755 3297 celebrata
812 3244 1095 3299 successit.
1152 3244 1312 3299 Rexit
1357 3246 1500 3300 enim
1543 3256 1744 3301 sanctae
1797 3246 2077 3301 memoriae

485 3336 772 3405 episcopus
815 3337 1023 3390 Atticus
1064 3336 1433 3391 Christianum
1470 3339 1725 3407 populum
1772 3337 2076 3394 decessoris

486 3425 754 3493 exemplo,
791 3433 847 3479 et
885 3426 1182 3496 sacrilegos
1224 3437 1544 3496 persecutus
1574 3439 1659 3485 est
1699 3430 2075 3485 haereticorum

488 3515 721 3571 furores.
754 3516 1077 3582 Habuimus,
1110 3519 1209 3572 hoc
1252 3518 1570 3587 decedente,
1613 3522 1877 3591 collegam
1909 3524 2082 3577 beatae

490 3606 768 3663 memorias
796 3606 1075 3674 Sisinium,
1104 3610 1369 3665 scientem
1390 3612 1409 3648 τ
1437 3613 1566 3683 quid
1596 3617 1763 3683 possit
1787 3614 1972 3685 gloria:
1999 3630 2083 3669 re-

492 3711 733 3766 manere,
768 3701 814 3754 si
857 3700 1063 3770 integra
1104 3712 1161 3759 et
1196 3704 1539 3773 intemerata,
1574 3722 1700 3777 quae
1728 3707 1793 3760 ad
1825 3723 1886 3763 se
1915 3722 2083 3776 usque

494 3800 887 3859 pervenerant,
937 3794 1223 3849 catholica:
1273 3795 1396 3850 fidei
1447 3806 1763 3852 ornamenta
1821 3805 2081 3853 servaret.

495 3882 869 3941 Intelleximus
918 3885 966 3941 ei
1022 3901 1122 3943 nec
1174 3889 1438 3943 columbae
1491 3889 1929 3958 simplicitatem,
1987 3902 2087 3942 nec

495 3985 521 4024 ι
554 3978 892 4046 prudentiam
941 3977 1179 4034 defuisse
1217 3980 1506 4047 serpentis.
1551 3979 1847 4045 Flevimus,
1893 3978 2088 4036 fratres

496 4070 824 4137 charissimi,
867 4070 1016 4123 velut
1058 4070 1271 4140 praescii
1315 4070 1639 4138 futurorum,
1687 4072 1797 4126 cito
1842 4086 1941 4128 nos
1973 4073 2088 4144 ejus

497 4162 746 4231 praesidio
774 4160 1091 4216 destitutos.

566 4340 622 4395 ’5.
664 4339 723 4395 ln
745 4339 849 4395 hoc
871 4340 1038 4410 enim,
1069 4342 1161 4411 qui
1183 4340 1252 4397 de
1284 4342 1395 4398 Deo
1417 4349 1608 4398 nostro
1636 4342 1799 4399 aliter
1824 4344 2085 4415 disputat,

499 4449 658 4505 quam
688 4433 805 4504 ipse
834 4434 903 4489 de
932 4448 1011 4500 se,
1043 4449 1201 4505 quam
1230 4435 1299 4491 de
1326 4438 1441 4505 ipso
1471 4438 1701 4504 apostoli
1724 4438 2087 4506 tradiderunt,

2184 3247 2391 3315 ἐπιμελῆ
2417 3247 2619 3297 σύνεσιν
2647 3242 2927 3316 στερρότης
2947 3240 3309 3311 διαϐεϐοημένη
3334 3239 3616 3303 διεδέξατο.
3644 3246 3767 3291 Ἐκυ-

2187 3340 2325 3414 ϐἐρνε
2368 3342 2451 3393 καί
2481 3338 2504 3391 ό
2529 3348 2620 3399 τῆς
2664 3337 2815 3410 ἁγίας
2859 3338 3054 3408 μνήμης
3104 3337 3380 3393 ἐπίσκοπος
3418 3336 3655 3394 ’Δτταός
3697 3332 3770 3385 τὸν

2186 3432 2487 3505 χριστιανόν
2528 3430 2643 3484 λαὸν
2680 3437 2751 3499 τῷ
2798 3434 2889 3482 τοῦ
2939 3429 3361 3503 προηγησαμένου
3411 3424 3767 3499 ὑποδείγματι,

2185 3526 2270 3576 καί
2300 3521 2467 3585 ἐδίωξε
2496 3524 2589 3581 τὰς
2621 3521 2911 3596 ἱεροσύλους
2934 3528 3033 3575 τῶν
3062 3520 3323 3593 αἱρετικῶν
3350 3520 3550 3588 μανίας.
3592 3523 3772 3588 Ἐσχή·

2187 3634 2345 3685 καμεν
2370 3611 2424 3667 δὲ
2442 3657 2452 3673 ,
2486 3617 2673 3669 τούτου
2705 3615 3071 3685 ἀπογενομένου
3089 3656 3101 3678 ,
3132 3613 3363 3665 κοινωνὸν
3391 3612 3475 3664 τὸν
3502 3619 3605 3670 τῆς
3637 3612 3771 3687 ἁγίας

2186 3710 2381 3777 μνήμης
2410 3708 2651 3770 Σισίνιον,
2682 3704 2848 3760 εἰδότα
2886 3703 2981 3763 ὅση
3018 3702 3137 3767 δόξα
3168 3706 3325 3757 αὐτοῦ
3360 3700 3587 3773 ἔμεινεν,
3622 3706 3661 3756 εί
3688 3723 3772 3774 φυ-

2186 3797 2401 3861 λάξειεν,
2435 3797 2678 3873 ὁλόκληρα
2707 3801 2789 3850 καί
2812 3796 3015 3855 ἀϐλαϐῆ
3042 3797 3105 3849 τά
3132 3793 3296 3870 ἄχρις
3328 3792 3664 3867 διαμείναντα
3693 3801 3773 3852 τῆς

2189 3888 2448 3948 καθολικῆς
2479 3892 2700 3947 πίστεως
2730 3888 2933 3959 κόσμια.
2970 3887 3275 3959 Ἐνοήσαμεν
3304 3885 3441 3948 ὅπως
3472 3891 3653 3960 ἐκείνῳ
3690 3889 3773 3941 οὐκ

2188 3976 2355 4050 ἔλειψε
2394 3984 2478 4033 καί
2518 3981 2740 4043 ἁπλότης
2783 3988 3093 4059 περιστερᾶς
3116 4025 3129 4049 ,
3164 3986 3249 4036 καὶ
3287 3985 3493 4042 σύνεσις
3533 3984 3774 4058 ἑρπετοῦ.

2187 4072 2534 4142 Ἐκλαύσαμεν
2554 4114 2565 4135 ,
2596 4076 2851 4146 ἀγαπητοί
2893 4074 3108 4148 ἀδελφοί,
3144 4078 3325 4150 ὥσπερ
3357 4083 3685 4149 προορῶντες
3714 4076 3776 4129 τά

2191 4164 2453 4234 μέλλοντα,
2486 4165 2542 4218 τό
2572 4168 2780 4235 ταχέως
2808 4170 2942 4239 ἡμᾶς
2967 4174 3060 4227 τῆς
3088 4170 3273 4221 ἐκείνου
3305 4168 3532 4238 βοηθείας
3561 4171 3776 4222 ἀπεστε-

2191 4258 2397 4327 ρῆσθαι.

2264 4348 2340 4400 Ἐν
2371 4346 2537 4420 τούτῳ
2561 4352 2657 4426 γάρ
2690 4352 2852 4423 ἀγνοῶ
2876 4359 3027 4406 ποῐαν
3049 4350 3227 4406 ἐλπίδα
3257 4352 3561 4427 εὑρήσομεν,
3584 4350 3639 4411 ὃς
3662 4353 3779 4424 περί

2194 4446 2287 4495 τοῦ
2314 4447 2441 4494 Θεοῦ
2472 4443 2611 4511 ἡμῶν
2633 4439 2792 4501 ἄλλως
2823 4442 3168 4514 διαλαμϐάνει,
3195 4443 3226 4503 ἦ
3256 4447 3405 4504 αὐτὸς
3427 4447 3545 4518 περὶ
3565 4444 3776 4507 ἑαυτοῦ,

499 4528 623 4599 quid
654 4529 768 4599 spei
796 4529 1135 4585 inveniamus
1163 4531 1383 4601 ignoro;
1409 4533 1497 4602 qui
1528 4547 1633 4587 non
1667 4535 1841 4588 solum
1873 4534 2075 4589 attritos

2192 4531 2222 4592 ἦ
2253 4534 2298 4587 oi
2324 4534 2597 4589 ἀπόστολοι
2634 4539 2751 4610 περὶ
2780 4537 2935 4590 αὐτοῦ
2980 4536 3419 4612 παραδεδώκασιν·
3457 4535 3508 4598 ὃς
3550 4538 3605 4590 ού
3635 4537 3778 4607 μόνον

499 4636 607 4676 non
634 4623 841 4690 alligat,
874 4621 968 4678 sed
997 4632 1053 4679 et
1080 4626 1263 4680 atterit
1286 4624 1563 4695 alligatos;
1592 4639 1699 4680 non
1728 4626 1905 4680 solum
1929 4626 2093 4682 elisos

501 4731 606 4769 non
639 4715 836 4784 elevat,
868 4715 965 4770 sed
996 4716 1160 4771 etiam
1194 4726 1400 4772 stantes
1431 4727 1659 4773 conatur
1688 4717 1946 4783 allidere;
1981 4734 2088 4774 non

499 4807 674 4862 solum
699 4807 939 4877 dispersa
970 4824 1076 4863 non
1105 4809 1332 4878 colligit,
1357 4809 1453 4865 sed
1480 4820 1533 4865 et
1551 4811 1782 4867 collecta
1805 4811 2091 4883 dispergit.

499 4897 751 4964 Quamvis
776 4914 875 4954 nec
895 4900 1105 4955 conteri
1132 4900 1426 4969 possitDeo
1450 4915 1603 4957 mens
1626 4902 1827 4967 dicata,
1845 4917 1945 4957 nec
1964 4903 2094 4959 elidi

499 4990 591 5058 qui
620 5002 726 5045 stat
769 4991 970 5048 virtute
1013 4992 1255 5060 caelesti,
1298 4993 1395 5051 sed
1428 5009 1528 5050 nec
1555 5003 1742 5050 sancta
1787 4997 1944 5051 turba
1984 4997 2094 5052 dis-

501 5082 672 5152 pergi.
720 5084 921 5152 Aperte
958 5099 1089 5154 ergo
1117 5086 1397 5142 dilectioni
1428 5095 1647 5153 vestrae,
1678 5088 1819 5158 quod
1860 5088 1977 5145 sine
2017 5091 2095 5143 la-

501 5172 699 5244 crymis
729 5187 839 5227 non
867 5187 1156 5243 possumus
1180 5177 1382 5246 dicere,
1413 5180 1747 5236 nuntiamus.
1785 5180 1956 5235 Movit
1980 5181 2095 5237 dis-

571 5390 598 5461 ξι
627 5378 778 5461 pnus
806 5391 838 5433 e
865 5393 998 5436 mss.
1030 5377 1189 5461 Reg._,
1221 5383 1484 5461 μάχειρα.
1518 5382 1647 5454 Leg.
1683 5391 1867 5461 xsi'pat:

571 5449 601 5489 δ
636 5453 714 5505 Ita
751 5466 906 5522 mss”
941 5449 1553 5509 consentiente'Grmco.
1582 5449 1651 5509 Ᾰι
1680 5449 1811 5509 odii.
1845 5455 2102 5522 Rom.‘,in

502 5523 724 5597 concilio
756 5521 1031 5597 (Vulgata,
1061 5523 1116 5577 in
1148 5522 1387 5595 consilto)
1414 5526 1590 5597 pepuli
1619 5527 1716 5579 mei
1746 5544 1847 5581 non
1872 5521 2037 5581 erunt.

580 5606 600 5632 ε
647 5594 821 5648 Graec.
852 5611 862 5646 :
900 5593 1024 5647 Non
1064 5610 1177 5664 quis
1217 5593 1451 5665 saginavit
1484 5593 1528 5650 et
1572 5599 1982 5669 pinguefaciant,
2010 5600 2099 5652 sed

506 5679 622 5736 qua:
650 5674 941 5736 ςςειειιιιειιι.

580 5730 608 5771 ἀ
650 5731 749 5787 llic
779 5735 929 5791 locus
964 5734 1323 5805 interpretem
1350 5736 1536 5807 prodit
1563 5737 1767 5797 Graecae
1797 5740 1988 5798 littera:
2016 5748 2098 5796 te-

2200 4630 2321 4687 τούς
2346 4630 2799 4703 συντετριμμένους
2841 4632 2896 4682 ού
2924 4628 3219 4703 συνδεσμεῖ,
3251 4632 3374 4686 ἀλλὰ
3403 4635 3485 4685 καί
3521 4629 3777 4705 συντρίϐει

2200 4722 2320 4780 τούς
2349 4720 2755 4793 συνδεδεμένους’
2790 4725 2843 4775 ού
2873 4723 3022 4793 μόνον
3052 4727 3175 4785 τούς
3204 4724 3673 4792 καταϐεϐλημένους
3700 4722 3780 4773 οὐκ

2199 4815 2410 4890 ἐγείρει,
2445 4815 2569 4869 ἀλλά
2596 4820 2678 4869 καὶ
2711 4818 2831 4876 τούς
2870 4816 3173 4888 ἱσταμένους
3211 4816 3541 4872 καταϐάλλειν
3582 4816 3781 4884 ἐπιχειο

2197 4915 2302 4981 ρεῐ·
2338 4909 2393 4960 ού
2421 4908 2570 4978 μόνον
2592 4911 2659 4964 τά
2687 4906 3033 4985 διεσπαρμένα
3074 4911 3129 4963 ού
3158 4910 3388 4981 συνάγει,
3423 4909 3545 4963 ἀλλά
3593 4909 3679 4959 καί
3719 4906 3779 4957 τὰ

2199 5001 2486 5071 συνηγμένα
2520 4999 2819 5076 διαμερίζει.
2862 5005 2917 5055 Εἰ
2956 5006 3041 5054 καί
3078 5002 3141 5056 τὰ
3169 5002 3392 5071 μάλιστα
3430 4998 3544 5054 οὔτε
3576 5014 3775 5064 συντριδ

2200 5092 2349 5153 ϐῆναι
2378 5092 2592 5150 δύναται
2630 5093 2819 5150 διάνοια
2866 5096 3178 5171 ἀφιερωμένη
3209 5103 3348 5167 Θεῷ,
3383 5092 3497 5148 οὔτε
3543 5088 3760 5144 καταϐλη

2197 5186 2338 5242 θῆναι
2377 5187 2643 5258 ἱστάμενος
2686 5187 2896 5263 οὐρανίᾳ
2933 5185 3173 5258 δυνάμει,
3214 5184 3329 5241 οὔτε
3357 5189 3414 5242 τὸ
3445 5187 3569 5260 ἱερὸν
3601 5181 3777 5237 πλῆθος

2205 5386 2393 5441 nacius
2446 5385 2764 5441 haerentem.
2819 5383 3241 5453 Ambiguitatem
3299 5377 3777 5453 etrobscoritatei

2206 5458 2452 5523 vitasset,
2487 5457 2631 5512 hunc
2658 5458 2727 5510 ita
2756 5447 3011 5518 reddens:
3043 5457 3160 5507 dum
3192 5452 3417 5521 vigilalis
3447 5454 3499 5504 in
3525 5447 3745 5523 Christo.

2280 5538 2303 5563 °
2345 5528 2402 5582 Id
2431 5518 2535 5594 est,
2570 5529 2710 5583 hunc
2754 5527 3035 5597 diligentia
3068 5533 3121 5577 et
3145 5518 3323 5597 studio
3354 5518 3779 5577 commendatum

2203 5611 2487 5654 successor
2509 5593 2727 5667 excepit
2756 5593 3059 5652 constantia
3078 5593 3341 5667 celebris.

2280 5668 2299 5709 ί
2343 5670 2519 5725 Grrrc.
2555 5690 2566 5722 :
2596 5664 2802 5735 Quanta
2832 5671 3004 5735 ipsum
3032 5664 3196 5739 gloria
3224 5670 3473 5721 maneret.

2278 5750 2304 5793 s
2344 5741 2490 5798 Edit.
2524 5740 2709 5811 Bouh,
2739 5743 3003 5797 astutiam.
