3982 6182
234 196 326 260 49.9

531 191 752 251 EPIST.
796 189 934 247 XIV.
979 185 1373 248 C(ELESTINI
1415 184 1628 286 PAPIE;
1668 183 1759 242 AD
1796 181 2084 243 CLERUM
2125 182 2214 242 ET
2257 180 2582 244 POPULUM
2621 183 3159 247 CONSTANTINOP.

3374 195 3487 258 4W

233 318 412 385 putator
440 315 622 366 vester
646 307 888 377 praelium
922 307 1166 372 veritati,
1197 305 1431 376 antiquae
1461 303 1584 359 ﬁdei
1616 302 1791 358 intulit

1905 303 2295 378 διαμερίζεσθαι.
2327 315 2555 381 Φανερῶς
2587 302 2670 360 οὖν
2691 316 2751 381 τῇ
2775 311 2948 382 ἀγάπῃ
2973 312 3137 382 ὑμῶν,
3161 311 3289 389 ὅπερ
3312 319 3486 393 χωρ’ς·

230 420 422 472 manus;
488 402 768 473 impugnat
831 399 1140 469 apostolos,
1205 396 1498 468 prophetas
1561 396 1788 465 respuit,

230 499 373 568 ipsius
396 493 605 552 Domini
635 501 808 548 nostri
836 492 905 548 de
936 507 996 547 se
1026 491 1256 546 dicentis
1286 489 1453 545 verba
1484 503 1590 544 non
1616 487 1792 557 sequi-

230 601 320 646 tur.
348 588 500 659 Cujus
527 585 833 656 religionis,
858 584 944 639 vel
977 592 1001 619 ει
1036 582 1232 652 quibus
1258 580 1468 651 legibus
1497 595 1556 635 se
1583 579 1794 650 episco-

230 697 339 752 pum
366 679 503 746 dicit,
544 679 748 734 abusus
776 691 921 731 novo
961 683 1016 730 et
1054 673 1226 730 veteri
1251 672 1623 728 Testamento.
1657 670 1789 724 Nam

228 785 278 829 ct
305 774 619 830 intellectum
650 771 838 842 ﬁgura:
868 769 1100 839 reSpuit,
1133 780 1190 824 et
1219 767 1364 822 inter
1394 781 1493 820 nos
1521 773 1792 820 versatam

229 880 320 921 non
344 865 522 936 recipit
568 864 879 926 veritatem;
925 861 1086 916 aliter
1127 858 1156 896 δ
1198 858 1435 928 denique
1463 855 1664 911 Christi
1695 855 1791 910 Dei

227 961 374 1014 nostri
414 965 620 1015 tractat
665 969 943 1019 arcanum,
987 967 1146 1022 quam
1194 951 1319 1006 ﬁdei
1358 961 1560 1005 nostrae
1586 946 1794 1018 patitur

225 1060 622 1116 sacramentum,
666 1045 809 1117 quod
861 1051 1176 1100 reverenter
1224 1049 1444 1096 secutus
1487 1046 1572 1094 est
1612 1037 1792 1092 omnis

222 1143 496 1199 catholicus
525 1142 847 1212 disputator.
875 1137 1046 1193 Nemo
1074 1135 1218 1192 enim
1249 1134 1388 1190 bene
1414 1132 1666 1203 religioni
1692 1132 1791 1187 de-

222 1232 352 1289 ditus
378 1233 516 1289 aliud
546 1232 615 1287 de
645 1231 863 1287 Christo
905 1229 1074 1284 sentit
1098 1241 1260 1296 quam
1293 1225 1360 1281 de
1389 1239 1449 1281 se
1482 1223 1646 1279 voluit
1676 1223 1794 1292 ipse

219 1325 408 1380 sentiri.
447 1324 614 1381 Movit
657 1320 946 1393 aliquando
998 1315 1024 1354 δ
1079 1317 1393 1387 sacrilegam
1439 1314 1792 1385 quaestionem

219 1417 582 1476 Samosatenus
605 1417 828 1479 Paulus,
859 1429 981 1469 cum
1021 1420 1224 1466 sanctae
1263 1409 1408 1480 apud
1447 1407 1794 1463 Antiochiam

217 1520 459 1579 praeesset
487 1508 782 1572 Ecclesiae;
814 1504 910 1560 sed
941 1519 1063 1558 eum
1093 1502 1161 1558 de
1193 1502 1391 1557 throno
1428 1500 1515 1555 cui
1552 1497 1793 1554 feraliter

216 1603 552 1670 praesidebat,
575 1599 916 1656 sacerdotum
937 1594 1328 1652 catholicorum
1353 1593 1620 1649 sententia
1642 1590 1792 1646 unita

1894 395 2129 470 δακρύων
2158 399 2215 451 ού
2241 396 2490 469 δυνάμεθα
2522 401 2692 464 εἰπεῖν,
2737 402 3132 474 ἀπαγγέλλομεν.
3177 401 3426 465 Ἐκίνησεν
3453 407 3485 461 ὅ

1895 487 2195 550 διαλεκτικὸς
2239 492 2381 564 ὑμῶν
2409 493 2589 565 μάχην
2619 492 2747 567 πρὸς
2786 499 2874 552 τήν
2904 495 3154 560 ἀλήθειαν,
3185 506 3247 572 τῇ
3278 499 3487 573 ἀρχαίη

1894 585 2064 638 πίστει
2090 591 2282 659 χεῖρας
2310 585 2569 657 ἐπήνεγκε,
2602 587 2814 656 πολεμεῖ
2837 590 2967 662 πρὸς
2995 592 3116 650 τούς
3143 592 3486 657 ἀποστόλους..

1893 677 2013 734 τούς·
2041 679 2304 749 προφήτας
2349 676 2594 744 ἐκϐάλλει,
2625 678 2780 732 αὐτοῦ
2823 685 2914 733 τοῦ
2960 685 3138 754 κυρίου
3184 685 3324 753 ἡμῶν
3365 686 3488 760 περῖ

1893 768 2080 823 ἑαυτοῦ
2108 769 2330 842 λέγοντος
2358 777 2464 828 τοῖς
2491 771 2712 846 ῥήμασιν
2749 771 2835 824 ούκ
2870 771 3150 825 ἀκολουθεῖ.
3184 778 3332 837 Ποίας
3364 779 3484 852 θρη-

1893 862 2092 926 σκείας,
2115 858 2144 918 ἦ
2166 862 2329 920 ποίοις
2357 861 2524 930 νόμοις
2555 859 2736 915 ἑαυτὸν
2759 863 3033 916 ἐπίσκοπον
3060 864 3211 933 λέγει,
3238 868 3485 942 ἀποχρηο

1894 951 2110 1021 σάμενος
2130 959 2192 1026 τῇ
2223 959 2360 1026 καινῇ
2389 955 2474 1006 καί
2593 953 2785 1023 παλαιᾷ
2813 952 3041 1028 διαθήκη.
3075 960 3165 1008 Καὶ
3192 959 3293 1032 γάρ
3315 963 3397 1012 καί
3425 961 3487 1015 τὸ

1895 1045 2068 1103 νοητόν
2098 1051 2186 1099 τοῦ
2225 1048 2500 1117 σχήματος
2542 1047 2786 1111 ἐκϐάλλει,
2821 1052 2905 1101 καὶ
2934 1051 2990 1101 ού
3019 1047 3234 1119 δέχεται
3273 1057 3363 1109 την
3391 1074 3486 1122 με-

1893 1135 2017 1197 ταξύ
2054 1137 2192 1206 ἡμῶν
2227 1137 2628 1209 ἀναστρεφείσαν
2665 1138 2914 1196 ἀλήθειαν
2959 1144 3045 1194 καὶ
3087 1141 3281 1207 ἁπλῶς,
3324 1139 3488 1205 ἄλλως

1893 1231 2132 1302 περὶτοῦ
2176 1230 2464 1303 μυστηρίου
2501 1237 2587 1284 τοῦ
2626 1238 2852 1306 Χριστοῦ
2882 1239 2970 1286 τοῦ
3014 1239 3140 1287 Θεοῦ
3187 1235 3325 1306 ἡμῶν
3365 1233 3483 1289 δια-

1891 1317 2174 1388 λαμϐάνει,
2226 1319 2256 1377 ἧ
2302 1321 2546 1390 ἀνέχεται
2589 1324 2645 1374 τὸ
2692 1332 2783 1382 τῆς
2830 1327 3054 1383 πίστεως
3102 1332 3193 1383 τῆς
3240 1327 3491 1400 ἡμετέρας·

1893 1408 2144 1482 ἁγίασμα,
2173 1408 2212 1482 ᾧ
2241 1414 2371 1481 μετά
2400 1413 2729 1484 σεϐάσματος
2751 1416 3060 1475 ἠκολούθησε
3084 1423 3186 1476 πᾶς
3216 1418 3490 1478 καθολικῶς

1895 1499 2259 1573 διαλεγόμενος.
2292 1504 2468 1564 Οὐδείς
2493 1508 2591 1581 γάρ
2618 1508 2779 1567 καλῶς
2807 1516 2868 1582 τῇ
2899 1509 3140 1582 θρησκείᾳ
3176 1520 3193 1543 ο
3222 1507 3488 1580 ἐκδεδομέ-

1895 1616 1998 1660 νος,
2029 1593 2189 1656 ἄλλως
2230 1600 2348 1672 περὶ
2395 1604 2486 1651 τοῦ
2531 1606 2755 1670 Χριστοῦ
2798 1601 3094 1675 ἐφρόνησεν,
3130 1600 3340 1660 iusto;
3369 1604 3493 1672 περέ

212 1693 418 1765 deiecit.
474 1695 704 1761 Semper
741 1691 884 1747 enim
914 1687 1226 1744 abscidendi
1282 1694 1406 1741 sunt
1462 1683 1791 1754 huiusmodi,

1905 1688 2085 1742 ἑαυτοῦ
2132 1693 2420 1763 φρονεῖσθαι
2464 1691 2720 1749 ἠθέλησεν.
2772 1691 2992 1749 Ἐκίνησέ
3049 1714 3171 1748 ποτε
3227 1693 3490 1766 ἱερόσυλον

211 1788 300 1856 qui
346 1786 726 1842 conturbantes
770 1784 1004 1839 animum
1033 1780 1215 1852 populi
1251 1779 1568 1844 Christiani,
1608 1787 1663 1833 et
1691 1791 1788 1846 pro

210 1878 434 1935 arbitrio
462 1895 559 1935 suo
582 1877 852 1948 evangelia
891 1885 914 1913 ⁸
946 1883 1276 1940 evertentes,
1322 1872 1435 1928 Deo
1465 1871 1790 1927 fructiﬁcare

209 1987 314 2027 non
347 1981 574 2043 possunt
606 1990 619 2026 :
650 1982 701 2028 et
728 1971 954 2028 colenda
983 1979 1068 2025 est
1094 1971 1274 2036 vinea,
1307 1983 1426 2038 qua:
1452 1966 1540 2037 jus
1570 1980 1786 2036 posses-

210 2063 339 2119 soris
369 2070 644 2134 agnoscat.

1901 1782 2104 1842 ζήτησιν
2131 1779 2156 1834 ό
2183 1785 2505 1852 Σαμοσατεύς
2535 1783 2756 1843 Παῦλος,
2797 1779 2875 1835 ὅτε
2922 1793 3012 1842 τῆς
3058 1784 3206 1855 ἁγίας
3239 1787 3363 1840 κατά
3398 1790 3489 1842 την

1901 1872 2219 1943 ’Δντιόχειαν
2263 1874 2532 1934 ἐκκλησίας
2562 1873 2865 1944 προίστατο⁴
2903 1876 3024 1929 ἀλλά
3049 1882 3230 1932 τοῦτόν
3266 1880 3366 1934 ἀπὸ
3396 1882 3489 1932 τοῦ

1900 1963 2099 2036 θρόνου,
2133 1965 2180 2016 ἐν
2276 1973 2472 2040 μιαρῶς·
2506 1967 2899 2040 προύκαθέζετο,
2936 1968 3208 2040 καθῄρηκεν
3248 1970 3491 2028 ένωθεῖσα

1901 2064 2000 2111 τῶν
2031 2059 2303 2112 καθολικῶν
2346 2060 2514 2134 ἱερέων
2543 2058 2814 2131 ἀπόφασις.
2861 2059 2959 2113 ’Δεί
2990 2063 3088 2133 γάρ
3133 2063 3409 2133 ὀφείλουσιν
3446 2065 3494 2117 oi

1900 2157 2122 2205 τοιοῦτοι
2165 2154 2370 2226 καιρίως
2412 2150 2740 2206 ἐκκόπτεσθαι
2764 2192 2776 2216 ,
2826 2152 2874 2204 οἷ
2915 2171 3044 2209 τινες
3071 2158 3160 2209 τήν
3190 2152 3370 2223 ψυχήν
3401 2161 3492 2209 τοῦ

213 2257 514 2320 χριστιανοῦ
555 2247 572 2286 ί
606 2251 731 2304 λαοῦ
778 2248 1206 2321 διαταράττοντες
1230 2284 1244 2307 9
1285 2247 1367 2297 καὶ
1402 2245 1530 2319 πρὸς
1571 2250 1660 2302 τόν
1701 2244 1900 2314 γνώμην
1952 2248 2041 2302 τὴν
2095 2242 2225 2298 ἰδίαν
2268 2247 2332 2299 τά
2385 2245 2645 2318 εὐαγγέλια
2698 2241 3107 2318 διαστρέφοντες,
3137 2252 3209 2314 τῷ
3236 2253 3342 2317 Θεῷ
3373 2269 3494 2321 καρ-

209 2352 437 2418 ποφορεῖν
471 2345 528 2398 ού
558 2342 787 2399 δύνανται
806 2358 820 2370 ·
855 2343 939 2394 καὶ
967 2337 1266 2413 γεωργητέα
1295 2337 1431 2391 ἐστὶν
1456 2338 1486 2394 ἡ
1513 2332 1767 2408 ἄμπελος,
1795 2337 1827 2394 ἦ
1855 2339 1911 2390 τὸ
1941 2334 2124 2391 δίκαιον
2151 2345 2240 2392 τοῦ
2271 2342 2512 2412 κτήτορος
2548 2339 2974 2410 ἐπιγινώσκουσα.

267 2437 320 2490 4.
360 2435 584 2492 Certum
617 2444 703 2489 est
731 2446 911 2488 autem
953 2431 1076 2500 quia
1119 2429 1256 2484 tales
1285 2442 1596 2483 sermonum
1639 2429 1792 2483 novi-

205 2536 334 2584 tates
358 2529 427 2586 de
456 2543 614 2585 vanae
652 2527 839 2598 gloriae
869 2537 1055 2579 amore
1098 2522 1452 2579 descendunt.
1504 2521 1644 2576 Dum
1688 2520 1792 2576 sibi

202 2621 441 2676 nonnulli
458 2621 656 2676 volunt
673 2617 837 2683 acuti,
863 2615 1203 2687 perSpicaces
1221 2622 1276 2671 et
1298 2615 1571 2684 sapientes
1592 2613 1787 2678 videri,

201 2725 453 2784 quaerunt
503 2713 630 2785 quid
682 2712 808 2768 novi
856 2709 1155 2781 proferant,
1203 2709 1345 2764 unde
1393 2708 1537 2778 apud
1581 2708 1793 2762 animos

201 2805 480 2876 imperitos
509 2805 860 2876 temporalem
891 2803 1152 2858 acuminis
1183 2802 1410 2873 gloriam
1449 2815 1794 2871 consequan-

201 2908 302 2956 tur.
332 2902 446 2956 Sed
479 2902 597 2970 quis
626 2915 880 2970 umquam
923 2914 1105 2953 veram
1134 2897 1385 2968 gloriam,
1425 2896 1552 2950 dum
1583 2894 1688 2949 sibi
1709 2909 1796 2948 sa-

199 2993 352 3063 piens
396 2995 635 3062 videtur,
679 2995 946 3048 obtinuit?
978 2993 1121 3047 Deus
1161 2993 1306 3046 enim
1354 2998 1541 3044 noster
1582 2986 1797 3040 inﬁrma

1972 2431 2124 2488 Δῆλον
2155 2430 2207 2485 δέ
2237 2434 2396 2497 ἐστιν,
2428 2429 2505 2486 ὅτι
2534 2432 2588 2486 αἱ
2618 2439 2851 2488 τοιαῦται
2891 2439 2992 2487 τῶν
3021 2433 3175 2506 λόγων
3204 2435 3496 2499 καινότητες

1901 2523 2004 2576 ἀπὸ
2032 2527 2254 2594 ματαίου
2287 2522 2476 2600 ἔρωτος
2514 2523 2657 2588 δόξης
2688 2528 2948 2598 γένωνται.
2979 2523 3072 2588 Ὠς
3103 2550 3233 2589 τινες
3256 2531 3496 2600 ,ἐθέλουσι

1901 2616 2024 2693 παρ’
2045 2617 2244 2678 ἑαυτοῖς
2273 2617 2425 2672 δοκεῖν
2453 2619 2599 2684 ὀξεῖς,
2639 2619 2839 2676 ὀπτικοί
2882 2624 2964 2675 καί
2992 2623 3240 2699 φρόνιμοι,
3279 2630 3493 2687 ζητοῦσι

1901 2710 1952 2762 τί
1977 2713 2354 2782 προσενέγκωσι
2383 2712 2536 2775 ξένον,
2567 2709 2675 2763 ὅθεν
2706 2715 2848 2788 παρὰ
2883 2720 2992 2773 ταῖς
3038 2714 3361 2775 ἀπαιδεύτοις
3391 2716 3494 2786 ψυ-

1905 2806 2030 2869 χαῖς
2078 2801 2390 2876 πρόσκαιρον
2437 2799 2580 2865 δόξαν
2627 2801 2868 2865 ὀξύτητος
2913 2805 3306 2876 ἀπενέγκωνται.
3350 2805 3498 2861 ’Λλλά

1904 2893 1982 2950 τίς
2006 2895 2200 2945 τούτων
2247 2896 2372 2946 ποτέ
2417 2893 2571 2950 ἀληθῆ
2613 2891 2757 2956 δόξαν
2793 2893 3088 2969 ἐκέρδανεν,
3130 2895 3294 2965 ἐαυτῷ
3343 2895 3501 2950 δοκῶν

1907 2983 2171 3058 φρόνιμος;
2222 2984 2246 3038 ὁ
2280 2986 2377 3057 γὰρ
2406 2986 2526 3042 Θεὸς
2554 2987 2691 3055 ἡμῶν
2718 2987 2781 3038 τά
2809 2987 2992 3043 ἀσθενή
3033 2993 3122 3040 τοῦ
3154 2984 3348 3057 κόσμου
3383 2990 3498 3046 ἐπι-

193 3090 378 3145 mundi
409 3089 580 3161 elegit
612 3098 636 3135 ε
669 3097 860 3143 contra
892 3088 1069 3150 fortia,
1099 3093 1156 3140 et
1182 3085 1454 3153 sapientes
1487 3097 1582 3152 per
1611 3079 1797 3133 mundi

1905 3073 2119 3144 λέγεται,
2167 3079 2249 3128 καὶ
2293 3077 2343 3127 ἐκ
2381 3083 2480 3129 τῶν
2521 3079 2754 3129 ἐναντίων
2792 3079 3012 3148 συγχέει
3047 3080 3112 3131 τά
3152 3081 3378 3154 ἰσχυρά,
3413 3086 3500 3136 καί

187 3183 356 3237 stulta
403 3181 692 3235 confundit
742 3179 1148 3250 (Ιϐον.ι,“27).
1189 3178 1321 3244 Quis
1371 3179 1425 3231 in
1477 3174 1664 3230 mundi
1715 3189 1800 3228 sa-

183 3273 404 3344 pientia
419 3271 708 3341 glorietur,
728 3271 833 3324 nisi
853 3270 942 3339 qui
959 3286 1018 3324 se
1032 3270 1319 3324 conﬁtetur
1339 3282 1460 3323 esse
1484 3267 1553 3322 de
1578 3265 1796 3344 mundo,

181 3341 288 3422 nisi
333 3363 434 3435 qui
482 3362 628 3418 illius
673 3376 733 3417 se
773 3369 932 3431 negat
975 3375 1096 3417 esse
1126 3359 1468 3430 discipulum,
1499 3358 1591 3429 qui
1621 3341 1698 3412 ait
1741 3373 1804 3412 se

185 3474 292 3516 non
325 3471 459 3514 esse
491 3455 562 3510 de
592 3453 790 3509 mundo
821 3451 1002 3524 (Joan.
1029 3468 1135 3506 xvn
1156 3495 1169 3517 ,
1212 3451 1338 3521 16)?
1359 3449 1475 3507 Una
1504 3460 1586 3506 est
1604 3449 1797 3520 gloria,

190 3558 266 3614 ut,
298 3549 452 3604 sicut
483 3544 775 3618 Apostolus
803 3546 900 3613 ait,
931 3545 1018 3616 qui
1045 3544 1321 3616 gloriatur,
1354 3545 1406 3596 in
1437 3543 1661 3597 Domino
1688 3544 1802 3613 glo-

192 3642 352 3697 rietur
399 3640 608 3712 (lCor.
644 3659 698 3707 r,
737 3637 865 3708 5t).
919 3638 1106 3694 Nonne
1150 3638 1277 3691 huic
1327 3648 1506 3692 vestro
1549 3648 1802 3707 episcopo

200 3731 337 3801 (sed
365 3745 516 3788 nunc
543 3745 714 3800 usque
739 3739 947 3796 vestro,
977 3729 1079 3783 nisi
1109 3728 1249 3798 quod
1281 3729 1553 3784 credimus
1579 3730 1800 3799 credat)

203 3824 447 3880 videmus
490 3823 631 3877 hanc
657 3821 986 3877 sententiam
1025 3821 1356 3875 convenire:
1391 3821 1598 3875 Stultus
1630 3820 1802 3874 factus

204 3925 302 3984 est,
333 3931 463 3971 cum
506 3929 566 3971 se
603 3913 735 3969 dicit
771 3913 1073 3984 sapientem
1116 3912 1304 3983 (Rom.
1330 3928 1368 3980 ι,
1394 3912 1523 3983 22);
1557 3911 1802 3982 professa

205 4009 402 4080 quippe
441 4007 676 4064 stultitia
714 4016 795 4061 est
824 4007 978 4061 illum
1019 4020 1179 4074 quem
1207 4005 1303 4059 Dei
1336 4004 1536 4059 scimus
1565 4019 1687 4060 esse
1715 4020 1805 4058 sa-

206 4100 458 4169 pientiam
509 4099 873 4167 virtutemque
903 4095 1096 4167 (lCor.
1122 4111 1159 4165 ι,
1183 4093 1290 4166 24)
1320 4097 1552 4152 nescire.
1582 4096 1804 4152 Nescire

206 4192 341 4247 enim
382 4206 446 4248 se
490 4204 555 4245 ea
595 4203 716 4260 quae
757 4193 776 4233 ι
811 4187 1032 4243 discutit
1065 4186 1374 4241 conﬁtetur.
1404 4185 1514 4241 Nec
1555 4187 1694 4241 hunc
1723 4187 1806 4242 di-

208 4282 360 4342 lectio
389 4293 581 4342 vestra
611 4283 839 4338 miretur
867 4297 898 4336 a
939 4282 1022 4336 via
1063 4281 1312 4337 veritatis
1360 4296 1593 4348 errasse,
1643 4296 1804 4352 quem

209 4376 482 4436 Christum
517 4378 607 4449 qui
650 4385 736 4442 est
767 4377 853 4431 via
895 4385 1079 4431 nostra
1112 4375 1292 4436 (Joait.
1320 4390 1435 4440 xw,
1462 4375 1587 4444 16),
1620 4375 1804 4430 videat

1904 3169 2023 3225 τοὺς
2049 3168 2323 3238 φρονίμους
2362 3166 2448 3222 διὰ
2492 3177 2592 3222 τῶν
2632 3174 2722 3222 τοῦ
2755 3169 2949 3240 κόσμου
2995 3178 3199 3244 μωρῶν.
3231 3175 3316 3230 Τίς
3354 3174 3401 3225 ἐν
3433 3182 3497 3233 τῆ

1906 3263 1996 3312 τοῦ
2029 3259 2222 3328 κόσμου
2255 3264 2408 3336 σοφίᾳ
2439 3266 2704 3332 καυχᾶται
2724 3305 2737 3329 ,
2772 3263 2815 3315 εί
2855 3268 2923 3331 μή
2955 3261 3208 3336 ὁμολογῶν
3239 3265 3416 3320 ἑαυτὸν
3444 3270 3501 3324 ἐκ

1904 3359 1995 3407 τοῦ
2022 3354 2214 3424 κόσμου
2244 3349 2398 3419 simu;
2428 3359 2471 3408 εἰ
2498 3355 2614 3426 μὴό
2645 3358 2946 3428 ἀρνούμενος
2977 3358 3157 3412 ἑαυτὸν
3175 3359 3356 3412 ἐκείνου
3374 3354 3502 3414 εἶναι

1903 3446 2162 3516 μαθητήν,
2191 3454 2280 3500 τοῦ
2308 3450 2529 3508 εἰπόντος
2553 3454 2620 3518 μη
2652 3444 2778 3504 εἶναι
2808 3449 2987 3505 ἑαυτόν
3020 3452 3121 3506 ἀπὸ
3147 3458 3238 3506 τοῦ
3269 3451 3496 3524 κόσμους

1904 3538 1993 3608 μία
2018 3538 2127 3591 ἐστὶ
2155 3536 2275 3603 δόξα
2295 3580 2308 3604 ,
2334 3540 2439 3601 ἵνα,
2470 3543 2536 3600 ὥς
2573 3563 2717 3612 φησιν
2747 3540 2771 3595 ό
2795 3542 3122 3610 ’Λπόστολος,
3159 3543 3183 3597 ὁ
3215 3547 3500 3617 καυχώμε-

1905 3650 1988 3689 νος
2011 3670 2023 3694 ,
2058 3631 2108 3683 ἐν
2133 3634 2296 3704 κυρίῳ
2324 3633 2629 3701 καυχάσθω.
2670 3630 2802 3706 ’.ἄρα
2833 3630 2856 3667 ¹¹
2885 3636 2940 3687 ού
2969 3637 3135 3706 τούτῳ
3166 3643 3237 3706 τῷ
3267 3636 3500 3711 ὑμετέρῳ

1906 3723 2165 3795 ἐπισκόπῳ
2213 3723 2372 3792 (ἀλλά
2413 3721 2547 3798 ἄχρι
2591 3732 2678 3776 νῦν
2723 3727 2981 3800 ύμετέρῳ,
3015 3730 3096 3779 ἐὰν
3126 3734 3193 3800 μη
3237 3731 3497 3802 πιστεύσῃ

1905 3818 2032 3892 ὅπερ
2054 3818 2403 3892 πιστεύομεν),
2426 3817 2620 3892 ὁρῶμεν
2638 3819 2827 3874 ταύτην
2849 3823 2937 3874 τήν
2961 3822 3155 3890 γνώμην
3176 3823 3497 3894 πρέπουσαν’

1905 3913 2074 3987 μωρὸς
2102 3912 2315 3983 ἐγένετο,
2345 3907 2398 3970 ὃς
2427 3911 2560 3981 λέγει
2589 3909 2772 3963 ἑαυτὸν
2798 3909 2982 3979 σοφόνὶ
3017 3910 3367 3981 ὡμολογημένη
3397 3915 3500 3987 γάρ

1906 4004 2017 4057 ἐστι
2054 4006 2225 4078 μωρία
2260 4003 2316 4057 τὸ
2361 4003 2542 4056 ἐκεῖνον
2585 4003 2779 4074 ἀγνοεῖν
2807 4045 2818 4067 ,
2855 3997 2904 4054 όν
2955 3999 3100 4072 ἴσμεν
3148 4009 3276 4055 Θεοῦ
3323 4011 3500 4074 σοφίαν

1908 4091 2034 4151 εἶναι
2061 4099 2142 4149 καί
2185 4094 2414 4168 δύναμιν.
2447 4094 2716 4168 Ὀμολογεῖ
2739 4097 2840 4168 γὰρ
2871 4093 3047 4147 ἑαυτὸν
3079 4101 3244 4148 ταῦτα
3274 4095 3500 4166 ἀγνοεῖν,

1909 4189 2043 4264 ἅπερ
2090 4191 2364 4264 ἀνακρίνει.
2400 4191 2488 4242 Καὶ
2514 4193 2581 4260 μὴ
2617 4187 2629 4236 i
2675 4188 2910 4260 Gaugabas
2939 4189 2966 4244 ἡ
3004 4187 3176 4255 ἀγάπη
3215 4187 3354 4258 ὑμῶν
3403 4188 3504 4240 ἀπὸ

1907 4289 1998 4340 τῆς
2044 4279 2159 4335 ὁδοῦ
2199 4288 2291 4340 τῆς
2321 4281 2548 4339 ἀληθείας
2577 4281 2969 4334 ἀποπλανᾶσθαι
2997 4286 3191 4342 τοῦτον,
3226 4278 3401 4350 ὁρῶσα
3427 4277 3506 4334 ὅτι

1907 4375 1994 4429 τὸν
2030 4375 2276 4451 Χριστόν,
2311 4372 2453 4433 ὅστις
2484 4372 2599 4434 ὁδὸς
2630 4377 2766 4446 ἡμῶν
2796 4375 3066 4445 τυγχάνει,
3107 4373 3355 4426 ἀπώλεσε.
3404 4388 3504 4438 Καή

211 4473 532 4540 perdidisse.
563 4469 1033 4540 Deprehendimus
1065 4467 1337 4522 interdum
1368 4481 1428 4521 se
1450 4436 1665 4521 sinistra
1690 4467 1797 4521 dis-

1909 4467 2198 4538 τειλήφαμεν
2243 4466 2393 4518 αὐτὸν
2452 4467 2604 4518 ἐνίοτε
2653 4467 2810 4538 σκαίᾳ
2852 4463 3064 4527 διαλέξει
3105 4461 3502 4537 προδιδόμενον,

213 4569 483 4632 putatione
515 4563 858 4636 prodentem,
887 4561 1167 4618 interdum
1190 4560 1456 4614 latentem
1479 4558 1800 4629 quibusdam

214 4658 466 4718 cuniculis
504 4665 560 4714 et
586 4671 681 4713 sua
711 4669 919 4712 venena
946 4653 1235 4718 celantem;
1267 4661 1323 4708 et
1349 4666 1471 4708 cum
1501 4653 1806 4722 oportuerit

282 4876 306 4904 ἰ
344 4865 402 4923 ln
433 4863 631 4923 eadem
661 4861 894 4918 editione
923 4877 936 4912 :
970 4857 1131 4929 Cujus
1164 4855 1372 4929 legisse
1397 4852 1569 4929 ipsum
1600 4852 1798 4920 episco-

221 4954 332 5006 pum
349 4939 561 5006 judicat
583 4951 601 4989 .'
625 4931 1017 5006 refragantibus
1039 4924 1166 5006 aliis
1195 4924 1344 5006 libris
1371 4933 1424 4978 et
1452 4924 1666 5006 Graeco.

283 5007 311 5046 δ
349 4994 420 5063 ita
453 5007 644 5063 Baluz.
675 4994 798 5060 cuni
825 5016 954 5056 mss.
988 4999 1054 5054 At
1083 4998 1214 5052 edit.
1248 4995 1432 5059 Rom.,
1462 4994 1617 5047 aliter
1643 4994 1796 5058 enim,

223 5091 278 5134 ac
300 5079 496 5135 deinde
537 5092 658 5132 cum
695 5073 813 5128 aliis
849 5072 980 5128 edit.
1011 5087 1022 5122 :
1054 5069 1127 5122 De
1156 5066 1347 5121 Christi
1378 5064 1478 5118 Dei
1513 5065 1674 5118 nostri
1701 5074 1808 5118 tra-

225 5159 318 5203 ctat
348 5164 561 5204 arcano.
592 5143 921 5203 leestinus
946 5153 1199 5197 arcanum
1226 5136 1428 5192 Christi
1455 5144 1612 5191 vocat
1634 5136 1808 5191 incar-

227 5223 449 5277 nationis
475 5217 811 5288 mysterium.

298 5302 318 5363 ε
353 5285 680 5363 Βεμῲεεη
713 5285 1048 5363 ἐπιδεδεμένος.

295 5361 320 5400 ἀ
355 5349 512 5433 itde
543 5349 678 5433 Lat):
717 5368 774 5413 ιιι
808 5349 1027 5411 ἱηόἀίι.
1065 5353 1229 5433 itam.
1276 5349 1623 5433 hic_additu_r
1654 5349 1807 5433 hunc,

231 5445 339 5502 quae
366 5421 556 5490 vocula
585 5432 737 5486 abest
767 5445 793 5482 a
825 5443 954 5502 mss.
980 5435 1034 5482 et
1059 5425 1272 5480 Graeco.
1291 5421 1413 5478 Vid.
1441 5422 1641 5477 Euseb.
1669 5421 1805 5476 Hist.

233 5498 376 5560 Eccl.
409 5506 503 5560 lib.
537 5518 613 5557 vu
643 5516 762 5570 cap.
791 5498 880 5555 50.

302 5585 323 5611 °
361 5578 450 5631 Sic
493 5575 675 5629 Baluz.
709 5565 784 5626 'ac
824 5585 954 5625 mss.
994 5566 1102 5622 Alii
1149 5581 1279 5622 vero
1317 5565 1486 5634 editi,
1535 5571 1805 5619 vertentes.

236 5643 414 5702 Grmca
447 5661 554 5701 vox
594 5638 1182 5714 pervertentespmprie
1222 5645 1397 5693 sonat.

303 5715 344 5790 ‘_
363 5716 422 5773 In
452 5711 750 5784 mss.‘Beg.
780 5712 934 5768 deest
953 5711 1102 5767 λαοῦ.

511 5813 783 5873 Pas-non.
830 5804 902 5864 L.

1912 4558 2059 4613 inore
2101 4557 2446 4632 κρυπτόμενόν
2488 4577 2594 4610 τισι
2633 4557 2994 4613 λανθανούσαις
3025 4555 3239 4622 διόδοις,
3273 4560 3352 4611 καί
3383 4559 3505 4612 σκέ-

1911 4673 2073 4707 ποντα
2100 4652 2165 4706 τά
2190 4648 2296 4704 ἴδια
2325 4647 2619 4723 δηλητήρια·
2666 4651 2750 4702 καὶ
2791 4646 2902 4703 δέον
2941 4651 3077 4718 ἡμᾶς
3112 4649 3506 4713 ἀκολουθοῦντας

1981 4860 2004 4897 ε
2047 4847 2229 4904 Editio
2255 4847 2458 4909 morm,
2506 4853 2561 4898 ut
2602 4845 2888 4914 confundat
2930 4846 3113 4914 fortia,
3145 4845 3505 4900 renitentibus

1909 4921 2068 4986 Lab.,
2098 4919 2280 4974 Baluz.
2309 4931 2372 4971 ac
2402 4931 2532 4970 mss.
2577 4915 2655 4969 Ad
2686 4916 2930 4986 Graecam
2954 4917 3188 4986 litteram
3217 4916 3500 4986 legendum

1911 4985 2074 5056 esset,
2101 4999 2148 5044 et
2175 5005 2238 5044 ex
2259 4987 2531 5041 contrariis
2557 4985 2827 5056 confundit
2857 4985 3034 5053 fortia.
3061 4985 3168 5041 Sed
3191 4997 3244 5040 et
3276 4985 3502 5042 verbum

1911 5062 2203 5134 confundit,
2232 5058 2374 5134 quod
2405 5058 2594 5134 Latine
2631 5055 2945 5134 ambiguum
2985 5066 3097 5124 est,
3143 5066 3196 5112 et
3233 5059 3323 5134 vel
3351 5072 3505 5113 com-

1917 5125 2261 5196 miitionem,
2289 5129 2376 5185 vel
2406 5128 2629 5198 pudoris
2673 5125 3024 5198 suffusionem
3062 5136 3256 5198 sonat,
3284 5128 3507 5198 Graecus

1917 5205 2185 5274 interpres
2225 5197 2421 5274 contra
2462 5197 2743 5274 Ctelestini
2790 5208 3024 5274 mentem
3073 5197 3330 5274 reddidit,
3376 5197 3508 5274 dum

1919 5267 2254 5346 nequaquam
2297 5273 2432 5346 ipso“
2458 5268 2719 5346 Apostoli_
2749 5271 2917 5346 verbo
2961 5270 3325 5346 καταισχύνει,
3359 5267 3508 5346 quod

1918 5338 2280 5415 est'pudorem
2320 5338 2596 5409 stt/fundit,
2626 5339 2723 5396 sed
2766 5340 2932 5396 verbo
2976 5338 3216 5412 συγχέει,
3257 5338 3397 5409 quod
3423 5345 3511 5395 est

1918 5417 2229 5480 commiscet,
2253 5428 2382 5469 usus
2407 5419 2510 5466 est.

1989 5486 2019 5524 ιι
2058 5487 2114 5540 In
2148 5501 2277 5540 mss.
2311 5484 2468 5554 Reg.,
2512 5480 2620 5537 οὖν.

1997 5557 2012 5594 ί
2059 5558 2167 5612 Seu
2197 5571 2318 5626 quae
2342 5551 2849 5611 in'cOntroversiam
2880 5562 3060 5610 vocat.

1992 5629 2006 5680 i
2054 5627 2186 5698 Reg.
2221 5641 2349 5684 mss.
2387 5627 2608 5703 θραύσῃ.

2958 5784 3033 5848 16
