3982 6182
432 5830 452 5865 τ

488 244 589 304 491

1266 237 1326 295 S.
1367 236 1767 295 C(ELESTINI
1808 239 1827 295 l
1868 236 2071 295 PAP/E
2115 238 2477 299 EPISTCLIE
2519 240 2608 297 ET
2647 228 2992 299 DECRETA.

3663 224 3761 296 492

484 370 609 419 nos,
640 362 927 423 sequentes
956 346 1277 404 sententiam
1310 347 1718 417 prudentissimi
1746 348 2076 417 Salomonis,

2186 362 2243 427 τῇ
2272 356 2442 429 γνώμη
2472 360 2560 410 τοῦ
2595 356 2890 429 σοφωτάτου
2923 354 3233 425 Σολομῶντος
3258 392 3273 418 ,
3305 350 3557 426 μηδεμίαν
3585 351 3761 413 διδόναι

485 446 696 502 nullum
741 443 808 499 ad
852 443 968 513 ejus
1012 440 1430 511 imprudentiam
1476 439 1718 511 praebere
1758 456 2075 511 responsum

486 537 679 611 (Prov.
706 552 848 602 xxvi,
872 535 965 605 4),
1016 550 1081 589 ne
1127 533 1335 591 similes
1373 534 1425 590 ei
1464 549 1712 590 essemus
1747 553 1758 587 :
1789 536 2079 592 suademus

486 640 667 686 tamen
692 637 750 683 ut
767 626 1064 698 apostolos,
1096 634 1155 681 ut
1176 626 1467 697 prophetas
1490 628 1774 684 nobiscum
1800 639 2075 700 sequatur;

485 735 556 777 ne
581 736 701 776 cum
734 718 985 775 omnibus
1025 717 1174 773 solus
1206 728 1232 755 ι
1264 720 1525 785 occurrit,
1559 720 1707 775 solus
1735 719 1802 774 ab
1828 722 2080 777 omnibus

484 814 769 871 refutetur.
799 811 965 868 Vobis
1005 826 1133 866 vero
1166 811 1474 883 diligentius
1516 812 1846 882 vigilandum
1886 822 1988 879 est,
2023 823 2079 869 ut

482 907 690 966 inimici
720 904 1193 975 praedicationibus
1223 906 1512 960 resistatis.
1542 905 1711 976 Major
1741 906 1883 961 enim
1923 907 2078 962 vobis

484 998 793 1057 sollicitudo
832 1007 937 1064 est,
968 1012 1088 1053 cum
1128 998 1265 1052 intra
1302 998 1598 1053 Ecclesiam
1628 999 1784 1053 vobis
1818 999 2078 1054 Ecclesiae

484 1092 710 1149 adversa
734 1092 1011 1147 dicuntur.
1038 1089 1283 1145 [labeant
1308 1089 1509 1146 laboris
1537 1090 1802 1157 inducias,
1828 1106 1961 1161 quos
1987 1090 2079 1144 ad-

484 1185 760 1241 versarius
791 1184 921 1239 foris
967 1184 1175 1253 positus
1220 1183 1464 1250 incessit,
1505 1184 1597 1253 qui
1635 1182 1867 1251 diSpersi
1898 1183 1924 1221 δ
1954 1198 2081 1252 pro-

482 1276 825 1347 pugnaculis,
842 1289 1117 1329 murorum
1131 1289 1188 1329 se
1200 1271 1521 1329 defensione
1536 1283 1797 1330 tutantur.
1818 1275 2079 1329 Nesciunt

480 1369 672 1437 ferias,
699 1369 749 1422 in
773 1368 966 1438 quibus
991 1367 1136 1421 intus
1157 1374 1239 1421 est
1260 1366 1452 1421 hostis.
1477 1364 1584 1421 Sed
1610 1367 1661 1420 in
1691 1366 1792 1421 hoc
1819 1366 2079 1421 intestino

481 1457 650 1526 bello,
673 1460 727 1513 in
754 1459 854 1513 hoc
882 1457 1181 1513 domestico
1210 1458 1402 1528 prcelio
1426 1458 1558 1512 ﬁdes
1582 1458 1735 1512 vobis
1764 1472 1950 1512 murus
1984 1459 2075 1523 sit,

481 1563 537 1608 ct
562 1561 749 1608 contra
778 1550 1060 1621 perﬁdiam
1087 1549 1423 1621 spiritalibus
1452 1565 1511 1606 se
1538 1552 1660 1607 telis
1693 1552 1803 1621 ipsa
1833 1550 1859 1587 ά
1891 1552 2078 1607 defen-

481 1648 591 1703 det.
623 1646 914 1702 Servemus
955 1646 1118 1712 banc,
1163 1646 1286 1717 quia
1319 1662 1419 1701 nos
1446 1654 1657 1701 servata
1684 1646 1943 1702 custodit.
1976 1646 2079 1701 Per

2182 447 2455 522 ἀπόκρισιν
2487 449 2613 522 πρὸς
2642 452 2733 504 τήν
2765 444 2937 501 ἄνοιαν
2983 448 3140 501 αὐτοῦ
3160 489 3174 511 ,
3208 450 3278 517 μὴ
3321 442 3487 517 ὅμοιοι
3524 448 3653 521 αὐτῷ
3685 470 3763 523 γε·

2181 541 2405 611 νὼμεθα·
2442 538 2582 598 ὅπως
2626 539 3058 611 συμϐουλεύομεν,
3085 539 3170 592 ἵνα
3209 536 3315 608 μεθ’
3337 540 3477 610 ἡμῶν
3513 547 3611 601 τοῖς
3648 543 3763 596 ἀπο-

2183 634 2384 694 στόλοις
2423 638 2507 689 καί
2544 642 2651 694 τοῖς
2696 637 2981 706 προφήταις
3030 632 3376 701 ἀκολουθήσῃ,
3425 638 3494 706 μή
3537 635 3600 694 ὡς
3642 641 3767 696 πᾶσι

2180 723 2325 793 μόνος
2367 726 2695 785 ἀνθίσταται,
2728 724 2882 795 μόνος
2922 724 3065 798 παρά
3101 725 3310 778 πάντων
3349 725 3569 797 ἐκϐληθῇ.
3612 735 3764 800 Ὑμεῖς

2182 812 2235 869 δὲ
2276 816 2668 892 ἐπιμελέστερον
2718 816 3047 890 ἐγρηγορέναι
3096 815 3351 887 ὀφείλετε,
3391 818 3474 871 ’ἱνα
3510 820 3765 877 ἁντιστῆτε

2182 916 2293 967 τοῖς
2322 916 2410 963 τοῦ
2444 910 2633 980 ἐχθροῦ
2666 910 2979 983 κηρύγμασι.
3001 910 3193 972 Μείζων
3221 910 3318 984 γάρ
3347 910 3466 982 ὑμῖν
3497 911 3598 965 ἔστι
3626 932 3769 987 φρον-

2184 1004 2288 1063 τὶς,
2322 998 2441 1055 ὅταν
2474 1002 2611 1061 ἐντός
2642 1008 2733 1061 τῆς
2762 1000 3061 1061 Ἐκκλησίας
3094 1001 3303 1074 λέγηται
3333 1002 3452 1075 ύμῖν
3480 1005 3545 1057 τά
3570 1012 3629 1079 τῇ
3657 1004 3767 1058 Ἐκ·-

2182 1090 2363 1164 κλησίᾳ
2402 1092 2766 1163 ἐναιτιούμενα.
2814 1090 3112 1161 Ἐχέτωσαν
3152 1093 3329 1147 ἐκεῖνοι
3377 1096 3647 1164 ἀνακωχὴ
3676 1102 3769 1148 τῶν

2182 1184 2423 1253 καμάτων
2443 1224 2454 1246 ,
2490 1182 2577 1244 οὒς
2616 1183 2952 1259 προκαλεῖται
2980 1183 3005 1237 ό
3038 1182 3283 1243 ἀντίδικος
3316 1182 3417 1247 ἔξω
3446 1183 3629 1259 διάγων
3648 1229 3661 1253 ,
3691 1189 3771 1241 καί

2183 1278 2230 1331 οἷ
2267 1296 2393 1337 τινες
2434 1281 2553 1348 περὶ
2594 1280 2713 1337 τοὺς
2752 1285 3110 1351 προμαχῶνας
3153 1276 3535 1353 διεσπαρμένοι,
3565 1281 3765 1352 ἀσφαλί-

2181 1371 2355 1432 ζονται
2394 1369 2609 1429 ἑαυτούς
2639 1377 2699 1444 τῇ
2728 1378 2829 1423 τῶν
2872 1376 3063 1440 τειχῶν
3107 1368 3331 1445 βοηθείᾳ.
3381 1371 3441 1423 Οἱ
3471 1369 3525 1426 δὲ
3558 1370 3770 1441 ἔχοντες

2182 1451 2320 1508 ἔνδον
2350 1456 2435 1509 τόν
2466 1456 2675 1525 πόλεμον
2700 1495 2713 1516 ,
2746 1457 2926 1529 ἀργίαν
2967 1456 3057 1507 οὐκ
3094 1452 3293 1509 ἴσασιν.
3326 1452 3501 1525 Ὀμως
3541 1456 3589 1509 ἐν
3616 1460 3769 1527 τούτῳ

2182 1557 2256 1621 τῷ
2286 1549 2503 1620 ἐμφυλίῳ
2534 1550 2760 1623 πολέμῳ,
2780 1550 2829 1603 ἐν
2858 1550 3019 1622 ταύτῃ
3049 1557 3112 1625 τῇ
3146 1558 3167 1586 ο
3202 1551 3358 1625 οἰκείᾳ
3386 1553 3539 1624 μάχη
3568 1549 3638 1610 εἴη
3663 1553 3771 1623 13.919

2182 1650 2367 1713 τεῖχος
2399 1645 2427 1700 ἡ
2457 1644 2666 1708 πίστις,
2708 1646 2793 1697 καί
2836 1646 2967 1699 κατά
3008 1650 3101 1705 τῆς
3144 1645 3393 1706 ἀπιστίας
3437 1646 3570 1704 αύτή
3599 1645 3769 1704 ἑαυτὴν

480 1738 621 1794 hanc
648 1736 1047 1794 ﬁrmamentum
1071 1746 1315 1792 nostrum
1343 1737 1485 1792 Deus
1514 1747 1598 1792 est
1624 1746 1787 1809 atque
1808 1737 2076 1807 refugium

2186 1731 2433 1791 ἐκδικήσει
2463 1742 2822 1805 πνευματικοῖς
2854 1738 3123 1795 ἀκοντίοις.
3150 1736 3448 1809 Φυλάξωμεν
3473 1739 3678 1803 ταύτην,
3700 1734 3772 1792 ότι

482 1829 600 1903 (Ps.
628 1847 751 1894 ιιι,
777 1834 828 1897 5,
853 1830 941 1901 4).
978 1840 1001 1867 °
1030 1829 1202 1899 Eripit
1231 1829 1301 1885 de
1324 1846 1485 1885 manu
1514 1831 1835 1899 peccatoris,
1867 1831 1952 1885 cui
1980 1845 2080 1885 vos

480 1928 536 1983 in
563 1925 727 1981 ﬂuctu
756 1924 960 1995 positos
989 1924 1245 1980 convenit
1272 1924 1474 1993 dicere,
1501 1923 1746 1994 Domine,
1776 1925 1935 1980 libera
1959 1941 2077 1994 nos,

482 2018 706 2089 perimus
734 2015 965 2092 (Matth.
989 2031 1104 2086 vin,
1129 2013 1198 2071 25
1218 2016 1259 2085 ).

557 2206 610 2261 5.
656 2207 738 2262 Ad
767 2222 863 2262 vos
895 2223 1060 2273 nunc,
1091 2205 1273 2263 clerici
1300 2214 1355 2261 et
1391 2220 1583 2261 omnes
1607 2205 1697 2275 qui
1738 2204 1919 2260 devoti
1945 2205 2079 2259 estis

488 2298 744 2365 Domino,
774 2308 961 2354 noster
988 2313 1169 2354 sermo
1200 2297 1491 2353 vertendus
1533 2307 1642 2354 est.
1666 2296 1822 2351 Dicat
1848 2296 2080 2352 fortasse

483 2388 681 2457 aliquis
710 2390 956 2443 ordinem
991 2404 1095 2443 non
1124 2403 1245 2444 esse
1270 2398 1565 2443 servatum.
1592 2387 1875 2443 Voluimus
1897 2396 1953 2443 et
1979 2403 2077 2443 nos

484 2479 659 2549 prius,
682 2479 824 2549 quod
849 2481 985 2533 ratio
1013 2479 1342 2548 postulabat,
1368 2479 1565 2534 habere
1590 2479 1752 2535 verba
1775 2478 2076 2543 vobiscum;

484 2572 581 2629 sed
622 2587 809 2628 eorum
859 2587 986 2627 cura
1034 2572 1208 2641 major
1249 2572 1484 2627 obtinuit
1521 2587 1658 2643 quos
1700 2572 1976 2627 voluimus
2026 2572 2077 2626 in

483 2682 776 2723 commune
822 2680 1059 2721 servare.
1110 2664 1295 2735 Neque
1344 2665 1488 2720 enim
1531 2664 1600 2719 de
1636 2664 1791 2720 vobis
1829 2663 2080 2719 dubitare

482 2759 770 2828 debemus,
792 2759 985 2829 quibus
1009 2759 1194 2829 utique
1221 2757 1453 2813 ducibus
1484 2758 1606 2814 illos
1631 2768 1655 2806 8
1679 2772 1778 2828 pro
1808 2757 1913 2813 ﬁde
1936 2766 2079 2812 stare

479 2852 775 2910 credimus.
809 2850 992 2906 Sancti
1038 2858 1094 2905 et
1127 2848 1238 2906 Deo
1282 2849 1532 2905 amabilis
1575 2849 1758 2904 fratris
1799 2857 1854 2904 et
1895 2849 2079 2919 coepi-

480 2946 633 3017 scopi
667 2946 770 3001 mei
799 2943 986 3015 Cyrilli
1020 2958 1114 3012 per
1152 2942 1323 2997 ﬁlium
1359 2958 1540 2997 meum
1572 2940 1923 2999 Posidonium
1956 2941 2075 2995 dia-

480 3051 677 3093 conum
704 3040 770 3091 ad
806 3050 894 3091 me
923 3035 1127 3091 directa
1165 3034 1363 3090 relatio
1390 3030 1420 3069 ιι
1452 3048 1515 3089 ea
1543 3044 1733 3089 contra
1762 3048 1858 3089 vos
1889 3033 1972 3103 agi
2002 3032 2082 3087 lo-

2184 1826 2527 1898 φυλαττομένη
2578 1827 2815 1898 φυλάττει
2871 1829 3025 1900 ἡμᾶς.
3078 1830 3170 1883 Διά
3217 1830 3411 1888 ταύτης
3452 1831 3482 1887 ἦ
3537 1829 3775 1904 ἀσφάλεια

2182 1917 2320 1988 ἡμῶν
2363 1917 2499 1971 ἐστιν
2532 1916 2557 1971 ό
2589 1918 2839 1980 Θεὸς,καὶ
2870 1919 2899 1975 ἠ
2931 1922 3212 1992 καταφυγή.
3247 1917 3485 1994 ’Δρπάζει
3516 1922 3572 1974 ἐκ
3608 1923 3777 1997 χειρός

2181 2006 2507 2084 ἀμαρτωλοῦ.
2548 2006 2565 2044 ί
2601 2012 2778 2080 Τούτῳ
2818 2011 2951 2082 ἡμᾶς
2983 2011 3030 2063 ἐν
3060 2009 3272 2065 κλύδωνι
3311 2014 3567 2086 κειμένους
3602 2016 3775 2089 πρέπει

2179 2100 2357 2173 λέγειν’
2394 2101 2562 2175 Κύριε,
2597 2101 2928 2176 ἐλευθέρωσον
2958 2104 3109 2173 ἡμᾶς,
3145 2105 3485 2176 ἀπολλύμεθα.

2254 2193 2387 2266 Πρός
2425 2194 2561 2264 ὑμᾶς
2591 2199 2707 2257 νῦν,
2744 2190 2781 2245 ὦ
2813 2194 3037 2267 κληρικοί
3065 2197 3149 2249 καί
3176 2198 3362 2259 πάντες
3392 2195 3501 2252 ὅσοι
3530 2202 3775 2274 καθιερω-

2180 2286 2316 2357 μένοι
2362 2284 2475 2337 ἐστέ
2513 2291 2586 2353 τῷ
2626 2292 2756 2357 Θεῷ,
2791 2289 3199 2362 μεταστρεπτέος
3231 2287 3255 2342 ό
3289 2288 3408 2363 παρ’
3425 2292 3568 2361 ἡμῶν
3615 2292 3773 2364 λόγος.

2179 2384 2313 2451 Ἐρεῐ
2336 2399 2413 2437 τις
2444 2378 2631 2446 τυχόν,
2666 2383 2757 2436 τὴν
2788 2374 2928 2442 τάξιν
2956 2384 3026 2451 μή
3070 2382 3414 2453 πεφυλάχθαι.
3462 2383 3777 2458 Ἠθελήσαμεν

2182 2472 2267 2523 καί
2296 2471 2437 2541 ἡμεῖς
2468 2469 2730 2545 πρότερον,
2753 2467 2881 2547 ὅπερ
2912 2472 3098 2546 ἀπῄτει
3126 2474 3154 2530 ἡ
3185 2473 3475 2538 ἀκολουθία,
3512 2473 3775 2548 διαλεχθῆο

2181 2582 2261 2614 ναι
2289 2561 2427 2633 ὑμῖν
2462 2561 2565 2614 ἀλλ’
2582 2563 2855 2633 ἐκράτησεν
2884 2564 2914 2620 ἡ
2944 2565 3063 2637 περὶ
3091 2565 3312 2625 ἐκείνους
3342 2570 3552 2641 φροντὶς
3585 2572 3775 2640 μείζων,

2182 2651 2269 2714 οὓς
2301 2655 2515 2727 ἐθέλομεν
2544 2659 2615 2716 εἰς
2645 2656 2702 2711 τό
2733 2658 2890 2711 κοινόν
2934 2662 3122 2711 σῶσαι.
3170 2656 3300 2713 Οὔτε
3340 2662 3438 2734 γὰρ
3481 2668 3609 2738 περὶ
3646 2664 3775 2735 ὑμῶν

2184 2744 2505 2816 ἀμφιϐάλλειν
2537 2746 2818 2820 ὀφείλομεν,
2855 2740 2919 2800 ὦν
2951 2744 3141 2807 δηλαδή
3188 2752 3629 2823 ἡγεμονευόντων,
3660 2756 3775 2808 ἐκεί-

2184 2854 2295 2894 νους
2338 2835 2384 2887 ἐν
2428 2844 2488 2909 τῇ
2528 2839 2705 2891 πίστει
2756 2838 2960 2893 ἱστάναι
2990 2843 3315 2912 πιστεύομεν.
3358 2841 3409 2897 Ἠ
3440 2846 3669 2924 ἀναφορὰ
3694 2853 3776 2902 τοῦ

2184 2926 2331 3000 ἁγίου
2364 2931 2447 2982 καί
2475 2937 2584 3001 Θεῷ
2615 2930 2861 3005 ἐρασμίου
2893 2940 2985 2986 τοῦ
3028 2932 3239 3005 ἀδελφοῦ
3280 2940 3364 2991 καί
3400 2941 3774 2996 συνεπισκόπου

2185 3040 2281 3089 μου
2325 3020 2565 3094 Κυρίλλου
2587 3064 2598 3083 ,
2635 3023 2691 3079 ἣν
2734 3023 2999 3078 ἀπέστειλέ
3030 3046 3113 3095 μοι
3143 3022 3225 3079 διά
3254 3035 3344 3081 τοῦ
3375 3030 3485 3085 υἱοῦ
3519 3034 3661 3103 ἡμῶν
3690 3043 3776 3086 Πο·

480 3130 682 3199 quitur,
717 3144 837 3199 quae
883 3136 1061 3199 potest
1105 3127 1157 3181 in
1208 3126 1468 3181 Ecclesiae
1511 3125 1753 3181 membra
1798 3139 1960 3194 agere
1986 3124 2076 3194 qui

2186 3111 2442 3167 σειδωνίου
2484 3119 2570 3169 τοῦ
2618 3111 2841 3168 διακόνου
2875 3115 3092 3179 ἑαυτοῦ,
3126 3124 3293 3173 ταῦτα
3326 3118 3586 3187 ἀνεδίδαξε
3615 3124 3773 3199 πράτ-

480 3222 603 3293 ejus
642 3221 807 3293 capiti
850 3237 957 3276 non
1006 3220 1263 3292 pepercit.
1296 3219 1413 3274 Non
1454 3232 1551 3274 vos
1591 3219 1689 3273 ista
1721 3216 2073 3273 discrucient.

481 3312 650 3384 Major
678 3311 849 3383 gloria
892 3321 978 3367 est
1019 3312 1070 3365 in
1110 3311 1294 3366 labore
1332 3310 1538 3380 majore
1569 3328 1581 3362 :
1608 3309 1730 3378 quia
1759 3310 2079 3365 certaminis

482 3407 714 3477 qualitas
737 3405 868 3459 facit
890 3403 1099 3473 praemii
1127 3403 1459 3472 qualitatem.
1491 3402 1692 3473 Legitis
1721 3403 1868 3458 enim
1898 3402 2080 3456 nobis-

482 3512 647 3557 cum.
686 3494 827 3563 quod
869 3494 914 3547 is
952 3493 1042 3561 qui
1087 3494 1324 3561 legitime
1371 3494 1681 3559 certaverit,
1734 3492 2082 3549 coronabitur

487 3586 567 3653 (ll
593 3584 729 3638 Tim.
746 3599 805 3649 ιι,
822 3584 911 3652 5).
940 3581 1091 3637 Unde
1121 3583 1425 3637 adhortatio
1449 3584 1604 3637 vobis
1628 3593 1806 3640 nostra
1831 3584 2077 3649 debetur,

486 3691 607 3747 qua:
647 3684 701 3730 et
740 3675 1098 3744 pusillanimis
1137 3684 1193 3732 et
1223 3676 1453 3733 viriliter
1481 3678 1861 3734 resistentibus
1892 3692 2078 3733 neces«

485 3768 630 3823 saria
660 3774 743 3823 est
772 3786 784 3819 :
814 3775 873 3821 ut
901 3775 1231 3825 tentamenta
1269 3770 1485 3824 valeant
1516 3768 1659 3825 ferre
1693 3771 1783 3839 qui
1818 3771 1831 3819 i
1872 3784 2080 3839 neque—

484 3872 601 3929 unt,
632 3870 685 3917 et
714 3860 923 3916 ﬁrmius
963 3862 1172 3933 possint
1208 3874 1351 3918 stare
1380 3865 1469 3934 qui
1504 3872 1737 3918 certant.
1766 3862 2069 3931 Numquam

481 3955 654 4012 nostri
682 3954 823 4023 regis
851 3970 1000 4009 arma
1021 3955 1333 4010 vincuntur.
1356 3955 1613 4009 Probatio
1644 3963 1725 4008 est
1751 3952 1932 4006 omnis
1965 3960 2080 4007 ten-

486 4047 619 4102 tatio
649 4045 992 4111 Christiano;
1025 4046 1223 4116 quippe
1253 4062 1372 4114 qua:
1405 4045 1744 4115 patientiam,
1779 4045 1920 4099 sicut
1948 4045 2079 4115 legi-

481 4153 605 4193 mus
636 4136 821 4209 (Rom.
845 4152 902 4205 v,
924 4136 977 4200 4,
1003 4137 1092 4206 5),
1119 4144 1398 4205 operatur.
1432 4137 1511 4190 Ex
1538 4136 1637 4190 hac
1660 4149 1784 4205 Spes
1815 4137 2075 4205 nascitur,

482 4243 605 4301 quze
638 4228 907 4285 neminem
935 4226 1209 4297 Scriptura
1237 4227 1546 4297 spondente
1566 4226 1870 4283 confundit.
1896 4228 2073 4299 Unde,

484 4323 683 4377 fratres
727 4319 1057 4388 charissimi,
1108 4320 1232 4390 quia
1273 4319 1581 4375 consolatio
1622 4330 1805 4376 vestra
1852 4336 1919 4377 ex
1966 4323 2077 4379 Deo

482 4423 589 4482 est,
635 4415 719 4469 cui
768 4428 993 4485 corpora
1034 4422 1239 4481 vestra,
1285 4414 1390 4471 hoc
1431 4424 1517 4471 est
1553 4431 1654 4473 vos
1686 4418 1852 4486 ipsos,
1897 4427 1957 4472 ut
2001 4418 2076 4473 ait

2183 3208 2359 3262 τεσθαι
2406 3207 2517 3259 καθ’
2534 3208 2673 3278 ὑμῶν
2698 3249 2710 3272 ,
2748 3206 2880 3284 ἅπερ
2911 3207 3118 3264 δύναται
3158 3212 3291 3267 κατά
3334 3220 3432 3268 τῶν
3476 3216 3642 3286 μελῶν
3687 3223 3772 3275 τῆς

2185 3299 2478 3359 Ἐκκλησίας
2506 3306 2671 3353 ποιεῖν
2694 3342 2706 3364 ,
2743 3298 2767 3353 ὁ
2797 3316 2891 3361 τῆς
2918 3302 3128 3371 κεφαλῆς
3168 3304 3325 3365 αὐτῆς
3355 3310 3423 3375 μή
3453 3310 3767 3380 φεισάμενος.

2184 3388 2327 3445 Ἀλλά
2354 3397 2517 3445 ταῦτα
2546 3392 2682 3463 ὑμᾶς
2702 3396 2769 3465 μή
2792 3392 3132 3463 βασανιξέτω.
3162 3399 3350 3460 Μείζων
3371 3401 3472 3473 γὰρ
3496 3398 3625 3467 δόξα
3646 3404 3771 3456 ἐστιν

2185 3483 2232 3534 ἐν
2261 3485 2450 3554 μείζονι
2477 3486 2710 3557 καμάτῳ·
2745 3482 2821 3539 ὅτι
2850 3487 2879 3542 ἡ
2908 3481 3117 3547 ποιότης
3162 3494 3254 3543 τοῦ
3294 3491 3489 3563 ἀγῶνος
3530 3502 3669 3549 ποιεῖ
3690 3499 3772 3554 την

2183 3580 2274 3628 τοῦ
2314 3572 2463 3629 ἆλθου
2505 3576 2775 3635 ποιότητα.
2825 3574 3215 3650 ’Λναγινὼσκετε
3246 3582 3344 3657 γάρ
3375 3582 3669 3656 μεθ’ἡμῶν,
3703 3580 3774 3640 ὅτι

2190 3668 2215 3722 ό
2238 3673 2459 3744 νομίμως
2485 3671 2847 3744 ἀγωνιζόμενος
2869 3680 3219 3744 στεφανοῦται.
3240 3670 3384 3729 Ὅθεν
3405 3677 3435 3735 ἠ
3460 3674 3473 3711 ί
3510 3684 3773 3756 προτροπή

2185 3768 2322 3840 ἡμῶν
2356 3774 2705 3841 χρεωστεῐται
2728 3767 2870 3836 ὑμῖν,
2892 3768 2921 3825 ἣ
2943 3770 3148 3828 καὶτοῖς
3177 3768 3529 3845 μικροψύχοις
3560 3777 3646 3827 καὶ
3672 3780 3771 3832 toi;

2183 3858 2424 3933 ἀνδρείως
2466 3861 2846 3934 ἀνθισταμένοις
2890 3863 3135 3933 ἀναγκαία
3180 3863 3347 3919 ἐστίν’
3390 3864 3475 3918 ἶνα
3526 3871 3612 3921 καὶ
3660 3870 3771 3928 τούς

2182 3954 2505 4025 πειρασμούς
2532 3950 2779 4011 δυνηθῶσι
2807 3954 2971 4029 φέρειν
3002 3954 3047 4007 οἱ
3076 3959 3143 4028 μή
3174 3953 3463 4028 δυνάμενοι,
3499 3964 3586 4013 καὶ
3616 3964 3773 4029 ἰσχυ-

2182 4047 2390 4121 ρότερον
2419 4052 2613 4101 στῶσιν
2651 4048 2695 4099 οἱ
2734 4048 3105 4121 ἀνθιστάμενοι.
3148 4046 3399 4103 Οὐδέποτε
3430 4053 3495 4105 τά
3529 4048 3660 4107 ὅπλα
3682 4057 3770 4107 τοῦ

2181 4139 2429 4212 βασιλέως
2463 4141 2603 4211 ἡμῶν
2647 4142 2879 4198 ἡττᾶται.
2921 4135 3169 4213 ’Ἑλεγχός
3209 4142 3320 4196 ἐστι
3348 4148 3452 4201 πᾶς
3480 4146 3772 4218 πειρασμὸς

2181 4237 2253 4299 τῷ
2283 4238 2599 4304 χριστιανῷ³
2636 4228 2660 4266 ¹ί
2693 4238 2871 4286 τοῦτον
2917 4237 3017 4307 γὰρ
3041 4275 3053 4297 ,
3088 4235 3155 4292 ὡς
3194 4234 3497 4308 ἀνέγδωμεν,
3541 4237 3775 4308 ὑπομονὴ

2180 4326 2463 4399 ἐργάζεται.
2498 4332 2581 4379 Ἐκ
2610 4322 2800 4385 ταύτης
2833 4325 2969 4385 ἐλπίς
3008 4332 3275 4397 γεννᾶται,
3300 4328 3410 4387 ἥτις
3439 4327 3614 4383 οὐδένα
3636 4370 3659 4395 ,ς
3678 4338 3768 4389 τῆς

2179 4431 2372 4495 γραφῆς
2426 4422 2850 4493 ἐπαγγελλομένης
2876 4463 2889 4483 ς
2935 4424 3218 4483 ἠπάτησεν.
3280 4415 3455 4485 Ὀθεν,
3513 4424 3771 4492 ἀγαπητοὶ

484 4506 778 4577 Apostolus
828 4506 1004 4578 (Rom.
1045 4521 1141 4571 ιιι,
1185 4506 1271 4577 1),
1317 4506 1521 4564 hostias
1565 4509 1860 4577 exhibetis,
1906 4526 2067 4579 repu—

2186 4512 2389 4585 ἀδελφοί,
2425 4511 2595 4571 ἐπειδὴ
2624 4516 2654 4571 ἡ
2683 4516 2979 4587 παραμυθία
3004 4516 3143 4587 ὑμῶν
3172 4515 3272 4570 ἀπὸ
3295 4521 3415 4569 Θεοῦ
3444 4515 3602 4580 ἐστιν,
3635 4506 3674 4586 ᾧ
3703 4516 3771 4569 τά

482 4607 715 4669 gnantes
745 4596 763 4636 ι
798 4599 962 4655 nolite
991 4599 1246 4655 deﬁcere.
1284 4598 1380 4653 Dat
1412 4601 1502 4656 ille
1530 4602 1787 4659 virtutem
1807 4646 1822 4672 ,
1858 4604 1947 4674 qui
1980 4619 2075 4673 per

484 4690 805 4761 Apostolum
850 4708 948 4746 nos
990 4705 1216 4747 monens
1255 4691 1451 4762 (Rom.
1492 4710 1575 4760 νι,
1620 4694 1741 4767 15).
1792 4710 1913 4752 esse
1965 4696 2083 4753 vult

558 4877 588 4941 ξ
625 4868 841 4941 [flauius
872 4870 925 4923 in
956 4866 1165 4930 Graeco,
1192 4868 1388 4941 resistit
1411 4878 1562 4941 atque
1592 4872 1886 4941 apponitur.

554 4936 585 4975 δ
626 4939 823 5002 Graec,
858 4941 993 4993 circa
1035 4936 1678 5011 prapugnaculaLDeinde
1710 4942 1839 4997 edit.
1886 4941 2066 4998 Rom.:

485 5008 759 5085 flutat-um
792 5011 1084 5085 defensione
1126 5008 1377 5063 nituntur.
1413 5009 1667 5066 Nesciunt
1696 5014 1853 5083 ferias
1882 5014 2070 5085 quibus

486 5082 694 5137 interest
721 5082 900 5148 hostis,
935 5090 1211 5150 corrupte.

562 5162 587 5226 ξ
626 5150 760 5226 Beg.
796 5166 948 5217 mss.,
978 5154 1218 5226 oizttéxp.

557 5218 585 5261 δ
624 5218 805 5278 Βοιῖιῑ.
839 5238 959 5277 eum
988 5239 1140 5283 ηυδε..
1171 5218 1435 5293 defendat.

561 5304 584 5332 ⁸
624 5294 757 5350 Lab.
793 5304 913 5361 post
937 5294 1065 5349 edit.
1094 5294 1275 5360 Rom,
1302 5296 1557 5364 refugium
1581 5295 1643 5349 de
1661 5313 1835 5361 manu,
1866 5299 2071 5355 omisso

482 5366 653 5421 verbo
682 5367 851 5434 eripit,
881 5368 1024 5435 quod
1067 5381 1135 5421 ex
1180 5381 1307 5421 mss.
1341 5376 1393 5421 et
1420 5366 1609 5423 Graeco
1637 5378 1944 5424 revocatur.
1977 5370 2069 5425 Ni-

486 5436 651 5511 tidior
680 5437 900 5511 iscsset
940 5437 1074 5492 ordo
1117 5437 1439 5504 verborum,
1469 5438 1545 5493 De
1593 5455 1747 5493 manu
1788 5444 2070 5511 peccatoris

487 5508 637 5575 eripit
663 5508 767 5561 cui.

564 5574 585 5653 ξ
627 5578 811 5653 Eorte,
836 5574 984 5653 οὗτος
1005 5575 1044 5653 ᾧ
1072 5580 1232 5653 «Suec,
1264 5578 1475 5653 sublato
1506 5584 1655 5651 prius
1686 5593 1903 5653 puncto.

564 5602 581 5617 ·
628 5602 811 5641 tunc,
836 5602 984 5640 ουτος
1072 5602 1232 5649 υμας,
1264 5602 1475 5633 sumatu
1507 5602 1655 5651 prius
1686 5602 1903 5653 puncw.

564 5643 798 5725 serere.
823 5649 919 5725 ,_in
950 5602 1069 5725 si;
1118 5649 1311 5725 Not_atu
1342 5650 1533 5725 dignus
1566 5654 1610 5706 is
1643 5654 1789 5707 locus
1815 5697 1827 5717 ,
1879 5657 1929 5709 in
1960 5670 2066 5725 quo

492 5722 610 5762 cum
644 5713 963 5767 (Imlestinns
990 5718 1136 5768 nrius
1166 5720 1228 5769 ad
1262 5713 1535 5785 populum,
1569 5738 1723 5788 quam
1749 5713 2061 5792 ad'cleru'm,

2181 4607 2396 4675 σώματα
2426 4604 2587 4676 ὑμῶν,
2619 4606 2884 4659 τουτέστιν
2915 4605 3049 4677 ὑμᾶς
3077 4608 3283 4674 αὐτούς,
3307 4609 3499 4671 ζώσας.
3528 4606 3593 4665 ὥς
3624 4626 3769 4677 φησιν

2188 4695 2753 4758 ὁ’Λπόστολος,θυσίας
2768 4698 3101 4773 προσφέρετε,
3122 4702 3191 4768 μή
3215 4699 3513 4770 ἀποκάμητε
3534 4698 3768 4752 ἀνθιστά-

2178 4871 2459 4940 prudentia
2493 4871 2730 4927 dictante
2767 4887 3071 4931 sermonem
3109 4874 3417 4938 habuisset.
3456 4879 3505 4933 id
3536 4892 3763 4935 excusa-

2178 4952 2292 5020 tum
2310 4942 2557 5020 _pvo|uit_,
2610 4943 2785 5020 fassus
2823 4944 2972 5020 ultro
3014 4950 3277 5003 rationem
3325 4949 3597 5020 dignitatis
3636 4949 3771 5006 Cleri

2177 5012 2331 5097 aliud
2358 5018 2661 5097 postulasse
2687 5058 2700 5080 ,
2736 5014 2837 5070 nisi
2865 5017 2948 5085 pia
2983 5021 3276 5074 nece-sitas
3312 5012 3490 5077 rerum
3521 5022 3763 5079 ordinem

2178 5094 2389 5156 mutare
2418 5094 2701 5156 coegisset.

2249 5154 2277 5192 ιι
2319 5156 2498 5211 Baluz.
2526 5154 2653 5235 cum
2695 5174 2821 5235 "iss.
2851 5204 2867 5229 ,
2920 5162 3055 5235 circa
3094 5174 3179 5217 eos
3217 5165 3320 5234 agi.
3364 5164 3565 5219 Deinde
3597 5163 3769 5235 magis

2179 5227 2416 5306 placeret
2440 5237 2498 5281 ut
2523 5238 2605 5283 est
2636 5230 2687 5282 in
2718 5227 2926 5298 (ἵκοιτο,
2959 5234 3182 5294 edocuit.
3216 5227 3374 5304 quam
3408 5235 3651 5305 loquitur.

2316 5299 2373 5385 in
2406 5315 2514 5385 uno
2546 5318 2646 5353 ms.
2679 5316 2814 5383 reg.,
2846 5310 3046 5385 τροτςής
3084 5307 3135 5359 in
3163 5299 3372 5385 altero“,
3404 5299 3551 5385 ροἆτή.

2198 5440 2210 5452 .
2252 5370 2619 5452 iMallemus,
2652 5370 3084 5443 qui’non'valent,
3122 5388 3231 5447 pra:
3257 5370 3565 5433 infirmitate
3598 5376 3761 5432 vidc-

2175 5442 2300 5496 licet
2331 5442 2654 5496 animorum.

2246 5513 2269 5590 ξ
2311 5512 2440 5590 Eeg.
2472 5511 2737 5575 οὗτος.....
2770 5518 3043 5590 ὑπομονήν.

2250 5582 2267 5621 ι
2310 5584 2425 5669 lloc
2470 5582 2921 5669 est,'repugnare
2964 5604 3021 5643 ac
3066 5588 3300 5669 resistere
3339 5606 3401 5669 ne
3436 5587 3660 5669 cesseris.
3695 5586 3759 5669 Et

2174 5654 2259 5779 hic
2309 5656 2460 5737 locus
2501 5658 2639 5725 sapit.
2689 5654 3043 5731 interpretem
3087 5659 3295 5719 Grecae
3341 5662 3545 5734 phrasis
3592 5657 3761 5729 paulo

2200 5740 2526 5779 enacnorem.

2200 5740 2526 5781 enacnorem.
