3982 6182
237 297 328 360 495

534 299 752 360 EPIST.
799 297 940 357 XIV.
982 293 1384 356 C(ELESTINI
1425 293 1628 352 ΡΑΡᾹΞ
1667 294 1759 350 AD
1797 283 2086 351 CLERUM
2131 292 2217 346 ΕΤ
2260 279 2583 348 POPULUM
2623 286 3165 348 CONSTANTINOP.

2011 81 2036 106 ο

3391 289 3496 346 44

235 411 449 470 membra
475 423 660 470 nostra
685 426 834 469 arma
865 411 1093 483 iustitiae
1125 423 1256 467 suae.
1293 407 1514 465 Habetis
1549 406 1797 477 exempla

1929 426 2058 459 ιενοι.
2102 404 2308 478 Ιῐαρέξει
2357 405 2539 464 ἐκεῖνος
2579 402 2786 475 δύναμιν
2814 446 2826 469 ,
2860 401 2914 465 ὃς
2953 401 3035 460 διὰ
3074 409 3166 459 τοῦ
3208 405 3494 460 ἀποστόλου

235 517 551 574 sanctorum,
601 507 694 575 qui
743 505 874 560 olim
923 505 1261 560 seminantes
1315 504 1368 557 in
1423 501 1698 572 Iaerymis,
1745 499 1798 554 in

235 593 408 669 gaudio
442 598 673 655 messuri
702 606 830 653 sunt
857 596 912 651 in
945 597 1124 651 futuro
1156 592 1340 668 (Psal.
1369 609 1530 660 csxv,
1563 593 1655 663 5).
1683 590 1800 645 Non

239 704 366 747 amat
399 689 655 748 Dominus
699 699 888 746 noster
927 703 1148 745 servum
1195 687 1300 743 nisi
1347 696 1374 724 τι
1419 684 1806 755 experimentis

239 784 520 854 probatum.
549 781 892 840 Christianas
921 783 1131 837 animas
1163 795 1343 836 rerum
1381 779 1636 850 palaestra
1662 787 1806 831 sem-

237 889 323 944 per
356 883 590 932 exercet.
623 875 866 942 Currite,
895 881 951 928 ut
984 888 1084 928 vos
1113 872 1164 926 in
1188 873 1292 927 viis
1321 869 1538 926 Domini
1572 870 1803 924 invicem

239 970 528 1024 transeatis.
573 968 713 1024 Nolo
761 982 857 1024 vos
885 965 954 1022 ab
983 964 1313 1022 adversariis
1339 961 1728 1033 comprehendi
1757 971 1803 1015 ε.

235 1055 478 1127 Oportere
518 1059 652 1115 dicit
674 1074 797 1116 esse
829 1058 1123 1129 Apostolus
1164 1065 1284 1126 quae
1327 1055 1572 1109 videmus
1601 1051 1659 1125 (ι
1685 1049 1804 1106 Cor.

233 1164 300 1212 si,
334 1150 448 1220 19).
484 1147 884 1207 Fortitudinem
916 1151 1190 1220 ﬁdemque
1228 1147 1441 1204 nonnisi
1472 1161 1692 1217 campus
1721 1159 1808 1200 os-

236 1243 416 1300 tendit.
453 1244 686 1302 Dilﬁcile
715 1255 799 1302 est
824 1246 994 1302 otium
1024 1244 1273 1299 coronari
1301 1260 1314 1296 :
1346 1241 1564 1313 praemia
1596 1238 1810 1296 nonnisi

232 1331 492 1391 laboribus
548 1335 888 1392 deferuntur.
939 1333 1077 1389 Nolo
1131 1333 1320 1388 salutis
1370 1332 1581 1404 galeam
1631 1329 1810 1400 capita

232 1432 398 1481 vestra
437 1425 714 1498 deponant
748 1444 761 1482 :
807 1427 937 1481 nolo
970 1437 1029 1481 se
1061 1425 1280 1480 loricam
1315 1423 1441 1480 ﬁdei
1488 1430 1670 1489 exuat,
1716 1421 1809 1492 qui

249 1515 474 1574 doneum
502 1517 707 1576 Christi
737 1519 964 1574 militem
993 1518 1300 1590 proﬁtetur.

1906 501 2041 571 ἡμᾶς
2080 496 2364 561 διδάσκων,
2397 495 2524 552 ϐέλει
2554 498 2618 552 τά
2657 500 2877 574 ἡμέτερα
2916 498 3036 570 ῄλη
3078 495 3206 552 ὅπλα
3245 491 3369 552 εἶναι
3411 506 3501 560 τῆς

1909 591 2098 646 ἑαυτοῦ
2127 587 2462 651 δικαιοσύνης.
2510 587 2699 661 ’Ἔχετε
2731 589 3082 664 ὑποδείγματα
3113 597 3212 644 τῶν
3242 590 3418 664 ἀγίων,
3455 591 3506 647 οἷ

1909 685 2037 745 τινές
2075 705 2197 740 ποτε
2238 681 2492 758 ἕσπειραν
2532 683 2580 737 ἐν
2624 682 2898 758 δάκρυσιν,
2945 683 3162 760 ὕστερον
3191 683 3244 739 δὲ
3276 687 3322 738 ἐν
3355 689 3504 763 χαρᾷ

1912 779 2184 854 θεριοῦσιν.
2227 778 2300 830 Οὑ
2332 777 2463 848 φιλεῖ
2488 773 2514 832 ό
2544 777 2785 852 ἡμέτερος
2833 773 3088 837 δεσπότης
3125 773 3332 840 δοῦλον,
3365 780 3407 830 εί
3435 783 3506 849 μὴ

1911 871 1996 924 τὸν
2025 871 2074 924 ἔν
2104 872 2258 944 πείρᾳ.
2299 867 2666 943 δεδοκιτμένον.
2718 871 2821 928 Τὰς
2863 871 3170 943 χριστιανάς
3211 867 3399 940 ψυχὰς
3428 871 3507 922 ἀεί

1915 966 1945 1022 ἡ
1993 971 2090 1017 τῶν
2134 961 2451 1037 πραγμάτων
2494 964 2792 1038 παλαίστρα
2844 965 3086 1034 γυμνάζει
3157 965 3382 1036 Τρέχετε
3428 961 3510 1019 ἶνοι

1915 1056 2155 1116 ἀλλήλους
2184 1059 2235 1110 ἐν
2263 1063 2379 1116 ταῖς
2422 1054 2561 1117 ὁδοῖς
2598 1061 2687 1110 τοῦ
2726 1057 2908 1130 Κυρίου
2945 1056 3240 1129 παρέλθητε.
3272 1057 3342 1108 Οὐ
3387 1053 3509 1107 θελω

1913 1148 2048 1222 ὑμάς
2077 1148 2178 1201 ὑπό
2202 1154 2300 1202 τῶν
2325 1143 2585 1202 ἀντιδίκων
2612 1143 2639 1184 δ
2671 1145 3164 1219 καταλαμϐάνεσθαι.
3200 1149 3328 1204 Φησί
3351 1143 3402 1201 δὲ
3425 1163 3512 1212 καὶ

1913 1237 1939 1293 ό
1969 1238 2254 1296 ἀπόστολος
2275 1278 2286 1296 ,
2324 1245 2514 1313 χρῆναι
2543 1239 2778 1310 γενέσθαι
2812 1236 2943 1314 ἅπερ
2975 1238 3184 1314 ὁρῶμεν.
3219 1241 3394 1308 Ὶσχὺν
3425 1245 3512 1296 καὶ

1916 1328 1944 1367 ἀ
1973 1331 2149 1384 πίστιν
2190 1331 2248 1384 οὑ
2289 1327 2566 1401 δοκιμάζει,
2610 1331 2654 1382 εἰ
2698 1337 2768 1402 μὴ
2817 1330 2842 1384 ὁ
2887 1331 3045 1391 τόπος
3089 1340 3179 1392 τῆς
3228 1331 3512 1406 συμϐολῆς.

1913 1426 2169 1493 Ἦσυχίαν
2199 1423 2570 1495 στεφανοῦσθαι
2601 1421 2880 1498 δυσχερές’
2916 1425 2979 1477 τά
3010 1422 3200 1478 ἔπαθλα
3231 1427 3275 1478 εί
3303 1429 3371 1496 μὴ
3401 1432 3515 1485 τοῖς

1916 1516 2160 1587 καμάτοις
2191 1516 2246 1569 οὑ
2277 1513 2519 1569 δίδονται.
2552 1520 2653 1573 Τήν
2694 1517 3087 1590 περικεφαλαίαν
3114 1523 3204 1576 τῆς
3236 1517 3430 1589 ὑγιείας
3459 1517 3518 1573 αἱ

1921 1609 2131 1682 κεφαλαί
2162 1610 2304 1681 ὑμῶν
2337 1613 2405 1680 μή
2437 1609 2744 1662 ἀποθῶνται⁹
2780 1615 2849 1681 μὴ
2875 1608 3168 1680 ξέκδὺσηταε
3197 1613 3283 1666 τόν
3313 1611 3518 1687 θώρακα

226 1713 314 1766 τῆς
341 1709 568 1771 πίστεως
599 1705 626 1764 ὃ
653 1709 1076 1784 ἐπαγγελλόμενος
1116 1711 1441 1786 στρατιώτης
1467 1716 1562 1766 τοῦ
1589 1711 1819 1785 Χριστοῦ
1849 1704 2160 1780 ἀξιόχρεως.

297 1797 355 1853 6.
396 1798 583 1856 Nostri
624 1801 781 1858 nobis
815 1799 958 1857 bella
987 1811 1312 1868 moverunt;
1356 1802 1402 1858 si
1434 1812 1610 1857 tamen
1644 1796 1816 1854 nostri

1993 1797 2053 1849 Οί
2095 1798 2325 1868 ἡμέτεροι
2375 1796 2630 1866 καθ’ἡμῶν
2677 1796 2893 1868 πόλεμον
2940 1803 3284 1864 κεκινήκασιν,
3331 1802 3374 1854 εἰ
3414 1796 3519 1874 ἄρα

232 1890 454 1947 dicendi
500 1901 662 1960 sunt,
718 1911 852 1966 quos
903 1897 969 1952 ad
1015 1897 1298 1954 inimicum
1347 1897 1606 1952 transisse
1659 1903 1820 1964 rupto

227 1990 250 2017 ε
284 1980 498 2041 taedere
524 1986 842 2044 sentiamus.
880 1988 1131 2045 Vestrum
1163 1999 1249 2045 est
1284 1993 1488 2045 stantes
1522 1987 1686 2058 pedes
1718 1987 1818 2042 ha—

220 2073 353 2131 bere
387 2079 442 2132 in
484 2080 639 2136 atriis
673 2079 975 2139 Jerusalem
1008 2082 1200 2152 (Psat.
1235 2099 1394 2151 cxxi,
1425 2082 1522 2153 2).
1557 2079 1820 2137 Volumus

218 2168 374 2224 vobis
400 2184 624 2242 gressus
651 2187 772 2230 esse
802 2175 1079 2245 perfectos
1104 2217 1119 2242 ,
1169 2191 1239 2231 ne
1270 2189 1522 2246 umquam
1547 2175 1600 2228 in
1629 2189 1820 2229 exem-

219 2259 365 2329 plum
398 2263 584 2322 simile
608 2267 836 2338 alicujus
875 2269 1098 2340 vestigia
1140 2277 1480 2324 moveantur.
1513 2267 1820 2338 Sequantur

217 2363 335 2408 cum
371 2355 524 2412 malo
555 2365 580 2404 ε
619 2357 893 2415 diabolum
921 2403 935 2426 ,
987 2361 1076 2430 qui
1123 2376 1182 2415 se
1212 2376 1274 2416 ex
1307 2373 1371 2416 eo
1394 2360 1551 2415 simul
1583 2373 1699 2415 esse
1730 2374 1822 2414 eo-

213 2457 512 2513 gnoscunt.
548 2447 656 2505 Vos
687 2453 777 2522 qui
820 2452 914 2506 lilii
947 2443 1041 2508 Dei
1071 2452 1325 2522 aperibus
1353 2455 1626 2523 apparetis
1651 2495 1665 2518 ,
1697 2453 1818 2520 quia

211 2543 273 2592 ex
299 2535 578 2596 fructibus
601 2543 714 2598 vult
739 2557 1176 2614 unumquemque
1204 2545 1453 2613 eoguosci
1481 2543 1700 2617 (Matth.
1725 2560 1814 2610 VII.

213 2629 302 2695 16,
334 2631 410 2688 20
437 2635 456 2704 )
493 2674 506 2699 ,
538 2633 779 2690 vicissim
823 2646 1036 2690 mentes
1065 2635 1418 2690 consulamini
1453 2636 1774 2705 pusillorum
1801 2677 1816 2702 ,

208 2722 471 2781 infirmos
517 2741 760 2798 quosque
799 2729 1057 2798 suscipite
1084 2770 1097 2793 ,
1147 2728 1529 2783 confirmantes
1555 2741 1669 2783 eos.
1703 2725 1820 2781 Non

211 2824 310 2872 vos
339 2819 580 2872 seducat
609 2819 881 2892 impietas,
913 2819 1008 2875 sed
1047 2819 1114 2876 de
1140 2819 1282 2874 bono
1313 2830 1368 2875 et
1395 2821 1538 2874 malo
1567 2835 1665 2891 pro
1692 2835 1821 2890 qua-

207 2905 369 2966 litate
401 2911 493 2965 sui
524 2913 704 2968 tenete
729 2914 1053 2969 sententiam
1075 2958 1088 2982 ,
1122 2913 1353 2969 vitantes
1383 2929 1634 2984 perversa
1657 2955 1672 2978 ,
1704 2924 1823 2982 quae

206 3013 338 3058 sunt
373 3011 535 3060 recta
582 3005 888 3062 laudantes.
939 3007 1344 3062 Abominationi
1375 3018 1460 3062 est
1489 3009 1632 3060 enim
1670 3007 1782 3058 Deo
1807 3043 1823 3069 ,

201 3091 519 3152 Salomone
544 3095 761 3153 dicente
787 3095 984 3167 (Prov.
1017 3113 1151 3159 xvrt,
1186 3096 1252 3150 15
1276 3100 1294 3165 )
1315 3142 1328 3165 ,
1361 3097 1602 3164 quisquis
1633 3096 1717 3149 vel
1741 3095 1827 3161 ju-

1927 1889 2160 1960 ἡμέτεροι
2187 1887 2379 1941 λεκτέοι
2409 1883 2545 1940 οὗτοι
2564 1925 2578 1950 ,
2614 1882 2700 1945 οῦς
2732 1887 3005 1959 ᾐσθόμεθα.
3041 1891 3279 1967 ῥαγέντος
3307 1898 3398 1945 τοῦ
3428 1901 3519 1954 τῆς

1929 1975 1949 2015 ί
1983 1979 2145 2051 φιλίας
2174 1978 2324 2052 νόμον
2344 2021 2357 2044 ,
2392 1980 2521 2053 πρὸς
2559 1977 2642 2032 τὸν
2672 1979 2857 2052 ἐχθρόν
2888 1981 3292 2054 ηὑτομοληκέναι.
3319 1981 3520 2056 ’Υμέτε-

1924 2070 2013 2142 ρόν
2048 2071 2182 2125 ἐστιν
2225 2070 2529 2144 ἱσταμένους
2572 2069 2715 2141 ἔχειν
2745 2075 2866 2132 τοῦς
2894 2071 3055 2133 πόδας
3087 2075 3134 2126 ἐν
3161 2083 3263 2135 τοῖς
3293 2075 3520 2132 πυλῶσιν

1922 2161 2271 2240 Ἰερουσαλήμ.
2304 2165 2519 2238 Θέλομεν
2550 2165 2692 2236 ὑμῶν
2722 2166 2814 2225 τὰς
2840 2163 3019 2239 βάσεις
3050 2159 3174 2220 εἶναι
3203 2166 3417 2230 τελείας,
3451 2172 3520 2237 μή

1924 2278 2048 2312 ποτε
2090 2258 2216 2332 πρός
2254 2249 2365 2310 ἴσον
2405 2255 2692 2330 ὑπόδειγμα
2721 2259 2785 2310 τά
2811 2255 2938 2328 ἴχνη
2967 2257 3096 2316 τινός
3135 2258 3518 2332 παρασαλευθῇ.

1925 2353 2015 2403 Καί
2045 2349 2426 2407 ἀκολουθήσωσι
2450 2357 2521 2419 τῷ
2551 2348 2772 2420 διαϐόλῳ
2802 2353 2931 2422 μετὰ
2961 2353 3051 2402 τοῦ
3084 2355 3261 2412 κακοῦ,
3286 2347 3332 2402 οἱ
3359 2351 3522 2423 ἐπιγι-

1923 2446 2200 2502 νὼσκοντες
2230 2441 2441 2503 ἑαυτοὺς
2473 2444 2521 2507 ἐξ
2551 2445 2738 2499 ἐκείνου
2769 2439 2938 2504 ὄντας.
2971 2437 3158 2518 Ὑμεῖς,
3195 2443 3240 2498 οἶ
3271 2466 3392 2504 τινες
3422 2443 3523 2500 υἱοί

1925 2543 2052 2591 Θεοῦ
2085 2536 2109 2570 δ
2140 2544 2249 2598 τοῖς
2281 2535 2453 2615 ἔργοις
2483 2537 2732 2609 φαίνεσθε,
2755 2537 2930 2597 ἐπειδὴ
2961 2538 3012 2591 ἐκ
3038 2545 3136 2593 τῶν
3167 2548 3372 2616 καρπῶν
3401 2539 3523 2594 θέλει

1931 2625 1947 2664 ί
1981 2630 2194 2684 ἕκαστον
2225 2627 2641 2702 διαγινώσκεσθαι
2663 2671 2676 2693 ,
2708 2629 2984 2703 ἀμοιϐαδὸν
3031 2634 3122 2692 τὰς
3161 2631 3386 2693 διανοίας
3425 2642 3524 2688 τῶν

1926 2721 2275 2799 μικροψὺχων
2303 2724 2764 2801 παραμυθήσασθε,
2799 2727 2886 2776 καί
2914 2724 3125 2779 ἕκαστον
3168 2733 3267 2779 τῶν
3305 2727 3524 2780 ἀσθενῶν

1926 2813 2243 2881 ὑποδέξασθε
2266 2860 2278 2880 ,
2310 2817 2641 2889 βεϐαιοῦντες
2679 2817 2890 2876 αὑτοὺς.
2921 2823 2996 2875 Μὴ
3027 2817 3086 2876 δή
3118 2819 3359 2887 ἀπατήσῃ
3390 2821 3526 2888 ὑμᾶς

1927 2909 2165 2970 ἀσέϐεια,
2200 2909 2322 2962 ἀλλά
2360 2911 2480 2984 περί
2517 2913 2608 2962 τοῦ
2651 2909 2809 2962 καλοῦ
2853 2911 2936 2961 καί
2972 2915 3062 2961 τοῦ
3093 2915 3246 2962 κακοῦ
3280 2911 3407 2963 κατά
3436 2916 3526 2968 την

1929 3000 2145 3053 ἑκάστου
2185 3001 2433 3056 ποιότητα
2478 3005 2568 3056 τήν
2611 3001 2776 3070 κρίσιν
2823 2999 3108 3070 κατέχετε,
3152 3003 3414 3073 φεύγοντες
3463 3005 3526 3059 τὰ

1931 3087 2329 3163 διεστραμμένα,
2354 3093 2440 3143 καί
2460 3092 2525 3142 τά
2553 3089 2678 3164 ὀρθά
2703 3091 3040 3149 ἐπαινοῦντες.
3073 3091 3403 3155 ’Λποϐλητέος
3429 3096 3524 3171 γάρ

197 3193 359 3243 stum
394 3199 502 3256 pro
531 3188 757 3257 iniusto,
789 3189 875 3241 vel
905 3203 1000 3256 pro
1025 3189 1174 3257 justo
1197 3188 1344 3242 ducit
1369 3188 1648 3257 injustum.
1674 3183 1818 3238 Nulla

1938 3180 2046 3234 ἐστι
2075 3188 2146 3250 τῷ
2179 3187 2308 3250 Θεῷ.
2340 3180 2572 3253 λέγοντος
2603 3185 2696 3234 τοῦ
2727 3179 3059 3252 Σολομῶντος,
3092 3180 3234 3242 ὅστις
3265 3184 3292 3241 ἦ
3320 3187 3407 3239 τόν
3445 3183 3525 3240 δί-

190 3289 287 3337 est
322 3277 621 3334 tribulatio
653 3278 988 3348 temporalis,
1022 3279 1038 3329 l
1072 3280 1116 3333 si
1141 3279 1211 3333 sit
1237 3289 1362 3334 ante
1382 3276 1570 3333 oculos
1594 3287 1818 3346 perenne

1936 3293 2076 3325 καιον
2112 3273 2219 3326 ἀντὶ
2258 3269 2454 3334 ἀδίκου,
2485 3270 2515 3329 ἦ
2545 3273 2657 3326 ἀντὶ
2685 3269 2879 3325 δικαίου
2912 3268 3125 3343 δέχεται
3156 3271 3342 3329 ἄδικον.
3375 3273 3526 3332 Οὐδὲν

187 3369 538 3442 premium,
570 3371 654 3426 cui
682 3369 820 3425 nihil
841 3370 1093 3425 convenit
1114 3371 1388 3439 anteponi.
1415 3369 1624 3424 Clamat
1645 3376 1818 3424 noster

1934 3363 1988 3418 δέ
2033 3366 2170 3418 ἐστιν
2209 3365 2239 3420 ἡ
2273 3363 2598 3438 πρόσχαιρος
2643 3362 2841 3434 θλίψις,
2883 3355 2943 3418 ἀν
2985 3365 3084 3439 πρὸ
3125 3359 3384 3442 ὀφθαλμῶν
3411 3367 3441 3446 ᾖ
3468 3373 3525 3426 τό

191 3460 573 3536 hymnidicus
599 3463 620 3537 (
644 3461 795 3517 Psal.
822 3477 952 3517 τινι
977 3505 992 3530 ,
1021 3463 1055 3518 5
1079 3465 1123 3532 ),
1175 3464 1217 3518 si
1251 3463 1538 3519 adversum
1568 3477 1626 3518 se
1652 3468 1818 3518 castra

1931 3457 2132 3510 αἰώνιον
2174 3451 2407 3516 ἔπαθλον,
2451 3449 2510 3508 οὗ
2562 3451 2700 3508 οὐδέν
2739 3457 3052 3532 προκριτέον.
3097 3461 3192 3532 Βοᾷ
3222 3457 3248 3513 ό
3281 3459 3518 3539 ἡμέτερο,

195 3555 551 3620 consistant,
585 3569 684 3626 spe
711 3553 1130 3610 illuminationis
1162 3553 1305 3610 illius
1336 3555 1438 3610 sibi
1472 3554 1690 3626 penitus
1718 3567 1826 3609 non

197 3647 549 3706 timendum.
573 3648 632 3705 Si
655 3658 933 3704 certamen
957 3661 1080 3704 cum
1102 3649 1356 3720 gentibus
1379 3649 1830 3716 haberetis,esset

1931 3547 2228 3620 ψαλμῳδὸς.
2269 3545 2345 3603 ὅτι
2393 3549 2478 3602 ἐὰν
2517 3549 2796 3605 κατάὑτοῦ
2844 3557 3014 3628 συστῂ⁹
3063 3552 3278 3626 πόλεμος
3304 3599 3316 3620 ,
3360 3551 3525 3612 ἐλπίδι

1931 3642 2117 3694 εκείνου
2161 3646 2254 3694 τοῦ
2297 3647 2557 3713 φωτισμοῦ
2600 3637 2724 3702 ὅλως
2759 3643 2815 3695 οὑ
2863 3644 3222 3716 φοϐηθήσεται,
3253 3649 3313 3698 εἰ
3352 3650 3526 3719 ἀγῶνα

197 3743 404 3813 utique
433 3755 637 3812 magna
663 3741 894 3798 victoria
924 3755 1211 3812 superasse
1239 3757 1334 3798 eos
1359 3787 1373 3810 ,
1427 3758 1566 3811 quos
1612 3749 1828 3811 semper

200 3829 227 3871 δ
264 3833 567 3890 haberetis
607 3833 880 3889 inimicos.
921 3835 1133 3901 Quanta
1171 3843 1256 3889 est
1298 3834 1526 3890 dicenda
1554 3835 1778 3890 victoria
1807 3879 1823 3903 ,

201 3923 294 3980 ubi
347 3925 659 3994 sacerdos,
709 3924 1096 3996 praedicatione
1139 3936 1340 3982 mutata
1369 3969 1384 3992 ,
1427 3927 1824 3983 catholicorum

201 4015 382 4073 lactus
433 4025 528 4073 est
571 4025 935 4086 persecutor;
991 4026 1180 4073 contra
1233 4019 1460 4073 Paulum
1508 4019 1728 4088 proprie
1769 4017 1825 4073 in

203 4109 476 4166 omnibus
509 4109 754 4165 sentiens
783 4153 798 4179 ,
842 4111 934 4180 qui
977 4107 1259 4181 Evangelii
1289 4110 1500 4166 Domini
1531 4111 1672 4182 quod
1700 4120 1826 4167 ante

202 4198 384 4258 fuerat
412 4211 769 4273 persecutus,
801 4201 976 4258 lactus
1006 4211 1091 4258 est
1122 4212 1309 4272 postea
1337 4205 1692 4274 praedicator?
1723 4203 1823 4259 De-

207 4303 388 4351 sertus
416 4303 517 4351 est.
542 4293 740 4364 impius
769 4293 1074 4365 disputator
1103 4291 1118 4332 ¹
1147 4310 1179 4350 a
1207 4305 1394 4349 sancto
1420 4297 1644 4365 Spiritu,
1677 4305 1824 4364 post-

204 4398 365 4456 quam
395 4389 456 4443 in
492 4388 673 4456 ipsum
711 4386 974 4457 Spiritum
1003 4388 1173 4443 sensit
1219 4387 1464 4443 adversa.
1513 4387 1705 4443 Merito
1734 4430 1748 4453 ,
1778 4388 1823 4442 si

207 4480 484 4546 persistit,
523 4479 705 4534 audiet
733 4494 762 4533 a
795 4478 952 4536 nobis
981 4479 1252 4536 Samuelis
1281 4479 1450 4534 verba
1479 4523 1494 4547 ,
1528 4495 1646 4550 quae
1676 4479 1822 4535 Sauli

1931 3737 2059 3812 πρὸς·
2088 3735 2152 3787 τὰ
2181 3731 2295 3790 ἔθνη
2326 3729 2520 3802 εἴχετε,
2545 3731 2732 3792 δηλαδὴ
2757 3739 3006 3806 μεγίστης
3037 3734 3094 3791 ἀν
3121 3737 3180 3797 ἦν
3209 3743 3365 3807 νίκης,
3383 3748 3526 3814 νικᾷν

1929 3830 2050 3887 τοὺς
2091 3827 2169 3880 ἀεί
2211 3825 2335 3898 ὑμῖν·
2371 3824 2662 3896 γενομένους
2703 3821 2945 3898 ἐχθρούς.
2989 3827 3171 3885 Πηλίκη
3214 3829 3264 3882 δέ
3306 3833 3463 3890 ἐκείνη
3495 3835 3528 3892 ἦ

1931 3922 2037 3978 νίκη
2068 3919 2259 3980 λεκτέα,
2293 3913 2421 3970 ὅπου
2452 3915 2477 3970 ό
2510 3915 2697 3991 ἱερεὺς,
2731 3914 3025 3987 ἀλλαγέντος
3054 3924 3144 3971 τοῦ
3170 3921 3524 3992 κηρύγματος,

1931 4011 2149 4071 διώκτης
2186 4013 2286 4063 τῶν
2326 4005 2603 4061 καθολικῶν
2639 4006 2865 4078 ἐγένετο,
2897 4005 3065 4068 ἰδικῶς
3103 4009 3152 4061 ἐν
3189 4008 3356 4065 ἅπασι
3396 4015 3525 4070 κατά

1929 4105 2123 4160 Παύλου
2157 4108 2364 4176 φρονῶν,
2399 4098 2452 4161 ὃς
2494 4105 2585 4155 τοῦ
2618 4099 2907 4172 εὐαγγελίου
2937 4107 3027 4156 τοῦ
3074 4103 3276 4180 κυρίου,
3308 4101 3367 4156 οὗ
3410 4103 3525 4160 διώ-

1929 4221 2052 4259 κτης
2080 4196 2136 4256 ἦν
2164 4197 2432 4273 πρότερον,
2465 4191 2679 4269 ὕστερον
2712 4195 2902 4268 ἐγένετο
2941 4198 3123 4274 κῆρυξ;
3168 4197 3456 4271 κατελείφθη
3500 4200 3522 4252 ὁ

1929 4293 2121 4352 ἀσεϐής
2149 4289 2456 4348 διαλεκτικός
2478 4291 2626 4362 παρά
2657 4294 2747 4343 τοῦ
2774 4289 2905 4344 θείου
2932 4289 3242 4363 πνεὺματος,
3265 4292 3412 4347 ὁπότε
3442 4297 3524 4349 καί

1929 4388 2086 4440 αὑτοῦ
2125 4390 2214 4437 τοῦ
2253 4383 2383 4435 θείου
2423 4384 2716 4451 πνεύματος
2751 4383 3014 4456 ἐφρόνησεν
3045 4385 3260 4437 ἐναντία.
3291 4388 3520 4453 Δικαίως,

1932 4481 2012 4532 ἐὰν
2051 4478 2300 4548 ἐπιμείνῃ,
2333 4473 2612 4528 ἀκούσεται
2653 4473 2778 4549 παρ’
2799 4475 2937 4542 ήμῶν
2970 4477 3035 4529 τά
3071 4476 3274 4550 ῥήματα
3304 4481 3391 4530 τοῦ
3432 4488 3525 4531 Σα-

207 4572 333 4626 tunc
359 4570 436 4627 ab
461 4571 592 4640 ipso
620 4569 764 4625 dicta
790 4579 918 4626 sunt
945 4571 1236 4626 sacerdote
1270 4589 1280 4624 :
1317 4569 1539 4641 Spernat
1569 4578 1617 4624 te
1648 4569 1818 4624 Domi-

1934 4571 2130 4642 μουὴλ,
2163 4566 2294 4642 ἅπερ
2345 4565 2458 4619 τότε
2512 4572 2586 4635 τῷ
2634 4564 2790 4618 Σαοὺλ
2841 4565 2962 4644 παρ’
2983 4568 3156 4620 αὑτοῦ.
3186 4575 3275 4622 τοῦ
3329 4570 3520 4644 ἱερέως·

279 4799 306 4829 ι
349 4792 430 4847 Es
459 4791 661 4861 Graeco
691 4788 1032 4859 interpretari
1062 4791 1288 4861 liceret,
1318 4792 1371 4844 in
1402 4792 1680 4846 tentatione
1703 4807 1820 4861 pro-

213 4862 385 4918 batum
413 4880 434 4918 :
465 4860 618 4932 quod
646 4862 816 4931 magis
846 4861 912 4915 ad
941 4875 1052 4916 rem
1089 4862 1241 4916 facit.

280 4934 308 4974 δ
348 4934 518 5012 [inus
543 4948 572 5012 ς
599 4945 727 5012 mss.
757 4948 868 5000 reg.
903 4933 988 5012 hic
1019 4935 1166 5012 addit
1198 4940 1291 5012 τοῦ
1321 4936 1535 5012 ξὶυρίου..

281 5016 306 5045 ⁸
348 5003 519 5074 Apud
550 5002 708 5076 Lab.,
743 5002 1106 5076 comprehendi
1132 5022 1150 5058 :
1179 5007 1273 5058 etsi
1299 5002 1582 5076 Apostolus
1605 5004 1743 5057 dicat
1768 5003 1822 5056 id

215 5087 450 5144 apartere
482 5090 594 5128 esse
624 5075 775 5127 sicuti
804 5075 1052 5128 uidemus.
1081 5075 1383 5129 Retinenda
1410 5077 1573 5127 lectio
1597 5079 1822 5129 caetero-

211 5160 328 5201 rum
356 5146 639 5203 codzcum.
677 5144 916 5213 ReSpicit
945 5146 1272 5201 leestinus
1301 5147 1364 5199 ad
1400 5147 1528 5199 illud
1557 5147 1821 5215 Apostoli,

214 5219 353 5286 quod
379 5229 431 5272 et
462 5219 522 5270 in
545 5220 770 5285 epistola
803 5217 1067 5284 superiori
1098 5218 1162 5270 ad
1193 5216 1499 5272 Nestorium
1533 5235 1583 5269 n.
1616 5220 1648 5271 5
1677 5233 1822 5269 com-

214 5289 569 5359 memoravit,
616 5288 827 5355 Oportet
871 5289 1024 5341 etiam
1069 5288 1289 5343 haereses
1329 5304 1437 5343 esse
1467 5331 1480 5355 ,
1527 5299 1578 5342 ut
1625 5287 1825 5359 probati

215 5360 484 5430 manifesti
516 5358 664 5419 ﬁant.

199 5431 207 5490 ἶ
283 5429 312 5468 ει
355 5429 415 5485 In
469 5437 581 5482 uno
627 5445 658 5484 e
700 5441 809 5484 mss
854 5439 1003 5501 reg,
1055 5434 1137 5488 ml
1179 5431 1379 5497 κόπονς
1434 5429 1488 5486 in
1533 5430 1706 5487 altero
1746 5432 1829 5487 καὶ

217 5502 392 5559 τόπον.

292 5577 315 5612 ⁸
358 5572 534 5636 Add.,
563 5572 822 5626 amicitias.

295 5643 314 5681 ¹
355 5643 520 5719 MSS”
551 5645 945 5719 φιλανθρῳπίας.

291 5723 317 5764 s
359 5713 569 5770 Vocem
606 5713 806 5768 diabolo
853 5713 1000 5780 apud
1033 5713 1216 5769 Baluz.
1259 5723 1314 5769 ut
1361 5716 1412 5770 in
1451 5735 1579 5774 mss.
1615 5720 1700 5772 hic
1749 5725 1826 5772 ιιι

209 5797 372 5852 ,mere
418 5783 686 5848 adiectam
713 5800 835 5840 esse
864 5786 1090 5841 Grmcus
1122 5796 1302 5841 textus
1334 5791 1649 5855 persuadet.

2007 4787 2037 4826 ιι
2076 4787 2227 4844 Unus
2255 4799 2357 4841 ms.
2388 4799 2502 4857 reg.
2539 4783 2624 4841 hic
2654 4784 2801 4843 addit
2832 4793 2931 4844 καὶ,

2011 4859 2026 4897 ³
2073 4858 2206 4914 Lab.
2219 4900 2232 4922 ,
2264 4859 2500 4920 ἕκαστος.

2009 4934 2023 4982 t
2073 4928 2155 4984 Ex
2189 4928 2407 4983 Baluzio
2438 4938 2491 4983 et
2523 4939 2654 4984 mss.
2696 4929 2954 5000 particula
2984 4933 3029 4985 si
3055 4974 3078 5000 ,_
3118 4934 3169 4990 in
3209 4935 3329 4992 aliis
3369 4939 3524 4998 libris

1931 5003 2155 5063 omissa.
2205 5003 2492 5055 revocatur
2529 5018 2540 5054 :
2575 4997 2803 5070 ideoque
2832 5001 3018 5057 Grmce
3050 4997 3109 5059 ἀν
3139 5019 3258 5062 cum
3294 5027 3400 5065 uno
3431 4997 3525 5069 co?

1931 5075 2052 5130 dice
2084 5073 2255 5143 regio,
2289 5086 2393 5145 non
2421 5087 2540 5145 cum
2568 5073 2782 5127 caeteris
2808 5074 2946 5145 ἁ).λά
2965 5079 3325 5145 praeferimus.
3353 5084 3525 5140 Antea

1931 5147 2208 5226 proauita
2239 5149 2342 5226 est,
2368 5144 2422 5197 in
2450 5143 2642 5198 Graeco
2671 5151 2845 5198 exstat
2874 5143 3004 5200 nihil
3030 5157 3100 5201 cst
3127 5193 3142 5218 ,
3180 5153 3280 5208 hoc
3309 5165 3391 5211 est
3421 5171 3520 5226 pro

1933 5217 2105 5272 nihilo
2135 5225 2438 5285 reputatur.

2007 5287 2034 5360 '5
2075 5288 2228 5360 Leg.,
2261 5286 2536 5360 habuistis.

2014 5357 2032 5395 ι
2080 5356 2224 5413 Edit.
2259 5356 2420 5436 ﬁam.
2443 5363 2667 5436 Lsancto
2695 5357 2930 5436 ξρξνὶψ,
2965 5359 3084 5418 sine
3111 5367 3525 5436 praepositione.
3575 5412 3579 5422 .

1938 5430 2138 5505 (ἔπαθέ,
2169 5429 2414 5505 .αὲάὶιεὶῃο
2438 5429 2902 5505 δρὶνὶιιιερρὶηξόο
2938 5445 3062 5505 mox
3091 5429 3439 5505 dicta'editio,
3474 5443 3528 5496 in

1937 5503 2051 5579 ipso
2081 5499 2306 5579 Spiritu.
2347 5499 2564 5556 Rectius
2583 5500 2688 5579 alii
2720 5501 2876 5567 libri,
2926 5504 2979 5558 in
3027 5507 3197 5574 ipsum
3245 5499 3525 5579 Spiritum.

1969 5574 2019 5627 Ix
2047 5587 2153 5644 quo
2181 5581 2234 5650 et
2267 5572 2453 5628 Grmce
2482 5571 2791 5650 κατάὐτοῦ,
2822 5585 2926 5629 nOn
2953 5571 3216 5634 καὶάὐτοῦ
3245 5571 3527 5650 legendum

1941 5643 2400 5720 esse’conjectura
2433 5654 2516 5720 est
2547 5646 2888 5720 hocsensu:
2928 5660 3200 5720 postquam
3227 5653 3279 5706 in
3295 5643 3530 5714 'senten‘

1944 5717 2070 5771 tiam
2099 5715 2220 5769 abiit
2247 5716 2354 5773 iure
2384 5716 2538 5771 etiam
2568 5716 2738 5772 divino
2765 5715 2988 5775 Soiritui
3011 5715 3343 5783 contrariam.
