  <div class='ocr_page' id='page_1' title='image "/cluster/home/n/w/nwhite01/storage/ocr_20150623/50/uva.x000827094/257.png"; bbox 0 0 3982 6182; ppageno 0'>
   <div class='ocr_carea' id='block_1_1' title="bbox 424 216 531 281">
    <p class='ocr_par' dir='ltr' id='par_1_1' title="bbox 424 216 531 281">
     <span class='ocr_line' id='line_1_1' title="bbox 424 216 531 281; baseline -0.075 0"><span class='ocrx_word' id='word_1_1' title='bbox 424 216 531 281; x_wconf 62' lang='grc'><strong>803</strong></span> 
     </span>
    </p>
   </div>
   <div class='ocr_carea' id='block_1_2' title="bbox 1198 198 2929 269">
    <p class='ocr_par' dir='ltr' id='par_1_2' title="bbox 1198 198 2929 269">
     <span class='ocr_line' id='line_1_2' title="bbox 1198 198 2929 269; baseline -0.009 0"><span class='ocrx_word' id='word_1_2' title='bbox 1198 212 1258 269; x_wconf 92' lang='lat' dir='ltr'><strong>S.</strong></span> <span class='ocrx_word' id='word_1_3' title='bbox 1299 205 1701 268; x_wconf 80' lang='lat' dir='ltr'><strong>COELESTINI</strong></span> <span class='ocrx_word' id='word_1_4' title='bbox 1743 206 1761 262; x_wconf 89' lang='lat' dir='ltr'><strong>l</strong></span> <span class='ocrx_word' id='word_1_5' title='bbox 1802 200 2008 261; x_wconf 73' lang='grc' dir='ltr'><strong>ΡΑΡᾹΞ</strong></span> <span class='ocrx_word' id='word_1_6' title='bbox 2056 200 2418 261; x_wconf 65' lang='grc' dir='ltr'><strong>ΕΡΙδΤΟΙΛΕ</strong></span> <span class='ocrx_word' id='word_1_7' title='bbox 2461 198 2548 258; x_wconf 87' lang='lat' dir='ltr'><strong>ET</strong></span> <span class='ocrx_word' id='word_1_8' title='bbox 2592 200 2929 259; x_wconf 83' lang='lat' dir='ltr'><strong>DECRETA.</strong></span> 
     </span>
    </p>
   </div>
   <div class='ocr_carea' id='block_1_3' title="bbox 3617 200 3717 259">
    <p class='ocr_par' dir='ltr' id='par_1_3' title="bbox 3617 200 3717 259">
     <span class='ocr_line' id='line_1_3' title="bbox 3617 200 3717 259; baseline -0.01 0"><span class='ocrx_word' id='word_1_9' title='bbox 3617 200 3717 259; x_wconf 79' lang='grc' dir='ltr'><strong>ιοο</strong></span> 
     </span>
    </p>
   </div>
   <div class='ocr_carea' id='block_1_4' title="bbox 428 318 2040 405">
    <p class='ocr_par' dir='ltr' id='par_1_4' title="bbox 428 320 2018 405">
     <span class='ocr_line' id='line_1_4' title="bbox 428 320 2018 405; baseline -0.011 -13"><span class='ocrx_word' id='word_1_10' title='bbox 428 354 547 404; x_wconf 74' lang='lat' dir='ltr'><strong>nus,</strong></span> <span class='ocrx_word' id='word_1_11' title='bbox 581 350 646 390; x_wconf 72' lang='lat' dir='ltr'><strong>ne</strong></span> <span class='ocrx_word' id='word_1_12' title='bbox 676 348 856 405; x_wconf 77' lang='lat' dir='ltr'><strong>regnes</strong></span> <span class='ocrx_word' id='word_1_13' title='bbox 883 345 1036 401; x_wconf 83' lang='lat' dir='ltr'><strong>super</strong></span> <span class='ocrx_word' id='word_1_14' title='bbox 1062 326 1227 383; x_wconf 69' lang='lat' dir='ltr'><strong>israel</strong></span> <span class='ocrx_word' id='word_1_15' title='bbox 1261 326 1305 396; x_wconf 86' lang='grc' dir='ltr'>(ι</span> <span class='ocrx_word' id='word_1_16' title='bbox 1335 324 1465 393; x_wconf 77' lang='lat' dir='ltr'><strong>Reg.</strong></span> <span class='ocrx_word' id='word_1_17' title='bbox 1498 339 1588 390; x_wconf 85' lang='lat' dir='ltr'><strong>xv,</strong></span> <span class='ocrx_word' id='word_1_18' title='bbox 1617 320 1735 393; x_wconf 70' lang='grc'>25).</span> <span class='ocrx_word' id='word_1_19' title='bbox 1767 320 1827 377; x_wconf 92' lang='lat' dir='ltr'><strong>Si</strong></span> <span class='ocrx_word' id='word_1_20' title='bbox 1856 330 1881 358; x_wconf 72' lang='grc'>⁸</span> <span class='ocrx_word' id='word_1_21' title='bbox 1912 320 2018 376; x_wconf 92' lang='lat' dir='ltr'><strong>hoc</strong></span> 
     </span>
    </p>
   </div>
   <div class='ocr_carea' id='block_1_5' title="bbox 2150 318 3712 405">
    <p class='ocr_par' dir='ltr' id='par_1_5' title="bbox 2150 318 3712 396">
     <span class='ocr_line' id='line_1_5' title="bbox 2150 318 3712 396; baseline -0.002 -19"><span class='ocrx_word' id='word_1_22' title='bbox 2150 324 2460 386; x_wconf 78' lang='grc' dir='ltr'>Ξξουθενήσει</span> <span class='ocrx_word' id='word_1_23' title='bbox 2498 342 2556 376; x_wconf 92' lang='grc' dir='ltr'><strong>σε</strong></span> <span class='ocrx_word' id='word_1_24' title='bbox 2590 322 2790 396; x_wconf 71' lang='grc' dir='ltr'>Κύριος,</span> <span class='ocrx_word' id='word_1_25' title='bbox 2817 323 2900 374; x_wconf 84' lang='grc' dir='ltr'>’ἱνα</span> <span class='ocrx_word' id='word_1_26' title='bbox 2930 323 2999 390; x_wconf 74' lang='grc' dir='ltr'><strong>μή</strong></span> <span class='ocrx_word' id='word_1_27' title='bbox 3029 318 3346 395; x_wconf 75' lang='grc' dir='ltr'>βασιλεύσης</span> <span class='ocrx_word' id='word_1_28' title='bbox 3388 319 3477 375; x_wconf 81' lang='grc' dir='ltr'>ὲπί</span> <span class='ocrx_word' id='word_1_29' title='bbox 3499 318 3712 395; x_wconf 67' lang='grc' dir='ltr'>Ἰσραήλ.</span> 
     </span>
    </p>
   </div>
   <div class='ocr_carea' id='block_1_6' title="bbox 430 416 2021 494">
    <p class='ocr_par' dir='ltr' id='par_1_6' title="bbox 430 416 2021 494">
     <span class='ocr_line' id='line_1_6' title="bbox 430 416 2021 494; baseline -0.011 -9"><span class='ocrx_word' id='word_1_30' title='bbox 430 430 522 486; x_wconf 87' lang='lat' dir='ltr'><strong>ille</strong></span> <span class='ocrx_word' id='word_1_31' title='bbox 556 427 772 488; x_wconf 88' lang='lat' dir='ltr'><strong>meruit.</strong></span> <span class='ocrx_word' id='word_1_32' title='bbox 805 426 927 494; x_wconf 85' lang='lat' dir='ltr'><strong>quia</strong></span> <span class='ocrx_word' id='word_1_33' title='bbox 956 424 1129 480; x_wconf 92' lang='lat' dir='ltr'><strong>solum</strong></span> <span class='ocrx_word' id='word_1_34' title='bbox 1164 420 1215 474; x_wconf 95' lang='lat' dir='ltr'><strong>in</strong></span> <span class='ocrx_word' id='word_1_35' title='bbox 1244 418 1470 488; x_wconf 79' lang='lat' dir='ltr'><strong>agendis</strong></span> <span class='ocrx_word' id='word_1_36' title='bbox 1499 416 1661 471; x_wconf 87' lang='lat' dir='ltr'><strong>rebus</strong></span> <span class='ocrx_word' id='word_1_37' title='bbox 1693 456 1707 481; x_wconf 92' lang='lat'><strong>,</strong></span> <span class='ocrx_word' id='word_1_38' title='bbox 1756 416 1850 470; x_wconf 87' lang='lat' dir='ltr'><strong>Dei</strong></span> <span class='ocrx_word' id='word_1_39' title='bbox 1884 430 2021 483; x_wconf 61' lang='lat' dir='ltr'><strong>prae-</strong></span> 
     </span>
    </p>
   </div>
   <div class='ocr_carea' id='block_1_7' title="bbox 431 507 2028 589">
    <p class='ocr_par' dir='ltr' id='par_1_7' title="bbox 431 507 2028 589">
     <span class='ocr_line' id='line_1_7' title="bbox 431 507 2028 589; baseline -0.009 -12"><span class='ocrx_word' id='word_1_40' title='bbox 431 530 587 589; x_wconf 84' lang='lat' dir='ltr'><strong>cepta</strong></span> <span class='ocrx_word' id='word_1_41' title='bbox 613 516 934 587; x_wconf 87' lang='lat' dir='ltr'><strong>contempsit</strong></span> <span class='ocrx_word' id='word_1_42' title='bbox 961 534 975 580; x_wconf 93' lang='lat'><strong>;</strong></span> <span class='ocrx_word' id='word_1_43' title='bbox 1011 528 1130 585; x_wconf 80' lang='lat' dir='ltr'><strong>quae</strong></span> <span class='ocrx_word' id='word_1_44' title='bbox 1162 512 1287 565; x_wconf 85' lang='lat' dir='ltr'><strong>huic</strong></span> <span class='ocrx_word' id='word_1_45' title='bbox 1321 524 1479 580; x_wconf 66' lang='lat' dir='ltr'><strong>paena</strong></span> <span class='ocrx_word' id='word_1_46' title='bbox 1508 507 1819 573; x_wconf 76' lang='lat' dir='ltr'><strong>debebitur,</strong></span> <span class='ocrx_word' id='word_1_47' title='bbox 1852 507 1941 576; x_wconf 88' lang='lat' dir='ltr'><strong>qui</strong></span> <span class='ocrx_word' id='word_1_48' title='bbox 1970 522 2028 562; x_wconf 87' lang='lat' dir='ltr'><strong>se</strong></span> 
     </span>
    </p>
   </div>
   <div class='ocr_carea' id='block_1_8' title="bbox 430 599 2029 680">
    <p class='ocr_par' dir='ltr' id='par_1_8' title="bbox 430 599 2029 680">
     <span class='ocr_line' id='line_1_8' title="bbox 430 599 2029 680; baseline -0.01 -12"><span class='ocrx_word' id='word_1_49' title='bbox 430 613 488 670; x_wconf 87' lang='lat' dir='ltr'><strong>in</strong></span> <span class='ocrx_word' id='word_1_50' title='bbox 536 614 711 680; x_wconf 90' lang='lat' dir='ltr'><strong>ipsum</strong></span> <span class='ocrx_word' id='word_1_51' title='bbox 745 608 1025 662; x_wconf 88' lang='lat' dir='ltr'><strong>Dominum</strong></span> <span class='ocrx_word' id='word_1_52' title='bbox 1059 602 1363 673; x_wconf 89' lang='lat' dir='ltr'><strong>majestatis</strong></span> <span class='ocrx_word' id='word_1_53' title='bbox 1406 600 1623 656; x_wconf 82' lang='lat' dir='ltr'><strong>erexit?</strong></span> <span class='ocrx_word' id='word_1_54' title='bbox 1655 599 1855 654; x_wconf 90' lang='lat' dir='ltr'><strong>Curare</strong></span> <span class='ocrx_word' id='word_1_55' title='bbox 1883 613 2029 653; x_wconf 90' lang='lat' dir='ltr'><strong>nunc</strong></span> 
     </span>
    </p>
   </div>
   <div class='ocr_carea' id='block_1_9' title="bbox 431 690 2030 769">
    <p class='ocr_par' dir='ltr' id='par_1_9' title="bbox 431 690 2030 769">
     <span class='ocr_line' id='line_1_9' title="bbox 431 690 2030 769; baseline -0.008 -12"><span class='ocrx_word' id='word_1_56' title='bbox 431 714 673 757; x_wconf 88' lang='lat' dir='ltr'><strong>vestrum</strong></span> <span class='ocrx_word' id='word_1_57' title='bbox 699 709 783 755; x_wconf 84' lang='lat' dir='ltr'><strong>est</strong></span> <span class='ocrx_word' id='word_1_58' title='bbox 812 698 1193 769; x_wconf 81' lang='lat' dir='ltr'><strong>quodcumque</strong></span> <span class='ocrx_word' id='word_1_59' title='bbox 1221 696 1417 750; x_wconf 80' lang='lat' dir='ltr'><strong>vulnus</strong></span> <span class='ocrx_word' id='word_1_60' title='bbox 1448 692 1666 759; x_wconf 74' lang='lat' dir='ltr'><strong>inflixit,</strong></span> <span class='ocrx_word' id='word_1_61' title='bbox 1700 700 1757 748; x_wconf 88' lang='lat' dir='ltr'><strong>et</strong></span> <span class='ocrx_word' id='word_1_62' title='bbox 1784 690 1867 746; x_wconf 88' lang='lat' dir='ltr'><strong>his</strong></span> <span class='ocrx_word' id='word_1_63' title='bbox 1894 707 2030 761; x_wconf 67' lang='lat' dir='ltr'><strong>prte-</strong></span> 
     </span>
    </p>
   </div>
   <div class='ocr_carea' id='block_1_10' title="bbox 432 786 2025 862">
    <p class='ocr_par' dir='ltr' id='par_1_10' title="bbox 432 786 2025 862">
     <span class='ocr_line' id='line_1_10' title="bbox 432 786 2025 862; baseline -0.009 -11"><span class='ocrx_word' id='word_1_64' title='bbox 432 795 565 851; x_wconf 85' lang='lat' dir='ltr'><strong>bere</strong></span> <span class='ocrx_word' id='word_1_65' title='bbox 596 794 917 849; x_wconf 79' lang='lat' dir='ltr'><strong>medicinam</strong></span> <span class='ocrx_word' id='word_1_66' title='bbox 945 792 1037 862; x_wconf 92' lang='lat' dir='ltr'><strong>qui</strong></span> <span class='ocrx_word' id='word_1_67' title='bbox 1065 791 1184 859; x_wconf 91' lang='lat' dir='ltr'><strong>ejus</strong></span> <span class='ocrx_word' id='word_1_68' title='bbox 1231 787 1577 844; x_wconf 86' lang='lat' dir='ltr'><strong>sermonibus</strong></span> <span class='ocrx_word' id='word_1_69' title='bbox 1624 786 1848 840; x_wconf 89' lang='lat' dir='ltr'><strong>sauciati</strong></span> <span class='ocrx_word' id='word_1_70' title='bbox 1878 794 2025 840; x_wconf 85' lang='lat' dir='ltr'><strong>sunt.</strong></span> 
     </span>
    </p>
   </div>
   <div class='ocr_carea' id='block_1_11' title="bbox 433 878 2028 954">
    <p class='ocr_par' dir='ltr' id='par_1_11' title="bbox 433 878 2028 954">
     <span class='ocr_line' id='line_1_11' title="bbox 433 878 2028 954; baseline -0.007 -10"><span class='ocrx_word' id='word_1_71' title='bbox 433 889 632 945; x_wconf 84' lang='lat' dir='ltr'><strong>Firmis</strong></span> <span class='ocrx_word' id='word_1_72' title='bbox 664 890 717 942; x_wconf 93' lang='lat' dir='ltr'><strong>in</strong></span> <span class='ocrx_word' id='word_1_73' title='bbox 749 888 891 942; x_wconf 92' lang='lat' dir='ltr'><strong>hunc</strong></span> <span class='ocrx_word' id='word_1_74' title='bbox 916 895 1055 941; x_wconf 90' lang='lat' dir='ltr'><strong>state</strong></span> <span class='ocrx_word' id='word_1_75' title='bbox 1080 884 1322 954; x_wconf 80' lang='lat' dir='ltr'><strong>vestigiis</strong></span> <span class='ocrx_word' id='word_1_76' title='bbox 1344 928 1359 952; x_wconf 84' lang='lat'><strong>,</strong></span> <span class='ocrx_word' id='word_1_77' title='bbox 1392 896 1572 952; x_wconf 88' lang='lat' dir='ltr'><strong>quem,</strong></span> <span class='ocrx_word' id='word_1_78' title='bbox 1605 881 1745 934; x_wconf 85' lang='lat' dir='ltr'><strong>sicut</strong></span> <span class='ocrx_word' id='word_1_79' title='bbox 1769 878 1885 948; x_wconf 87' lang='lat' dir='ltr'><strong>ejus</strong></span> <span class='ocrx_word' id='word_1_80' title='bbox 1911 893 2028 933; x_wconf 88' lang='lat' dir='ltr'><strong>ser-</strong></span> 
     </span>
    </p>
   </div>
   <div class='ocr_carea' id='block_1_12' title="bbox 432 970 2029 1050">
    <p class='ocr_par' dir='ltr' id='par_1_12' title="bbox 432 970 2029 1050">
     <span class='ocr_line' id='line_1_12' title="bbox 432 970 2029 1050; baseline -0.008 -12"><span class='ocrx_word' id='word_1_81' title='bbox 432 998 526 1038; x_wconf 89' lang='lat' dir='ltr'><strong>mo</strong></span> <span class='ocrx_word' id='word_1_82' title='bbox 555 983 929 1049; x_wconf 85' lang='lat' dir='ltr'><strong>demonstrat,</strong></span> <span class='ocrx_word' id='word_1_83' title='bbox 960 980 1071 1050; x_wconf 85' lang='lat' dir='ltr'><strong>jam</strong></span> <span class='ocrx_word' id='word_1_84' title='bbox 1112 977 1378 1033; x_wconf 87' lang='lat' dir='ltr'><strong>cecidisse</strong></span> <span class='ocrx_word' id='word_1_85' title='bbox 1428 975 1730 1029; x_wconf 85' lang='lat' dir='ltr'><strong>videamus.</strong></span> <span class='ocrx_word' id='word_1_86' title='bbox 1761 970 2029 1041; x_wconf 86' lang='lat' dir='ltr'><strong>Quidquid</strong></span> 
     </span>
    </p>
   </div>
   <div class='ocr_carea' id='block_1_13' title="bbox 434 1064 2032 1138">
    <p class='ocr_par' dir='ltr' id='par_1_13' title="bbox 434 1064 2032 1138">
     <span class='ocr_line' id='line_1_13' title="bbox 434 1064 2032 1138; baseline -0.009 -8"><span class='ocrx_word' id='word_1_87' title='bbox 434 1076 493 1130; x_wconf 88' lang='lat' dir='ltr'><strong>in</strong></span> <span class='ocrx_word' id='word_1_88' title='bbox 519 1088 619 1129; x_wconf 89' lang='lat' dir='ltr'><strong>vos</strong></span> <span class='ocrx_word' id='word_1_89' title='bbox 646 1074 843 1136; x_wconf 88' lang='lat' dir='ltr'><strong>intulit,</strong></span> <span class='ocrx_word' id='word_1_90' title='bbox 878 1071 1016 1127; x_wconf 90' lang='lat' dir='ltr'><strong>ferte</strong></span> <span class='ocrx_word' id='word_1_91' title='bbox 1046 1069 1072 1107; x_wconf 70' lang='grc' dir='ltr'>δ</span> <span class='ocrx_word' id='word_1_92' title='bbox 1107 1068 1396 1138; x_wconf 85' lang='lat' dir='ltr'><strong>patienter.</strong></span> <span class='ocrx_word' id='word_1_93' title='bbox 1427 1064 1624 1120; x_wconf 83' lang='lat' dir='ltr'><strong>Indixit</strong></span> <span class='ocrx_word' id='word_1_94' title='bbox 1655 1064 1914 1133; x_wconf 84' lang='lat' dir='ltr'><strong>injurias,</strong></span> <span class='ocrx_word' id='word_1_95' title='bbox 1950 1065 2032 1116; x_wconf 85' lang='lat' dir='ltr'><strong>in-</strong></span> 
     </span>
    </p>
   </div>
   <div class='ocr_carea' id='block_1_14' title="bbox 437 1161 2032 1229">
    <p class='ocr_par' dir='ltr' id='par_1_14' title="bbox 437 1161 2032 1229">
     <span class='ocr_line' id='line_1_14' title="bbox 437 1161 2032 1229; baseline -0.009 -5"><span class='ocrx_word' id='word_1_96' title='bbox 437 1168 574 1224; x_wconf 80' lang='lat' dir='ltr'><strong>dixit</strong></span> <span class='ocrx_word' id='word_1_97' title='bbox 592 1166 816 1223; x_wconf 75' lang='lat' dir='ltr'><strong>exsilia?</strong></span> <span class='ocrx_word' id='word_1_98' title='bbox 843 1165 936 1219; x_wconf 91' lang='lat' dir='ltr'><strong>llle</strong></span> <span class='ocrx_word' id='word_1_99' title='bbox 958 1164 1011 1217; x_wconf 93' lang='lat' dir='ltr'><strong>in</strong></span> <span class='ocrx_word' id='word_1_100' title='bbox 1036 1163 1148 1217; x_wconf 90' lang='lat' dir='ltr'><strong>suis</strong></span> <span class='ocrx_word' id='word_1_101' title='bbox 1170 1161 1289 1215; x_wconf 65' lang='lat' dir='ltr'><strong>haec</strong></span> <span class='ocrx_word' id='word_1_102' title='bbox 1317 1173 1505 1229; x_wconf 91' lang='lat' dir='ltr'><strong>passus</strong></span> <span class='ocrx_word' id='word_1_103' title='bbox 1531 1167 1634 1223; x_wconf 88' lang='lat' dir='ltr'><strong>est,</strong></span> <span class='ocrx_word' id='word_1_104' title='bbox 1662 1172 1823 1227; x_wconf 90' lang='lat' dir='ltr'><strong>quem</strong></span> <span class='ocrx_word' id='word_1_105' title='bbox 1847 1170 2032 1211; x_wconf 79' lang='lat' dir='ltr'><strong>susce-</strong></span> 
     </span>
    </p>
   </div>
   <div class='ocr_carea' id='block_1_15' title="bbox 436 1249 2031 1331">
    <p class='ocr_par' dir='ltr' id='par_1_15' title="bbox 436 1249 2031 1331">
     <span class='ocr_line' id='line_1_15' title="bbox 436 1249 2031 1331; baseline -0.009 -15"><span class='ocrx_word' id='word_1_106' title='bbox 436 1262 584 1331; x_wconf 82' lang='lat' dir='ltr'><strong>pisse</strong></span> <span class='ocrx_word' id='word_1_107' title='bbox 612 1274 709 1329; x_wconf 90' lang='lat' dir='ltr'><strong>pro</strong></span> <span class='ocrx_word' id='word_1_108' title='bbox 740 1257 895 1313; x_wconf 90' lang='lat' dir='ltr'><strong>nobis</strong></span> <span class='ocrx_word' id='word_1_109' title='bbox 927 1255 1201 1310; x_wconf 85' lang='lat' dir='ltr'><strong>hominem</strong></span> <span class='ocrx_word' id='word_1_110' title='bbox 1229 1252 1505 1307; x_wconf 86' lang='lat' dir='ltr'><strong>diffitetur.</strong></span> <span class='ocrx_word' id='word_1_111' title='bbox 1541 1250 1697 1306; x_wconf 87' lang='lat' dir='ltr'><strong>Unde</strong></span> <span class='ocrx_word' id='word_1_112' title='bbox 1727 1249 1907 1304; x_wconf 91' lang='lat' dir='ltr'><strong>nullus</strong></span> <span class='ocrx_word' id='word_1_113' title='bbox 1937 1249 2031 1303; x_wconf 81' lang='lat' dir='ltr'><strong>de-</strong></span> 
     </span>
    </p>
   </div>
   <div class='ocr_carea' id='block_1_16' title="bbox 438 1342 2027 1421">
    <p class='ocr_par' dir='ltr' id='par_1_16' title="bbox 438 1342 2027 1421">
     <span class='ocr_line' id='line_1_16' title="bbox 438 1342 2027 1421; baseline -0.008 -14"><span class='ocrx_word' id='word_1_114' title='bbox 438 1352 568 1407; x_wconf 81' lang='lat' dir='ltr'><strong>ﬂeat</strong></span> <span class='ocrx_word' id='word_1_115' title='bbox 597 1350 858 1421; x_wconf 87' lang='lat' dir='ltr'><strong>quidquid</strong></span> <span class='ocrx_word' id='word_1_116' title='bbox 888 1350 941 1402; x_wconf 95' lang='lat' dir='ltr'><strong>in</strong></span> <span class='ocrx_word' id='word_1_117' title='bbox 970 1348 1184 1417; x_wconf 85' lang='lat' dir='ltr'><strong>aliquos</strong></span> <span class='ocrx_word' id='word_1_118' title='bbox 1212 1353 1449 1400; x_wconf 90' lang='lat' dir='ltr'><strong>vestrum</strong></span> <span class='ocrx_word' id='word_1_119' title='bbox 1480 1342 1661 1399; x_wconf 89' lang='lat' dir='ltr'><strong>facere</strong></span> <span class='ocrx_word' id='word_1_120' title='bbox 1684 1343 1902 1397; x_wconf 82' lang='lat' dir='ltr'><strong>molitus</strong></span> <span class='ocrx_word' id='word_1_121' title='bbox 1927 1351 2027 1396; x_wconf 91' lang='lat' dir='ltr'><strong>est.</strong></span> 
     </span>
    </p>
   </div>
   <div class='ocr_carea' id='block_1_17' title="bbox 512 1434 2033 1507">
    <p class='ocr_par' dir='ltr' id='par_1_17' title="bbox 512 1434 2033 1507">
     <span class='ocr_line' id='line_1_17' title="bbox 512 1434 2033 1507; baseline -0.005 -11"><span class='ocrx_word' id='word_1_122' title='bbox 512 1445 563 1496; x_wconf 91' lang='lat'><strong>7.</strong></span> <span class='ocrx_word' id='word_1_123' title='bbox 608 1441 893 1496; x_wconf 70' lang='lat' dir='ltr'><strong>Patientia:</strong></span> <span class='ocrx_word' id='word_1_124' title='bbox 943 1439 1097 1493; x_wconf 90' lang='lat' dir='ltr'><strong>vobis</strong></span> <span class='ocrx_word' id='word_1_125' title='bbox 1146 1446 1309 1507; x_wconf 88' lang='lat' dir='ltr'><strong>atque</strong></span> <span class='ocrx_word' id='word_1_126' title='bbox 1359 1438 1680 1491; x_wconf 66' lang='lat' dir='ltr'><strong>constantiae</strong></span> <span class='ocrx_word' id='word_1_127' title='bbox 1727 1434 1905 1489; x_wconf 87' lang='lat' dir='ltr'><strong>forma</strong></span> <span class='ocrx_word' id='word_1_128' title='bbox 1962 1436 2033 1489; x_wconf 85' lang='lat' dir='ltr'><strong>sit</strong></span> 
     </span>
    </p>
   </div>
   <div class='ocr_carea' id='block_1_18' title="bbox 438 1527 2030 1604">
    <p class='ocr_par' dir='ltr' id='par_1_18' title="bbox 438 1527 2030 1604">
     <span class='ocr_line' id='line_1_18' title="bbox 438 1527 2030 1604; baseline -0.007 -13"><span class='ocrx_word' id='word_1_129' title='bbox 438 1534 772 1604; x_wconf 88' lang='lat' dir='ltr'><strong>Stephanus,</strong></span> <span class='ocrx_word' id='word_1_130' title='bbox 805 1533 1009 1602; x_wconf 89' lang='lat' dir='ltr'><strong>primus</strong></span> <span class='ocrx_word' id='word_1_131' title='bbox 1038 1530 1240 1585; x_wconf 89' lang='lat' dir='ltr'><strong>Christi</strong></span> <span class='ocrx_word' id='word_1_132' title='bbox 1271 1531 1423 1584; x_wconf 92' lang='lat' dir='ltr'><strong>testis</strong></span> <span class='ocrx_word' id='word_1_133' title='bbox 1452 1529 1712 1583; x_wconf 78' lang='lat' dir='ltr'><strong>existens.</strong></span> <span class='ocrx_word' id='word_1_134' title='bbox 1766 1527 1927 1582; x_wconf 84' lang='lat' dir='ltr'><strong>Plebs</strong></span> <span class='ocrx_word' id='word_1_135' title='bbox 1977 1527 2030 1580; x_wconf 91' lang='lat' dir='ltr'><strong>in</strong></span> 
     </span>
    </p>
   </div>
   <div class='ocr_carea' id='block_1_19' title="bbox 440 1622 2029 1697">
    <p class='ocr_par' dir='ltr' id='par_1_19' title="bbox 440 1622 2029 1697">
     <span class='ocr_line' id='line_1_19' title="bbox 440 1622 2029 1697; baseline -0.006 -14"><span class='ocrx_word' id='word_1_136' title='bbox 440 1629 585 1683; x_wconf 81' lang='lat' dir='ltr'><strong>hunc</strong></span> <span class='ocrx_word' id='word_1_137' title='bbox 617 1626 994 1697; x_wconf 65' lang='lat' dir='ltr'><strong>predicantem</strong></span> <span class='ocrx_word' id='word_1_138' title='bbox 1041 1623 1257 1678; x_wconf 88' lang='lat' dir='ltr'><strong>striduit</strong></span> <span class='ocrx_word' id='word_1_139' title='bbox 1300 1622 1670 1693; x_wconf 85' lang='lat' dir='ltr'><strong>perfidorum;</strong></span> <span class='ocrx_word' id='word_1_140' title='bbox 1718 1637 1817 1676; x_wconf 92' lang='lat' dir='ltr'><strong>nec</strong></span> <span class='ocrx_word' id='word_1_141' title='bbox 1850 1631 2029 1675; x_wconf 91' lang='lat' dir='ltr'><strong>tamen</strong></span> 
     </span>
    </p>
   </div>
   <div class='ocr_carea' id='block_1_20' title="bbox 440 1714 2034 1785">
    <p class='ocr_par' dir='ltr' id='par_1_20' title="bbox 440 1714 2034 1785">
     <span class='ocr_line' id='line_1_20' title="bbox 440 1714 2034 1785; baseline -0.005 -10"><span class='ocrx_word' id='word_1_142' title='bbox 440 1720 671 1775; x_wconf 91' lang='lat' dir='ltr'><strong>idoneus</strong></span> <span class='ocrx_word' id='word_1_143' title='bbox 707 1716 908 1773; x_wconf 83' lang='lat' dir='ltr'><strong>Christi</strong></span> <span class='ocrx_word' id='word_1_144' title='bbox 952 1731 1135 1771; x_wconf 87' lang='lat' dir='ltr'><strong>comes</strong></span> <span class='ocrx_word' id='word_1_145' title='bbox 1165 1716 1332 1771; x_wconf 89' lang='lat' dir='ltr'><strong>tacuit</strong></span> <span class='ocrx_word' id='word_1_146' title='bbox 1362 1715 1507 1785; x_wconf 90' lang='lat' dir='ltr'><strong>quod</strong></span> <span class='ocrx_word' id='word_1_147' title='bbox 1550 1714 1788 1769; x_wconf 85' lang='lat' dir='ltr'><strong>videbat.</strong></span> <span class='ocrx_word' id='word_1_148' title='bbox 1840 1714 2034 1767; x_wconf 86' lang='lat' dir='ltr'><strong>Excla-</strong></span> 
     </span>
    </p>
   </div>
   <div class='ocr_carea' id='block_1_21' title="bbox 441 1804 2037 1877">
    <p class='ocr_par' dir='ltr' id='par_1_21' title="bbox 441 1804 2037 1877">
     <span class='ocr_line' id='line_1_21' title="bbox 441 1804 2037 1877; baseline -0.005 -12"><span class='ocrx_word' id='word_1_149' title='bbox 441 1809 627 1865; x_wconf 85' lang='lat' dir='ltr'><strong>mabat</strong></span> <span class='ocrx_word' id='word_1_150' title='bbox 654 1809 793 1863; x_wconf 90' lang='lat' dir='ltr'><strong>inter</strong></span> <span class='ocrx_word' id='word_1_151' title='bbox 824 1808 1066 1861; x_wconf 88' lang='lat' dir='ltr'><strong>furentes</strong></span> <span class='ocrx_word' id='word_1_152' title='bbox 1094 1806 1243 1877; x_wconf 84' lang='lat' dir='ltr'><strong>(Act.</strong></span> <span class='ocrx_word' id='word_1_153' title='bbox 1274 1821 1373 1871; x_wconf 84' lang='lat' dir='ltr'><strong>vn,</strong></span> <span class='ocrx_word' id='word_1_154' title='bbox 1410 1804 1504 1875; x_wconf 72' lang='grc'><strong>55)</strong></span> <span class='ocrx_word' id='word_1_155' title='bbox 1524 1846 1537 1869; x_wconf 87' lang='grc'><strong>,</strong></span> <span class='ocrx_word' id='word_1_156' title='bbox 1582 1806 1725 1860; x_wconf 87' lang='lat' dir='ltr'><strong>inter</strong></span> <span class='ocrx_word' id='word_1_157' title='bbox 1758 1804 2037 1874; x_wconf 79' lang='lat' dir='ltr'><strong>religionis</strong></span> 
     </span>
    </p>
   </div>
   <div class='ocr_carea' id='block_1_22' title="bbox 442 1900 2037 1971">
    <p class='ocr_par' dir='ltr' id='par_1_22' title="bbox 442 1900 2037 1971">
     <span class='ocr_line' id='line_1_22' title="bbox 442 1900 2037 1971; baseline -0.003 -12"><span class='ocrx_word' id='word_1_158' title='bbox 442 1904 715 1971; x_wconf 88' lang='lat' dir='ltr'><strong>inimicos,</strong></span> <span class='ocrx_word' id='word_1_159' title='bbox 748 1902 932 1958; x_wconf 89' lang='lat' dir='ltr'><strong>videre</strong></span> <span class='ocrx_word' id='word_1_160' title='bbox 959 1916 1019 1957; x_wconf 88' lang='lat' dir='ltr'><strong>se</strong></span> <span class='ocrx_word' id='word_1_161' title='bbox 1043 1912 1260 1971; x_wconf 90' lang='lat' dir='ltr'><strong>apertos</strong></span> <span class='ocrx_word' id='word_1_162' title='bbox 1283 1902 1476 1965; x_wconf 55' lang='lat' dir='ltr'><strong>caelos.</strong></span> <span class='ocrx_word' id='word_1_163' title='bbox 1504 1911 1557 1955; x_wconf 90' lang='lat' dir='ltr'><strong>et</strong></span> <span class='ocrx_word' id='word_1_164' title='bbox 1581 1900 1779 1955; x_wconf 90' lang='lat' dir='ltr'><strong>Filium</strong></span> <span class='ocrx_word' id='word_1_165' title='bbox 1804 1901 2037 1955; x_wconf 87' lang='lat' dir='ltr'><strong>hominis</strong></span> 
     </span>
    </p>
   </div>
   <div class='ocr_carea' id='block_1_23' title="bbox 440 1992 2033 2070">
    <p class='ocr_par' dir='ltr' id='par_1_23' title="bbox 440 1992 2033 2070">
     <span class='ocr_line' id='line_1_23' title="bbox 440 1992 2033 2070; baseline -0.005 -16"><span class='ocrx_word' id='word_1_166' title='bbox 440 2007 666 2070; x_wconf 87' lang='lat' dir='ltr'><strong>propter</strong></span> <span class='ocrx_word' id='word_1_167' title='bbox 688 2013 845 2067; x_wconf 91' lang='lat' dir='ltr'><strong>quem</strong></span> <span class='ocrx_word' id='word_1_168' title='bbox 870 1996 994 2051; x_wconf 89' lang='lat' dir='ltr'><strong>talia</strong></span> <span class='ocrx_word' id='word_1_169' title='bbox 1026 2003 1323 2066; x_wconf 89' lang='lat' dir='ltr'><strong>pateretur,</strong></span> <span class='ocrx_word' id='word_1_170' title='bbox 1348 2005 1493 2049; x_wconf 90' lang='lat' dir='ltr'><strong>stare</strong></span> <span class='ocrx_word' id='word_1_171' title='bbox 1515 1992 1582 2047; x_wconf 84' lang='lat' dir='ltr'><strong>ad</strong></span> <span class='ocrx_word' id='word_1_172' title='bbox 1605 1994 1891 2049; x_wconf 84' lang='lat' dir='ltr'><strong>dexteram</strong></span> <span class='ocrx_word' id='word_1_173' title='bbox 1921 1994 2033 2048; x_wconf 90' lang='lat' dir='ltr'><strong>Dei.</strong></span> 
     </span>
    </p>
   </div>
   <div class='ocr_carea' id='block_1_24' title="bbox 442 2089 2039 2163">
    <p class='ocr_par' dir='ltr' id='par_1_24' title="bbox 442 2089 2039 2163">
     <span class='ocr_line' id='line_1_24' title="bbox 442 2089 2039 2163; baseline -0.004 -15"><span class='ocrx_word' id='word_1_174' title='bbox 442 2094 688 2163; x_wconf 90' lang='lat' dir='ltr'><strong>Longum</strong></span> <span class='ocrx_word' id='word_1_175' title='bbox 728 2100 811 2148; x_wconf 85' lang='lat' dir='ltr'><strong>est</strong></span> <span class='ocrx_word' id='word_1_176' title='bbox 848 2092 927 2146; x_wconf 90' lang='lat' dir='ltr'><strong>ire</strong></span> <span class='ocrx_word' id='word_1_177' title='bbox 971 2104 1069 2160; x_wconf 92' lang='lat' dir='ltr'><strong>per</strong></span> <span class='ocrx_word' id='word_1_178' title='bbox 1106 2090 1386 2159; x_wconf 88' lang='lat' dir='ltr'><strong>singulos,</strong></span> <span class='ocrx_word' id='word_1_179' title='bbox 1430 2090 1519 2157; x_wconf 92' lang='lat' dir='ltr'><strong>qui</strong></span> <span class='ocrx_word' id='word_1_180' title='bbox 1558 2089 1719 2142; x_wconf 90' lang='lat' dir='ltr'><strong>vitam</strong></span> <span class='ocrx_word' id='word_1_181' title='bbox 1750 2090 1833 2141; x_wconf 89' lang='lat' dir='ltr'><strong>vel</strong></span> <span class='ocrx_word' id='word_1_182' title='bbox 1864 2098 2039 2143; x_wconf 89' lang='lat' dir='ltr'><strong>morte</strong></span> 
     </span>
    </p>
   </div>
   <div class='ocr_carea' id='block_1_25' title="bbox 443 2179 2041 2249">
    <p class='ocr_par' dir='ltr' id='par_1_25' title="bbox 443 2179 2041 2249">
     <span class='ocr_line' id='line_1_25' title="bbox 443 2179 2041 2249; baseline -0.004 -9"><span class='ocrx_word' id='word_1_183' title='bbox 443 2186 531 2240; x_wconf 90' lang='lat' dir='ltr'><strong>vel</strong></span> <span class='ocrx_word' id='word_1_184' title='bbox 561 2184 908 2240; x_wconf 81' lang='lat' dir='ltr'><strong>confessione</strong></span> <span class='ocrx_word' id='word_1_185' title='bbox 930 2182 1150 2237; x_wconf 86' lang='lat' dir='ltr'><strong>mercati</strong></span> <span class='ocrx_word' id='word_1_186' title='bbox 1176 2188 1321 2234; x_wconf 92' lang='lat' dir='ltr'><strong>sunt.</strong></span> <span class='ocrx_word' id='word_1_187' title='bbox 1351 2179 1572 2233; x_wconf 81' lang='lat' dir='ltr'><strong>Habetis</strong></span> <span class='ocrx_word' id='word_1_188' title='bbox 1595 2193 1690 2233; x_wconf 92' lang='lat' dir='ltr'><strong>vos</strong></span> <span class='ocrx_word' id='word_1_189' title='bbox 1712 2180 2041 2249; x_wconf 89' lang='lat' dir='ltr'><strong>quicumque</strong></span> 
     </span>
    </p>
   </div>
   <div class='ocr_carea' id='block_1_26' title="bbox 445 2270 2038 2343">
    <p class='ocr_par' dir='ltr' id='par_1_26' title="bbox 445 2270 2038 2343">
     <span class='ocr_line' id='line_1_26' title="bbox 445 2270 2038 2343; baseline -0.004 -11"><span class='ocrx_word' id='word_1_190' title='bbox 445 2276 679 2332; x_wconf 78' lang='lat' dir='ltr'><strong>ecclesia</strong></span> <span class='ocrx_word' id='word_1_191' title='bbox 694 2277 825 2331; x_wconf 85' lang='lat' dir='ltr'><strong>estis</strong></span> <span class='ocrx_word' id='word_1_192' title='bbox 843 2273 1023 2343; x_wconf 89' lang='lat' dir='ltr'><strong>ejecti,</strong></span> <span class='ocrx_word' id='word_1_193' title='bbox 1055 2287 1191 2342; x_wconf 87' lang='lat' dir='ltr'><strong>pene</strong></span> <span class='ocrx_word' id='word_1_194' title='bbox 1209 2280 1517 2325; x_wconf 87' lang='lat' dir='ltr'><strong>nostrorum</strong></span> <span class='ocrx_word' id='word_1_195' title='bbox 1545 2278 1846 2338; x_wconf 86' lang='lat' dir='ltr'><strong>temporum</strong></span> <span class='ocrx_word' id='word_1_196' title='bbox 1868 2270 2038 2325; x_wconf 66' lang='lat' dir='ltr'><strong>beatae</strong></span> 
     </span>
    </p>
   </div>
   <div class='ocr_carea' id='block_1_27' title="bbox 445 2362 2041 2433">
    <p class='ocr_par' dir='ltr' id='par_1_27' title="bbox 445 2362 2041 2433">
     <span class='ocr_line' id='line_1_27' title="bbox 445 2362 2041 2433; baseline -0.004 -10"><span class='ocrx_word' id='word_1_197' title='bbox 445 2367 842 2423; x_wconf 87' lang='lat' dir='ltr'><strong>recordationis</strong></span> <span class='ocrx_word' id='word_1_198' title='bbox 879 2364 1158 2419; x_wconf 82' lang='lat' dir='ltr'><strong>Athanasii</strong></span> <span class='ocrx_word' id='word_1_199' title='bbox 1208 2363 1593 2418; x_wconf 66' lang='lat' dir='ltr'><strong>Alexandrinae</strong></span> <span class='ocrx_word' id='word_1_200' title='bbox 1625 2362 1884 2417; x_wconf 75' lang='lat' dir='ltr'><strong>Ecclesia:</strong></span> <span class='ocrx_word' id='word_1_201' title='bbox 1914 2379 2041 2433; x_wconf 87' lang='lat' dir='ltr'><strong>pru-</strong></span> 
     </span>
    </p>
   </div>
   <div class='ocr_carea' id='block_1_28' title="bbox 446 2454 2038 2521">
    <p class='ocr_par' dir='ltr' id='par_1_28' title="bbox 446 2454 2038 2521">
     <span class='ocr_line' id='line_1_28' title="bbox 446 2454 2038 2521; baseline -0.004 -6"><span class='ocrx_word' id='word_1_202' title='bbox 446 2458 752 2515; x_wconf 89' lang='lat' dir='ltr'><strong>dentissimi</strong></span> <span class='ocrx_word' id='word_1_203' title='bbox 776 2457 1070 2511; x_wconf 86' lang='lat' dir='ltr'><strong>sacerdotis</strong></span> <span class='ocrx_word' id='word_1_204' title='bbox 1088 2456 1415 2521; x_wconf 84' lang='lat' dir='ltr'><strong>exemplum.</strong></span> <span class='ocrx_word' id='word_1_205' title='bbox 1432 2454 1531 2509; x_wconf 79' lang='lat' dir='ltr'><strong>Cui</strong></span> <span class='ocrx_word' id='word_1_206' title='bbox 1556 2470 1660 2508; x_wconf 90' lang='lat' dir='ltr'><strong>non</strong></span> <span class='ocrx_word' id='word_1_207' title='bbox 1679 2456 2038 2510; x_wconf 90' lang='lat' dir='ltr'><strong>consolationi</strong></span> 
     </span>
    </p>
   </div>
   <div class='ocr_carea' id='block_1_29' title="bbox 446 2547 2040 2615">
    <p class='ocr_par' dir='ltr' id='par_1_29' title="bbox 446 2547 2040 2615">
     <span class='ocr_line' id='line_1_29' title="bbox 446 2547 2040 2615; baseline -0.005 -7"><span class='ocrx_word' id='word_1_208' title='bbox 446 2552 520 2608; x_wconf 88' lang='lat' dir='ltr'><strong>sit</strong></span> <span class='ocrx_word' id='word_1_209' title='bbox 548 2550 693 2605; x_wconf 89' lang='lat' dir='ltr'><strong>illius</strong></span> <span class='ocrx_word' id='word_1_210' title='bbox 724 2547 1045 2603; x_wconf 83' lang='lat' dir='ltr'><strong>tolerantia?</strong></span> <span class='ocrx_word' id='word_1_211' title='bbox 1084 2548 1169 2602; x_wconf 92' lang='lat' dir='ltr'><strong>cui</strong></span> <span class='ocrx_word' id='word_1_212' title='bbox 1217 2562 1324 2601; x_wconf 93' lang='lat' dir='ltr'><strong>non</strong></span> <span class='ocrx_word' id='word_1_213' title='bbox 1356 2548 1427 2602; x_wconf 91' lang='lat' dir='ltr'><strong>sit</strong></span> <span class='ocrx_word' id='word_1_214' title='bbox 1458 2549 1707 2615; x_wconf 89' lang='lat' dir='ltr'><strong>exemplo</strong></span> <span class='ocrx_word' id='word_1_215' title='bbox 1751 2547 1899 2602; x_wconf 89' lang='lat' dir='ltr'><strong>illius</strong></span> <span class='ocrx_word' id='word_1_216' title='bbox 1932 2547 2040 2601; x_wconf 90' lang='lat' dir='ltr'><strong>for-</strong></span> 
     </span>
    </p>
   </div>
   <div class='ocr_carea' id='block_1_30' title="bbox 450 2636 2042 2710">
    <p class='ocr_par' dir='ltr' id='par_1_30' title="bbox 450 2636 2042 2710">
     <span class='ocr_line' id='line_1_30' title="bbox 450 2636 2042 2710; baseline -0.004 -9"><span class='ocrx_word' id='word_1_217' title='bbox 450 2643 668 2701; x_wconf 83' lang='lat' dir='ltr'><strong>titudo?</strong></span> <span class='ocrx_word' id='word_1_218' title='bbox 695 2642 781 2697; x_wconf 92' lang='lat' dir='ltr'><strong>cui</strong></span> <span class='ocrx_word' id='word_1_219' title='bbox 811 2656 919 2695; x_wconf 89' lang='lat' dir='ltr'><strong>non</strong></span> <span class='ocrx_word' id='word_1_220' title='bbox 950 2655 1103 2709; x_wconf 79' lang='lat' dir='ltr'><strong>Spem</strong></span> <span class='ocrx_word' id='word_1_221' title='bbox 1133 2638 1290 2693; x_wconf 90' lang='lat' dir='ltr'><strong>faciat</strong></span> <span class='ocrx_word' id='word_1_222' title='bbox 1318 2640 1436 2710; x_wconf 86' lang='lat' dir='ltr'><strong>ejus</strong></span> <span class='ocrx_word' id='word_1_223' title='bbox 1460 2636 1487 2676; x_wconf 77' lang='grc' dir='ltr'><strong>(ι</strong></span> <span class='ocrx_word' id='word_1_224' title='bbox 1514 2649 1829 2709; x_wconf 79' lang='lat' dir='ltr'><strong>exspectata</strong></span> <span class='ocrx_word' id='word_1_225' title='bbox 1857 2655 2042 2695; x_wconf 81' lang='lat' dir='ltr'><strong>rever-</strong></span> 
     </span>
    </p>
   </div>
   <div class='ocr_carea' id='block_1_31' title="bbox 449 2731 2041 2807">
    <p class='ocr_par' dir='ltr' id='par_1_31' title="bbox 449 2731 2041 2807">
     <span class='ocr_line' id='line_1_31' title="bbox 449 2731 2041 2807; baseline -0.005 -12"><span class='ocrx_word' id='word_1_226' title='bbox 449 2739 567 2795; x_wconf 80' lang='lat' dir='ltr'><strong>sio?</strong></span> <span class='ocrx_word' id='word_1_227' title='bbox 598 2737 827 2807; x_wconf 88' lang='lat' dir='ltr'><strong>Ejicitur</strong></span> <span class='ocrx_word' id='word_1_228' title='bbox 850 2733 979 2789; x_wconf 87' lang='lat' dir='ltr'><strong>Ario</strong></span> <span class='ocrx_word' id='word_1_229' title='bbox 1012 2740 1372 2803; x_wconf 90' lang='lat' dir='ltr'><strong>persequente</strong></span> <span class='ocrx_word' id='word_1_230' title='bbox 1396 2771 1413 2799; x_wconf 92' lang='lat'><strong>,</strong></span> <span class='ocrx_word' id='word_1_231' title='bbox 1452 2731 1547 2787; x_wconf 92' lang='lat' dir='ltr'><strong>sed</strong></span> <span class='ocrx_word' id='word_1_232' title='bbox 1574 2732 1909 2788; x_wconf 84' lang='lat' dir='ltr'><strong>revocandus</strong></span> <span class='ocrx_word' id='word_1_233' title='bbox 1934 2732 2041 2788; x_wconf 91' lang='lat' dir='ltr'><strong>Do-</strong></span> 
     </span>
    </p>
   </div>
   <div class='ocr_carea' id='block_1_32' title="bbox 451 2826 2040 2899">
    <p class='ocr_par' dir='ltr' id='par_1_32' title="bbox 451 2826 2040 2899">
     <span class='ocr_line' id='line_1_32' title="bbox 451 2826 2040 2899; baseline -0.004 -12"><span class='ocrx_word' id='word_1_234' title='bbox 451 2831 601 2888; x_wconf 88' lang='lat' dir='ltr'><strong>mino</strong></span> <span class='ocrx_word' id='word_1_235' title='bbox 649 2836 1029 2899; x_wconf 88' lang='lat' dir='ltr'><strong>prosequente.</strong></span> <span class='ocrx_word' id='word_1_236' title='bbox 1083 2826 1285 2880; x_wconf 82' lang='lat' dir='ltr'><strong>Passus</strong></span> <span class='ocrx_word' id='word_1_237' title='bbox 1312 2833 1398 2880; x_wconf 89' lang='lat' dir='ltr'><strong>est</strong></span> <span class='ocrx_word' id='word_1_238' title='bbox 1429 2834 1452 2862; x_wconf 77' lang='grc' dir='ltr'>θ</span> <span class='ocrx_word' id='word_1_239' title='bbox 1485 2840 1761 2880; x_wconf 91' lang='lat' dir='ltr'><strong>carcerem</strong></span> <span class='ocrx_word' id='word_1_240' title='bbox 1784 2866 1799 2889; x_wconf 94' lang='lat'><strong>,</strong></span> <span class='ocrx_word' id='word_1_241' title='bbox 1849 2840 2040 2895; x_wconf 86' lang='lat' dir='ltr'><strong>passus</strong></span> 
     </span>
    </p>
   </div>
   <div class='ocr_carea' id='block_1_33' title="bbox 450 2918 2041 2995">
    <p class='ocr_par' dir='ltr' id='par_1_33' title="bbox 450 2918 2041 2995">
     <span class='ocr_line' id='line_1_33' title="bbox 450 2918 2041 2995; baseline -0.003 -16"><span class='ocrx_word' id='word_1_242' title='bbox 450 2924 756 2995; x_wconf 74' lang='lat' dir='ltr'><strong>angustias;</strong></span> <span class='ocrx_word' id='word_1_243' title='bbox 789 2935 889 2977; x_wconf 89' lang='lat' dir='ltr'><strong>nec</strong></span> <span class='ocrx_word' id='word_1_244' title='bbox 916 2920 1110 2975; x_wconf 91' lang='lat' dir='ltr'><strong>mirum</strong></span> <span class='ocrx_word' id='word_1_245' title='bbox 1132 2964 1147 2988; x_wconf 91' lang='lat'><strong>,</strong></span> <span class='ocrx_word' id='word_1_246' title='bbox 1182 2918 1229 2974; x_wconf 90' lang='lat' dir='ltr'><strong>si</strong></span> <span class='ocrx_word' id='word_1_247' title='bbox 1259 2922 1339 2972; x_wconf 91' lang='lat' dir='ltr'><strong>vir</strong></span> <span class='ocrx_word' id='word_1_248' title='bbox 1390 2919 1722 2988; x_wconf 90' lang='lat' dir='ltr'><strong>apostolicus</strong></span> <span class='ocrx_word' id='word_1_249' title='bbox 1751 2934 1814 2974; x_wconf 88' lang='lat' dir='ltr'><strong>ea</strong></span> <span class='ocrx_word' id='word_1_250' title='bbox 1848 2934 2041 2989; x_wconf 83' lang='lat' dir='ltr'><strong>passus</strong></span> 
     </span>
    </p>
   </div>
   <div class='ocr_carea' id='block_1_34' title="bbox 452 3012 2038 3089">
    <p class='ocr_par' dir='ltr' id='par_1_34' title="bbox 452 3012 2038 3089">
     <span class='ocr_line' id='line_1_34' title="bbox 452 3012 2038 3089; baseline -0.004 -14"><span class='ocrx_word' id='word_1_251' title='bbox 452 3030 535 3075; x_wconf 90' lang='lat' dir='ltr'><strong>est</strong></span> <span class='ocrx_word' id='word_1_252' title='bbox 564 3018 759 3089; x_wconf 88' lang='lat' dir='ltr'><strong>quibus</strong></span> <span class='ocrx_word' id='word_1_253' title='bbox 796 3031 858 3070; x_wconf 87' lang='lat' dir='ltr'><strong>se</strong></span> <span class='ocrx_word' id='word_1_254' title='bbox 899 3015 1192 3085; x_wconf 81' lang='lat' dir='ltr'><strong>Apostolus</strong></span> <span class='ocrx_word' id='word_1_255' title='bbox 1224 3012 1300 3084; x_wconf 90' lang='lat' dir='ltr'><strong>(ll</strong></span> <span class='ocrx_word' id='word_1_256' title='bbox 1327 3013 1446 3075; x_wconf 85' lang='lat' dir='ltr'><strong>Cor.</strong></span> <span class='ocrx_word' id='word_1_257' title='bbox 1475 3012 1561 3081; x_wconf 82' lang='lat' dir='ltr'><strong>xi)</strong></span> <span class='ocrx_word' id='word_1_258' title='bbox 1586 3012 1851 3083; x_wconf 76' lang='lat' dir='ltr'><strong>gloriatur</strong></span> <span class='ocrx_word' id='word_1_259' title='bbox 1877 3029 2038 3070; x_wconf 87' lang='lat' dir='ltr'><strong>exer-</strong></span> 
     </span>
    </p>
   </div>
   <div class='ocr_carea' id='block_1_35' title="bbox 2129 413 3715 492">
    <p class='ocr_par' dir='ltr' id='par_1_35' title="bbox 2129 413 3715 492">
     <span class='ocr_line' id='line_1_35' title="bbox 2129 413 3715 492; baseline -0.002 -19"><span class='ocrx_word' id='word_1_260' title='bbox 2129 420 2186 473; x_wconf 84' lang='grc' dir='ltr'><strong>Εἰ</strong></span> <span class='ocrx_word' id='word_1_261' title='bbox 2211 421 2402 477; x_wconf 84' lang='grc' dir='ltr'>ἐκεῖνος</span> <span class='ocrx_word' id='word_1_262' title='bbox 2434 416 2573 481; x_wconf 72' lang='grc' dir='ltr'>ἄξιος</span> <span class='ocrx_word' id='word_1_263' title='bbox 2603 417 2801 489; x_wconf 79' lang='grc' dir='ltr'>γέγονεν</span> <span class='ocrx_word' id='word_1_264' title='bbox 2823 457 2836 481; x_wconf 90' lang='grc'><strong>,</strong></span> <span class='ocrx_word' id='word_1_265' title='bbox 2874 413 2951 470; x_wconf 85' lang='grc' dir='ltr'>ὅτι</span> <span class='ocrx_word' id='word_1_266' title='bbox 2982 416 3127 487; x_wconf 89' lang='grc' dir='ltr'>μόνον</span> <span class='ocrx_word' id='word_1_267' title='bbox 3160 418 3207 469; x_wconf 83' lang='grc' dir='ltr'>ἐν</span> <span class='ocrx_word' id='word_1_268' title='bbox 3244 417 3550 492; x_wconf 77' lang='grc' dir='ltr'><strong>πράγμασιν</strong></span> <span class='ocrx_word' id='word_1_269' title='bbox 3597 415 3715 490; x_wconf 81' lang='grc' dir='ltr'>ἅπερ</span> 
     </span>
    </p>
   </div>
   <div class='ocr_carea' id='block_1_36' title="bbox 2131 509 3718 587">
    <p class='ocr_par' dir='ltr' id='par_1_36' title="bbox 2131 509 3718 587">
     <span class='ocr_line' id='line_1_36' title="bbox 2131 509 3718 587; baseline -0.001 -20"><span class='ocrx_word' id='word_1_270' title='bbox 2131 510 2378 586; x_wconf 76' lang='grc' dir='ltr'>ἔπραττε,</span> <span class='ocrx_word' id='word_1_271' title='bbox 2403 509 2744 587; x_wconf 69' lang='grc' dir='ltr'><strong>κατεφρόνησε</strong></span> <span class='ocrx_word' id='word_1_272' title='bbox 2771 518 2871 565; x_wconf 82' lang='grc' dir='ltr'>τῶν</span> <span class='ocrx_word' id='word_1_273' title='bbox 2906 511 3107 564; x_wconf 80' lang='grc' dir='ltr'><strong>ἐντολῶν</strong></span> <span class='ocrx_word' id='word_1_274' title='bbox 3129 515 3220 565; x_wconf 88' lang='grc' dir='ltr'><strong>τοῦ</strong></span> <span class='ocrx_word' id='word_1_275' title='bbox 3250 516 3403 576; x_wconf 86' lang='grc' dir='ltr'>Θεοῦ,</span> <span class='ocrx_word' id='word_1_276' title='bbox 3420 511 3545 565; x_wconf 85' lang='grc' dir='ltr'>ποία</span> <span class='ocrx_word' id='word_1_277' title='bbox 3563 512 3718 582; x_wconf 71' lang='grc' dir='ltr'>τούτῳ</span> 
     </span>
    </p>
   </div>
   <div class='ocr_carea' id='block_1_37' title="bbox 2135 598 3719 678">
    <p class='ocr_par' dir='ltr' id='par_1_37' title="bbox 2135 598 3719 678">
     <span class='ocr_line' id='line_1_37' title="bbox 2135 598 3719 678; baseline -0.002 -20"><span class='ocrx_word' id='word_1_278' title='bbox 2135 607 2595 678; x_wconf 75' lang='grc' dir='ltr'>χρεωστηθησεται</span> <span class='ocrx_word' id='word_1_279' title='bbox 2616 605 2859 678; x_wconf 84' lang='grc' dir='ltr'>τιμωρία,</span> <span class='ocrx_word' id='word_1_280' title='bbox 2889 598 2941 661; x_wconf 80' lang='grc' dir='ltr'>ὃς</span> <span class='ocrx_word' id='word_1_281' title='bbox 2964 602 3142 655; x_wconf 82' lang='grc' dir='ltr'>ἑαυτὸν</span> <span class='ocrx_word' id='word_1_282' title='bbox 3163 603 3292 655; x_wconf 87' lang='grc' dir='ltr'>κατά</span> <span class='ocrx_word' id='word_1_283' title='bbox 3316 608 3409 655; x_wconf 86' lang='grc' dir='ltr'><strong>τοῦ</strong></span> <span class='ocrx_word' id='word_1_284' title='bbox 3435 605 3615 675; x_wconf 76' lang='grc' dir='ltr'>κυρίου</span> <span class='ocrx_word' id='word_1_285' title='bbox 3636 610 3719 663; x_wconf 71' lang='grc' dir='ltr'>τῆς</span> 
     </span>
    </p>
   </div>
   <div class='ocr_carea' id='block_1_38' title="bbox 2132 681 3719 768">
    <p class='ocr_par' dir='ltr' id='par_1_38' title="bbox 2132 681 3719 768">
     <span class='ocr_line' id='line_1_38' title="bbox 2132 681 3719 768; baseline -0.001 -18"><span class='ocrx_word' id='word_1_286' title='bbox 2132 697 2379 755; x_wconf 84' lang='grc' dir='ltr'>Θεότητος</span> <span class='ocrx_word' id='word_1_287' title='bbox 2409 681 2619 767; x_wconf 42' lang='lat' dir='ltr'><strong>ﬁdeles;</strong></span> <span class='ocrx_word' id='word_1_288' title='bbox 2654 703 2739 748; x_wconf 79' lang='grc' dir='ltr'>νῦν</span> <span class='ocrx_word' id='word_1_289' title='bbox 2769 694 3011 768; x_wconf 76' lang='grc' dir='ltr'>ὑμέτερόν</span> <span class='ocrx_word' id='word_1_290' title='bbox 3042 694 3149 747; x_wconf 85' lang='grc' dir='ltr'>ἐστι</span> <span class='ocrx_word' id='word_1_291' title='bbox 3174 694 3489 767; x_wconf 82' lang='grc' dir='ltr'>θεραπεῦσαι</span> <span class='ocrx_word' id='word_1_292' title='bbox 3517 696 3575 749; x_wconf 82' lang='grc' dir='ltr'><strong>τό</strong></span> <span class='ocrx_word' id='word_1_293' title='bbox 3605 694 3719 767; x_wconf 82' lang='grc' dir='ltr'>παρ’</span> 
     </span>
    </p>
   </div>
   <div class='ocr_carea' id='block_1_39' title="bbox 2133 785 3718 863">
    <p class='ocr_par' dir='ltr' id='par_1_39' title="bbox 2133 785 3718 863">
     <span class='ocr_line' id='line_1_39' title="bbox 2133 785 3718 863; baseline -0.001 -21"><span class='ocrx_word' id='word_1_294' title='bbox 2133 790 2319 842; x_wconf 76' lang='grc' dir='ltr'>ἐκείνου</span> <span class='ocrx_word' id='word_1_295' title='bbox 2366 796 2575 863; x_wconf 84' lang='grc' dir='ltr'>τραῦμα</span> <span class='ocrx_word' id='word_1_296' title='bbox 2594 829 2607 851; x_wconf 93' lang='grc'><strong>,</strong></span> <span class='ocrx_word' id='word_1_297' title='bbox 2640 791 2723 841; x_wconf 84' lang='grc' dir='ltr'>καὶ</span> <span class='ocrx_word' id='word_1_298' title='bbox 2752 787 2999 841; x_wconf 87' lang='grc' dir='ltr'>ἰάσασθαι</span> <span class='ocrx_word' id='word_1_299' title='bbox 3025 787 3147 844; x_wconf 75' lang='grc' dir='ltr'>τοὺς</span> <span class='ocrx_word' id='word_1_300' title='bbox 3191 785 3315 860; x_wconf 84' lang='grc' dir='ltr'>παρ’</span> <span class='ocrx_word' id='word_1_301' title='bbox 3338 786 3494 839; x_wconf 80' lang='grc' dir='ltr'>αὐτοῦ</span> <span class='ocrx_word' id='word_1_302' title='bbox 3538 787 3718 859; x_wconf 65' lang='grc' dir='ltr'>βήματι</span> 
     </span>
    </p>
   </div>
   <div class='ocr_carea' id='block_1_40' title="bbox 2131 874 3717 954">
    <p class='ocr_par' dir='ltr' id='par_1_40' title="bbox 2131 874 3717 954">
     <span class='ocr_line' id='line_1_40' title="bbox 2131 874 3717 954; baseline -0.001 -20"><span class='ocrx_word' id='word_1_303' title='bbox 2131 881 2499 954; x_wconf 79' lang='grc' dir='ltr'><strong>τετρωμένους.</strong></span> <span class='ocrx_word' id='word_1_304' title='bbox 2534 880 2824 949; x_wconf 75' lang='grc' dir='ltr'>Ἀσφαλέσιν</span> <span class='ocrx_word' id='word_1_305' title='bbox 2856 876 3057 948; x_wconf 80' lang='grc' dir='ltr'><strong>ἴχνεσιν</strong></span> <span class='ocrx_word' id='word_1_306' title='bbox 3087 874 3303 931; x_wconf 82' lang='grc' dir='ltr'>ἴστασθε</span> <span class='ocrx_word' id='word_1_307' title='bbox 3335 879 3465 931; x_wconf 88' lang='grc' dir='ltr'><strong>κατά</strong></span> <span class='ocrx_word' id='word_1_308' title='bbox 3505 884 3593 931; x_wconf 89' lang='grc' dir='ltr'><strong>τοῦ</strong></span> <span class='ocrx_word' id='word_1_309' title='bbox 3629 877 3717 937; x_wconf 76' lang='grc' dir='ltr'>ἥδη</span> 
     </span>
    </p>
   </div>
   <div class='ocr_carea' id='block_1_41' title="bbox 2133 968 3719 1047">
    <p class='ocr_par' dir='ltr' id='par_1_41' title="bbox 2133 968 3719 1047">
     <span class='ocr_line' id='line_1_41' title="bbox 2133 968 3719 1047; baseline -0.001 -20"><span class='ocrx_word' id='word_1_310' title='bbox 2133 974 2415 1037; x_wconf 78' lang='grc' dir='ltr'><strong>πεσόντος,</strong></span> <span class='ocrx_word' id='word_1_311' title='bbox 2450 978 2517 1031; x_wconf 82' lang='grc' dir='ltr'><strong>ὡς</strong></span> <span class='ocrx_word' id='word_1_312' title='bbox 2556 972 2581 1026; x_wconf 90' lang='grc' dir='ltr'><strong>ό</strong></span> <span class='ocrx_word' id='word_1_313' title='bbox 2620 972 2746 1047; x_wconf 83' lang='grc' dir='ltr'>παρ’</span> <span class='ocrx_word' id='word_1_314' title='bbox 2764 974 2921 1026; x_wconf 73' lang='grc' dir='ltr'>αὐτοῦ</span> <span class='ocrx_word' id='word_1_315' title='bbox 2973 972 3119 1043; x_wconf 77' lang='grc' dir='ltr'>λόγος</span> <span class='ocrx_word' id='word_1_316' title='bbox 3168 968 3410 1023; x_wconf 80' lang='grc' dir='ltr'>δείκνυσι.</span> <span class='ocrx_word' id='word_1_317' title='bbox 3458 972 3547 1023; x_wconf 76' lang='grc' dir='ltr'><strong>Καὶ</strong></span> <span class='ocrx_word' id='word_1_318' title='bbox 3588 968 3637 1024; x_wconf 82' lang='grc' dir='ltr'>εἴ</span> <span class='ocrx_word' id='word_1_319' title='bbox 3672 994 3719 1026; x_wconf 82' lang='grc' dir='ltr'><strong>τι</strong></span> 
     </span>
    </p>
   </div>
   <div class='ocr_carea' id='block_1_42' title="bbox 2135 1061 3720 1139">
    <p class='ocr_par' dir='ltr' id='par_1_42' title="bbox 2135 1061 3720 1139">
     <span class='ocr_line' id='line_1_42' title="bbox 2135 1061 3720 1139; baseline -0.002 -19"><span class='ocrx_word' id='word_1_320' title='bbox 2135 1066 2253 1135; x_wconf 83' lang='grc' dir='ltr'>ὑμῖν</span> <span class='ocrx_word' id='word_1_321' title='bbox 2275 1067 2561 1136; x_wconf 72' lang='grc' dir='ltr'>ἐπήνεγκεν,</span> <span class='ocrx_word' id='word_1_322' title='bbox 2579 1064 2878 1127; x_wconf 80' lang='grc' dir='ltr'><strong>ἀνεξικάκως</strong></span> <span class='ocrx_word' id='word_1_323' title='bbox 2901 1064 3095 1139; x_wconf 82' lang='grc' dir='ltr'>φέρετε.</span> <span class='ocrx_word' id='word_1_324' title='bbox 3113 1072 3510 1132; x_wconf 78' lang='grc' dir='ltr'>Ἐμηχανήσατο</span> <span class='ocrx_word' id='word_1_325' title='bbox 3532 1061 3720 1136; x_wconf 72' lang='grc' dir='ltr'>ὕϐρεις,</span> 
     </span>
    </p>
   </div>
   <div class='ocr_carea' id='block_1_43' title="bbox 2134 1153 3728 1231">
    <p class='ocr_par' dir='ltr' id='par_1_43' title="bbox 2134 1153 3728 1231">
     <span class='ocr_line' id='line_1_43' title="bbox 2134 1153 3728 1231; baseline 0 -20"><span class='ocrx_word' id='word_1_326' title='bbox 2134 1160 2503 1229; x_wconf 76' lang='grc' dir='ltr'>ἐμηχανήσατο</span> <span class='ocrx_word' id='word_1_327' title='bbox 2529 1159 2878 1231; x_wconf 73' lang='grc' dir='ltr'>ἀφορισμούς;</span> <span class='ocrx_word' id='word_1_328' title='bbox 2913 1159 3101 1216; x_wconf 81' lang='grc' dir='ltr'>ἐκεῖνος</span> <span class='ocrx_word' id='word_1_329' title='bbox 3138 1166 3159 1193; x_wconf 72' lang='grc' dir='ltr'><strong>ε</strong></span> <span class='ocrx_word' id='word_1_330' title='bbox 3193 1153 3347 1215; x_wconf 68' lang='grc' dir='ltr'>αὐτὸς</span> <span class='ocrx_word' id='word_1_331' title='bbox 3380 1158 3429 1209; x_wconf 86' lang='grc' dir='ltr'>ἐν</span> <span class='ocrx_word' id='word_1_332' title='bbox 3451 1164 3562 1217; x_wconf 86' lang='grc' dir='ltr'>τοῖς</span> <span class='ocrx_word' id='word_1_333' title='bbox 3589 1154 3728 1218; x_wconf 83' lang='grc' dir='ltr'>ἰδίοις</span> 
     </span>
    </p>
   </div>
   <div class='ocr_carea' id='block_1_44' title="bbox 2136 1248 3725 1326">
    <p class='ocr_par' dir='ltr' id='par_1_44' title="bbox 2136 1248 3725 1326">
     <span class='ocr_line' id='line_1_44' title="bbox 2136 1248 3725 1326; baseline 0 -22"><span class='ocrx_word' id='word_1_334' title='bbox 2136 1253 2399 1311; x_wconf 81' lang='grc' dir='ltr'><strong>πέπονθεν,</strong></span> <span class='ocrx_word' id='word_1_335' title='bbox 2422 1248 2471 1304; x_wconf 85' lang='grc' dir='ltr'><strong>ὃν</strong></span> <span class='ocrx_word' id='word_1_336' title='bbox 2494 1249 2843 1322; x_wconf 75' lang='grc' dir='ltr'>ὑποδέδεχθαι</span> <span class='ocrx_word' id='word_1_337' title='bbox 2871 1253 3003 1325; x_wconf 78' lang='grc' dir='ltr'>ὑπὲρ</span> <span class='ocrx_word' id='word_1_338' title='bbox 3030 1253 3168 1321; x_wconf 76' lang='grc' dir='ltr'>ἡμῶν</span> <span class='ocrx_word' id='word_1_339' title='bbox 3197 1248 3455 1326; x_wconf 80' lang='grc' dir='ltr'>ἄνθρωπον</span> <span class='ocrx_word' id='word_1_340' title='bbox 3483 1253 3725 1325; x_wconf 76' lang='grc' dir='ltr'><strong>ἀρνεῖται.</strong></span> 
     </span>
    </p>
   </div>
   <div class='ocr_carea' id='block_1_45' title="bbox 2134 1340 3661 1416">
    <p class='ocr_par' dir='ltr' id='par_1_45' title="bbox 2134 1340 3661 1416">
     <span class='ocr_line' id='line_1_45' title="bbox 2134 1340 3661 1416; baseline -0.001 -19"><span class='ocrx_word' id='word_1_341' title='bbox 2134 1340 2277 1398; x_wconf 73' lang='grc' dir='ltr'>’Ὅθεν</span> <span class='ocrx_word' id='word_1_342' title='bbox 2304 1343 2480 1414; x_wconf 82' lang='grc' dir='ltr'>μηδείς</span> <span class='ocrx_word' id='word_1_343' title='bbox 2508 1345 2706 1416; x_wconf 70' lang='grc' dir='ltr'>κλαύσῃ</span> <span class='ocrx_word' id='word_1_344' title='bbox 2736 1346 2799 1398; x_wconf 83' lang='grc' dir='ltr'>τὰ</span> <span class='ocrx_word' id='word_1_345' title='bbox 2826 1345 2959 1397; x_wconf 83' lang='grc' dir='ltr'>κατά</span> <span class='ocrx_word' id='word_1_346' title='bbox 2986 1366 3122 1404; x_wconf 86' lang='grc' dir='ltr'>τινος</span> <span class='ocrx_word' id='word_1_347' title='bbox 3154 1345 3296 1413; x_wconf 77' lang='grc' dir='ltr'>ὑμῶν</span> <span class='ocrx_word' id='word_1_348' title='bbox 3328 1344 3661 1401; x_wconf 80' lang='grc' dir='ltr'><strong>ἐπινοηθέντα.</strong></span> 
     </span>
    </p>
   </div>
   <div class='ocr_carea' id='block_1_46' title="bbox 2207 1434 3734 1510">
    <p class='ocr_par' dir='ltr' id='par_1_46' title="bbox 2207 1434 3734 1510">
     <span class='ocr_line' id='line_1_46' title="bbox 2207 1434 3734 1510; baseline -0.01 -20"><span class='ocrx_word' id='word_1_349' title='bbox 2207 1446 2307 1496; x_wconf 66' lang='lat' dir='ltr'><strong>Ti;</strong></span> <span class='ocrx_word' id='word_1_350' title='bbox 2338 1440 2651 1501; x_wconf 80' lang='grc' dir='ltr'><strong>ἀνεξικακίας</strong></span> <span class='ocrx_word' id='word_1_351' title='bbox 2681 1441 2762 1489; x_wconf 86' lang='grc' dir='ltr'>καὶ</span> <span class='ocrx_word' id='word_1_352' title='bbox 2788 1445 2879 1497; x_wconf 81' lang='grc' dir='ltr'>τῆς</span> <span class='ocrx_word' id='word_1_353' title='bbox 2915 1439 3176 1509; x_wconf 75' lang='grc' dir='ltr'><strong>ὑπομονῆς</strong></span> <span class='ocrx_word' id='word_1_354' title='bbox 3205 1438 3372 1496; x_wconf 75' lang='grc' dir='ltr'>τύπος</span> <span class='ocrx_word' id='word_1_355' title='bbox 3402 1434 3476 1493; x_wconf 77' lang='grc' dir='ltr'><strong>εἴη</strong></span> <span class='ocrx_word' id='word_1_356' title='bbox 3503 1440 3734 1510; x_wconf 61' lang='grc' dir='ltr'><strong>Στέφανος</strong></span> 
     </span>
    </p>
   </div>
   <div class='ocr_carea' id='block_1_47' title="bbox 2144 1528 3730 1607">
    <p class='ocr_par' dir='ltr' id='par_1_47' title="bbox 2144 1528 3730 1607">
     <span class='ocr_line' id='line_1_47' title="bbox 2144 1528 3730 1607; baseline -0.001 -22"><span class='ocrx_word' id='word_1_357' title='bbox 2144 1532 2170 1585; x_wconf 85' lang='grc' dir='ltr'><strong>ό</strong></span> <span class='ocrx_word' id='word_1_358' title='bbox 2200 1539 2403 1607; x_wconf 84' lang='grc' dir='ltr'>πρῶτος</span> <span class='ocrx_word' id='word_1_359' title='bbox 2433 1539 2523 1585; x_wconf 95' lang='grc' dir='ltr'><strong>τοῦ</strong></span> <span class='ocrx_word' id='word_1_360' title='bbox 2552 1537 2775 1605; x_wconf 80' lang='grc' dir='ltr'>Χριστοῦ</span> <span class='ocrx_word' id='word_1_361' title='bbox 2807 1532 3027 1606; x_wconf 78' lang='grc' dir='ltr'><strong>μάρτυς.</strong></span> <span class='ocrx_word' id='word_1_362' title='bbox 3072 1531 3130 1584; x_wconf 81' lang='grc' dir='ltr'><strong>Ὀ</strong></span> <span class='ocrx_word' id='word_1_363' title='bbox 3160 1528 3320 1601; x_wconf 80' lang='grc' dir='ltr'>ὄχλος</span> <span class='ocrx_word' id='word_1_364' title='bbox 3365 1540 3465 1587; x_wconf 83' lang='grc' dir='ltr'><strong>τῶν</strong></span> <span class='ocrx_word' id='word_1_365' title='bbox 3503 1534 3730 1588; x_wconf 87' lang='grc' dir='ltr'>ἀπίστων</span> 
     </span>
    </p>
   </div>
   <div class='ocr_carea' id='block_1_48' title="bbox 2139 1622 3732 1701">
    <p class='ocr_par' dir='ltr' id='par_1_48' title="bbox 2139 1622 3732 1701">
     <span class='ocr_line' id='line_1_48' title="bbox 2139 1622 3732 1701; baseline 0 -23"><span class='ocrx_word' id='word_1_366' title='bbox 2139 1625 2249 1679; x_wconf 70' lang='grc' dir='ltr'>κατ’</span> <span class='ocrx_word' id='word_1_367' title='bbox 2272 1627 2431 1679; x_wconf 78' lang='grc' dir='ltr'>αὐτοῦ</span> <span class='ocrx_word' id='word_1_368' title='bbox 2464 1622 2682 1696; x_wconf 80' lang='grc' dir='ltr'>ἕϐρυχε’</span> <span class='ocrx_word' id='word_1_369' title='bbox 2728 1628 2811 1678; x_wconf 90' lang='grc' dir='ltr'>καὶ</span> <span class='ocrx_word' id='word_1_370' title='bbox 2855 1622 2991 1694; x_wconf 83' lang='grc' dir='ltr'>ὅμως</span> <span class='ocrx_word' id='word_1_371' title='bbox 3020 1622 3045 1678; x_wconf 84' lang='grc' dir='ltr'><strong>ό</strong></span> <span class='ocrx_word' id='word_1_372' title='bbox 3082 1622 3445 1701; x_wconf 80' lang='grc' dir='ltr'>συνοδοιπόρος</span> <span class='ocrx_word' id='word_1_373' title='bbox 3474 1631 3567 1678; x_wconf 90' lang='grc' dir='ltr'><strong>τοῦ</strong></span> <span class='ocrx_word' id='word_1_374' title='bbox 3613 1634 3732 1698; x_wconf 81' lang='grc' dir='ltr'>Χρι-</span> 
     </span>
    </p>
   </div>
   <div class='ocr_carea' id='block_1_49' title="bbox 2064 1714 3737 1790">
    <p class='ocr_par' dir='ltr' id='par_1_49' title="bbox 2064 1714 3737 1790">
     <span class='ocr_line' id='line_1_49' title="bbox 2064 1714 3737 1790; baseline -0.002 -16"><span class='ocrx_word' id='word_1_375' title='bbox 2064 1714 2115 1774; x_wconf 84' lang='grc' dir='ltr'><strong>Β</strong></span> <span class='ocrx_word' id='word_1_376' title='bbox 2142 1726 2268 1774; x_wconf 90' lang='grc' dir='ltr'>στοῦ</span> <span class='ocrx_word' id='word_1_377' title='bbox 2308 1720 2394 1771; x_wconf 78' lang='grc' dir='ltr'>οὐκ</span> <span class='ocrx_word' id='word_1_378' title='bbox 2425 1720 2712 1776; x_wconf 82' lang='grc' dir='ltr'>ἐσιώπησεν</span> <span class='ocrx_word' id='word_1_379' title='bbox 2745 1716 2873 1790; x_wconf 81' lang='grc' dir='ltr'>ὅπερ</span> <span class='ocrx_word' id='word_1_380' title='bbox 2905 1718 3056 1786; x_wconf 77' lang='grc' dir='ltr'>ἐώρα.</span> <span class='ocrx_word' id='word_1_381' title='bbox 3106 1717 3250 1771; x_wconf 79' lang='grc' dir='ltr'>Ἐϐόα</span> <span class='ocrx_word' id='word_1_382' title='bbox 3278 1720 3472 1789; x_wconf 80' lang='grc' dir='ltr'>μεταξὺ</span> <span class='ocrx_word' id='word_1_383' title='bbox 3503 1718 3737 1789; x_wconf 86' lang='grc' dir='ltr'>μαινομέ-</span> 
     </span>
    </p>
   </div>
   <div class='ocr_carea' id='block_1_50' title="bbox 2141 1809 3739 1883">
    <p class='ocr_par' dir='ltr' id='par_1_50' title="bbox 2141 1809 3739 1883">
     <span class='ocr_line' id='line_1_50' title="bbox 2141 1809 3739 1883; baseline -0.003 -19"><span class='ocrx_word' id='word_1_384' title='bbox 2141 1835 2264 1877; x_wconf 85' lang='grc' dir='ltr'>νων,</span> <span class='ocrx_word' id='word_1_385' title='bbox 2298 1813 2491 1883; x_wconf 69' lang='grc' dir='ltr'>μεταξύ</span> <span class='ocrx_word' id='word_1_386' title='bbox 2538 1818 2637 1865; x_wconf 85' lang='grc' dir='ltr'><strong>τῶν</strong></span> <span class='ocrx_word' id='word_1_387' title='bbox 2680 1818 2771 1870; x_wconf 84' lang='grc' dir='ltr'>τῆς</span> <span class='ocrx_word' id='word_1_388' title='bbox 2801 1812 3067 1883; x_wconf 81' lang='grc' dir='ltr'><strong>θρησκείας</strong></span> <span class='ocrx_word' id='word_1_389' title='bbox 3117 1810 3337 1883; x_wconf 83' lang='grc' dir='ltr'>ἐχθρῶν,</span> <span class='ocrx_word' id='word_1_390' title='bbox 3366 1809 3525 1879; x_wconf 88' lang='grc' dir='ltr'>λέγων</span> <span class='ocrx_word' id='word_1_391' title='bbox 3562 1810 3739 1864; x_wconf 78' lang='grc' dir='ltr'>ἑαυτὸν</span> 
     </span>
    </p>
   </div>
   <div class='ocr_carea' id='block_1_51' title="bbox 2144 1904 3739 1982">
    <p class='ocr_par' dir='ltr' id='par_1_51' title="bbox 2144 1904 3739 1982">
     <span class='ocr_line' id='line_1_51' title="bbox 2144 1904 3739 1982; baseline -0.002 -21"><span class='ocrx_word' id='word_1_392' title='bbox 2144 1906 2265 1982; x_wconf 81' lang='grc' dir='ltr'>όρᾷν</span> <span class='ocrx_word' id='word_1_393' title='bbox 2296 1906 2639 1977; x_wconf 76' lang='grc' dir='ltr'><strong>ἀνεῳγμένους</strong></span> <span class='ocrx_word' id='word_1_394' title='bbox 2668 1907 2790 1963; x_wconf 63' lang='grc' dir='ltr'>τοὺς</span> <span class='ocrx_word' id='word_1_395' title='bbox 2829 1905 3067 1978; x_wconf 68' lang='grc' dir='ltr'>οὐρανοὺς</span> <span class='ocrx_word' id='word_1_396' title='bbox 3093 1945 3106 1967; x_wconf 93' lang='grc'><strong>,</strong></span> <span class='ocrx_word' id='word_1_397' title='bbox 3137 1906 3225 1957; x_wconf 88' lang='grc' dir='ltr'><strong>καί</strong></span> <span class='ocrx_word' id='word_1_398' title='bbox 3253 1906 3339 1958; x_wconf 87' lang='grc' dir='ltr'><strong>τόν</strong></span> <span class='ocrx_word' id='word_1_399' title='bbox 3375 1904 3485 1957; x_wconf 80' lang='grc' dir='ltr'>υἱόν</span> <span class='ocrx_word' id='word_1_400' title='bbox 3513 1910 3606 1957; x_wconf 87' lang='grc' dir='ltr'><strong>τοῦ</strong></span> <span class='ocrx_word' id='word_1_401' title='bbox 3654 1906 3739 1958; x_wconf 84' lang='grc' dir='ltr'>ἀν-</span> 
     </span>
    </p>
   </div>
   <div class='ocr_carea' id='block_1_52' title="bbox 2144 1995 3742 2075">
    <p class='ocr_par' dir='ltr' id='par_1_52' title="bbox 2144 1995 3742 2075">
     <span class='ocr_line' id='line_1_52' title="bbox 2144 1995 3742 2075; baseline 0.002 -25"><span class='ocrx_word' id='word_1_402' title='bbox 2144 2000 2374 2075; x_wconf 84' lang='grc' dir='ltr'>θρώπου,</span> <span class='ocrx_word' id='word_1_403' title='bbox 2408 1996 2536 2053; x_wconf 81' lang='grc' dir='ltr'>δι’όν</span> <span class='ocrx_word' id='word_1_404' title='bbox 2565 2005 2729 2053; x_wconf 89' lang='grc' dir='ltr'>ταῦτα</span> <span class='ocrx_word' id='word_1_405' title='bbox 2759 1995 3023 2067; x_wconf 77' lang='grc' dir='ltr'><strong>ἔπασχεν,</strong></span> <span class='ocrx_word' id='word_1_406' title='bbox 3056 1997 3326 2069; x_wconf 77' lang='grc' dir='ltr'>ἱστάμενον</span> <span class='ocrx_word' id='word_1_407' title='bbox 3354 1999 3482 2071; x_wconf 86' lang='grc' dir='ltr'>πρὸς</span> <span class='ocrx_word' id='word_1_408' title='bbox 3511 2006 3573 2072; x_wconf 76' lang='grc' dir='ltr'>τῇ</span> <span class='ocrx_word' id='word_1_409' title='bbox 3604 1996 3742 2069; x_wconf 79' lang='grc' dir='ltr'>δεξιᾷ</span> 
     </span>
    </p>
   </div>
   <div class='ocr_carea' id='block_1_53' title="bbox 2143 2086 3742 2163">
    <p class='ocr_par' dir='ltr' id='par_1_53' title="bbox 2143 2086 3742 2163">
     <span class='ocr_line' id='line_1_53' title="bbox 2143 2086 3742 2163; baseline -0.001 -19"><span class='ocrx_word' id='word_1_410' title='bbox 2143 2098 2238 2145; x_wconf 87' lang='grc' dir='ltr'><strong>τοῦ</strong></span> <span class='ocrx_word' id='word_1_411' title='bbox 2269 2097 2421 2145; x_wconf 85' lang='grc' dir='ltr'>Θεοῦ.</span> <span class='ocrx_word' id='word_1_412' title='bbox 2456 2090 2657 2160; x_wconf 81' lang='grc' dir='ltr'>Μακρόν</span> <span class='ocrx_word' id='word_1_413' title='bbox 2691 2090 2803 2144; x_wconf 89' lang='grc' dir='ltr'>ἐστι</span> <span class='ocrx_word' id='word_1_414' title='bbox 2834 2097 3026 2163; x_wconf 84' lang='grc' dir='ltr'>χωρεῖν</span> <span class='ocrx_word' id='word_1_415' title='bbox 3057 2086 3121 2144; x_wconf 78' lang='grc' dir='ltr'>δι’</span> <span class='ocrx_word' id='word_1_416' title='bbox 3142 2089 3364 2143; x_wconf 80' lang='grc' dir='ltr'>ἑκάστου</span> <span class='ocrx_word' id='word_1_417' title='bbox 3394 2096 3490 2144; x_wconf 85' lang='grc' dir='ltr'>τῶν</span> <span class='ocrx_word' id='word_1_418' title='bbox 3519 2091 3742 2160; x_wconf 81' lang='grc' dir='ltr'>πριαμέ-</span> 
     </span>
    </p>
   </div>
   <div class='ocr_carea' id='block_1_54' title="bbox 2143 2179 3739 2253">
    <p class='ocr_par' dir='ltr' id='par_1_54' title="bbox 2143 2179 3739 2253">
     <span class='ocr_line' id='line_1_54' title="bbox 2143 2179 3739 2253; baseline -0.002 -15"><span class='ocrx_word' id='word_1_419' title='bbox 2143 2205 2239 2238; x_wconf 91' lang='grc' dir='ltr'>νων</span> <span class='ocrx_word' id='word_1_420' title='bbox 2270 2184 2473 2243; x_wconf 81' lang='grc' dir='ltr'>ἑαυτοῖς</span> <span class='ocrx_word' id='word_1_421' title='bbox 2504 2188 2632 2246; x_wconf 76' lang='grc' dir='ltr'>ζωην</span> <span class='ocrx_word' id='word_1_422' title='bbox 2668 2181 2697 2241; x_wconf 77' lang='grc' dir='ltr'>ἦ</span> <span class='ocrx_word' id='word_1_423' title='bbox 2728 2183 2925 2253; x_wconf 80' lang='grc' dir='ltr'>θανάτῳ</span> <span class='ocrx_word' id='word_1_424' title='bbox 2955 2181 2985 2240; x_wconf 75' lang='grc' dir='ltr'><em>ἦ</em></span> <span class='ocrx_word' id='word_1_425' title='bbox 3018 2180 3279 2253; x_wconf 82' lang='grc' dir='ltr'>ὁμολογίᾳ.</span> <span class='ocrx_word' id='word_1_426' title='bbox 3320 2179 3507 2253; x_wconf 73' lang='grc' dir='ltr'>’Ἔχετε</span> <span class='ocrx_word' id='word_1_427' title='bbox 3553 2182 3739 2251; x_wconf 77' lang='grc' dir='ltr'>ὑμεῖς,</span> 
     </span>
    </p>
   </div>
   <div class='ocr_carea' id='block_1_55' title="bbox 2144 2273 3747 2349">
    <p class='ocr_par' dir='ltr' id='par_1_55' title="bbox 2144 2273 3747 2349">
     <span class='ocr_line' id='line_1_55' title="bbox 2144 2273 3747 2349; baseline -0.001 -21"><span class='ocrx_word' id='word_1_428' title='bbox 2144 2273 2252 2329; x_wconf 85' lang='grc' dir='ltr'>ὅσοι</span> <span class='ocrx_word' id='word_1_429' title='bbox 2280 2283 2371 2334; x_wconf 82' lang='grc' dir='ltr'>τῆς</span> <span class='ocrx_word' id='word_1_430' title='bbox 2398 2275 2691 2333; x_wconf 81' lang='grc' dir='ltr'>Ἐκκλησίας</span> <span class='ocrx_word' id='word_1_431' title='bbox 2732 2275 3066 2340; x_wconf 72' lang='grc' dir='ltr'>ἐκϐέϐλησθε,</span> <span class='ocrx_word' id='word_1_432' title='bbox 3110 2273 3303 2345; x_wconf 80' lang='grc' dir='ltr'>σχεδόν</span> <span class='ocrx_word' id='word_1_433' title='bbox 3350 2282 3449 2327; x_wconf 83' lang='grc' dir='ltr'>τῶν</span> <span class='ocrx_word' id='word_1_434' title='bbox 3490 2276 3747 2349; x_wconf 80' lang='grc' dir='ltr'>ἡμετέρων</span> 
     </span>
    </p>
   </div>
   <div class='ocr_carea' id='block_1_56' title="bbox 2144 2365 3743 2443">
    <p class='ocr_par' dir='ltr' id='par_1_56' title="bbox 2144 2365 3743 2443">
     <span class='ocr_line' id='line_1_56' title="bbox 2144 2365 3743 2443; baseline 0.001 -23"><span class='ocrx_word' id='word_1_435' title='bbox 2144 2375 2334 2443; x_wconf 88' lang='grc' dir='ltr'>καιρῶν</span> <span class='ocrx_word' id='word_1_436' title='bbox 2366 2365 2647 2437; x_wconf 74' lang='grc' dir='ltr'>ὑπόδειγμα</span> <span class='ocrx_word' id='word_1_437' title='bbox 2686 2374 2776 2422; x_wconf 88' lang='grc' dir='ltr'><strong>τοῦ</strong></span> <span class='ocrx_word' id='word_1_438' title='bbox 2810 2376 2900 2426; x_wconf 76' lang='grc' dir='ltr'>τῆς</span> <span class='ocrx_word' id='word_1_439' title='bbox 2930 2368 3189 2443; x_wconf 86' lang='grc' dir='ltr'>μακαρίας</span> <span class='ocrx_word' id='word_1_440' title='bbox 3218 2370 3413 2436; x_wconf 73' lang='grc' dir='ltr'>μνήμης</span> <span class='ocrx_word' id='word_1_441' title='bbox 3448 2368 3743 2421; x_wconf 80' lang='grc' dir='ltr'>’Δθανασίου</span> 
     </span>
    </p>
   </div>
   <div class='ocr_carea' id='block_1_57' title="bbox 2143 2460 3746 2535">
    <p class='ocr_par' dir='ltr' id='par_1_57' title="bbox 2143 2460 3746 2535">
     <span class='ocr_line' id='line_1_57' title="bbox 2143 2460 3746 2535; baseline 0.001 -20"><span class='ocrx_word' id='word_1_442' title='bbox 2143 2468 2234 2515; x_wconf 87' lang='grc' dir='ltr'><strong>τοῦ</strong></span> <span class='ocrx_word' id='word_1_443' title='bbox 2268 2462 2564 2532; x_wconf 66' lang='grc' dir='ltr'>σοφωτάτου</span> <span class='ocrx_word' id='word_1_444' title='bbox 2598 2462 2769 2535; x_wconf 84' lang='grc' dir='ltr'>ἱερέως</span> <span class='ocrx_word' id='word_1_445' title='bbox 2798 2470 2890 2521; x_wconf 81' lang='grc' dir='ltr'>τῆς</span> <span class='ocrx_word' id='word_1_446' title='bbox 2913 2460 3272 2533; x_wconf 68' lang='grc' dir='ltr'>Ἀλεξανδρέων</span> <span class='ocrx_word' id='word_1_447' title='bbox 3293 2462 3615 2523; x_wconf 82' lang='grc' dir='ltr'>Ἐκκλησίας.</span> <span class='ocrx_word' id='word_1_448' title='bbox 3650 2466 3746 2517; x_wconf 83' lang='grc' dir='ltr'>Τίνι</span> 
     </span>
    </p>
   </div>
   <div class='ocr_carea' id='block_1_58' title="bbox 2144 2548 3746 2627">
    <p class='ocr_par' dir='ltr' id='par_1_58' title="bbox 2144 2548 3746 2627">
     <span class='ocr_line' id='line_1_58' title="bbox 2144 2548 3746 2627; baseline 0.004 -22"><span class='ocrx_word' id='word_1_449' title='bbox 2144 2555 2231 2606; x_wconf 81' lang='grc' dir='ltr'>οὐκ</span> <span class='ocrx_word' id='word_1_450' title='bbox 2264 2548 2324 2607; x_wconf 79' lang='grc' dir='ltr'>ἂν</span> <span class='ocrx_word' id='word_1_451' title='bbox 2354 2551 2429 2610; x_wconf 82' lang='grc' dir='ltr'>εἴη</span> <span class='ocrx_word' id='word_1_452' title='bbox 2458 2554 2760 2627; x_wconf 79' lang='grc' dir='ltr'>παραμυθία</span> <span class='ocrx_word' id='word_1_453' title='bbox 2782 2556 2812 2611; x_wconf 80' lang='grc' dir='ltr'>ἡ</span> <span class='ocrx_word' id='word_1_454' title='bbox 2838 2556 3018 2607; x_wconf 86' lang='grc' dir='ltr'>ἐκείνου</span> <span class='ocrx_word' id='word_1_455' title='bbox 3047 2556 3276 2626; x_wconf 67' lang='grc' dir='ltr'>ὑπομονὴ</span> <span class='ocrx_word' id='word_1_456' title='bbox 3298 2570 3313 2617; x_wconf 84' lang='grc'>;</span> <span class='ocrx_word' id='word_1_457' title='bbox 3345 2557 3445 2608; x_wconf 85' lang='grc' dir='ltr'>τίνι</span> <span class='ocrx_word' id='word_1_458' title='bbox 3470 2557 3557 2608; x_wconf 82' lang='grc' dir='ltr'>οὐκ</span> <span class='ocrx_word' id='word_1_459' title='bbox 3582 2550 3650 2609; x_wconf 83' lang='grc' dir='ltr'><strong>ἂν</strong></span> <span class='ocrx_word' id='word_1_460' title='bbox 3676 2553 3746 2613; x_wconf 75' lang='grc' dir='ltr'><strong>εἴη</strong></span> 
     </span>
    </p>
   </div>
   <div class='ocr_carea' id='block_1_59' title="bbox 2144 2640 3752 2722">
    <p class='ocr_par' dir='ltr' id='par_1_59' title="bbox 2144 2640 3752 2722">
     <span class='ocr_line' id='line_1_59' title="bbox 2144 2640 3752 2722; baseline 0.001 -22"><span class='ocrx_word' id='word_1_461' title='bbox 2144 2645 2437 2719; x_wconf 80' lang='grc' dir='ltr'>ὑπόδειγμα</span> <span class='ocrx_word' id='word_1_462' title='bbox 2467 2648 2496 2703; x_wconf 78' lang='grc' dir='ltr'>ἡ</span> <span class='ocrx_word' id='word_1_463' title='bbox 2528 2648 2713 2699; x_wconf 87' lang='grc' dir='ltr'>ἐκείνου</span> <span class='ocrx_word' id='word_1_464' title='bbox 2755 2646 3066 2722; x_wconf 56' lang='lat' dir='ltr'><strong>ert-apportes;</strong></span> <span class='ocrx_word' id='word_1_465' title='bbox 3115 2648 3210 2701; x_wconf 88' lang='grc' dir='ltr'>τίνι</span> <span class='ocrx_word' id='word_1_466' title='bbox 3253 2648 3338 2700; x_wconf 80' lang='grc' dir='ltr'>οὐκ</span> <span class='ocrx_word' id='word_1_467' title='bbox 3385 2640 3446 2701; x_wconf 79' lang='grc' dir='ltr'>ἂν</span> <span class='ocrx_word' id='word_1_468' title='bbox 3486 2651 3752 2707; x_wconf 77' lang='grc' dir='ltr'>ποιήσειεν</span> 
     </span>
    </p>
   </div>
   <div class='ocr_carea' id='block_1_60' title="bbox 2146 2738 3751 2804">
    <p class='ocr_par' dir='ltr' id='par_1_60' title="bbox 2146 2738 3751 2804">
     <span class='ocr_line' id='line_1_60' title="bbox 2146 2738 3751 2804; baseline 0.001 -11"><span class='ocrx_word' id='word_1_469' title='bbox 2146 2739 2327 2795; x_wconf 80' lang='grc' dir='ltr'>ἐλπίδα</span> <span class='ocrx_word' id='word_1_470' title='bbox 2364 2743 2394 2798; x_wconf 80' lang='grc' dir='ltr'><em>ἠ</em></span> <span class='ocrx_word' id='word_1_471' title='bbox 2432 2742 2617 2793; x_wconf 86' lang='grc' dir='ltr'>ἐκείνου</span> <span class='ocrx_word' id='word_1_472' title='bbox 2682 2740 3031 2799; x_wconf 82' lang='grc' dir='ltr'>πολυπόθητος</span> <span class='ocrx_word' id='word_1_473' title='bbox 3082 2738 3363 2803; x_wconf 46' lang='grc' dir='ltr'>ἐπάνοδος</span> <span class='ocrx_word' id='word_1_474' title='bbox 3412 2742 3751 2804; x_wconf 82' lang='grc' dir='ltr'>Ἐκϐἀλλεται</span> 
     </span>
    </p>
   </div>
   <div class='ocr_carea' id='block_1_61' title="bbox 2143 2831 3752 2908">
    <p class='ocr_par' dir='ltr' id='par_1_61' title="bbox 2143 2831 3752 2908">
     <span class='ocr_line' id='line_1_61' title="bbox 2143 2831 3752 2908; baseline 0.001 -21"><span class='ocrx_word' id='word_1_475' title='bbox 2143 2836 2342 2908; x_wconf 77' lang='grc' dir='ltr'>’Λρείου</span> <span class='ocrx_word' id='word_1_476' title='bbox 2374 2831 2661 2899; x_wconf 81' lang='grc' dir='ltr'>διώκοντος,</span> <span class='ocrx_word' id='word_1_477' title='bbox 2713 2832 3130 2891; x_wconf 78' lang='grc' dir='ltr'>ἀλλ’ἀνακλητέος</span> <span class='ocrx_word' id='word_1_478' title='bbox 3171 2838 3264 2887; x_wconf 88' lang='grc' dir='ltr'><strong>τοῦ</strong></span> <span class='ocrx_word' id='word_1_479' title='bbox 3293 2835 3477 2907; x_wconf 75' lang='grc' dir='ltr'>Κυρίου</span> <span class='ocrx_word' id='word_1_480' title='bbox 3515 2838 3752 2908; x_wconf 81' lang='grc' dir='ltr'>προπέμ-</span> 
     </span>
    </p>
   </div>
   <div class='ocr_carea' id='block_1_62' title="bbox 2144 2922 3747 2999">
    <p class='ocr_par' dir='ltr' id='par_1_62' title="bbox 2144 2922 3747 2999">
     <span class='ocr_line' id='line_1_62' title="bbox 2144 2922 3747 2999; baseline 0.002 -20"><span class='ocrx_word' id='word_1_481' title='bbox 2144 2946 2345 2985; x_wconf 89' lang='grc' dir='ltr'>ποντος.</span> <span class='ocrx_word' id='word_1_482' title='bbox 2380 2922 2561 2979; x_wconf 74' lang='grc' dir='ltr'>’Ἔπαθε</span> <span class='ocrx_word' id='word_1_483' title='bbox 2609 2926 2853 2996; x_wconf 73' lang='grc' dir='ltr'>φυλακὴν,</span> <span class='ocrx_word' id='word_1_484' title='bbox 2886 2922 3037 2979; x_wconf 74' lang='grc' dir='ltr'>ἔπαθε</span> <span class='ocrx_word' id='word_1_485' title='bbox 3087 2923 3316 2999; x_wconf 72' lang='grc' dir='ltr'>θρίψεις’</span> <span class='ocrx_word' id='word_1_486' title='bbox 3348 2930 3431 2979; x_wconf 83' lang='grc' dir='ltr'><strong>καὶ</strong></span> <span class='ocrx_word' id='word_1_487' title='bbox 3459 2927 3515 2979; x_wconf 82' lang='grc' dir='ltr'>οὐ</span> <span class='ocrx_word' id='word_1_488' title='bbox 3544 2927 3747 2998; x_wconf 80' lang='grc' dir='ltr'>θαυμα-</span> 
     </span>
    </p>
   </div>
   <div class='ocr_carea' id='block_1_63' title="bbox 2147 3016 3748 3095">
    <p class='ocr_par' dir='ltr' id='par_1_63' title="bbox 2147 3016 3748 3095">
     <span class='ocr_line' id='line_1_63' title="bbox 2147 3016 3748 3095; baseline -0.002 -21"><span class='ocrx_word' id='word_1_489' title='bbox 2147 3022 2291 3085; x_wconf 88' lang='grc' dir='ltr'>στὸν,</span> <span class='ocrx_word' id='word_1_490' title='bbox 2318 3021 2360 3073; x_wconf 87' lang='grc' dir='ltr'>εἰ</span> <span class='ocrx_word' id='word_1_491' title='bbox 2382 3018 2406 3073; x_wconf 91' lang='grc' dir='ltr'><strong>ό</strong></span> <span class='ocrx_word' id='word_1_492' title='bbox 2427 3018 2768 3077; x_wconf 85' lang='grc' dir='ltr'>ἀποστολικὸς</span> <span class='ocrx_word' id='word_1_493' title='bbox 2789 3021 2911 3095; x_wconf 71' lang='grc' dir='ltr'>ἀνὴρ</span> <span class='ocrx_word' id='word_1_494' title='bbox 2936 3025 3102 3073; x_wconf 90' lang='grc' dir='ltr'>ταῦτα</span> <span class='ocrx_word' id='word_1_495' title='bbox 3127 3020 3364 3085; x_wconf 86' lang='grc' dir='ltr'>πέπονθε,</span> <span class='ocrx_word' id='word_1_496' title='bbox 3387 3019 3452 3074; x_wconf 77' lang='grc' dir='ltr'><strong>δι’</strong></span> <span class='ocrx_word' id='word_1_497' title='bbox 3470 3016 3533 3072; x_wconf 77' lang='grc' dir='ltr'>ὧν</span> <span class='ocrx_word' id='word_1_498' title='bbox 3561 3021 3748 3075; x_wconf 80' lang='grc' dir='ltr'>ἑαυτὸν</span> 
     </span>
    </p>
   </div>
   <div class='ocr_carea' id='block_1_64' title="bbox 451 3091 2040 3186">
    <p class='ocr_par' dir='ltr' id='par_1_64' title="bbox 451 3106 2040 3173">
     <span class='ocr_line' id='line_1_64' title="bbox 451 3106 2040 3173; baseline -0.004 -7"><span class='ocrx_word' id='word_1_499' title='bbox 451 3107 714 3167; x_wconf 84' lang='lat' dir='ltr'><strong>citatum?</strong></span> <span class='ocrx_word' id='word_1_500' title='bbox 746 3106 801 3161; x_wconf 91' lang='lat' dir='ltr'><strong>In</strong></span> <span class='ocrx_word' id='word_1_501' title='bbox 843 3107 928 3161; x_wconf 91' lang='lat' dir='ltr'><strong>his</strong></span> <span class='ocrx_word' id='word_1_502' title='bbox 974 3118 1153 3162; x_wconf 86' lang='lat' dir='ltr'><strong>tamen</strong></span> <span class='ocrx_word' id='word_1_503' title='bbox 1192 3106 1445 3160; x_wconf 85' lang='lat' dir='ltr'><strong>omnibus</strong></span> <span class='ocrx_word' id='word_1_504' title='bbox 1476 3114 1696 3160; x_wconf 87' lang='lat' dir='ltr'><strong>secutus</strong></span> <span class='ocrx_word' id='word_1_505' title='bbox 1727 3116 1809 3160; x_wconf 90' lang='lat' dir='ltr'><strong>est</strong></span> <span class='ocrx_word' id='word_1_506' title='bbox 1848 3106 1996 3160; x_wconf 89' lang='lat' dir='ltr'><strong>illum</strong></span> <span class='ocrx_word' id='word_1_507' title='bbox 2028 3149 2040 3173; x_wconf 87' lang='lat'><strong>,</strong></span> 
     </span>
    </p>
   </div>
   <div class='ocr_carea' id='block_1_65' title="bbox 2150 3091 3748 3186">
    <p class='ocr_par' dir='ltr' id='par_1_65' title="bbox 2150 3108 3748 3186">
     <span class='ocr_line' id='line_1_65' title="bbox 2150 3108 3748 3186; baseline -0.001 -21"><span class='ocrx_word' id='word_1_508' title='bbox 2150 3112 2490 3186; x_wconf 83' lang='grc' dir='ltr'>γεγυμνάσθαι</span> <span class='ocrx_word' id='word_1_509' title='bbox 2507 3116 2778 3181; x_wconf 84' lang='grc' dir='ltr'>καυχᾶται</span> <span class='ocrx_word' id='word_1_510' title='bbox 2800 3108 3145 3169; x_wconf 86' lang='grc' dir='ltr'>όάπόστολος.</span> <span class='ocrx_word' id='word_1_511' title='bbox 3176 3113 3266 3165; x_wconf 72' lang='grc' dir='ltr'><strong>καί</strong></span> <span class='ocrx_word' id='word_1_512' title='bbox 3292 3113 3341 3164; x_wconf 82' lang='grc' dir='ltr'>ἐν</span> <span class='ocrx_word' id='word_1_513' title='bbox 3367 3112 3558 3172; x_wconf 73' lang='grc' dir='ltr'>τούτοις</span> <span class='ocrx_word' id='word_1_514' title='bbox 3582 3116 3748 3166; x_wconf 82' lang='grc' dir='ltr'>πᾶσιν</span> 
     </span>
    </p>
   </div>
   <div class='ocr_carea' id='block_1_66' title="bbox 452 3197 2043 3273">
    <p class='ocr_par' dir='ltr' id='par_1_66' title="bbox 452 3197 2043 3273">
     <span class='ocr_line' id='line_1_66' title="bbox 452 3197 2043 3273; baseline -0.004 -16"><span class='ocrx_word' id='word_1_515' title='bbox 452 3202 544 3273; x_wconf 87' lang='lat' dir='ltr'><strong>qui</strong></span> <span class='ocrx_word' id='word_1_516' title='bbox 573 3200 677 3256; x_wconf 91' lang='lat' dir='ltr'><strong>sibi</strong></span> <span class='ocrx_word' id='word_1_517' title='bbox 706 3200 760 3253; x_wconf 91' lang='lat' dir='ltr'><strong>in</strong></span> <span class='ocrx_word' id='word_1_518' title='bbox 786 3199 1227 3254; x_wconf 89' lang='lat' dir='ltr'><strong>tribulationibus</strong></span> <span class='ocrx_word' id='word_1_519' title='bbox 1258 3212 1317 3252; x_wconf 85' lang='lat' dir='ltr'><strong>se</strong></span> <span class='ocrx_word' id='word_1_520' title='bbox 1342 3199 1556 3268; x_wconf 91' lang='lat' dir='ltr'><strong>placere</strong></span> <span class='ocrx_word' id='word_1_521' title='bbox 1582 3206 1810 3252; x_wconf 88' lang='lat' dir='ltr'><strong>testatur</strong></span> <span class='ocrx_word' id='word_1_522' title='bbox 1835 3197 1902 3268; x_wconf 90' lang='lat' dir='ltr'><strong>(Il</strong></span> <span class='ocrx_word' id='word_1_523' title='bbox 1923 3198 2043 3253; x_wconf 86' lang='lat' dir='ltr'><strong>Cor.</strong></span> 
     </span>
    </p>
   </div>
   <div class='ocr_carea' id='block_1_67' title="bbox 453 3293 2049 3370">
    <p class='ocr_par' dir='ltr' id='par_1_67' title="bbox 453 3293 2049 3370">
     <span class='ocr_line' id='line_1_67' title="bbox 453 3293 2049 3370; baseline -0.004 -15"><span class='ocrx_word' id='word_1_524' title='bbox 453 3314 550 3365; x_wconf 87' lang='lat' dir='ltr'><strong>xu,</strong></span> <span class='ocrx_word' id='word_1_525' title='bbox 584 3297 694 3370; x_wconf 85' lang='grc'><strong>10).</strong></span> <span class='ocrx_word' id='word_1_526' title='bbox 726 3296 964 3367; x_wconf 90' lang='lat' dir='ltr'><strong>Fugatus</strong></span> <span class='ocrx_word' id='word_1_527' title='bbox 990 3297 1159 3362; x_wconf 87' lang='lat' dir='ltr'><strong>illinc,</strong></span> <span class='ocrx_word' id='word_1_528' title='bbox 1197 3296 1249 3348; x_wconf 92' lang='lat' dir='ltr'><strong>in</strong></span> <span class='ocrx_word' id='word_1_529' title='bbox 1283 3296 1484 3350; x_wconf 90' lang='lat' dir='ltr'><strong>nostris</strong></span> <span class='ocrx_word' id='word_1_530' title='bbox 1509 3294 1751 3364; x_wconf 83' lang='lat' dir='ltr'><strong>partibus</strong></span> <span class='ocrx_word' id='word_1_531' title='bbox 1784 3293 1803 3331; x_wconf 71' lang='grc' dir='ltr'><strong>ί</strong></span> <span class='ocrx_word' id='word_1_532' title='bbox 1839 3310 2049 3351; x_wconf 86' lang='lat' dir='ltr'><strong>recrea-</strong></span> 
     </span>
    </p>
   </div>
   <div class='ocr_carea' id='block_1_68' title="bbox 454 3387 2049 3457">
    <p class='ocr_par' dir='ltr' id='par_1_68' title="bbox 454 3387 2049 3457">
     <span class='ocr_line' id='line_1_68' title="bbox 454 3387 2049 3457; baseline -0.001 -12"><span class='ocrx_word' id='word_1_533' title='bbox 454 3400 540 3445; x_wconf 90' lang='lat' dir='ltr'><strong>tus</strong></span> <span class='ocrx_word' id='word_1_534' title='bbox 571 3398 674 3445; x_wconf 90' lang='lat' dir='ltr'><strong>est.</strong></span> <span class='ocrx_word' id='word_1_535' title='bbox 708 3389 949 3457; x_wconf 90' lang='lat' dir='ltr'><strong>Denique</strong></span> <span class='ocrx_word' id='word_1_536' title='bbox 990 3387 1078 3442; x_wconf 91' lang='lat' dir='ltr'><strong>hic</strong></span> <span class='ocrx_word' id='word_1_537' title='bbox 1107 3387 1159 3440; x_wconf 92' lang='lat' dir='ltr'><strong>ei</strong></span> <span class='ocrx_word' id='word_1_538' title='bbox 1196 3387 1599 3457; x_wconf 89' lang='lat' dir='ltr'><strong>redintegratus</strong></span> <span class='ocrx_word' id='word_1_539' title='bbox 1641 3396 1726 3443; x_wconf 91' lang='lat' dir='ltr'><strong>est</strong></span> <span class='ocrx_word' id='word_1_540' title='bbox 1753 3397 1961 3457; x_wconf 88' lang='lat' dir='ltr'><strong>status,</strong></span> <span class='ocrx_word' id='word_1_541' title='bbox 1995 3397 2049 3444; x_wconf 93' lang='lat' dir='ltr'><strong>et</strong></span> 
     </span>
    </p>
   </div>
   <div class='ocr_carea' id='block_1_69' title="bbox 455 3479 2049 3552">
    <p class='ocr_par' dir='ltr' id='par_1_69' title="bbox 455 3479 2049 3552">
     <span class='ocr_line' id='line_1_69' title="bbox 455 3479 2049 3552; baseline -0.001 -13"><span class='ocrx_word' id='word_1_542' title='bbox 455 3483 511 3539; x_wconf 91' lang='lat' dir='ltr'><strong>in</strong></span> <span class='ocrx_word' id='word_1_543' title='bbox 560 3482 662 3535; x_wconf 84' lang='lat' dir='ltr'><strong>hac</strong></span> <span class='ocrx_word' id='word_1_544' title='bbox 709 3479 839 3534; x_wconf 90' lang='lat' dir='ltr'><strong>sede</strong></span> <span class='ocrx_word' id='word_1_545' title='bbox 884 3480 1128 3546; x_wconf 89' lang='lat' dir='ltr'><strong>requiem</strong></span> <span class='ocrx_word' id='word_1_546' title='bbox 1157 3481 1554 3535; x_wconf 90' lang='lat' dir='ltr'><strong>communionis</strong></span> <span class='ocrx_word' id='word_1_547' title='bbox 1583 3482 1817 3548; x_wconf 87' lang='lat' dir='ltr'><strong>invenit,</strong></span> <span class='ocrx_word' id='word_1_548' title='bbox 1871 3498 1902 3536; x_wconf 90' lang='lat' dir='ltr'><strong>a</strong></span> <span class='ocrx_word' id='word_1_549' title='bbox 1944 3497 2049 3552; x_wconf 86' lang='lat' dir='ltr'><strong>qua</strong></span> 
     </span>
    </p>
   </div>
   <div class='ocr_carea' id='block_1_70' title="bbox 457 3569 2049 3641">
    <p class='ocr_par' dir='ltr' id='par_1_70' title="bbox 457 3569 2049 3641">
     <span class='ocr_line' id='line_1_70' title="bbox 457 3569 2049 3641; baseline 0.004 -18"><span class='ocrx_word' id='word_1_550' title='bbox 457 3584 482 3623; x_wconf 91' lang='lat' dir='ltr'><strong>s</strong></span> <span class='ocrx_word' id='word_1_551' title='bbox 514 3586 732 3641; x_wconf 87' lang='lat' dir='ltr'><strong>semper</strong></span> <span class='ocrx_word' id='word_1_552' title='bbox 761 3569 1044 3624; x_wconf 85' lang='lat' dir='ltr'><strong>catholicis</strong></span> <span class='ocrx_word' id='word_1_553' title='bbox 1072 3570 1407 3625; x_wconf 89' lang='lat' dir='ltr'><strong>subvenitur.</strong></span> <span class='ocrx_word' id='word_1_554' title='bbox 1442 3572 1552 3627; x_wconf 85' lang='lat' dir='ltr'><strong>Nec</strong></span> <span class='ocrx_word' id='word_1_555' title='bbox 1584 3583 1764 3629; x_wconf 89' lang='lat' dir='ltr'><strong>tamen</strong></span> <span class='ocrx_word' id='word_1_556' title='bbox 1798 3576 1969 3629; x_wconf 85' lang='lat' dir='ltr'><strong>sensit</strong></span> <span class='ocrx_word' id='word_1_557' title='bbox 1995 3577 2049 3630; x_wconf 91' lang='lat' dir='ltr'><strong>in</strong></span> 
     </span>
    </p>
   </div>
   <div class='ocr_carea' id='block_1_71' title="bbox 456 3648 2065 3738">
    <p class='ocr_par' dir='ltr' id='par_1_71' title="bbox 456 3648 2065 3738">
     <span class='ocr_line' id='line_1_71' title="bbox 456 3648 2065 3738; baseline 0.001 -16"><span class='ocrx_word' id='word_1_558' title='bbox 456 3663 897 3722; x_wconf 86' lang='lat' dir='ltr'><strong>tribulationibus</strong></span> <span class='ocrx_word' id='word_1_559' title='bbox 927 3663 1321 3732; x_wconf 88' lang='lat' dir='ltr'><strong>lassitudinem,</strong></span> <span class='ocrx_word' id='word_1_560' title='bbox 1357 3666 1446 3736; x_wconf 89' lang='lat' dir='ltr'><strong>qui</strong></span> <span class='ocrx_word' id='word_1_561' title='bbox 1480 3667 1652 3722; x_wconf 89' lang='lat' dir='ltr'><strong>factus</strong></span> <span class='ocrx_word' id='word_1_562' title='bbox 1675 3678 1758 3723; x_wconf 91' lang='lat' dir='ltr'><strong>est</strong></span> <span class='ocrx_word' id='word_1_563' title='bbox 1787 3669 1837 3721; x_wconf 91' lang='lat' dir='ltr'><strong>in</strong></span> <span class='ocrx_word' id='word_1_564' title='bbox 1868 3648 2065 3738; x_wconf 10' lang='lat' dir='ltr'><strong>perse-V</strong></span> 
     </span>
    </p>
   </div>
   <div class='ocr_carea' id='block_1_72' title="bbox 453 3756 2051 3817">
    <p class='ocr_par' dir='ltr' id='par_1_72' title="bbox 453 3756 2051 3817">
     <span class='ocr_line' id='line_1_72' title="bbox 453 3756 2051 3817; baseline 0 -1"><span class='ocrx_word' id='word_1_565' title='bbox 453 3759 677 3816; x_wconf 78' lang='lat' dir='ltr'><strong>eutione</strong></span> <span class='ocrx_word' id='word_1_566' title='bbox 706 3756 1006 3813; x_wconf 87' lang='lat' dir='ltr'><strong>confessor.</strong></span> <span class='ocrx_word' id='word_1_567' title='bbox 1063 3757 1216 3813; x_wconf 90' lang='lat' dir='ltr'><strong>Unde</strong></span> <span class='ocrx_word' id='word_1_568' title='bbox 1252 3758 1688 3817; x_wconf 68' lang='lat' dir='ltr'><strong>CHRISTIANORUM</strong></span> <span class='ocrx_word' id='word_1_569' title='bbox 1717 3762 1897 3816; x_wconf 92' lang='lat' dir='ltr'><strong>nullus</strong></span> <span class='ocrx_word' id='word_1_570' title='bbox 1928 3763 2051 3816; x_wconf 90' lang='lat' dir='ltr'><strong>illa-</strong></span> 
     </span>
    </p>
   </div>
   <div class='ocr_carea' id='block_1_73' title="bbox 477 3851 2051 3924">
    <p class='ocr_par' dir='ltr' id='par_1_73' title="bbox 477 3851 2051 3924">
     <span class='ocr_line' id='line_1_73' title="bbox 477 3851 2051 3924; baseline -0.001 -14"><span class='ocrx_word' id='word_1_571' title='bbox 477 3868 569 3910; x_wconf 85' lang='lat' dir='ltr'><strong>utn</strong></span> <span class='ocrx_word' id='word_1_572' title='bbox 592 3852 692 3907; x_wconf 88' lang='lat' dir='ltr'><strong>sibi</strong></span> <span class='ocrx_word' id='word_1_573' title='bbox 719 3852 1015 3920; x_wconf 85' lang='lat' dir='ltr'><strong>temporale</strong></span> <span class='ocrx_word' id='word_1_574' title='bbox 1035 3851 1238 3907; x_wconf 83' lang='lat' dir='ltr'><strong>deflere</strong></span> <span class='ocrx_word' id='word_1_575' title='bbox 1257 3851 1419 3908; x_wconf 89' lang='lat' dir='ltr'><strong>debet</strong></span> <span class='ocrx_word' id='word_1_576' title='bbox 1439 3855 1708 3921; x_wconf 85' lang='lat' dir='ltr'><strong>exsilium,</strong></span> <span class='ocrx_word' id='word_1_577' title='bbox 1729 3855 1852 3924; x_wconf 90' lang='lat' dir='ltr'><strong>quia</strong></span> <span class='ocrx_word' id='word_1_578' title='bbox 1872 3868 2051 3909; x_wconf 70' lang='lat' dir='ltr'><strong>eorum</strong></span> 
     </span>
    </p>
   </div>
   <div class='ocr_carea' id='block_1_74' title="bbox 455 3944 2048 4016">
    <p class='ocr_par' dir='ltr' id='par_1_74' title="bbox 455 3944 2048 4016">
     <span class='ocr_line' id='line_1_74' title="bbox 455 3944 2048 4016; baseline 0.001 -14"><span class='ocrx_word' id='word_1_579' title='bbox 455 3960 600 4003; x_wconf 66' lang='lat' dir='ltr'><strong>nemo</strong></span> <span class='ocrx_word' id='word_1_580' title='bbox 620 3944 771 3999; x_wconf 86' lang='lat' dir='ltr'><strong>exsul</strong></span> <span class='ocrx_word' id='word_1_581' title='bbox 795 3952 879 3999; x_wconf 85' lang='lat' dir='ltr'><strong>est</strong></span> <span class='ocrx_word' id='word_1_582' title='bbox 901 3944 1031 3998; x_wconf 91' lang='lat' dir='ltr'><strong>Deo.</strong></span> <span class='ocrx_word' id='word_1_583' title='bbox 1052 3944 1368 4000; x_wconf 87' lang='lat' dir='ltr'><strong>Timeamus</strong></span> <span class='ocrx_word' id='word_1_584' title='bbox 1393 3962 1462 4001; x_wconf 87' lang='lat' dir='ltr'><strong>ne</strong></span> <span class='ocrx_word' id='word_1_585' title='bbox 1484 3961 1515 4001; x_wconf 90' lang='lat' dir='ltr'><strong>e</strong></span> <span class='ocrx_word' id='word_1_586' title='bbox 1534 3949 1759 4016; x_wconf 81' lang='lat' dir='ltr'><strong>regione</strong></span> <span class='ocrx_word' id='word_1_587' title='bbox 1778 3948 2048 4015; x_wconf 88' lang='lat' dir='ltr'><strong>vivorum,</strong></span> 
     </span>
    </p>
   </div>
   <div class='ocr_carea' id='block_1_75' title="bbox 457 4037 2049 4109">
    <p class='ocr_par' dir='ltr' id='par_1_75' title="bbox 457 4037 2049 4109">
     <span class='ocr_line' id='line_1_75' title="bbox 457 4037 2049 4109; baseline 0.003 -16"><span class='ocrx_word' id='word_1_588' title='bbox 457 4037 563 4093; x_wconf 89' lang='lat' dir='ltr'><strong>hoc</strong></span> <span class='ocrx_word' id='word_1_589' title='bbox 607 4047 689 4092; x_wconf 90' lang='lat' dir='ltr'><strong>est</strong></span> <span class='ocrx_word' id='word_1_590' title='bbox 734 4037 825 4091; x_wconf 92' lang='lat' dir='ltr'><strong>illa</strong></span> <span class='ocrx_word' id='word_1_591' title='bbox 870 4051 1031 4104; x_wconf 89' lang='lat' dir='ltr'><strong>quam</strong></span> <span class='ocrx_word' id='word_1_592' title='bbox 1070 4045 1309 4091; x_wconf 89' lang='lat' dir='ltr'><strong>nostram</strong></span> <span class='ocrx_word' id='word_1_593' title='bbox 1340 4039 1570 4107; x_wconf 88' lang='lat' dir='ltr'><strong>patriam</strong></span> <span class='ocrx_word' id='word_1_594' title='bbox 1601 4049 1724 4094; x_wconf 88' lang='lat' dir='ltr'><strong>esse</strong></span> <span class='ocrx_word' id='word_1_595' title='bbox 1751 4040 2002 4097; x_wconf 92' lang='lat' dir='ltr'><strong>volumus</strong></span> <span class='ocrx_word' id='word_1_596' title='bbox 2033 4083 2049 4109; x_wconf 89' lang='lat'><strong>,</strong></span> 
     </span>
    </p>
   </div>
   <div class='ocr_carea' id='block_1_76' title="bbox 459 4128 2051 4202">
    <p class='ocr_par' dir='ltr' id='par_1_76' title="bbox 459 4128 2051 4202">
     <span class='ocr_line' id='line_1_76' title="bbox 459 4128 2051 4202; baseline 0.002 -15"><span class='ocrx_word' id='word_1_597' title='bbox 459 4132 790 4188; x_wconf 79' lang='lat' dir='ltr'><strong>exsulemus.</strong></span> <span class='ocrx_word' id='word_1_598' title='bbox 814 4128 951 4183; x_wconf 82' lang='lat' dir='ltr'><strong>[llud</strong></span> <span class='ocrx_word' id='word_1_599' title='bbox 975 4137 1057 4183; x_wconf 86' lang='lat' dir='ltr'><strong>est</strong></span> <span class='ocrx_word' id='word_1_600' title='bbox 1080 4138 1350 4198; x_wconf 90' lang='lat' dir='ltr'><strong>nostrum,</strong></span> <span class='ocrx_word' id='word_1_601' title='bbox 1381 4130 1516 4185; x_wconf 92' lang='lat' dir='ltr'><strong>illud</strong></span> <span class='ocrx_word' id='word_1_602' title='bbox 1547 4139 1889 4202; x_wconf 87' lang='lat' dir='ltr'><strong>perpetuum,</strong></span> <span class='ocrx_word' id='word_1_603' title='bbox 1919 4134 2051 4190; x_wconf 90' lang='lat' dir='ltr'><strong>illud</strong></span> 
     </span>
    </p>
   </div>
   <div class='ocr_carea' id='block_1_77' title="bbox 460 4222 2053 4293">
    <p class='ocr_par' dir='ltr' id='par_1_77' title="bbox 460 4222 2053 4293">
     <span class='ocr_line' id='line_1_77' title="bbox 460 4222 2053 4293; baseline 0.001 -12"><span class='ocrx_word' id='word_1_604' title='bbox 460 4236 743 4281; x_wconf 70' lang='lat' dir='ltr'><strong>arternum.</strong></span> <span class='ocrx_word' id='word_1_605' title='bbox 771 4222 1026 4278; x_wconf 80' lang='lat' dir='ltr'><strong>Nostrum</strong></span> <span class='ocrx_word' id='word_1_606' title='bbox 1053 4222 1201 4277; x_wconf 90' lang='lat' dir='ltr'><strong>enim</strong></span> <span class='ocrx_word' id='word_1_607' title='bbox 1225 4237 1333 4277; x_wconf 94' lang='lat' dir='ltr'><strong>non</strong></span> <span class='ocrx_word' id='word_1_608' title='bbox 1356 4231 1443 4279; x_wconf 91' lang='lat' dir='ltr'><strong>est</strong></span> <span class='ocrx_word' id='word_1_609' title='bbox 1462 4225 1604 4280; x_wconf 92' lang='lat' dir='ltr'><strong>unde</strong></span> <span class='ocrx_word' id='word_1_610' title='bbox 1632 4226 1924 4293; x_wconf 89' lang='lat' dir='ltr'><strong>transitur;</strong></span> <span class='ocrx_word' id='word_1_611' title='bbox 1956 4227 2053 4283; x_wconf 91' lang='lat' dir='ltr'><strong>sed</strong></span> 
     </span>
    </p>
   </div>
   <div class='ocr_carea' id='block_1_78' title="bbox 458 4314 2055 4387">
    <p class='ocr_par' dir='ltr' id='par_1_78' title="bbox 458 4314 2055 4387">
     <span class='ocr_line' id='line_1_78' title="bbox 458 4314 2055 4387; baseline 0.001 -14"><span class='ocrx_word' id='word_1_612' title='bbox 458 4318 547 4373; x_wconf 89' lang='lat' dir='ltr'><strong>illa</strong></span> <span class='ocrx_word' id='word_1_613' title='bbox 573 4331 700 4372; x_wconf 89' lang='lat' dir='ltr'><strong>vere</strong></span> <span class='ocrx_word' id='word_1_614' title='bbox 720 4322 924 4380; x_wconf 87' lang='lat' dir='ltr'><strong>nostra,</strong></span> <span class='ocrx_word' id='word_1_615' title='bbox 951 4330 1074 4385; x_wconf 83' lang='lat' dir='ltr'><strong>quae</strong></span> <span class='ocrx_word' id='word_1_616' title='bbox 1100 4328 1223 4384; x_wconf 89' lang='lat' dir='ltr'><strong>spes</strong></span> <span class='ocrx_word' id='word_1_617' title='bbox 1242 4314 1551 4371; x_wconf 89' lang='lat' dir='ltr'><strong>certissima</strong></span> <span class='ocrx_word' id='word_1_618' title='bbox 1576 4316 1885 4387; x_wconf 89' lang='lat' dir='ltr'><strong>pollicetur.</strong></span> <span class='ocrx_word' id='word_1_619' title='bbox 1914 4319 2055 4375; x_wconf 91' lang='lat' dir='ltr'><strong>Sunt</strong></span> 
     </span>
    </p>
   </div>
   <div class='ocr_carea' id='block_1_79' title="bbox 458 4409 2051 4482">
    <p class='ocr_par' dir='ltr' id='par_1_79' title="bbox 458 4409 2051 4482">
     <span class='ocr_line' id='line_1_79' title="bbox 458 4409 2051 4482; baseline -0.001 -14"><span class='ocrx_word' id='word_1_620' title='bbox 458 4420 668 4482; x_wconf 82' lang='lat' dir='ltr'><strong>autem,</strong></span> <span class='ocrx_word' id='word_1_621' title='bbox 702 4411 917 4467; x_wconf 88' lang='lat' dir='ltr'><strong>dicente</strong></span> <span class='ocrx_word' id='word_1_622' title='bbox 946 4409 1241 4481; x_wconf 85' lang='lat' dir='ltr'><strong>Apostolo,</strong></span> <span class='ocrx_word' id='word_1_623' title='bbox 1274 4426 1389 4478; x_wconf 73' lang='lat' dir='ltr'><strong>qua:</strong></span> <span class='ocrx_word' id='word_1_624' title='bbox 1419 4410 1602 4466; x_wconf 82' lang='lat' dir='ltr'><strong>oculus</strong></span> <span class='ocrx_word' id='word_1_625' title='bbox 1637 4426 1741 4466; x_wconf 89' lang='lat' dir='ltr'><strong>non</strong></span> <span class='ocrx_word' id='word_1_626' title='bbox 1770 4413 1927 4480; x_wconf 85' lang='lat' dir='ltr'><strong>vidit,</strong></span> <span class='ocrx_word' id='word_1_627' title='bbox 1961 4429 2051 4467; x_wconf 83' lang='lat' dir='ltr'><strong>nec</strong></span> 
     </span>
    </p>
   </div>
   <div class='ocr_carea' id='block_1_80' title="bbox 2152 3203 3751 3279">
    <p class='ocr_par' dir='ltr' id='par_1_80' title="bbox 2152 3203 3751 3279">
     <span class='ocr_line' id='line_1_80' title="bbox 2152 3203 3751 3279; baseline 0.001 -20"><span class='ocrx_word' id='word_1_628' title='bbox 2152 3204 2326 3277; x_wconf 83' lang='grc' dir='ltr'>ἐκείνῳ</span> <span class='ocrx_word' id='word_1_629' title='bbox 2356 3205 2663 3264; x_wconf 74' lang='grc' dir='ltr'>ἠκολούθησε</span> <span class='ocrx_word' id='word_1_630' title='bbox 2696 3213 2768 3274; x_wconf 86' lang='grc' dir='ltr'>τῷ</span> <span class='ocrx_word' id='word_1_631' title='bbox 2798 3205 3201 3279; x_wconf 85' lang='grc' dir='ltr'>μαρτυρομένῳ,</span> <span class='ocrx_word' id='word_1_632' title='bbox 3235 3203 3313 3260; x_wconf 83' lang='grc' dir='ltr'>ὅτι</span> <span class='ocrx_word' id='word_1_633' title='bbox 3355 3205 3522 3277; x_wconf 79' lang='grc' dir='ltr'>ἑαυτῷ</span> <span class='ocrx_word' id='word_1_634' title='bbox 3552 3208 3613 3260; x_wconf 80' lang='grc' dir='ltr'>ἐν</span> <span class='ocrx_word' id='word_1_635' title='bbox 3643 3215 3751 3266; x_wconf 83' lang='grc' dir='ltr'>ταῖς</span> 
     </span>
    </p>
   </div>
   <div class='ocr_carea' id='block_1_81' title="bbox 2151 3294 3754 3375">
    <p class='ocr_par' dir='ltr' id='par_1_81' title="bbox 2151 3294 3754 3375">
     <span class='ocr_line' id='line_1_81' title="bbox 2151 3294 3754 3375; baseline 0.001 -25"><span class='ocrx_word' id='word_1_636' title='bbox 2151 3297 2375 3367; x_wconf 67' lang='grc' dir='ltr'>θλίψεσιν</span> <span class='ocrx_word' id='word_1_637' title='bbox 2402 3298 2624 3370; x_wconf 84' lang='grc' dir='ltr'>ἀρέσκει.</span> <span class='ocrx_word' id='word_1_638' title='bbox 2650 3294 2898 3366; x_wconf 78' lang='grc' dir='ltr'>Ἐδιὼχθη</span> <span class='ocrx_word' id='word_1_639' title='bbox 2927 3296 3130 3359; x_wconf 77' lang='grc' dir='ltr'>ἐκεῖθεν,</span> <span class='ocrx_word' id='word_1_640' title='bbox 3168 3299 3249 3350; x_wconf 62' lang='grc' dir='ltr'><strong>καί</strong></span> <span class='ocrx_word' id='word_1_641' title='bbox 3278 3299 3327 3350; x_wconf 79' lang='grc' dir='ltr'>ὲν</span> <span class='ocrx_word' id='word_1_642' title='bbox 3352 3306 3462 3356; x_wconf 87' lang='grc' dir='ltr'>τοῖς</span> <span class='ocrx_word' id='word_1_643' title='bbox 3484 3300 3754 3375; x_wconf 72' lang='grc' dir='ltr'>ἡμετέροις</span> 
     </span>
    </p>
   </div>
   <div class='ocr_carea' id='block_1_82' title="bbox 2152 3390 3753 3464">
    <p class='ocr_par' dir='ltr' id='par_1_82' title="bbox 2152 3390 3753 3464">
     <span class='ocr_line' id='line_1_82' title="bbox 2152 3390 3753 3464; baseline 0.003 -21"><span class='ocrx_word' id='word_1_644' title='bbox 2152 3392 2358 3464; x_wconf 87' lang='grc' dir='ltr'>μέρεσιν</span> <span class='ocrx_word' id='word_1_645' title='bbox 2389 3391 2702 3444; x_wconf 86' lang='grc' dir='ltr'>άνεκτίσατο.</span> <span class='ocrx_word' id='word_1_646' title='bbox 2735 3390 2922 3459; x_wconf 81' lang='grc' dir='ltr'>Ἀμέλει</span> <span class='ocrx_word' id='word_1_647' title='bbox 2946 3391 3161 3444; x_wconf 86' lang='grc' dir='ltr'>ἐνταῦθα</span> <span class='ocrx_word' id='word_1_648' title='bbox 3187 3392 3342 3445; x_wconf 80' lang='grc' dir='ltr'>αὐτοῦ</span> <span class='ocrx_word' id='word_1_649' title='bbox 3369 3394 3399 3449; x_wconf 83' lang='grc' dir='ltr'>ἡ</span> <span class='ocrx_word' id='word_1_650' title='bbox 3430 3394 3753 3454; x_wconf 77' lang='grc' dir='ltr'>κατάστασις</span> 
     </span>
    </p>
   </div>
   <div class='ocr_carea' id='block_1_83' title="bbox 2155 3481 3756 3559">
    <p class='ocr_par' dir='ltr' id='par_1_83' title="bbox 2155 3481 3756 3559">
     <span class='ocr_line' id='line_1_83' title="bbox 2155 3481 3756 3559; baseline 0.003 -21"><span class='ocrx_word' id='word_1_651' title='bbox 2155 3485 2487 3548; x_wconf 78' lang='grc' dir='ltr'>ἀνεκαινίσθη,</span> <span class='ocrx_word' id='word_1_652' title='bbox 2516 3486 2601 3536; x_wconf 87' lang='grc' dir='ltr'>καὶ</span> <span class='ocrx_word' id='word_1_653' title='bbox 2630 3485 2679 3536; x_wconf 83' lang='grc' dir='ltr'>ἐν</span> <span class='ocrx_word' id='word_1_654' title='bbox 2708 3484 2874 3554; x_wconf 79' lang='grc' dir='ltr'>τούτῳ</span> <span class='ocrx_word' id='word_1_655' title='bbox 2903 3490 2975 3553; x_wconf 83' lang='grc' dir='ltr'>τῷ</span> <span class='ocrx_word' id='word_1_656' title='bbox 3004 3483 3157 3559; x_wconf 86' lang='grc' dir='ltr'>θρόνῳ</span> <span class='ocrx_word' id='word_1_657' title='bbox 3188 3481 3306 3559; x_wconf 79' lang='grc' dir='ltr'>εὗρε</span> <span class='ocrx_word' id='word_1_658' title='bbox 3338 3489 3609 3548; x_wconf 80' lang='grc' dir='ltr'>κοινωνίας</span> <span class='ocrx_word' id='word_1_659' title='bbox 3640 3490 3756 3542; x_wconf 76' lang='grc' dir='ltr'><strong>ιΞινάι⁴</strong></span> 
     </span>
    </p>
   </div>
   <div class='ocr_carea' id='block_1_84' title="bbox 2157 3573 3757 3648">
    <p class='ocr_par' dir='ltr' id='par_1_84' title="bbox 2157 3573 3757 3648">
     <span class='ocr_line' id='line_1_84' title="bbox 2157 3573 3757 3648; baseline 0.001 -16"><span class='ocrx_word' id='word_1_660' title='bbox 2157 3598 2369 3639; x_wconf 90' lang='grc' dir='ltr'>παυσιν,</span> <span class='ocrx_word' id='word_1_661' title='bbox 2403 3577 2484 3648; x_wconf 66' lang='grc' dir='ltr'><strong>ἀφ’</strong></span> <span class='ocrx_word' id='word_1_662' title='bbox 2514 3573 2572 3629; x_wconf 76' lang='grc' dir='ltr'>οὗ</span> <span class='ocrx_word' id='word_1_663' title='bbox 2603 3577 2681 3629; x_wconf 89' lang='grc' dir='ltr'>ἀεὶ</span> <span class='ocrx_word' id='word_1_664' title='bbox 2706 3584 2813 3636; x_wconf 85' lang='grc' dir='ltr'>τοῖς</span> <span class='ocrx_word' id='word_1_665' title='bbox 2844 3576 3130 3635; x_wconf 86' lang='grc' dir='ltr'>καθολικοῖς</span> <span class='ocrx_word' id='word_1_666' title='bbox 3158 3582 3393 3646; x_wconf 77' lang='grc' dir='ltr'>γεννᾶται</span> <span class='ocrx_word' id='word_1_667' title='bbox 3419 3578 3757 3646; x_wconf 63' lang='grc' dir='ltr'>βοήθειαιὶαί</span> 
     </span>
    </p>
   </div>
   <div class='ocr_carea' id='block_1_85' title="bbox 2157 3666 3756 3743">
    <p class='ocr_par' dir='ltr' id='par_1_85' title="bbox 2157 3666 3756 3743">
     <span class='ocr_line' id='line_1_85' title="bbox 2157 3666 3756 3743; baseline 0.001 -22"><span class='ocrx_word' id='word_1_668' title='bbox 2157 3667 2295 3739; x_wconf 82' lang='grc' dir='ltr'>ὅμως</span> <span class='ocrx_word' id='word_1_669' title='bbox 2326 3672 2375 3723; x_wconf 84' lang='grc' dir='ltr'>ἐν</span> <span class='ocrx_word' id='word_1_670' title='bbox 2404 3677 2518 3727; x_wconf 88' lang='grc' dir='ltr'>ταῖς</span> <span class='ocrx_word' id='word_1_671' title='bbox 2546 3668 2777 3743; x_wconf 65' lang='grc' dir='ltr'>θρίψεσιν</span> <span class='ocrx_word' id='word_1_672' title='bbox 2817 3670 2901 3720; x_wconf 82' lang='grc' dir='ltr'><strong>οῦκ</strong></span> <span class='ocrx_word' id='word_1_673' title='bbox 2944 3666 3130 3741; x_wconf 69' lang='grc' dir='ltr'>ᾔσθετο</span> <span class='ocrx_word' id='word_1_674' title='bbox 3164 3670 3320 3723; x_wconf 89' lang='grc' dir='ltr'>πόνου</span> <span class='ocrx_word' id='word_1_675' title='bbox 3354 3669 3379 3723; x_wconf 89' lang='grc' dir='ltr'><strong>ό</strong></span> <span class='ocrx_word' id='word_1_676' title='bbox 3409 3670 3680 3740; x_wconf 76' lang='grc' dir='ltr'>γενόμενος</span> <span class='ocrx_word' id='word_1_677' title='bbox 3711 3673 3756 3723; x_wconf 85' lang='grc' dir='ltr'>ἐν</span> 
     </span>
    </p>
   </div>
   <div class='ocr_carea' id='block_1_86' title="bbox 2157 3758 3754 3841">
    <p class='ocr_par' dir='ltr' id='par_1_86' title="bbox 2157 3758 3754 3841">
     <span class='ocr_line' id='line_1_86' title="bbox 2157 3758 3754 3841; baseline 0.001 -27"><span class='ocrx_word' id='word_1_678' title='bbox 2157 3772 2229 3835; x_wconf 79' lang='grc' dir='ltr'>τῷ</span> <span class='ocrx_word' id='word_1_679' title='bbox 2271 3761 2475 3833; x_wconf 78' lang='grc' dir='ltr'>διωγμῷ</span> <span class='ocrx_word' id='word_1_680' title='bbox 2516 3760 2841 3832; x_wconf 81' lang='grc' dir='ltr'>όμολογητής.</span> <span class='ocrx_word' id='word_1_681' title='bbox 2885 3758 3031 3814; x_wconf 52' lang='grc' dir='ltr'>θΟθεν</span> <span class='ocrx_word' id='word_1_682' title='bbox 3078 3759 3241 3821; x_wconf 81' lang='grc' dir='ltr'>οὐδεὶς</span> <span class='ocrx_word' id='word_1_683' title='bbox 3286 3770 3384 3815; x_wconf 85' lang='grc' dir='ltr'><strong>τῶν</strong></span> <span class='ocrx_word' id='word_1_684' title='bbox 3433 3771 3754 3841; x_wconf 83' lang='grc' dir='ltr'>χριστιανῶν</span> 
     </span>
    </p>
   </div>
   <div class='ocr_carea' id='block_1_87' title="bbox 2157 3852 3755 3931">
    <p class='ocr_par' dir='ltr' id='par_1_87' title="bbox 2157 3852 3755 3931">
     <span class='ocr_line' id='line_1_87' title="bbox 2157 3852 3755 3931; baseline 0.004 -29"><span class='ocrx_word' id='word_1_685' title='bbox 2157 3852 2373 3907; x_wconf 78' lang='grc' dir='ltr'>κλαῦσαι</span> <span class='ocrx_word' id='word_1_686' title='bbox 2404 3853 2584 3924; x_wconf 71' lang='grc' dir='ltr'>ὀφείλει</span> <span class='ocrx_word' id='word_1_687' title='bbox 2609 3857 2698 3910; x_wconf 78' lang='grc' dir='ltr'>τὴν</span> <span class='ocrx_word' id='word_1_688' title='bbox 2731 3854 3096 3922; x_wconf 82' lang='grc' dir='ltr'>ἐπενεχθεῖσαν</span> <span class='ocrx_word' id='word_1_689' title='bbox 3130 3854 3271 3923; x_wconf 74' lang='grc' dir='ltr'>αὐτῷ</span> <span class='ocrx_word' id='word_1_690' title='bbox 3311 3855 3629 3931; x_wconf 81' lang='grc' dir='ltr'>πρόσκαιρον</span> <span class='ocrx_word' id='word_1_691' title='bbox 3656 3858 3755 3920; x_wconf 78' lang='grc' dir='ltr'><strong>ἐξοο</strong></span> 
     </span>
    </p>
   </div>
   <div class='ocr_carea' id='block_1_88' title="bbox 2157 3941 3755 4020">
    <p class='ocr_par' dir='ltr' id='par_1_88' title="bbox 2157 3941 3755 4020">
     <span class='ocr_line' id='line_1_88' title="bbox 2157 3941 3755 4020; baseline 0.002 -24"><span class='ocrx_word' id='word_1_692' title='bbox 2157 3946 2292 4019; x_wconf 84' lang='grc' dir='ltr'>ρίαν,</span> <span class='ocrx_word' id='word_1_693' title='bbox 2324 3941 2400 3997; x_wconf 79' lang='grc' dir='ltr'>ὅτι</span> <span class='ocrx_word' id='word_1_694' title='bbox 2431 3946 2627 3996; x_wconf 87' lang='grc' dir='ltr'>ἐκείνων</span> <span class='ocrx_word' id='word_1_695' title='bbox 2666 3941 2826 4003; x_wconf 75' lang='grc' dir='ltr'>οὐδεὶς</span> <span class='ocrx_word' id='word_1_696' title='bbox 2858 3945 3187 4020; x_wconf 81' lang='grc' dir='ltr'>ἐξωρισμένος</span> <span class='ocrx_word' id='word_1_697' title='bbox 3231 3947 3339 4000; x_wconf 80' lang='grc' dir='ltr'>ἐστὶ</span> <span class='ocrx_word' id='word_1_698' title='bbox 3369 3954 3497 4018; x_wconf 83' lang='grc' dir='ltr'>Θεῷ.</span> <span class='ocrx_word' id='word_1_699' title='bbox 3550 3948 3755 4002; x_wconf 77' lang='grc' dir='ltr'>Μᾶλλον</span> 
     </span>
    </p>
   </div>
   <div class='ocr_carea' id='block_1_89' title="bbox 2154 4036 3755 4111">
    <p class='ocr_par' dir='ltr' id='par_1_89' title="bbox 2154 4036 3755 4111">
     <span class='ocr_line' id='line_1_89' title="bbox 2154 4036 3755 4111; baseline 0.001 -22"><span class='ocrx_word' id='word_1_700' title='bbox 2154 4036 2462 4109; x_wconf 62' lang='grc' dir='ltr'>φοϐηθῶμεν,</span> <span class='ocrx_word' id='word_1_701' title='bbox 2499 4042 2567 4104; x_wconf 81' lang='grc' dir='ltr'>μὴ</span> <span class='ocrx_word' id='word_1_702' title='bbox 2601 4036 2702 4089; x_wconf 85' lang='grc' dir='ltr'>ἀπὸ</span> <span class='ocrx_word' id='word_1_703' title='bbox 2744 4045 2834 4096; x_wconf 82' lang='grc' dir='ltr'>τῆς</span> <span class='ocrx_word' id='word_1_704' title='bbox 2877 4040 3060 4111; x_wconf 82' lang='grc' dir='ltr'>χώρας</span> <span class='ocrx_word' id='word_1_705' title='bbox 3105 4043 3206 4090; x_wconf 85' lang='grc' dir='ltr'><strong>τῶν</strong></span> <span class='ocrx_word' id='word_1_706' title='bbox 3235 4039 3450 4103; x_wconf 80' lang='grc' dir='ltr'>ζώντων,</span> <span class='ocrx_word' id='word_1_707' title='bbox 3486 4041 3755 4093; x_wconf 83' lang='grc' dir='ltr'>τουτέστιν</span> 
     </span>
    </p>
   </div>
   <div class='ocr_carea' id='block_1_90' title="bbox 2154 4125 3753 4205">
    <p class='ocr_par' dir='ltr' id='par_1_90' title="bbox 2154 4125 3753 4205">
     <span class='ocr_line' id='line_1_90' title="bbox 2154 4125 3753 4205; baseline 0.003 -24"><span class='ocrx_word' id='word_1_708' title='bbox 2154 4131 2469 4193; x_wconf 77' lang='grc' dir='ltr'>ἀπ’έκείνης,</span> <span class='ocrx_word' id='word_1_709' title='bbox 2505 4130 2563 4187; x_wconf 76' lang='grc' dir='ltr'>ἢν</span> <span class='ocrx_word' id='word_1_710' title='bbox 2602 4131 2851 4203; x_wconf 75' lang='grc' dir='ltr'>ἡμετέραν</span> <span class='ocrx_word' id='word_1_711' title='bbox 2901 4130 3100 4200; x_wconf 81' lang='grc' dir='ltr'>θέλομεν</span> <span class='ocrx_word' id='word_1_712' title='bbox 3140 4125 3260 4183; x_wconf 82' lang='grc' dir='ltr'>εἶναι</span> <span class='ocrx_word' id='word_1_713' title='bbox 3301 4129 3562 4205; x_wconf 79' lang='grc' dir='ltr'>πατρίδα,</span> <span class='ocrx_word' id='word_1_714' title='bbox 3596 4132 3753 4201; x_wconf 82' lang='grc' dir='ltr'>ἐξορι-</span> 
     </span>
    </p>
   </div>
   <div class='ocr_carea' id='block_1_91' title="bbox 2153 4220 3754 4295">
    <p class='ocr_par' dir='ltr' id='par_1_91' title="bbox 2153 4220 3754 4295">
     <span class='ocr_line' id='line_1_91' title="bbox 2153 4220 3754 4295; baseline 0.002 -22"><span class='ocrx_word' id='word_1_715' title='bbox 2153 4224 2369 4292; x_wconf 86' lang='grc' dir='ltr'>σθῶμεν.</span> <span class='ocrx_word' id='word_1_716' title='bbox 2411 4222 2598 4276; x_wconf 81' lang='grc' dir='ltr'>Ἐκεῖνό</span> <span class='ocrx_word' id='word_1_717' title='bbox 2642 4223 2778 4276; x_wconf 86' lang='grc' dir='ltr'>ἐστιν</span> <span class='ocrx_word' id='word_1_718' title='bbox 2829 4224 3093 4295; x_wconf 78' lang='grc' dir='ltr'>ἡμέτερον,</span> <span class='ocrx_word' id='word_1_719' title='bbox 3124 4224 3279 4276; x_wconf 87' lang='grc' dir='ltr'>ἐκεῖνο</span> <span class='ocrx_word' id='word_1_720' title='bbox 3326 4220 3563 4287; x_wconf 83' lang='grc' dir='ltr'>διηνεκὲς,</span> <span class='ocrx_word' id='word_1_721' title='bbox 3599 4222 3754 4277; x_wconf 80' lang='grc' dir='ltr'>έκεῖνο</span> 
     </span>
    </p>
   </div>
   <div class='ocr_carea' id='block_1_92' title="bbox 2160 4311 3756 4390">
    <p class='ocr_par' dir='ltr' id='par_1_92' title="bbox 2160 4311 3756 4390">
     <span class='ocr_line' id='line_1_92' title="bbox 2160 4311 3756 4390; baseline -0.001 -19"><span class='ocrx_word' id='word_1_722' title='bbox 2160 4320 2357 4371; x_wconf 80' lang='grc' dir='ltr'>αἰώνιον</span> <span class='ocrx_word' id='word_1_723' title='bbox 2406 4318 2505 4370; x_wconf 78' lang='grc' dir='ltr'><strong>Οὐκ</strong></span> <span class='ocrx_word' id='word_1_724' title='bbox 2536 4314 2647 4370; x_wconf 77' lang='grc' dir='ltr'>ἔστι</span> <span class='ocrx_word' id='word_1_725' title='bbox 2674 4317 2774 4390; x_wconf 76' lang='grc' dir='ltr'><strong>γάρ</strong></span> <span class='ocrx_word' id='word_1_726' title='bbox 2802 4319 2961 4369; x_wconf 85' lang='grc' dir='ltr'>ἐκεῖνο</span> <span class='ocrx_word' id='word_1_727' title='bbox 2991 4318 3234 4386; x_wconf 77' lang='grc' dir='ltr'>ἡμέτερον</span> <span class='ocrx_word' id='word_1_728' title='bbox 3253 4356 3266 4379; x_wconf 90' lang='grc'><strong>,</strong></span> <span class='ocrx_word' id='word_1_729' title='bbox 3301 4311 3435 4369; x_wconf 71' lang='grc' dir='ltr'>διὀὖ</span> <span class='ocrx_word' id='word_1_730' title='bbox 3461 4316 3584 4386; x_wconf 81' lang='grc' dir='ltr'>μόνη</span> <span class='ocrx_word' id='word_1_731' title='bbox 3614 4318 3756 4389; x_wconf 83' lang='grc' dir='ltr'>πάρ-</span> 
     </span>
    </p>
   </div>
   <div class='ocr_carea' id='block_1_93' title="bbox 2158 4410 3754 4485">
    <p class='ocr_par' dir='ltr' id='par_1_93' title="bbox 2158 4410 3754 4485">
     <span class='ocr_line' id='line_1_93' title="bbox 2158 4410 3754 4485; baseline -0.001 -22"><span class='ocrx_word' id='word_1_732' title='bbox 2158 4410 2292 4469; x_wconf 75' lang='grc' dir='ltr'>οδος¹</span> <span class='ocrx_word' id='word_1_733' title='bbox 2336 4410 2460 4464; x_wconf 86' lang='grc' dir='ltr'><strong>ἀλλά</strong></span> <span class='ocrx_word' id='word_1_734' title='bbox 2499 4416 2666 4463; x_wconf 88' lang='grc' dir='ltr'>ταῦτα</span> <span class='ocrx_word' id='word_1_735' title='bbox 2706 4410 2899 4468; x_wconf 80' lang='grc' dir='ltr'>ἀληθῶς</span> <span class='ocrx_word' id='word_1_736' title='bbox 2942 4410 3162 4483; x_wconf 76' lang='grc' dir='ltr'>ἡμέτερα</span> <span class='ocrx_word' id='word_1_737' title='bbox 3185 4451 3199 4477; x_wconf 87' lang='grc'><strong>,</strong></span> <span class='ocrx_word' id='word_1_738' title='bbox 3233 4410 3363 4485; x_wconf 76' lang='grc' dir='ltr'>ἥπερ</span> <span class='ocrx_word' id='word_1_739' title='bbox 3391 4410 3754 4482; x_wconf 64' lang='grc' dir='ltr'>ἀσφαλεστάτη</span> 
     </span>
    </p>
   </div>
   <div class='ocr_carea' id='block_1_94' title="bbox 457 4499 2040 4576">
    <p class='ocr_par' dir='ltr' id='par_1_94' title="bbox 457 4501 2040 4576">
     <span class='ocr_line' id='line_1_94' title="bbox 457 4501 2040 4576; baseline 0.001 -17"><span class='ocrx_word' id='word_1_740' title='bbox 457 4505 599 4559; x_wconf 78' lang='lat' dir='ltr'><strong>auris</strong></span> <span class='ocrx_word' id='word_1_741' title='bbox 628 4504 848 4571; x_wconf 83' lang='lat' dir='ltr'><strong>audivit,</strong></span> <span class='ocrx_word' id='word_1_742' title='bbox 882 4518 974 4557; x_wconf 81' lang='lat' dir='ltr'><strong>nec</strong></span> <span class='ocrx_word' id='word_1_743' title='bbox 1001 4502 1056 4556; x_wconf 91' lang='lat' dir='ltr'><strong>in</strong></span> <span class='ocrx_word' id='word_1_744' title='bbox 1077 4518 1167 4557; x_wconf 86' lang='lat' dir='ltr'><strong>cor</strong></span> <span class='ocrx_word' id='word_1_745' title='bbox 1187 4501 1411 4557; x_wconf 84' lang='lat' dir='ltr'><strong>hominis</strong></span> <span class='ocrx_word' id='word_1_746' title='bbox 1440 4505 1779 4560; x_wconf 84' lang='lat' dir='ltr'><strong>ascenderunt</strong></span> <span class='ocrx_word' id='word_1_747' title='bbox 1800 4503 1910 4559; x_wconf 78' lang='lat' dir='ltr'><strong>htec</strong></span> <span class='ocrx_word' id='word_1_748' title='bbox 1936 4523 2040 4576; x_wconf 80' lang='lat' dir='ltr'><strong>qua</strong></span> 
     </span>
    </p>
   </div>
   <div class='ocr_carea' id='block_1_95' title="bbox 2150 4499 3799 4576">
    <p class='ocr_par' dir='ltr' id='par_1_95' title="bbox 2153 4499 3799 4576">
     <span class='ocr_line' id='line_1_95' title="bbox 2153 4499 3799 4576; baseline -0.002 -16"><span class='ocrx_word' id='word_1_749' title='bbox 2153 4507 2293 4565; x_wconf 84' lang='grc' dir='ltr'>ἐλπίς</span> <span class='ocrx_word' id='word_1_750' title='bbox 2322 4502 2697 4575; x_wconf 82' lang='grc' dir='ltr'>ἐπαγγέλλεται.</span> <span class='ocrx_word' id='word_1_751' title='bbox 2729 4499 2876 4556; x_wconf 71' lang='grc' dir='ltr'>’Ἐστι</span> <span class='ocrx_word' id='word_1_752' title='bbox 2905 4506 2954 4556; x_wconf 84' lang='grc' dir='ltr'><strong>δέ</strong></span> <span class='ocrx_word' id='word_1_753' title='bbox 2978 4503 3207 4576; x_wconf 78' lang='grc' dir='ltr'>λέγοντος</span> <span class='ocrx_word' id='word_1_754' title='bbox 3237 4506 3457 4559; x_wconf 89' lang='grc' dir='ltr'>ἀκοῦσαι</span> <span class='ocrx_word' id='word_1_755' title='bbox 3493 4510 3578 4558; x_wconf 90' lang='grc' dir='ltr'><strong>τοῦ</strong></span> <span class='ocrx_word' id='word_1_756' title='bbox 3611 4506 3753 4559; x_wconf 81' lang='grc' dir='ltr'>ἀπο-</span> <span class='ocrx_word' id='word_1_757' title='bbox 3792 4564 3799 4572; x_wconf 31' lang='grc' dir='ltr'><strong>Δ</strong></span> 
     </span>
    </p>
   </div>
   <div class='ocr_carea' id='block_1_96' title="bbox 532 4728 2046 4801">
    <p class='ocr_par' dir='ltr' id='par_1_96' title="bbox 532 4728 2046 4801">
     <span class='ocr_line' id='line_1_96' title="bbox 532 4728 2046 4801; baseline -0.001 -16"><span class='ocrx_word' id='word_1_758' title='bbox 532 4740 558 4769; x_wconf 77' lang='grc' dir='ltr'>ει</span> <span class='ocrx_word' id='word_1_759' title='bbox 596 4729 655 4785; x_wconf 87' lang='lat' dir='ltr'><strong>In</strong></span> <span class='ocrx_word' id='word_1_760' title='bbox 683 4730 897 4801; x_wconf 85' lang='lat' dir='ltr'><strong>vulgata</strong></span> <span class='ocrx_word' id='word_1_761' title='bbox 921 4729 1150 4784; x_wconf 90' lang='lat' dir='ltr'><strong>lectione</strong></span> <span class='ocrx_word' id='word_1_762' title='bbox 1174 4728 1385 4801; x_wconf 60' lang='grc' dir='ltr'>(ξιξερο,</span> <span class='ocrx_word' id='word_1_763' title='bbox 1419 4733 1463 4785; x_wconf 80' lang='grc' dir='ltr'>εἰ</span> <span class='ocrx_word' id='word_1_764' title='bbox 1489 4731 1677 4790; x_wconf 80' lang='grc' dir='ltr'>ἐκεῖνος</span> <span class='ocrx_word' id='word_1_765' title='bbox 1706 4732 1910 4795; x_wconf 84' lang='grc' dir='ltr'>ἀνάξιος</span> <span class='ocrx_word' id='word_1_766' title='bbox 1931 4770 1946 4794; x_wconf 88' lang='grc'><strong>,</strong></span> <span class='ocrx_word' id='word_1_767' title='bbox 1981 4730 2046 4785; x_wconf 85' lang='lat' dir='ltr'><strong>Si</strong></span> 
     </span>
    </p>
   </div>
   <div class='ocr_carea' id='block_1_97' title="bbox 457 4799 2047 4873">
    <p class='ocr_par' dir='ltr' id='par_1_97' title="bbox 457 4799 2047 4873">
     <span class='ocr_line' id='line_1_97' title="bbox 457 4799 2047 4873; baseline -0.001 -17"><span class='ocrx_word' id='word_1_768' title='bbox 457 4801 548 4857; x_wconf 80' lang='lat' dir='ltr'><strong>ille</strong></span> <span class='ocrx_word' id='word_1_769' title='bbox 599 4803 697 4870; x_wconf 82' lang='lat' dir='ltr'><strong>fuit</strong></span> <span class='ocrx_word' id='word_1_770' title='bbox 737 4799 1019 4873; x_wconf 76' lang='lat' dir='ltr'><strong>indignus;</strong></span> <span class='ocrx_word' id='word_1_771' title='bbox 1067 4799 1210 4873; x_wconf 78' lang='lat' dir='ltr'><strong>quod</strong></span> <span class='ocrx_word' id='word_1_772' title='bbox 1260 4809 1440 4869; x_wconf 88' lang='lat' dir='ltr'><strong>potest</strong></span> <span class='ocrx_word' id='word_1_773' title='bbox 1479 4801 1687 4855; x_wconf 90' lang='lat' dir='ltr'><strong>admitti</strong></span> <span class='ocrx_word' id='word_1_774' title='bbox 1740 4802 2047 4871; x_wconf 83' lang='lat' dir='ltr'><strong>supplendo</strong></span> 
     </span>
    </p>
   </div>
   <div class='ocr_carea' id='block_1_98' title="bbox 458 4870 2047 4942">
    <p class='ocr_par' dir='ltr' id='par_1_98' title="bbox 458 4870 2047 4942">
     <span class='ocr_line' id='line_1_98' title="bbox 458 4870 2047 4942; baseline 0.002 -19"><span class='ocrx_word' id='word_1_775' title='bbox 458 4873 603 4942; x_wconf 80' lang='lat' dir='ltr'><strong>regni</strong></span> <span class='ocrx_word' id='word_1_776' title='bbox 630 4870 1011 4927; x_wconf 53' lang='lat' dir='ltr'><strong>honoratum</strong></span> <span class='ocrx_word' id='word_1_777' title='bbox 1052 4870 1230 4942; x_wconf 71' lang='lat' dir='ltr'><strong>regiis</strong></span> <span class='ocrx_word' id='word_1_778' title='bbox 1245 4880 1424 4925; x_wconf 86' lang='lat' dir='ltr'><strong>autem</strong></span> <span class='ocrx_word' id='word_1_779' title='bbox 1458 4886 1588 4925; x_wconf 92' lang='lat' dir='ltr'><strong>mss.</strong></span> <span class='ocrx_word' id='word_1_780' title='bbox 1620 4870 1821 4940; x_wconf 86' lang='lat' dir='ltr'><strong>utpote</strong></span> <span class='ocrx_word' id='word_1_781' title='bbox 1851 4874 2047 4942; x_wconf 88' lang='lat' dir='ltr'><strong>quibus</strong></span> 
     </span>
    </p>
   </div>
   <div class='ocr_carea' id='block_1_99' title="bbox 457 4938 2047 5010">
    <p class='ocr_par' dir='ltr' id='par_1_99' title="bbox 457 4938 2047 5010">
     <span class='ocr_line' id='line_1_99' title="bbox 457 4938 2047 5010; baseline -0.001 -12"><span class='ocrx_word' id='word_1_782' title='bbox 457 4938 684 4998; x_wconf 75' lang='lat' dir='ltr'><strong>Latinus</strong></span> <span class='ocrx_word' id='word_1_783' title='bbox 706 4952 883 4998; x_wconf 87' lang='lat' dir='ltr'><strong>textus</strong></span> <span class='ocrx_word' id='word_1_784' title='bbox 907 4938 1165 5006; x_wconf 82' lang='lat' dir='ltr'><strong>concinit,</strong></span> <span class='ocrx_word' id='word_1_785' title='bbox 1199 4938 1341 5006; x_wconf 78' lang='grc' dir='ltr'>ἄξιος</span> <span class='ocrx_word' id='word_1_786' title='bbox 1367 4938 1739 5010; x_wconf 63' lang='lat' dir='ltr'><strong>praeferentes,</strong></span> <span class='ocrx_word' id='word_1_787' title='bbox 1769 4938 2047 4998; x_wconf 78' lang='lat' dir='ltr'><strong>subaudiri</strong></span> 
     </span>
    </p>
   </div>
   <div class='ocr_carea' id='block_1_100' title="bbox 458 5011 1468 5082">
    <p class='ocr_par' dir='ltr' id='par_1_100' title="bbox 458 5011 1468 5082">
     <span class='ocr_line' id='line_1_100' title="bbox 458 5011 1468 5082; baseline -0.002 -15"><span class='ocrx_word' id='word_1_788' title='bbox 458 5012 817 5080; x_wconf 85' lang='lat' dir='ltr'><strong>intelligimus</strong></span> <span class='ocrx_word' id='word_1_789' title='bbox 846 5023 901 5067; x_wconf 87' lang='lat' dir='ltr'><strong>ut</strong></span> <span class='ocrx_word' id='word_1_790' title='bbox 930 5021 1255 5082; x_wconf 83' lang='lat' dir='ltr'><strong>sperneretur</strong></span> <span class='ocrx_word' id='word_1_791' title='bbox 1279 5029 1312 5065; x_wconf 90' lang='lat' dir='ltr'><strong>a</strong></span> <span class='ocrx_word' id='word_1_792' title='bbox 1337 5011 1468 5067; x_wconf 86' lang='lat' dir='ltr'><strong>Deo.</strong></span> 
     </span>
    </p>
   </div>
   <div class='ocr_carea' id='block_1_101' title="bbox 534 5082 2039 5155">
    <p class='ocr_par' dir='ltr' id='par_1_101' title="bbox 534 5082 2039 5155">
     <span class='ocr_line' id='line_1_101' title="bbox 534 5082 2039 5155; baseline 0.001 -18"><span class='ocrx_word' id='word_1_793' title='bbox 534 5083 560 5120; x_wconf 68' lang='grc' dir='ltr'>δ</span> <span class='ocrx_word' id='word_1_794' title='bbox 602 5082 785 5137; x_wconf 82' lang='lat' dir='ltr'><strong>Balnz.</strong></span> <span class='ocrx_word' id='word_1_795' title='bbox 814 5099 935 5139; x_wconf 91' lang='lat' dir='ltr'><strong>cum</strong></span> <span class='ocrx_word' id='word_1_796' title='bbox 965 5098 1121 5152; x_wconf 88' lang='lat' dir='ltr'><strong>mss.,</strong></span> <span class='ocrx_word' id='word_1_797' title='bbox 1152 5084 1428 5155; x_wconf 83' lang='lat' dir='ltr'><strong>sapienter.</strong></span> <span class='ocrx_word' id='word_1_798' title='bbox 1461 5083 1666 5140; x_wconf 90' lang='lat' dir='ltr'><strong>Deinde</strong></span> <span class='ocrx_word' id='word_1_799' title='bbox 1693 5084 1824 5140; x_wconf 86' lang='lat' dir='ltr'><strong>edit.</strong></span> <span class='ocrx_word' id='word_1_800' title='bbox 1859 5084 2039 5153; x_wconf 85' lang='lat' dir='ltr'><strong>Rom.,</strong></span> 
     </span>
    </p>
   </div>
   <div class='ocr_carea' id='block_1_102' title="bbox 459 5154 952 5227">
    <p class='ocr_par' dir='ltr' id='par_1_102' title="bbox 459 5154 952 5227">
     <span class='ocr_line' id='line_1_102' title="bbox 459 5154 952 5227; baseline -0.004 -16"><span class='ocrx_word' id='word_1_801' title='bbox 459 5154 677 5227; x_wconf 51' lang='lat' dir='ltr'><strong>Induxi!</strong></span> <span class='ocrx_word' id='word_1_802' title='bbox 710 5157 952 5227; x_wconf 66' lang='lat' dir='ltr'><strong>injurias.</strong></span> 
     </span>
    </p>
   </div>
   <div class='ocr_carea' id='block_1_103' title="bbox 532 5225 919 5297">
    <p class='ocr_par' dir='ltr' id='par_1_103' title="bbox 532 5225 919 5297">
     <span class='ocr_line' id='line_1_103' title="bbox 532 5225 919 5297; baseline -0.005 -16"><span class='ocrx_word' id='word_1_803' title='bbox 532 5238 555 5297; x_wconf 63' lang='grc' dir='ltr'>ξ</span> <span class='ocrx_word' id='word_1_804' title='bbox 598 5226 728 5297; x_wconf 90' lang='lat' dir='ltr'><strong>Leg.</strong></span> <span class='ocrx_word' id='word_1_805' title='bbox 759 5225 919 5283; x_wconf 62' lang='grc' dir='ltr'>αὐτά.</span> 
     </span>
    </p>
   </div>
   <div class='ocr_carea' id='block_1_104' title="bbox 526 5294 2045 5367">
    <p class='ocr_par' dir='ltr' id='par_1_104' title="bbox 526 5294 2045 5367">
     <span class='ocr_line' id='line_1_104' title="bbox 526 5294 2045 5367; baseline 0.001 -15"><span class='ocrx_word' id='word_1_806' title='bbox 526 5294 555 5335; x_wconf 71' lang='grc' dir='ltr'>ἀ</span> <span class='ocrx_word' id='word_1_807' title='bbox 593 5297 651 5352; x_wconf 93' lang='lat' dir='ltr'><strong>lu</strong></span> <span class='ocrx_word' id='word_1_808' title='bbox 682 5294 909 5366; x_wconf 81' lang='lat' dir='ltr'><strong>epistola</strong></span> <span class='ocrx_word' id='word_1_809' title='bbox 936 5297 1008 5353; x_wconf 78' lang='grc'><strong>45</strong></span> <span class='ocrx_word' id='word_1_810' title='bbox 1033 5296 1237 5353; x_wconf 87' lang='lat' dir='ltr'><strong>Nicolai</strong></span> <span class='ocrx_word' id='word_1_811' title='bbox 1263 5296 1305 5367; x_wconf 85' lang='grc' dir='ltr'>Ι,</span> <span class='ocrx_word' id='word_1_812' title='bbox 1339 5297 1405 5352; x_wconf 89' lang='lat' dir='ltr'><strong>ad</strong></span> <span class='ocrx_word' id='word_1_813' title='bbox 1437 5297 1861 5355; x_wconf 86' lang='lat' dir='ltr'><strong>Suessionenses</strong></span> <span class='ocrx_word' id='word_1_814' title='bbox 1888 5338 1902 5359; x_wconf 90' lang='lat'><strong>.</strong></span> <span class='ocrx_word' id='word_1_815' title='bbox 1951 5296 2045 5353; x_wconf 87' lang='lat' dir='ltr'><strong>ubi</strong></span> 
     </span>
    </p>
   </div>
   <div class='ocr_carea' id='block_1_105' title="bbox 462 5368 2042 5439">
    <p class='ocr_par' dir='ltr' id='par_1_105' title="bbox 462 5368 2042 5439">
     <span class='ocr_line' id='line_1_105' title="bbox 462 5368 2042 5439; baseline -0.001 -16"><span class='ocrx_word' id='word_1_816' title='bbox 462 5377 604 5424; x_wconf 83' lang='lat' dir='ltr'><strong>totus</strong></span> <span class='ocrx_word' id='word_1_817' title='bbox 634 5368 720 5423; x_wconf 91' lang='lat' dir='ltr'><strong>hic</strong></span> <span class='ocrx_word' id='word_1_818' title='bbox 751 5369 902 5424; x_wconf 92' lang='lat' dir='ltr'><strong>locus</strong></span> <span class='ocrx_word' id='word_1_819' title='bbox 924 5369 1279 5433; x_wconf 90' lang='lat' dir='ltr'><strong>describitur,</strong></span> <span class='ocrx_word' id='word_1_820' title='bbox 1319 5370 1527 5426; x_wconf 90' lang='lat' dir='ltr'><strong>obtinet</strong></span> <span class='ocrx_word' id='word_1_821' title='bbox 1553 5372 1769 5439; x_wconf 89' lang='lat' dir='ltr'><strong>quidem</strong></span> <span class='ocrx_word' id='word_1_822' title='bbox 1800 5371 2042 5435; x_wconf 73' lang='lat' dir='ltr'><strong>inexspe-</strong></span> 
     </span>
    </p>
   </div>
   <div class='ocr_carea' id='block_1_106' title="bbox 459 5439 2043 5509">
    <p class='ocr_par' dir='ltr' id='par_1_106' title="bbox 459 5439 2043 5509">
     <span class='ocr_line' id='line_1_106' title="bbox 459 5439 2043 5509; baseline 0.001 -17"><span class='ocrx_word' id='word_1_823' title='bbox 459 5449 594 5493; x_wconf 81' lang='lat' dir='ltr'><strong>ctata</strong></span> <span class='ocrx_word' id='word_1_824' title='bbox 616 5481 629 5504; x_wconf 88' lang='lat'><strong>,</strong></span> <span class='ocrx_word' id='word_1_825' title='bbox 659 5439 754 5493; x_wconf 88' lang='lat' dir='ltr'><strong>sed</strong></span> <span class='ocrx_word' id='word_1_826' title='bbox 782 5442 833 5494; x_wconf 89' lang='lat' dir='ltr'><strong>in</strong></span> <span class='ocrx_word' id='word_1_827' title='bbox 866 5441 1160 5495; x_wconf 68' lang='lat' dir='ltr'><strong>vetustiore</strong></span> <span class='ocrx_word' id='word_1_828' title='bbox 1191 5440 1436 5509; x_wconf 89' lang='lat' dir='ltr'><strong>ejusdem</strong></span> <span class='ocrx_word' id='word_1_829' title='bbox 1467 5442 1710 5507; x_wconf 75' lang='lat' dir='ltr'><strong>cpistola:</strong></span> <span class='ocrx_word' id='word_1_830' title='bbox 1738 5439 2043 5508; x_wconf 85' lang='lat' dir='ltr'><strong>exemplari</strong></span> 
     </span>
    </p>
   </div>
   <div class='ocr_carea' id='block_1_107' title="bbox 460 5511 2042 5582">
    <p class='ocr_par' dir='ltr' id='par_1_107' title="bbox 460 5511 2042 5582">
     <span class='ocr_line' id='line_1_107' title="bbox 460 5511 2042 5582; baseline -0.001 -17"><span class='ocrx_word' id='word_1_831' title='bbox 460 5511 770 5582; x_wconf 64' lang='lat' dir='ltr'><strong>Colbertino</strong></span> <span class='ocrx_word' id='word_1_832' title='bbox 799 5521 970 5567; x_wconf 76' lang='lat' dir='ltr'><strong>exsmt</strong></span> <span class='ocrx_word' id='word_1_833' title='bbox 1002 5514 1161 5566; x_wconf 86' lang='lat' dir='ltr'><strong>etiam</strong></span> <span class='ocrx_word' id='word_1_834' title='bbox 1190 5522 1498 5582; x_wconf 75' lang='lat' dir='ltr'><strong>exspectata.</strong></span> <span class='ocrx_word' id='word_1_835' title='bbox 1526 5513 1769 5568; x_wconf 74' lang='lat' dir='ltr'><strong>Graecum</strong></span> <span class='ocrx_word' id='word_1_836' title='bbox 1802 5511 2042 5565; x_wconf 89' lang='lat' dir='ltr'><strong>vocabu-</strong></span> 
     </span>
    </p>
   </div>
   <div class='ocr_carea' id='block_1_108' title="bbox 461 5579 2043 5651">
    <p class='ocr_par' dir='ltr' id='par_1_108' title="bbox 461 5579 2043 5651">
     <span class='ocr_line' id='line_1_108' title="bbox 461 5579 2043 5651; baseline 0.001 -18"><span class='ocrx_word' id='word_1_837' title='bbox 461 5579 571 5633; x_wconf 91' lang='lat' dir='ltr'><strong>lum</strong></span> <span class='ocrx_word' id='word_1_838' title='bbox 605 5582 819 5649; x_wconf 85' lang='lat' dir='ltr'><strong>proprie</strong></span> <span class='ocrx_word' id='word_1_839' title='bbox 859 5592 1018 5637; x_wconf 89' lang='lat' dir='ltr'><strong>sonat</strong></span> <span class='ocrx_word' id='word_1_840' title='bbox 1056 5598 1249 5635; x_wconf 85' lang='lat' dir='ltr'><strong>summe</strong></span> <span class='ocrx_word' id='word_1_841' title='bbox 1281 5579 1655 5637; x_wconf 71' lang='lat' dir='ltr'><strong>desideranda.</strong></span> <span class='ocrx_word' id='word_1_842' title='bbox 1704 5585 2043 5651; x_wconf 75' lang='lat' dir='ltr'><strong>Quamquam</strong></span> 
     </span>
    </p>
   </div>
   <div class='ocr_carea' id='block_1_109' title="bbox 462 5651 2042 5722">
    <p class='ocr_par' dir='ltr' id='par_1_109' title="bbox 462 5651 2042 5722">
     <span class='ocr_line' id='line_1_109' title="bbox 462 5651 2042 5722; baseline 0.002 -20"><span class='ocrx_word' id='word_1_843' title='bbox 462 5651 695 5716; x_wconf 85' lang='lat' dir='ltr'><strong>suspicio</strong></span> <span class='ocrx_word' id='word_1_844' title='bbox 724 5660 809 5703; x_wconf 83' lang='lat' dir='ltr'><strong>est</strong></span> <span class='ocrx_word' id='word_1_845' title='bbox 838 5668 987 5722; x_wconf 86' lang='lat' dir='ltr'><strong>more</strong></span> <span class='ocrx_word' id='word_1_846' title='bbox 1021 5654 1240 5722; x_wconf 80' lang='lat' dir='ltr'><strong>antiquo</strong></span> <span class='ocrx_word' id='word_1_847' title='bbox 1267 5655 1524 5715; x_wconf 85' lang='lat' dir='ltr'><strong>scriptum</strong></span> <span class='ocrx_word' id='word_1_848' title='bbox 1558 5669 1679 5708; x_wconf 87' lang='lat' dir='ltr'><strong>esse</strong></span> <span class='ocrx_word' id='word_1_849' title='bbox 1714 5661 2042 5722; x_wconf 75' lang='lat' dir='ltr'><strong>exspectata,</strong></span> 
     </span>
    </p>
   </div>
   <div class='ocr_carea' id='block_1_110' title="bbox 462 5721 1589 5791">
    <p class='ocr_par' dir='ltr' id='par_1_110' title="bbox 462 5721 1589 5791">
     <span class='ocr_line' id='line_1_110' title="bbox 462 5721 1589 5791; baseline 0.001 -17"><span class='ocrx_word' id='word_1_850' title='bbox 462 5733 565 5784; x_wconf 82' lang='lat' dir='ltr'><strong>pro</strong></span> <span class='ocrx_word' id='word_1_851' title='bbox 589 5725 837 5783; x_wconf 72' lang='lat' dir='ltr'><strong>spectato,</strong></span> <span class='ocrx_word' id='word_1_852' title='bbox 867 5721 921 5773; x_wconf 91' lang='lat' dir='ltr'><strong>id</strong></span> <span class='ocrx_word' id='word_1_853' title='bbox 944 5730 1048 5783; x_wconf 90' lang='lat' dir='ltr'><strong>est,</strong></span> <span class='ocrx_word' id='word_1_854' title='bbox 1081 5721 1223 5775; x_wconf 89' lang='lat' dir='ltr'><strong>clara</strong></span> <span class='ocrx_word' id='word_1_855' title='bbox 1256 5733 1309 5776; x_wconf 89' lang='lat' dir='ltr'><strong>et</strong></span> <span class='ocrx_word' id='word_1_856' title='bbox 1334 5722 1589 5791; x_wconf 76' lang='lat' dir='ltr'><strong>gloriosa.</strong></span> 
     </span>
    </p>
   </div>
   <div class='ocr_carea' id='block_1_111' title="bbox 2232 4726 3748 4799">
    <p class='ocr_par' dir='ltr' id='par_1_111' title="bbox 2232 4726 3748 4799">
     <span class='ocr_line' id='line_1_111' title="bbox 2232 4726 3748 4799; baseline 0 -16"><span class='ocrx_word' id='word_1_857' title='bbox 2232 4738 2251 4765; x_wconf 73' lang='grc' dir='ltr'><strong><em>ο</em></strong></span> <span class='ocrx_word' id='word_1_858' title='bbox 2287 4726 2614 4783; x_wconf 82' lang='lat' dir='ltr'><strong>Athanasius</strong></span> <span class='ocrx_word' id='word_1_859' title='bbox 2639 4728 2847 4799; x_wconf 7' lang='lat' dir='ltr'><strong>nullum,</strong></span> <span class='ocrx_word' id='word_1_860' title='bbox 2866 4743 3055 4795; x_wconf 86' lang='lat' dir='ltr'><strong>passus</strong></span> <span class='ocrx_word' id='word_1_861' title='bbox 3074 4744 3195 4785; x_wconf 89' lang='lat' dir='ltr'><strong>esse</strong></span> <span class='ocrx_word' id='word_1_862' title='bbox 3222 4744 3499 4786; x_wconf 88' lang='lat' dir='ltr'><strong>carcerem</strong></span> <span class='ocrx_word' id='word_1_863' title='bbox 3525 4728 3748 4799; x_wconf 82' lang='lat' dir='ltr'><strong>legitur,</strong></span> 
     </span>
    </p>
   </div>
   <div class='ocr_carea' id='block_1_112' title="bbox 2158 4798 3753 4872">
    <p class='ocr_par' dir='ltr' id='par_1_112' title="bbox 2158 4798 3753 4872">
     <span class='ocr_line' id='line_1_112' title="bbox 2158 4798 3753 4872; baseline 0 -17"><span class='ocrx_word' id='word_1_864' title='bbox 2158 4798 2259 4856; x_wconf 90' lang='lat' dir='ltr'><strong>nisi</strong></span> <span class='ocrx_word' id='word_1_865' title='bbox 2287 4811 2505 4872; x_wconf 84' lang='lat' dir='ltr'><strong>vocetur</strong></span> <span class='ocrx_word' id='word_1_866' title='bbox 2525 4813 2733 4872; x_wconf 77' lang='lat' dir='ltr'><strong>carcer,</strong></span> <span class='ocrx_word' id='word_1_867' title='bbox 2760 4798 3044 4872; x_wconf 88' lang='lat' dir='ltr'><strong>latibulum</strong></span> <span class='ocrx_word' id='word_1_868' title='bbox 3070 4801 3122 4856; x_wconf 94' lang='lat' dir='ltr'><strong>in</strong></span> <span class='ocrx_word' id='word_1_869' title='bbox 3146 4817 3253 4872; x_wconf 91' lang='lat' dir='ltr'><strong>quo</strong></span> <span class='ocrx_word' id='word_1_870' title='bbox 3277 4818 3334 4857; x_wconf 91' lang='lat' dir='ltr'><strong>se</strong></span> <span class='ocrx_word' id='word_1_871' title='bbox 3359 4798 3600 4856; x_wconf 82' lang='lat' dir='ltr'><strong>Valentis</strong></span> <span class='ocrx_word' id='word_1_872' title='bbox 3625 4815 3753 4870; x_wconf 62' lang='lat' dir='ltr'><strong>pero</strong></span> 
     </span>
    </p>
   </div>
   <div class='ocr_carea' id='block_1_113' title="bbox 2156 4870 2986 4939">
    <p class='ocr_par' dir='ltr' id='par_1_113' title="bbox 2156 4870 2986 4939">
     <span class='ocr_line' id='line_1_113' title="bbox 2156 4870 2986 4939; baseline 0 -13"><span class='ocrx_word' id='word_1_873' title='bbox 2156 4871 2486 4926; x_wconf 87' lang='lat' dir='ltr'><strong>secutionetn</strong></span> <span class='ocrx_word' id='word_1_874' title='bbox 2517 4870 2728 4939; x_wconf 81' lang='lat' dir='ltr'><strong>fugiens</strong></span> <span class='ocrx_word' id='word_1_875' title='bbox 2758 4871 2986 4926; x_wconf 90' lang='lat' dir='ltr'><strong>abdidit.</strong></span> 
     </span>
    </p>
   </div>
   <div class='ocr_carea' id='block_1_114' title="bbox 2234 4940 3753 5011">
    <p class='ocr_par' dir='ltr' id='par_1_114' title="bbox 2234 4940 3753 5011">
     <span class='ocr_line' id='line_1_114' title="bbox 2234 4940 3753 5011; baseline 0.003 -17"><span class='ocrx_word' id='word_1_876' title='bbox 2234 4940 2252 4978; x_wconf 71' lang='grc' dir='ltr'><em>τ</em></span> <span class='ocrx_word' id='word_1_877' title='bbox 2297 4940 2369 4995; x_wconf 84' lang='lat' dir='ltr'><strong>Ita</strong></span> <span class='ocrx_word' id='word_1_878' title='bbox 2421 4956 2549 4996; x_wconf 88' lang='lat' dir='ltr'><strong>mss.</strong></span> <span class='ocrx_word' id='word_1_879' title='bbox 2602 4956 2724 4995; x_wconf 90' lang='lat' dir='ltr'><strong>cum</strong></span> <span class='ocrx_word' id='word_1_880' title='bbox 2773 4942 2957 4997; x_wconf 86' lang='lat' dir='ltr'><strong>Baluz.</strong></span> <span class='ocrx_word' id='word_1_881' title='bbox 3010 4944 3139 5011; x_wconf 60' lang='lat' dir='ltr'><strong>Quae</strong></span> <span class='ocrx_word' id='word_1_882' title='bbox 3187 4944 3346 4998; x_wconf 88' lang='lat' dir='ltr'><strong>lectio</strong></span> <span class='ocrx_word' id='word_1_883' title='bbox 3390 4942 3589 4999; x_wconf 64' lang='lat' dir='ltr'><strong>Graecae</strong></span> <span class='ocrx_word' id='word_1_884' title='bbox 3622 4942 3753 4999; x_wconf 85' lang='lat' dir='ltr'><strong>voci</strong></span> 
     </span>
    </p>
   </div>
   <div class='ocr_carea' id='block_1_115' title="bbox 2155 5013 3749 5083">
    <p class='ocr_par' dir='ltr' id='par_1_115' title="bbox 2155 5013 3749 5083">
     <span class='ocr_line' id='line_1_115' title="bbox 2155 5013 3749 5083; baseline 0 -15"><span class='ocrx_word' id='word_1_885' title='bbox 2155 5014 2474 5078; x_wconf 79' lang='grc' dir='ltr'>ἀνεκτίσατο,</span> <span class='ocrx_word' id='word_1_886' title='bbox 2506 5013 2617 5067; x_wconf 90' lang='lat' dir='ltr'><strong>sive</strong></span> <span class='ocrx_word' id='word_1_887' title='bbox 2649 5023 2708 5067; x_wconf 83' lang='grc' dir='ltr'><strong>ιιι</strong></span> <span class='ocrx_word' id='word_1_888' title='bbox 2736 5013 2785 5066; x_wconf 86' lang='lat' dir='ltr'><strong>in</strong></span> <span class='ocrx_word' id='word_1_889' title='bbox 2810 5014 3036 5083; x_wconf 81' lang='lat' dir='ltr'><strong>vulgatis</strong></span> <span class='ocrx_word' id='word_1_890' title='bbox 3063 5016 3402 5077; x_wconf 75' lang='grc' dir='ltr'>ἀνεκτήσατο,</span> <span class='ocrx_word' id='word_1_891' title='bbox 3435 5015 3749 5079; x_wconf 76' lang='lat' dir='ltr'><strong>respondet.</strong></span> 
     </span>
    </p>
   </div>
   <div class='ocr_carea' id='block_1_116' title="bbox 2157 5084 3752 5153">
    <p class='ocr_par' dir='ltr' id='par_1_116' title="bbox 2157 5084 3752 5153">
     <span class='ocr_line' id='line_1_116' title="bbox 2157 5084 3752 5153; baseline 0 -15"><span class='ocrx_word' id='word_1_892' title='bbox 2157 5086 2227 5138; x_wconf 84' lang='lat' dir='ltr'><strong>At</strong></span> <span class='ocrx_word' id='word_1_893' title='bbox 2259 5087 2308 5138; x_wconf 92' lang='lat' dir='ltr'><strong>in</strong></span> <span class='ocrx_word' id='word_1_894' title='bbox 2340 5084 2471 5137; x_wconf 84' lang='lat' dir='ltr'><strong>edit.</strong></span> <span class='ocrx_word' id='word_1_895' title='bbox 2510 5084 2664 5137; x_wconf 77' lang='lat' dir='ltr'><strong>Rom.</strong></span> <span class='ocrx_word' id='word_1_896' title='bbox 2700 5084 2856 5147; x_wconf 84' lang='lat' dir='ltr'><strong>Lab.,</strong></span> <span class='ocrx_word' id='word_1_897' title='bbox 2892 5093 2948 5138; x_wconf 87' lang='grc' dir='ltr'><strong>ιιι</strong></span> <span class='ocrx_word' id='word_1_898' title='bbox 2975 5096 3027 5138; x_wconf 83' lang='lat' dir='ltr'><strong>et</strong></span> <span class='ocrx_word' id='word_1_899' title='bbox 3056 5087 3194 5153; x_wconf 85' lang='lat' dir='ltr'><strong>apud</strong></span> <span class='ocrx_word' id='word_1_900' title='bbox 3217 5087 3491 5139; x_wconf 84' lang='lat' dir='ltr'><strong>Nicolaum</strong></span> <span class='ocrx_word' id='word_1_901' title='bbox 3525 5085 3561 5147; x_wconf 89' lang='grc' dir='ltr'>Ι,</span> <span class='ocrx_word' id='word_1_902' title='bbox 3596 5085 3752 5138; x_wconf 86' lang='lat' dir='ltr'><strong>robo-</strong></span> 
     </span>
    </p>
   </div>
   <div class='ocr_carea' id='block_1_117' title="bbox 2156 5154 3746 5224">
    <p class='ocr_par' dir='ltr' id='par_1_117' title="bbox 2156 5154 3746 5224">
     <span class='ocr_line' id='line_1_117' title="bbox 2156 5154 3746 5224; baseline 0.001 -17"><span class='ocrx_word' id='word_1_903' title='bbox 2156 5165 2302 5207; x_wconf 77' lang='lat' dir='ltr'><strong>ratus</strong></span> <span class='ocrx_word' id='word_1_904' title='bbox 2332 5162 2425 5207; x_wconf 83' lang='lat' dir='ltr'><strong>est.</strong></span> <span class='ocrx_word' id='word_1_905' title='bbox 2457 5154 2592 5215; x_wconf 85' lang='lat' dir='ltr'><strong>Tum</strong></span> <span class='ocrx_word' id='word_1_906' title='bbox 2625 5155 2840 5208; x_wconf 86' lang='lat' dir='ltr'><strong>Baluzio</strong></span> <span class='ocrx_word' id='word_1_907' title='bbox 2869 5156 3036 5224; x_wconf 85' lang='lat' dir='ltr'><strong>magis</strong></span> <span class='ocrx_word' id='word_1_908' title='bbox 3067 5156 3303 5223; x_wconf 87' lang='lat' dir='ltr'><strong>placuit,</strong></span> <span class='ocrx_word' id='word_1_909' title='bbox 3334 5155 3563 5223; x_wconf 84' lang='lat' dir='ltr'><strong>Denique</strong></span> <span class='ocrx_word' id='word_1_910' title='bbox 3594 5155 3746 5221; x_wconf 85' lang='lat' dir='ltr'><strong>hinc,</strong></span> 
     </span>
    </p>
   </div>
   <div class='ocr_carea' id='block_1_118' title="bbox 2157 5225 3749 5295">
    <p class='ocr_par' dir='ltr' id='par_1_118' title="bbox 2157 5225 3749 5295">
     <span class='ocr_line' id='line_1_118' title="bbox 2157 5225 3749 5295; baseline 0 -17"><span class='ocrx_word' id='word_1_911' title='bbox 2157 5226 2399 5295; x_wconf 89' lang='lat' dir='ltr'><strong>quamvis</strong></span> <span class='ocrx_word' id='word_1_912' title='bbox 2429 5240 2559 5279; x_wconf 88' lang='lat' dir='ltr'><strong>mss.</strong></span> <span class='ocrx_word' id='word_1_913' title='bbox 2586 5225 2738 5279; x_wconf 89' lang='lat' dir='ltr'><strong>Colh.</strong></span> <span class='ocrx_word' id='word_1_914' title='bbox 2758 5267 2773 5288; x_wconf 84' lang='lat'><strong>,</strong></span> <span class='ocrx_word' id='word_1_915' title='bbox 2821 5226 3024 5279; x_wconf 87' lang='lat' dir='ltr'><strong>Turon.</strong></span> <span class='ocrx_word' id='word_1_916' title='bbox 3056 5235 3111 5281; x_wconf 90' lang='lat' dir='ltr'><strong>et</strong></span> <span class='ocrx_word' id='word_1_917' title='bbox 3136 5228 3264 5280; x_wconf 82' lang='lat' dir='ltr'><strong>Nav.</strong></span> <span class='ocrx_word' id='word_1_918' title='bbox 3324 5226 3749 5295; x_wconf 81' lang='lat' dir='ltr'><strong>refragantibus.</strong></span> 
     </span>
    </p>
   </div>
   <div class='ocr_carea' id='block_1_119' title="bbox 2154 5296 3751 5364">
    <p class='ocr_par' dir='ltr' id='par_1_119' title="bbox 2154 5296 3751 5364">
     <span class='ocr_line' id='line_1_119' title="bbox 2154 5296 3751 5364; baseline -0.001 -13"><span class='ocrx_word' id='word_1_919' title='bbox 2154 5296 2259 5351; x_wconf 89' lang='lat' dir='ltr'><strong>Sed</strong></span> <span class='ocrx_word' id='word_1_920' title='bbox 2291 5305 2345 5351; x_wconf 83' lang='lat' dir='ltr'><strong>et</strong></span> <span class='ocrx_word' id='word_1_921' title='bbox 2375 5297 2515 5364; x_wconf 90' lang='lat' dir='ltr'><strong>quod</strong></span> <span class='ocrx_word' id='word_1_922' title='bbox 2545 5296 2815 5351; x_wconf 85' lang='lat' dir='ltr'><strong>antecedit</strong></span> <span class='ocrx_word' id='word_1_923' title='bbox 2844 5297 2899 5349; x_wconf 82' lang='lat' dir='ltr'><strong>in</strong></span> <span class='ocrx_word' id='word_1_924' title='bbox 2930 5298 3118 5350; x_wconf 81' lang='lat' dir='ltr'><strong>nostris</strong></span> <span class='ocrx_word' id='word_1_925' title='bbox 3160 5297 3418 5362; x_wconf 82' lang='lat' dir='ltr'><strong>partibus,</strong></span> <span class='ocrx_word' id='word_1_926' title='bbox 3453 5313 3553 5351; x_wconf 91' lang='lat' dir='ltr'><strong>non</strong></span> <span class='ocrx_word' id='word_1_927' title='bbox 3583 5312 3618 5347; x_wconf 83' lang='grc' dir='ltr'><strong>α</strong></span> <span class='ocrx_word' id='word_1_928' title='bbox 3654 5311 3751 5350; x_wconf 84' lang='lat' dir='ltr'><strong>no-</strong></span> 
     </span>
    </p>
   </div>
   <div class='ocr_carea' id='block_1_120' title="bbox 2153 5367 3747 5437">
    <p class='ocr_par' dir='ltr' id='par_1_120' title="bbox 2153 5367 3747 5437">
     <span class='ocr_line' id='line_1_120' title="bbox 2153 5367 3747 5437; baseline 0 -17"><span class='ocrx_word' id='word_1_929' title='bbox 2153 5369 2275 5421; x_wconf 80' lang='lat' dir='ltr'><strong>stris</strong></span> <span class='ocrx_word' id='word_1_930' title='bbox 2303 5367 2567 5436; x_wconf 83' lang='lat' dir='ltr'><strong>partibus;</strong></span> <span class='ocrx_word' id='word_1_931' title='bbox 2600 5383 2698 5422; x_wconf 92' lang='lat' dir='ltr'><strong>nec</strong></span> <span class='ocrx_word' id='word_1_932' title='bbox 2725 5382 2828 5422; x_wconf 92' lang='lat' dir='ltr'><strong>non</strong></span> <span class='ocrx_word' id='word_1_933' title='bbox 2857 5368 2999 5437; x_wconf 91' lang='lat' dir='ltr'><strong>quod</strong></span> <span class='ocrx_word' id='word_1_934' title='bbox 3024 5368 3371 5436; x_wconf 86' lang='lat' dir='ltr'><strong>subsequitur</strong></span> <span class='ocrx_word' id='word_1_935' title='bbox 3396 5370 3447 5420; x_wconf 85' lang='lat' dir='ltr'><strong>in</strong></span> <span class='ocrx_word' id='word_1_936' title='bbox 3478 5371 3569 5419; x_wconf 84' lang='lat' dir='ltr'><strong>hac</strong></span> <span class='ocrx_word' id='word_1_937' title='bbox 3596 5368 3747 5430; x_wconf 79' lang='lat' dir='ltr'><strong>sede,</strong></span> 
     </span>
    </p>
   </div>
   <div class='ocr_carea' id='block_1_121' title="bbox 2154 5437 3748 5507">
    <p class='ocr_par' dir='ltr' id='par_1_121' title="bbox 2154 5437 3748 5507">
     <span class='ocr_line' id='line_1_121' title="bbox 2154 5437 3748 5507; baseline -0.001 -15"><span class='ocrx_word' id='word_1_938' title='bbox 2154 5454 2259 5492; x_wconf 93' lang='lat' dir='ltr'><strong>non</strong></span> <span class='ocrx_word' id='word_1_939' title='bbox 2291 5438 2354 5491; x_wconf 84' lang='lat' dir='ltr'><strong>ab</strong></span> <span class='ocrx_word' id='word_1_940' title='bbox 2381 5440 2475 5491; x_wconf 86' lang='lat' dir='ltr'><strong>ltac</strong></span> <span class='ocrx_word' id='word_1_941' title='bbox 2502 5442 2646 5500; x_wconf 82' lang='lat' dir='ltr'><strong>sede,</strong></span> <span class='ocrx_word' id='word_1_942' title='bbox 2681 5440 2839 5493; x_wconf 91' lang='lat' dir='ltr'><strong>etiam</strong></span> <span class='ocrx_word' id='word_1_943' title='bbox 2876 5439 2986 5506; x_wconf 83' lang='lat' dir='ltr'><strong>hic,</strong></span> <span class='ocrx_word' id='word_1_944' title='bbox 3023 5454 3127 5493; x_wconf 88' lang='lat' dir='ltr'><strong>non</strong></span> <span class='ocrx_word' id='word_1_945' title='bbox 3161 5440 3303 5506; x_wconf 84' lang='lat' dir='ltr'><strong>hinc,</strong></span> <span class='ocrx_word' id='word_1_946' title='bbox 3340 5437 3748 5507; x_wconf 64' lang='lat' dir='ltr'><strong>praeferendum</strong></span> 
     </span>
    </p>
   </div>
   <div class='ocr_carea' id='block_1_122' title="bbox 2151 5507 3749 5580">
    <p class='ocr_par' dir='ltr' id='par_1_122' title="bbox 2151 5507 3749 5580">
     <span class='ocr_line' id='line_1_122' title="bbox 2151 5507 3749 5580; baseline -0.001 -16"><span class='ocrx_word' id='word_1_947' title='bbox 2151 5510 2362 5565; x_wconf 88' lang='lat' dir='ltr'><strong>suadet.</strong></span> <span class='ocrx_word' id='word_1_948' title='bbox 2411 5510 2579 5576; x_wconf 84' lang='lat' dir='ltr'><strong>Quam</strong></span> <span class='ocrx_word' id='word_1_949' title='bbox 2624 5510 2796 5565; x_wconf 83' lang='lat' dir='ltr'><strong>Julius</strong></span> <span class='ocrx_word' id='word_1_950' title='bbox 2823 5524 2958 5580; x_wconf 89' lang='lat' dir='ltr'><strong>papa</strong></span> <span class='ocrx_word' id='word_1_951' title='bbox 3000 5509 3295 5564; x_wconf 85' lang='lat' dir='ltr'><strong>Athanasio</strong></span> <span class='ocrx_word' id='word_1_952' title='bbox 3324 5523 3479 5579; x_wconf 83' lang='lat' dir='ltr'><strong>opem</strong></span> <span class='ocrx_word' id='word_1_953' title='bbox 3511 5507 3749 5580; x_wconf 85' lang='lat' dir='ltr'><strong>tulerit,</strong></span> 
     </span>
    </p>
   </div>
   <div class='ocr_carea' id='block_1_123' title="bbox 2151 5580 2601 5649">
    <p class='ocr_par' dir='ltr' id='par_1_123' title="bbox 2151 5580 2601 5649">
     <span class='ocr_line' id='line_1_123' title="bbox 2151 5580 2601 5649; baseline -0.004 -14"><span class='ocrx_word' id='word_1_954' title='bbox 2151 5580 2336 5635; x_wconf 93' lang='lat' dir='ltr'><strong>nullus</strong></span> <span class='ocrx_word' id='word_1_955' title='bbox 2370 5582 2601 5649; x_wconf 83' lang='lat' dir='ltr'><strong>ignorat.</strong></span> 
     </span>
    </p>
   </div>
   <div class='ocr_carea' id='block_1_124' title="bbox 2223 5651 3241 5724">
    <p class='ocr_par' dir='ltr' id='par_1_124' title="bbox 2223 5651 3241 5724">
     <span class='ocr_line' id='line_1_124' title="bbox 2223 5651 3241 5724; baseline 0.003 -18"><span class='ocrx_word' id='word_1_956' title='bbox 2223 5662 2248 5698; x_wconf 77' lang='grc' dir='ltr'><strong>ε</strong></span> <span class='ocrx_word' id='word_1_957' title='bbox 2291 5652 2415 5707; x_wconf 69' lang='lat' dir='ltr'><strong>Haec</strong></span> <span class='ocrx_word' id='word_1_958' title='bbox 2444 5653 2574 5708; x_wconf 85' lang='lat' dir='ltr'><strong>citat</strong></span> <span class='ocrx_word' id='word_1_959' title='bbox 2600 5651 2853 5709; x_wconf 86' lang='lat' dir='ltr'><strong>Nicolaus</strong></span> <span class='ocrx_word' id='word_1_960' title='bbox 2880 5651 2927 5721; x_wconf 89' lang='grc' dir='ltr'>Ι,</span> <span class='ocrx_word' id='word_1_961' title='bbox 2960 5653 3116 5724; x_wconf 86' lang='lat' dir='ltr'><strong>epist.</strong></span> <span class='ocrx_word' id='word_1_962' title='bbox 3151 5654 3241 5709; x_wconf 75' lang='lat'><strong>40.</strong></span> 
     </span>
    </p>
   </div>
  </div>
