3982 6182
280 290 377 347 497

608 284 829 345 EPIST.
872 283 1010 342 XIV.
1051 283 1445 343 C(ELESTINI
1485 283 1692 343 ΡΑΡᾸΕ
1732 284 1823 339 AD
1862 284 2143 341 CLERUM
2177 284 2265 339 ET
2308 282 2635 340 POPULUM
2673 282 3223 342 CONSTANTINOP.

3445 286 3557 347 ινὶι

277 404 569 479 praeparavit
595 402 733 456 Deus
754 400 1075 473 diligentibus
1098 418 1151 456 se
1174 401 1217 473 (l
1239 400 1358 456 Cor.
1375 416 1434 469 ιι,
1459 401 1542 472 9).
1567 400 1644 456 Ne
1668 409 1846 456 tamen

1955 400 2156 455 στόλου·
2190 396 2251 453 ⁸Λ
2279 397 2527 469 ὀφθαλμὸς
2557 400 2642 452 οῦκ
2671 394 2798 454 εἶδεν
2818 440 2831 466 ,
2866 398 2980 454 οὑδέ
3010 400 3135 458 ἀκοή
3164 400 3405 466 ἥκουσιν,
3434 398 3555 459 οὖδὲ

275 500 353 556 vel
378 499 439 553 ad
465 510 676 567 tempus
703 496 818 566 ejus
849 495 1097 551 videatur
1127 495 1315 552 valere
1345 497 1647 563 sententia,
1679 496 1769 565 qui
1799 496 1851 550 in

278 607 333 648 se
358 592 457 661 jam
482 591 716 646 divinam
748 591 1079 644 sententiam
1110 598 1460 660 provocarat,
1495 597 1685 656 aperte
1710 588 1854 644 sedis

279 696 465 739 nostra
493 682 669 738 sanxit
712 684 1013 736 auctoritas
1039 723 1055 748 ,
1112 681 1315 735 nullum
1355 682 1471 737 sive
1497 682 1852 751 episcopum,

277 777 382 831 sive
404 778 651 831 clericum
678 816 693 841 ,
742 790 837 829 seu
871 773 1207 841 professione
1235 774 1414 843 aliqua
1440 773 1808 829 Christianum
1837 816 1851 839 ,

276 872 359 942 qui
385 885 411 924 a
438 870 692 925 Nestorio
723 868 807 923 vel
836 869 955 938 ejus
984 867 1259 924 similibus
1286 910 1299 933 ,
1331 884 1394 922 ex
1425 882 1530 936 quo
1562 867 1687 921 talia
1720 883 1856 937 prae-

272 964 439 1020 dicare
466 972 771 1033 cmperunt,
806 961 891 1017 vel
936 962 1057 1016 loco
1084 976 1185 1016 suo
1225 960 1313 1015 vel
1354 962 1739 1015 communione
1770 961 1857 1016 de-

265 1057 388 1129 jecti
423 1067 571 1119 sunt,
604 1056 690 1112 vel
718 1055 953 1125 ejectum
984 1055 1070 1109 vel
1099 1054 1626 1109 excommunicatum
1658 1052 1850 1107 videri.

270 1152 373 1207 Sed
417 1150 467 1206 hi
516 1165 706 1204 omnes
744 1149 795 1203 in
841 1156 1026 1202 nostra
1064 1147 1448 1202 communione
1493 1154 1548 1201 et
1595 1146 1808 1201 fuerunt
1838 1189 1850 1211 ,

270 1251 325 1298 et
373 1242 469 1296 huc
520 1256 690 1311 usque
739 1239 1073 1309 perdurant;
1123 1239 1246 1308 quia
1290 1238 1557 1294 neminem
1598 1239 1682 1292 vel
1719 1237 1856 1307 deji-

267 1348 385 1389 cere
426 1332 507 1387 vel
556 1346 840 1387 removere
890 1338 1146 1400 poterat,
1196 1333 1290 1400 qui
1332 1328 1360 1368 δ
1391 1328 1694 1400 praedicans
1729 1330 1851 1384 talia

267 1426 542 1482 titubabat.

328 1707 384 1761 8.
410 1706 616 1759 Omnes
637 1704 797 1772 igitur
824 1716 1061 1773 praesens
1090 1716 1269 1757 sermo
1297 1703 1351 1756 in
1384 1715 1673 1757 commune
1701 1716 1849 1756 com-

261 1797 545 1868 plectitur,
578 1804 638 1850 ut
659 1795 828 1865 magis
855 1810 916 1849 ac
946 1794 1112 1864 magis
1142 1795 1406 1860 roborati,
1436 1803 1490 1849 et
1515 1794 1849 1850 conﬁdentes
1879 1785 1928 1847 B

261 1891 317 1945 in
347 1890 601 1954 Domino,
634 1906 738 1945 non
772 1890 1116 1957 moveamini,
1148 1890 1276 1958 quin
1324 1891 1492 1944 immo
1536 1900 1591 1943 et
1636 1889 1852 1946 medea-

184 1988 185 1993 ‘
260 1984 394 2039 mini
448 1984 853 2040 inﬁrmitatibus
900 1983 1155 2039 aliorum.
1187 1984 1305 2039 Jam
1355 1982 1499 2037 enim
1538 1982 1694 2038 vobis
1742 1984 1852 2040 illic

254 2080 705 2135 commendamus
756 2080 1029 2146 inﬁrmos,
1062 2079 1149 2133 ubi
1178 2080 1255 2133 sic
1300 2079 1515 2133 videtur
1540 2080 1657 2148 ipse
1682 2080 1851 2136 medi-

255 2187 350 2226 cus
392 2181 680 2243 aegrotare,
713 2174 801 2228 cui
854 2184 1033 2228 tamen
1063 2173 1351 2239 volumus,
1380 2174 1423 2227 si
1455 2172 1631 2227 adhuc
1664 2189 1854 2242 possu-

252 2279 393 2333 mus,
429 2265 741 2320 subvenire.
784 2265 916 2319 Nam
944 2281 1065 2320 cum
1099 2264 1163 2319 ad
1214 2275 1459 2321 sanctum
1494 2265 1714 2322 fratrem
1749 2284 1850 2321 no-

252 2367 422 2414 strum
474 2369 531 2415 et
580 2360 961 2429 coepiscopum
994 2359 1255 2430 Cyrillum
1303 2376 1562 2428 reSponsa
1609 2376 1849 2431 congrua

251 2451 617 2519 mitteremus,
651 2462 706 2505 et
738 2450 854 2506 haec
902 2449 929 2487 ἀ
956 2450 1114 2504 vobis
1154 2466 1251 2519 per
1277 2450 1655 2508 cbarissimum
1698 2454 1851 2509 Posi-

250 2546 473 2601 donium
508 2545 626 2614 ejus
657 2545 966 2608 diaconum,
999 2552 1051 2599 et
1085 2544 1230 2614 huic,
1262 2546 1329 2601 de
1352 2563 1459 2615 quo
1489 2548 1687 2619 agitur,
1722 2548 1850 2604 diri-

248 2638 422 2706 genda
453 2638 523 2692 ab
567 2636 758 2693 eodem
809 2638 977 2691 fratre
1027 2652 1149 2691 meo
1194 2640 1395 2708 scripta
1430 2640 1845 2696 transmisimus.

248 2730 311 2785 Et
340 2733 467 2801 quin
505 2741 689 2785 nostra
723 2731 775 2784 in
822 2739 970 2785 tanto
1011 2731 1231 2799 negotio
1282 2732 1674 2801 propemodum
1708 2747 1849 2802 pra:-

246 2827 425 2881 sentia
478 2827 780 2880 necessaria
816 2826 1125 2891 videbatur,
1153 2826 1325 2879 vicem
1356 2834 1625 2893 nostram,
1662 2836 1684 2862 ε
1715 2843 1849 2895 pro-

244 2932 367 2992 pter
393 2921 602 2977 marina
628 2923 708 2976 vel
743 2932 954 2974 terrena
981 2922 1173 2988 Spatia,
1207 2920 1309 2990 ipsi
1343 2931 1531 2974 sancto
1556 2921 1703 2975 fratri
1728 2936 1849 2976 meo

240 3015 454 3087 Cyrillo
483 3014 875 3084 delegavimus,
910 3030 976 3066 ne
1004 3014 1223 3066 morbus
1256 3013 1355 3064 iste
1384 3011 1735 3079 longitudinis
1758 3026 1851 3065 oc-

238 3108 473 3164 casione
504 3115 801 3175 grassetur.
831 3104 936 3156 Vos
968 3112 1175 3156 tantum
1208 3101 1541 3169 apostolicos
1566 3110 1693 3153 ante
1722 3115 1850 3153 oeu-

1954 494 2026 551 εἰς
2068 490 2275 569 καρδίαν
2325 492 2596 567 ἀνθρώπου
2646 492 2848 546 ἀνῆλθεν
2896 499 3083 552 ταῦτα.
3130 492 3164 547 ἃ
3209 495 3482 565 ἡτοίμασεν
3523 494 3554 551 ὅ

1955 588 2080 647 Θεὸς
2109 593 2222 646 τοῖς
2252 586 2522 658 ἀγαπῶσιν
2552 584 2727 640 αὐτόν.
2756 584 2865 641 ἰνα
2907 585 2960 641 δὲ
3000 587 3126 658 μηδέ
3155 598 3181 625 ¹¹
3209 591 3339 664 πρὸς
3377 591 3553 663 καιρόν

1957 678 2077 755 δοκῇ
2114 681 2300 734 τούτου
2354 682 2563 750 ἰσχύειν
2593 682 2623 737 ἡ
2654 681 2945 753 ἀπόφασις,
2983 688 3077 737 τοῦ
3109 682 3206 741 ἤδη
3242 685 3350 739 καθ’
3368 685 3551 740 ἑαυτοῦ

1956 776 2051 829 τήν
2080 772 2210 825 θείαν
2252 772 2508 843 ἀπόφασιν
2547 774 3043 847 προσκαλεσαμένου,
3072 783 3295 849 φανερῶς
3323 780 3354 834 ἠ
3383 780 3551 832 αὐθεν-

1956 869 2042 919 τία
2069 870 2158 918 τοῦ
2189 867 2436 938 ἡμετέρου
2474 866 2655 941 Θρόνου
2687 869 2942 941 ὡρίσατο,
2971 866 3159 939 μηδένα
3182 868 3213 927 ἧ
3239 870 3543 935 ἐπίσκοπον,

1959 955 1989 1014 ἣ
2022 956 2266 1032 κληρικόν,
2290 956 2321 1017 ἦ
2345 958 2475 1011 κατά
2509 980 2560 1011 τι
2602 959 2891 1032 ἐπάγγελμα
2932 962 3254 1033 χριστιανόν.
3282 968 3381 1014 τῶν
3402 965 3548 1032 ποιρά

1956 1052 2251 1125 Νεστορίου,
2284 1050 2313 1109 ἦ
2351 1059 2453 1106 τῶν
2478 1048 2668 1106 τούτου
2700 1051 2903 1122 ὁμοίων,
2931 1050 3085 1126 ὰφόὗ
3115 1060 3334 1109 τοιαῦτα
3359 1058 3563 1126 κηρύταη

1956 1163 2058 1197 τειν
2086 1142 2316 1219 ἤρξαντο,
2349 1142 2379 1202 ἦ
2405 1150 2494 1198 τοῦ
2524 1142 2653 1198 ἰδίου
2683 1146 2867 1211 τόπου,
2892 1146 2922 1204 ἦ
2960 1155 3051 1206 τῆς
3080 1150 3335 1209 κοινωνίας
3365 1141 3567 1219 ἀποκιοξ

1955 1237 2194 1293 νηθέντων
2216 1278 2230 1301 ,
2265 1235 2427 1291 δοκεῖν
2453 1236 2484 1295 ἦ
2515 1239 2929 1304 ἁποκεκινῆσθαι,
2967 1238 2998 1297 ἦ
3027 1240 3421 1299 ἀποκοινώνητον
3460 1260 3549 1314 7s—

1954 1329 2209 1400 γενῆσθαι.
2259 1325 2536 1383 ’Λλλόὗτοι
2577 1330 2764 1389 πάντες
2796 1332 2843 1383 ἐν
2874 1339 2934 1405 τῇ
2965 1333 3188 1407 ἡμετέρᾳ
3217 1334 3442 1407 κοινωνίᾳ
3467 1334 3550 1387 καί

1956 1424 2203 1495 ἐγένοντο,
2239 1427 2322 1477 καὶ
2364 1420 2497 1500 ἄχρι
2523 1430 2612 1478 τοῦ
2642 1425 2892 1497 παρόντος
2924 1428 3067 1479 εἰσίν·
3100 1422 3177 1479 ὄτι
3202 1424 3427 1485 οὐδέναῆ
3455 1448 3549 1481 κα-

1956 1517 2127 1582 θελεῖν,
2149 1516 2179 1576 ἧ
2201 1519 2504 1575 ἀποκινῆσαι
2528 1518 2763 1584 ἠδυνατο,
2781 1516 2834 1579 ὃς
2856 1520 2904 1573 ἐν
2926 1528 2997 1593 τῷ
3020 1522 3283 1595 κηρύττειν
3303 1527 3545 1590 ταιαῦτα,

1956 1610 2193 1682 ἀσφαλῶς
2218 1612 2273 1664 οὐ
2281 1632 2322 1679 χ
2346 1612 2583 1670 εἱστήκει.

2026 1705 2220 1763 Πάντας
2250 1706 2415 1757 τοίνυν
2446 1703 2471 1757 ὁ
2498 1707 2671 1777 παρὼν
2698 1704 2844 1776 λόγος
2901 1710 2971 1764 εἰς
3001 1706 3061 1760 τὸ
3106 1708 3265 1760 κοινὸν
3302 1707 3548 1782 περιπλέ-

1956 1816 2115 1857 κεται,
2144 1797 2228 1849 ἶνα
2256 1794 2443 1865 μᾶλλον
2476 1796 2957 1871 ὶσχυροποιηθέντες
2995 1802 3078 1852 καί
3106 1798 3375 1873 θαρσαλέοι
3400 1800 3548 1873 ’γενό-

1958 1908 2098 1958 μενοι
2127 1890 2175 1941 ἐν
2207 1890 2388 1962 κυρίῳ,
2431 1892 2501 1957 μή
2546 1888 2933 1958 μετακινηθῆτε,
2988 1889 3113 1944 ἀλλά
3167 1892 3351 1960 μᾶλλον
3398 1893 3549 1964 θερα-

1956 1984 2183 2037 πεύσητε
2214 1982 2305 2040 τὰς
2339 1990 2359 2016 ε
2392 1980 2612 2037 ἀλλήλων
2661 1981 2937 2040 ἀσθενείας.
2980 1978 3100 2039 ’Ἤδη
3144 1985 3240 2056 γὰρ
3284 1985 3403 2055 ὑμῖν
3449 1986 3552 2039 ἐκεῖ

1955 2076 2072 2133 τοὺς
2096 2075 2321 2134 ἀσθενεῖς
2342 2074 2729 2147 παρατιθέμεθα,
2757 2070 2886 2127 ὅπου
2910 2072 3104 2147 ὁρῶμεν
3132 2077 3279 2131 αὐτὸν
3299 2084 3549 2134 νοσοῦντα

1956 2168 2040 2222 τὸν
2071 2169 2259 2243 ἱατρόν’
2382 2168 2580 2238 θέλομεν
2611 2163 2746 2238 ὅμως
2770 2208 2782 2229 ,
2837 2169 2878 2221 εἰ
2916 2165 2996 2223 ἔτι
3027 2166 3299 2240 δυνάμεθα,
3333 2171 3544 2239 βοηθεῖν.

1955 2272 2040 2321 Ὠς
2068 2263 2168 2337 γὰρ
2198 2261 2327 2335 πρὸς
2357 2260 2441 2314 τόν
2472 2259 2614 2332 ἅγιον
2642 2258 2845 2329 ἁλελφόν
2874 2262 2961 2314 καί
3000 2263 3377 2316 συνεπίσκοπον
3407 2264 3548 2332 ἡμῶν

1955 2354 2186 2431 Κύριλλον
2236 2351 2511 2424 ἁρμοδίους
2565 2352 2861 2423 ἀποκρίσεις
2918 2353 3231 2422 ἐπέμπομεν,
3287 2356 3373 2406 καὶ
3428 2354 3548 2425 ὑμῖν

1955 2446 2316 2515 ἐπεστεῦαμεν
2369 2444 2451 2499 διὰ
2504 2452 2592 2499 τοῦ
2650 2446 3005 2500 ποθεινοτάτου
3064 2445 3394 2502 Ποσειδωνίου
3451 2451 3545 2502 τοῦ

1952 2537 2187 2594 διακόνου
2217 2540 2389 2598 αὐτοῦ,
2422 2538 2487 2591 τὰ
2528 2538 2764 2608 πεμπτέα
2800 2539 2944 2615 παρὰ
2989 2546 3080 2594 τοῦ
3130 2541 3288 2594 αὐτοῦ
3333 2537 3544 2613 ἀδελφοῦ

1954 2653 2053 2703 μου
2082 2634 2161 2685 καὶ
2188 2632 2319 2705 πρὸς
2350 2630 2528 2684 ἐκεῖνον
2558 2633 2675 2704 περὶ
2705 2628 2764 2684 οὗ
2792 2631 2960 2704 λόγος.
2994 2636 3095 2687 Καὶ
3131 2631 3303 2693 ἐπειδὴ
3333 2634 3382 2688 ἐν
3409 2633 3547 2693 τηλυ-

1953 2728 2119 2794 κούτῳ
2148 2725 2412 2798 πράγματι
2441 2726 2470 2781 ἡ
2500 2726 2724 2799 ἡμετέρα
2764 2724 2952 2797 σχεδὸν
2994 2732 3263 2801 παρουσία
3291 2730 3547 2800 ἀναγκαία

1954 2818 2201 2889 ἐφαίνετο,
2234 2821 2324 2874 τήν
2353 2818 2603 2889 ἡμετέραν
2628 2814 2904 2885 διαδοχήν,
2935 2815 3020 2870 διὰ
3048 2820 3113 2871 τὰ
3142 2819 3274 2873 κατά
3296 2819 3549 2875 θάλατταν

1954 2917 2040 2966 καὶ
2067 2920 2157 2985 γῆν
2203 2911 2543 2981 διαστήματα,
2575 2911 2716 2979 αὐτῷ
2741 2916 2815 2981 τῷ
2836 2909 2963 2981 ἁγίῳ
2989 2908 3180 2982 ἀδελφῷ
3199 2930 3295 2981 μου
3326 2912 3549 2985 male

1954 3006 2312 3073 ἀπενείμαμεν,
2346 3006 2416 3068 μὴ
2447 3001 2574 3056 αὐτὴ
2615 3000 2645 3055 ἡ
2672 3000 2819 3057 νόσος
2859 3002 3060 3073 ἀφορμῇ
3089 3008 3181 3060 τῆς
3227 3003 3550 3072 μακρότητος

1956 3092 2209 3166 ἐπιτριϐᾔ.
2243 3087 2396 3143 Μόνον
2422 3090 2567 3158 ὑμεῖς
2597 3091 2722 3148 τοὺς
2762 3089 3126 3151 ἀποστολικούς
3158 3093 3259 3167 πρὸ
3290 3095 3549 3166 ὀφθαλμῶν

235 3203 325 3257 los
378 3200 647 3253 habentes
675 3211 976 3260 sermones,
1027 3198 1077 3249 iu
1110 3196 1285 3247 eodem
1316 3212 1467 3247 sensu
1492 3203 1536 3245 et
1581 3195 1631 3246 in
1664 3192 1844 3246 cadent

1955 3183 2112 3253 ἔχετε
2143 3182 2339 3253 λόγους.
2376 3184 2422 3234 ἐν
2450 3190 2512 3255 τῇ
2552 3182 2679 3255 αὐτῇ
2727 3180 2925 3255 διανοίᾳ
2961 3185 3042 3236 καί
3072 3185 3121 3237 ἐν
3156 3193 3219 3260 τῇ
3256 3190 3429 3260 γνώμῃ
3464 3193 3547 3263 γί-

233 3291 507 3348 scntentia
542 3298 700 3342 estote
741 3288 950 3356 perfecti
974 3286 1027 3357 (l
1051 3287 1168 3339 Cor.
1200 3300 1245 3351 ι,
1284 3285 1397 3356 10),
1435 3294 1509 3347 ut,
1544 3284 1681 3339 sicut
1712 3283 1846 3354 legi-

231 3399 360 3443 mus
395 3378 623 3452 (Matth.
673 3396 703 3434 χ
732 3425 744 3448 ,
778 3379 918 3448 2:2),
952 3384 1330 3448 permanentes
1368 3392 1538 3447 usque
1567 3376 1633 3431 ad
1684 3377 1844 3432 ﬁnem

235 3477 374 3535 salvi
414 3488 540 3529 esse
566 3474 800 3541 possitis.
835 3471 901 3526 Ut
928 3482 1107 3525 autem
1157 3470 1413 3524 noveritis
1445 3470 1546 3526 sub
1574 3485 1677 3541 qua
1705 3470 1841 3525 deﬁ-

237 3574 452 3629 nitione
490 3567 702 3622 litteras
743 3565 760 3603 τ
796 3566 1133 3628 miserimus,
1165 3564 1335 3633 ipsam
1367 3565 1691 3619 sententiam
1718 3565 1844 3619 huic

240 3666 492 3737 epistoltc
521 3662 753 3717 fecimus
795 3659 983 3715 subter
1028 3659 1281 3724 annecti,
1316 3668 1372 3711 ut
1413 3657 1593 3712 datam
1625 3657 1689 3712 de
1722 3659 1840 3727 ipso

242 3758 539 3817 formulam
565 3754 926 3827 cognoscatis.
947 3752 1090 3807 Deus
1106 3767 1205 3807 vos
1232 3752 1533 3806 incolumes
1549 3751 1836 3819 custodiat,

244 3852 441 3907 fratres
468 3848 794 3903 charissimi.
827 3846 958 3899 Data
990 3854 1015 3891 κ
1045 3860 1102 3898 ιιι
1134 3844 1252 3898 idus
1282 3843 1505 3915 Augusti
1532 3843 1840 3899 Theodosio

245 3960 339 4002 xm
368 3955 424 4001 et
452 3942 829 3997 Valentiniano
852 3954 909 3994 tu
937 3936 1276 3993 consulibus.

315 4040 370 4094 9.
394 4036 580 4092 Palam
612 4032 640 4071 ιι
667 4034 828 4103 igitur
851 4044 1084 4102 agnosce
1118 4031 1255 4083 hanc
1286 4038 1527 4084 nostram
1560 4045 1684 4086 esse
1715 4044 1839 4085 sen-

249 4135 501 4198 tentiam,
531 4136 590 4182 ut
613 4127 715 4182 nisi
747 4126 813 4180 de
834 4124 1051 4179 Christo
1079 4124 1187 4177 Deo
1216 4122 1330 4177 haec
1352 4124 1691 4193 eXposueris,
1719 4138 1841 4192 quae

250 4237 299 4278 et
322 4222 594 4284 Romana,
623 4228 680 4273 et
706 4216 1089 4279 Alexandrina,
1115 4223 1169 4269 et
1193 4214 1367 4269 omnis
1390 4214 1651 4269 catholica
1678 4214 1844 4269 sentit

252 4314 525 4381 Ecclesia,
555 4311 695 4367 sicut
740 4309 902 4363 etiam
948 4306 1543 4375 Coustantinopolitana
1596 4305 1841 4361 Ecclesia

318 4539 342 4568 ι
371 4524 445 4581 Ita
476 4533 615 4574 mss.
644 4517 712 4589 At
738 4514 1271 4589 edil.,_1rp6crxattpo_§-
1338 4579 1361 4589 Α
1452 4579 1461 4589 ι
1590 4578 1599 4586 ,

316 4602 344 4641 b
372 4579 550 4651 δεδρο-
581 4608 592 4642 :
631 4588 730 4652 Qui
776 4579 1119 4655 prtrdic'ando
1150 4579 1275 4655 {alia
1326 4579 1539 4655 ﬁrmiter
1584 4579 1692 4655 ipse
1725 4591 1838 4655 _non

255 4647 715 4730 steterat,scilic'et
738 4647 787 4712 in
812 4654 1066 4730 Ecclesia;
1094 4652 1337 4730 doctrina
1360 4661 1413 4703 et
1436 4649 1557 4730 fide.
1587 4647 1839 4701 Nicolaus

258 4719 480 4806 liepist'.
512 4735 546 4789 8
575 4732 639 4785 ad
672 4729 855 4794 Μί‹-ιι.,
889 4726 1165 4806 superiora
1201 4720 1362 4806 verba
1394 4719 1841 4806 adultrecuttsque

259 4790 595 4867 exs—efﬂuens.
630 4790 889 4863 nusquam
920 4790 1205 4852 alecuone
1225 4792 1411 4845 Latina
1446 4790 1694 4845 discedit.

326 4869 845 4949 fLegmrrBuaDa‘w.
884 4936 933 4949 μ
998 4939 1007 4949 _
1073 4937 1083 4947 _
1121 4943 1134 4949 _
1264 4933 1316 4949 Α
1375 4933 1411 4949 ,ν
1468 4932 1505 4949 ,ξ
1568 4947 1623 4949 Α
1666 4929 1731 4949 Α,

324 4947 348 4985 ά
378 4932 513 5003 ιιιιῗει
546 4943 704 5002 vobis.
733 4956 792 4994 ac
816 4936 1045 5013 subinde.
1072 4937 1193 5013 ista,
1223 4943 1275 4988 et
1297 4933 1416 5013 huic
1443 4932 1628 5013 deﬂuo
1649 4932 1838 5013 agitur,

263 5020 631 5075 desiderantur
654 5016 704 5067 iu
727 5013 860 5067 edit.
880 5010 1063 5074 Rom,
1086 5004 1281 5083 quibus
1305 5021 1385 5083 vet
1402 5004 1483 5055 bis
1509 5004 1837 5083 Qte‘lestinus

265 5072 587 5151 summ,
619 5094 729 5139 tum
763 5072 1438 5152 superiorem-epistolam,
1469 5077 1539 5152 atl_
1577 5072 1839 5152 gyrillum

265 5164 461 5216 misisse
490 5174 551 5214 se
576 5144 867 5227 signiﬁcat,
895 5154 1099 5227 utejus
1127 5144 1298 5227 opera
1322 5147 1447 5227 haec
1477 5144 1543 5227 ad
1574 5144 1842 5227 Constan-

268 5219 655 5299 tin0pnlitanos'
694 5236 750 5282 et
805 5226 872 5279 ad
930 5222 1235 5277 Nestorium
1287 5219 1455 5272 altera
1510 5219 1843 5269 transmitte-

269 5316 423 5359 l'Cllll‘.

334 5384 355 5412 ε
388 5375 495 5430 Hoc
520 5380 624 5436 est,
657 5368 780 5438 quia
820 5366 1007 5438 longa_
1028 5362 1500 5438 maris_tcrraeque
1531 5358 1701 5427 Spatia
1731 5370 1840 5411 non

271 5446 457 5513 sinunt,
482 5453 540 5497 ut
567 5432 687 5513 ipse
707 5456 772 5494 eo
800 5432 1068 5513 melaeile
1089 5432 1393 5513 conferam.
1592 5501 1600 5508 _
1695 5500 1706 5510 υ

340 5516 355 5552 ί
387 5503 559 5572 Graec.
588 5503 702 5566 ΞΑά
726 5527 840 5563 eum
873 5508 935 5562 de
956 5522 1054 5576 quo
1085 5505 1221 5559 vobis
1253 5503 1510 5576 loquimur
1530 5503 1839 5576 miserimus,

272 5570 750 5653 ipsamsententiant
794 5570 1244 5652 quant-adversus
1278 5570 1579 5627 Nestorium
1608 5570 1841 5634 tulimus,

273 5654 381 5711 huic
401 5658 647 5729 epistolte,
682 5664 787 5729 etc.
923 5720 1011 5729 ’-Α
1081 5716 1095 5729 Α
1206 5716 1219 5729 ,
1270 5715 1358 5729 η,
1542 5728 1549 5729 ,
1605 5712 1616 5729 ρ

340 5708 702 5799 ίᾸῖιέιιειίᾙ
749 5738 877 5799 ann.
911 5720 1037 5799 ιξι).
1068 5716 1238 5799 Apud.
1270 5715 1450 5799 Belua.
1500 5728 1551 5768 Iv
1599 5710 1738 5766 idus.
1785 5708 1843 5764 In

276 5796 397 5859 edit.
427 5787 560 5860 ιιόω
604 5797 758 5858 deest
783 5795 899 5853 haec
927 5787 1308 5853 chronologica
1338 5794 1485 5845 nota.

1859 4506 1917 4566 D

1950 3278 2086 3330 νεσθε
2116 3275 2309 3330 τέλειοι·
2340 3276 2437 3337 ἶνα,
2474 3276 2543 3333 ὡς
2574 3275 2875 3345 ἀνέγνωμεν,
2908 3278 3281 3350 παραμένοντες
3302 3278 3437 3357 ἄχρι
3464 3285 3547 3338 τε..

1949 3368 2068 3427 λους
2113 3365 2350 3425 δυνηθῆτε
2397 3366 2635 3424 σωθῆναι.
2667 3364 2778 3421 Ἰνα
2808 3365 2861 3420 δὲ
2908 3376 3065 3440 ’γνῶτε
3108 3372 3175 3445 ἐφ’
3220 3374 3307 3444 οἵῳ
3355 3372 3453 3452 ὅρῳ
3481 3379 3547 3433 τά

1946 3462 2274 3536 γεγραμμένα
2295 3460 2667 3532 ἀπεστείλαμεν
2682 3469 2754 3535 τῷ
2768 3462 2897 3538 πρὸς
2920 3459 2970 3517 ὃν
3000 3464 3118 3535 ὑμῖν
3149 3465 3174 3520 ὁ
3202 3467 3368 3540 λόγος,
3390 3472 3545 3530 αὐτὴν

1948 3560 2039 3615 τήν
2096 3549 2350 3627 ἀπόφασιν
2392 3559 2478 3613 τὴν
2534 3552 2646 3609 κατ’
2697 3556 2856 3611 αὐτοῦ
2913 3561 3190 3633 Νεστορίου
3235 3562 3544 3634 ἐποιήσαμεν

1948 3650 2189 3723 ταύτῃτῇ
2207 3648 2446 3721 ἐπιστολῇ
2462 3648 2799 3720 ὑποταγῆναι,
2828 3651 2912 3705 ἵνα
2940 3659 3098 3724 γνῶτε
3127 3655 3210 3709 τὸν
3233 3659 3352 3732 περὶ
3382 3659 3541 3713 αὐτοῦ

1948 3743 2156 3799 δοθέντα
2182 3744 2363 3797 τύπον.
2396 3740 2453 3795 Ὀ
2494 3744 2614 3802 Θεὸς
2643 3744 2779 3813 ὑμᾶς
2830 3746 2988 3815 ὑγιεῖς
3045 3748 3275 3819 φυλάξαι,
3339 3751 3544 3827 ἀδελφοί

1948 3846 2070 3898 ποθι
2080 3842 2312 3900 ινότατοι.

2307 3932 2459 3991 ’Ἔστι
2488 3933 2541 3990 δέ
2571 3933 2686 4010 ὄρος
2716 3932 2825 4007 μεθ’
2854 3935 3006 4011 ἔτερα
3031 3932 3179 3994 οὗτος

2017 4037 2188 4100 Σαφῶς
2216 4035 2487 4104 τοιγαροῦν
2516 4028 2725 4101 μαθήσῃ
2760 4024 2954 4083 ταύτην
2998 4026 3246 4102 ἡμετέραν
3284 4022 3412 4083 εἶναι
3446 4038 3541 4092 τήν

1945 4121 2292 4193 ἀπόφασιν,ὠς
2323 4125 2366 4175 εἰ
2393 4125 2463 4191 μὴ
2492 4123 2611 4195 περὶ
2639 4126 2863 4198 Χριστοῦ
2906 4125 2996 4173 τοῦ
3039 4125 3167 4173 Θεοῦ
3207 4120 3346 4192 ἡμῶν
3370 4128 3542 4183 ταῦτα

1946 4215 2186 4287 ἐξηγήσῃ,
2217 4212 2249 4267 ἃ
2271 4216 2353 4268 καὶ
2382 4214 2411 4271 ἡ
2434 4210 2679 4286 Ῥωμαίκή
2706 4214 2789 4266 καί
2814 4214 2843 4269 ἡ
2859 4209 3226 4286 ’Δλεξανδρική.
3249 4214 3333 4265 καὶ
3358 4210 3541 4273 ἅπασα

1950 4307 2179 4364 καθολική
2207 4308 2473 4365 Ἐκκλησία
2518 4314 2637 4371 νοεῖ,
2684 4307 2843 4365 καθῶς
2888 4308 2976 4359 καί
3012 4306 3042 4361 ἠ
3081 4304 3400 4377 εὖαγεστάτη
3438 4313 3542 4361 τῶν

2014 4502 2040 4539 h
2075 4502 2131 4557 In
2154 4502 2279 4557 edit.
2311 4503 2468 4557 Rom.
2492 4512 2547 4557 et
2572 4502 2703 4556 Lab.
2728 4502 2913 4556 eadem
2943 4502 3171 4556 formula
3196 4502 3356 4559 aliter
3374 4520 3541 4565 enun-

1944 4577 2108 4630 tiatur
2148 4573 2230 4627 his
2260 4574 2437 4629 verbis
2474 4592 2485 4626 :
2511 4576 2696 4641 Aperte
2720 4574 2879 4643 igitur
2907 4588 3123 4643 agnosce
3141 4572 3278 4628 hanc
3306 4587 3539 4635 nostram

1944 4661 2053 4699 esse
2072 4646 2394 4710 sententiam,
2429 4652 2483 4696 ut
2522 4646 2620 4697 nisi
2652 4643 2715 4697 de
2740 4643 2940 4696 Christo
2974 4644 3077 4697 Deo
3108 4655 3282 4699 nostro
3306 4664 3366 4701 ea

1946 4667 2053 4699 esse
2072 4667 2394 4710 δεηιεηιιαιη,
2429 4667 2482 4696 ιιι
2522 4667 2619 4697 ιιιδι
2652 4667 2715 4697 ue
2740 4667 2940 4696 ιλιιΐιδιυ
2974 4667 3077 4697 υεσ
3108 4667 3282 4699 "(latro
3306 4667 3366 4701 ea
3397 4667 3535 4718 prm-

1946 4716 2082 4768 dices
2110 4731 2224 4784 qua:
2252 4716 2488 4769 Romana
2508 4724 2553 4768 et
2577 4714 2930 4767 Alexandrina
2955 4724 3000 4766 et
3030 4716 3333 4771 universalis
3362 4719 3539 4777 Eccle-

1943 4791 2020 4841 sia
2049 4796 2095 4839 et
2124 4794 2303 4839 sancta
2333 4784 2903 4853 ConstantinOpolitana
2935 4784 3167 4857 Ecclesia
3194 4804 3356 4857 usque
3387 4797 3455 4843 ad
3485 4805 3535 4848 te

1948 4858 2135 4928 optimc
2177 4858 2357 4929 tenuit,
2383 4860 2542 4927 juxta
2572 4858 2869 4929 expositam
2894 4857 2946 4908 in
2977 4855 3194 4910 Nictzna
3233 4855 3434 4927 synodo
3463 4864 3534 4929 fi-

1947 4927 2099 5005 dem;
2126 4945 2186 4980 ac
2214 4928 2311 4982 nisi
2327 4927 2730 5005 Itancperﬁdam
2758 4928 3049 5005 novitatem,
3071 4930 3380 5005 quam_(|eg.
3403 4927 3533 5005 qua)

1947 5002 2042 5053 hoc
2068 5008 2203 5068 quod
2244 4998 2544 5072 uenerabilis
2579 4998 2851 5072 Scriptura
2888 4998 3154 5072 conjungit
3184 4998 3359 5055 niteris
3382 4998 3535 5072 sepa-

1948 5087 2078 5135 rare,
2114 5072 2251 5123 intra
2277 5070 2524 5122 decimam
2565 5069 2699 5121 diem
2737 5085 2769 5120 a
2819 5070 2983 5135 primo
3029 5072 3389 5127 innotescentis
3441 5069 3537 5129 tibi

1948 5145 2102 5214 hujus
2131 5142 2475 5215 conventionis
2511 5141 2594 5215 die
2620 5140 2991 5215 numerandant
3022 5140 3349 5215 deposueris,
3382 5156 3537 5215 atque

1950 5210 2127 5285 aperta
2150 5213 2425 5285 etqscripta
2441 5210 2758 5285 professione
2789 5211 3146 5285 damnavrris;
3172 5218 3370 5285 noveris
3403 5210 3533 5269 te'ab

1951 5279 2254 5338 universalis
2302 5279 2546 5335 Ecclesiw
2570 5279 2832 5334 catholica'
2853 5283 3220 5354 communione
3252 5284 3532 5354 dejectum,

1951 5367 1997 5409 et
2027 5354 2094 5406 ad
2127 5355 2298 5407 omnia
2328 5367 2658 5423 quacumque
2682 5352 3013 5405 sacerdotalis
3039 5352 3362 5407 auctoritatis
3390 5352 3533 5422 sunt,

1949 5428 2157 5479 minime
2188 5428 2447 5477 idoneum.
2480 5428 2609 5489 Quae
2642 5425 3012 5492 interpretatio
3044 5437 3147 5475 non
3182 5438 3212 5477 e
3256 5426 3537 5481 codicibus

1951 5514 1980 5550 e
2002 5496 2195 5564 quibus
2227 5495 2506 5563 superiora
2530 5495 2799 5555 descripta
2830 5503 2975 5555 sunt,
2996 5494 3089 5548 sed
3122 5509 3186 5547 ex
3219 5496 3443 5563 epistola
3466 5498 3535 5553 15

1950 5568 2135 5621 addito
2160 5566 2456 5635 posteriore
2476 5581 2639 5619 versu
2660 5576 2743 5619 est
2766 5564 2991 5618 adscita.
3008 5564 3228 5629 Verum,
3253 5566 3373 5621 licet
3391 5566 3536 5622 Cra:-

1950 5654 2071 5693 cum
2121 5652 2185 5691 ac
2235 5637 2483 5690 Latinum
2516 5646 2717 5689 textum
2768 5652 2831 5691 ex
2866 5645 3103 5689 veterum
3146 5637 3536 5706 exemplarium

1952 5710 2058 5764 ﬁde
2089 5707 2177 5763 hic
2221 5707 2630 5778 exprimendum
2660 5708 3009 5779 duxerimus,
3043 5715 3325 5779 utrumque
3352 5718 3535 5766 tamen

1955 5782 2006 5838 iu
2034 5776 2308 5849 superiori
2332 5779 2560 5849 epistola
2591 5778 2860 5852 puriorem
2902 5794 3023 5837 esse
3052 5776 3326 5840 fatendum
3356 5786 3464 5840 est.
