3982 6182
429 255 534 316 499

1211 247 1268 304 S.
1311 247 1708 306 CIELESTINI
1748 249 1765 304 Ι
1807 247 2008 308 ΡΔΡᾸΞ
2051 247 2408 308 Εριετοιιε
2454 247 2542 304 ET
2586 245 2927 314 MCRETA.

3620 254 3721 314 500

429 385 606 442 usque
633 369 697 424 ad
731 377 804 436 te,
838 363 1180 428 citatissime,
1225 363 1519 430 intellexit,
1542 363 1694 433 juxta
1728 363 2025 431 expositam

2157 365 2736 426 ίωνσταντινουπολιτῶν
2773 365 3001 426 induciet
3027 366 3192 442 μέχρι
3239 372 3355 434 σοῦ,
3393 363 3432 420 ὦ
3472 367 3723 438 Bﬂrtct’t,

429 466 488 524 in
514 459 723 532 synodo
748 457 964 514 Nicatna
994 454 1196 518 (idem;
1233 469 1296 510 ac
1325 453 1426 512 nisi
1457 455 1594 510 hanc
1625 453 1894 516 inﬁdelem
1931 469 2025 510 no-

431 557 656 620 sitatem
675 552 746 610 ab
773 549 1044 608 adoranda
1069 547 1442 621 etvcneraqda
1468 547 1745 619 Scriptura
1771 549 2022 619 sejunxe-

429 650 529 715 ris,
563 654 616 703 et
642 647 781 704 intra
806 644 997 704 decem
1025 643 1143 698 dies
1171 657 1235 700 ex
1265 642 1654 698 innotescentis
1681 643 1841 714 hujus
1868 657 2027 700 exse-

433 739 666 806 cutionis
683 738 772 796 die
793 736 1161 798 numerandos
1176 745 1364 806 aperta
1389 745 1443 791 et
1469 735 1671 803 scripta
1701 735 2030 804 professione

435 831 795 900 damnareris,
819 832 889 888 ab
921 829 1071 890 omni
1098 839 1153 888 te
1179 827 1444 890 catholica
1472 828 1708 885 Ecclesia
1747 840 1768 868 ο
1804 843 2027 886 excom-

437 929 796 990 muniestum.

2133 458 2326 518 ἐνόησε,
2358 459 2490 518 κατά
2522 463 2609 514 τήν
2640 458 2922 515 ἐκτεθεῐσαν
2949 461 3119 516 πίστιν
3161 462 3211 514 ἓν
3257 468 3320 532 τῇ
3367 466 3580 518 Νικαέων
3611 485 3726 522 σνν-

2133 548 2253 621 ὸδῳ,
2307 552 2389 603 καὶ
2419 552 2463 604 εἰ
2499 555 2570 615 μή
2612 551 2802 607 ταύτην
2854 556 2942 612 τήν
2992 549 3277 608 δύσπειστον
3329 553 3601 614 καινότητα
3648 578 3728 612 σε·

2137 640 2302 716 ϐαστῇ
2333 642 2411 694 καὶ
2444 639 2703 714 σεϐασμίᾳ
2731 649 2896 717 γραφῇ
2929 638 3243 714 διαστήσῃς,
3288 643 3424 704 ἐντὸς
3463 643 3581 702 δέκα
3613 648 3730 716 ἡμε-

2133 741 2236 812 ρῶν
2265 733 2346 806 ἀφ’
2378 731 2434 796 ἧς
2463 734 2794 809 γνωρίζωνταί
2823 753 2905 788 σοι
2933 739 3105 790 ταῦτα
3133 735 3201 790 τὰ
3226 737 3507 809 γράμματα
3538 741 3733 800 ταύτης

2135 834 2225 886 τῆς
2259 822 2517 896 μεθοδείας
2565 829 2653 883 τὴν
2685 825 2710 851 ⁸
2742 826 2933 900 ἡμέραν
2981 825 3275 901 ἐναρίθμων,
3317 827 3380 881 τὰ
3417 831 3606 904 φανερά
3645 833 3734 886 καὶ

2134 919 2460 992 γεγραμμένα
2499 925 2588 976 τῆς
2633 915 3034 990 καταδικασίμου
3083 919 3328 994 αἱρέσεως
3352 960 3368 985 ,
3410 921 3511 978 ἀπὸ
3554 922 3736 986 πάσης

2138 1011 2398 1069 matrimi:
2427 1007 2721 1070 Ἐκκλησίας
2764 1012 3091 1068 ἀκοινώνητον
3122 1009 3149 1047 ¹³
3182 1006 3306 1068 εἶναι
3353 1014 3592 1081 σεαυτὸν,
3644 1016 3737 1070 καὶ

2139 1103 2465 1177 ἀνενέργητον
2494 1101 2620 1177 πρὸς
2643 1106 2744 1156 πᾶν
2771 1100 2938 1157 ὁτιοῦν
2959 1108 3057 1157 τῶν
3087 1103 3138 1168 ἐξ
3168 1103 3428 1166 auertit-iac
3457 1104 3728 1181 ἱερατικῆς.

1817 1227 1842 1266 ιι
1877 1221 2212 1282 EPISTOLA
2257 1219 2371 1273 XV.

1622 1335 1861 1375 NESTORII
1889 1335 1954 1373 AD
1979 1326 2337 1374 C(ELBSTINUI
2365 1325 2560 1367 ΡΔΡΔΙ.

1077 1417 1212 1482 Quid
1241 1416 1467 1487 Cyrillus
1485 1457 1498 1480 ,
1525 1417 1651 1485 quid
1677 1417 1786 1484 ipse
1810 1417 1873 1468 de
1915 1428 2045 1466 uoca

2157 1424 2174 1459 s
2200 1406 2440 1465 Θεοτὸκος
2472 1416 2515 1457 et
2545 1407 2886 1482 Χριστοτὸκος
2915 1406 3116 1459 sentiat.

514 1505 836 1565 Caus'ruto
865 1524 1016 1579 papae
1041 1509 1344 1564 Nssroatus
1371 1511 1661 1580 episcopus
1689 1507 1960 1562 Conslan-

1042 1581 1449 1651 tinopolitanus.

519 1693 571 1746 t.
615 1692 782 1747 Didiei
833 1694 1276 1752 honestissimum
1335 1695 1598 1766 Cyrillum
1651 1690 2035 1748 Alexandrinas

2146 1499 2283 1553 foret
2315 1499 2473 1564 longo
2507 1496 2788 1566 multoque
2814 1496 2881 1551 de
2911 1500 3009 1552 hac
3038 1497 3151 1566 ipsa
3183 1513 3344 1552 causa
3373 1513 3641 1558 sermone.

2217 1597 2270 1648 5.
2307 1592 2413 1648 Sed
2442 1602 2497 1647 et
2527 1593 2644 1647 sine
2671 1591 2804 1658 hoc,
2836 1591 2964 1646 illttd
2997 1606 3214 1662 quoque
3241 1593 3390 1646 omni
3432 1594 3590 1649 modo
3615 1595 3741 1650 bea-

2150 1687 2360 1742 titudini
2399 1697 2505 1740 tum
2532 1694 2720 1740 notum
2751 1693 2858 1751 est,
2891 1685 3015 1754 quia
3049 1685 3093 1740 si
3139 1685 3474 1742 testimentus
3497 1686 3631 1743 duas
3654 1703 3740 1742 se-

447 1784 599 1846 urbis
646 1786 983 1856 episcopum,
1023 1796 1244 1857 propter
1275 1787 1485 1842 libellos
1513 1795 1702 1840 contra
1727 1800 1848 1841 eum
1880 1783 2039 1838 nobis
2070 1792 2118 1853 Β
2143 1789 2259 1838 etas
2284 1780 2584 1836 contrarias
2617 1778 2721 1834 sibi
2752 1789 2899 1833 stare
2919 1820 2934 1846 ,
2965 1787 3020 1834 et
3064 1778 3256 1833 harum
3284 1778 3455 1838 altera
3486 1779 3622 1836 hanc
3650 1797 3742 1840 vo-

451 1878 664 1933 oblatos
714 1880 1059 1946 exterritum,
1087 1895 1150 1936 ac
1197 1879 1300 1935 sibi
1352 1889 1637 1936 venantem
1673 1877 1942 1944 latebras,
1971 1874 2040 1931 ad

452 1973 758 2028 evitandam
787 1989 998 2029 sacram
1024 1974 1312 2046 synodum,
1333 1982 1556 2044 propter
1582 1973 1680 2027 hos
1709 1973 1856 2041 ipsos
1876 1969 2044 2024 libros

453 2062 712 2131 futuram,
743 2066 1004 2137 quasdam
1048 2067 1182 2122 alias
1213 2067 1421 2121 interea
1452 2065 1808 2134 cogitationes
1830 2062 2046 2134 excogi-

453 2163 573 2212 tare
626 2159 915 2214 verborum
945 2203 960 2226 ,
1013 2168 1069 2213 et
1120 2158 1370 2228 amplecti
1421 2167 1444 2194 ο
1494 2156 1715 2210 verbum
1771 2155 1915 2224 quod
1964 2164 2048 2210 est

454 2250 696 2312 Θεοτόκος
745 2260 799 2306 et
847 2251 1212 2326 Χριστοτόκος,
1246 2264 1473 2319 quorum
1507 2247 1740 2302 alterum
1787 2246 2044 2313 admittit,

456 2339 687 2393 alterum
717 2356 848 2395 vero
896 2342 1058 2396 modo
1109 2340 1328 2409 quidem
1375 2338 1443 2393 de
1493 2337 1802 2408 Evangeliis
1838 2337 2046 2406 eximit,

457 2429 621 2483 modo
667 2446 796 2485 vero
850 2447 1038 2486 rursus
1089 2432 1342 2496 admittit,
1395 2429 1498 2484 hoc
1551 2439 1637 2484 est
1681 2431 2044 2506 Χριστοτὸκος,

459 2522 754 2578 secundum
786 2523 1108 2592 quamdam,
1132 2523 1329 2589 credo,
1362 2522 1662 2591 prudentiae
1690 2522 2047 2577 nimietatem.

529 2617 586 2666 2.
629 2612 745 2683 Ego
783 2623 963 2670 autem
1008 2616 1073 2670 ad
1103 2615 1243 2672 hanc
1285 2615 1506 2686 quidem
1533 2629 1722 2670 vocem
1753 2612 1772 2652 ί
1820 2630 1940 2684 qum
1971 2621 2056 2668 est

459 2706 727 2773 Θιοτὸκος,
755 2708 858 2763 nisi
897 2709 1191 2765 secundum
1219 2709 1546 2781 Apollinaris
1576 2718 1632 2764 et
1659 2709 1771 2764 Arii
1813 2709 2051 2764 furorem

459 2799 528 2853 ad
555 2799 928 2856 confusionem
955 2812 1266 2860 naturarum
1291 2803 1617 2874 proferatur,
1644 2801 1951 2857 volentibus
1972 2802 2055 2858 di-

458 2907 589 2948 cere
613 2909 720 2948 non
753 2895 984 2962 resisto;
1017 2911 1117 2952 nec
1149 2903 1327 2952 tamen
1372 2895 1612 2965 ambigo.
1641 2896 1770 2966 quin
1809 2895 1926 2950 haec
1952 2909 2057 2949 vox

459 2986 701 3048 Θεοτὸκος
739 2987 821 3043 illi
851 2989 969 3050 voci
1005 2988 1195 3054 cedat,
1227 3004 1349 3060 qua
1395 2996 1476 3042 ost
1501 2987 1872 3065 Iptaroro'xoe,
1921 2996 2056 3040 tam-

459 3092 622 3147 quam
653 3081 874 3149 prolata
899 3080 968 3134 ab
994 3081 1200 3152 angelis
1225 3090 1324 3136 ets
1351 3079 1674 3149 Evangeliis.
1707 3079 1772 3132 Et
1800 3078 1901 3134 nisi
1942 3077 2056 3133 hac

2145 1891 2262 1932 cem
2291 1873 2531 1944 proferat
2560 1873 2729 1928 solam
2753 1873 3014 1939 Θεοτὸκος,
3041 1873 3212 1928 altera
3239 1888 3369 1928 vero
3399 1874 3543 1930 illam
3572 1877 3741 1932 solam

2145 1966 2550 2050 summam,
2573 1977 2628 2024 et
2655 1975 2882 2037 utraque
2906 1977 3052 2022 secta
3075 1966 3142 2022 ad
3172 1981 3323 2022 suam
3346 1967 3743 2025 confessionem

2147 2062 2175 2102 ιι
2205 2063 2403 2130 trahat,
2436 2072 2527 2116 aut
2553 2061 2597 2117 si
2621 2061 2724 2117 hoc
2755 2076 2859 2116 non
2895 2061 3288 2130 impetraverit,
3323 2061 3649 2131 periclitetur
3673 2065 3746 2120 de

2151 2159 2393 2214 Ecclesia
2421 2158 2650 2222 cadere;
2678 2170 2904 2211 necesse
2929 2156 3035 2212 erit
3069 2153 3086 2196 ί
3118 2156 3334 2224 iactatas
3363 2154 3483 2210 huic
3520 2157 3600 2212 rei
3645 2157 3747 2212 de~

2149 2260 2418 2322 putatum,
2444 2251 2734 2305 habentem
2763 2264 2860 2318 pro
2889 2260 3116 2318 utraque
3140 2258 3284 2304 secta
3309 2263 3513 2314 curam,
3535 2249 3748 2306 mederi

2152 2344 2393 2414 periculo
2420 2343 2705 2411 utriusque
2737 2341 2902 2410 partis
2928 2356 2992 2394 ex
3038 2355 3174 2396 voce
3219 2341 3286 2396 ab
3313 2341 3617 2410 Evangeliis
3640 2353 3749 2398 tra-

2152 2435 2280 2500 dita,
2315 2451 2432 2505 quae
2461 2433 2742 2503 utriusque
2773 2445 2978 2488 naturas
3007 2431 3360 2502 signiﬁcatrix
3410 2433 3502 2488 sit.
3539 2433 3746 2490 Horum

2152 2529 2332 2595 etiim,
2363 2528 2509 2581 sicut
2553 2526 2694 2590 dixi,
2741 2526 3098 2582 assertionem
3145 2525 3160 2578 i
3209 2540 3316 2580 vox
3361 2524 3479 2591 illa,
3518 2541 3642 2596 quas
3668 2536 3750 2582 est

2150 2620 2510 2696 Χριστοτόκος,
2528 2619 2650 2688 quia
2674 2616 2766 2671 etk
2784 2617 3179 2686 blasphemiam
3205 2617 3546 2672 Samosateni
3571 2633 3751 2672 remo-

2157 2725 2273 2780 vet,
2305 2710 2448 2780 quod
2491 2719 2575 2766 est
2613 2709 2814 2764 dictum
2868 2709 2937 2763 de
2984 2709 3224 2765 omnium
3277 2709 3506 2764 Domino
3534 2709 3752 2766 Christo

2155 2812 2428 2871 tamquam
2470 2816 2605 2872 puro
2655 2801 2908 2867 homine,
2950 2801 3046 2858 sed
3075 2811 3133 2858 et
3156 2801 3276 2858 Arii
3319 2813 3374 2860 et
3418 2803 3754 2873 Apollinaris

2157 2895 2416 2952 malitiam
2450 2895 2613 2962 fugat.

2229 2987 2284 3041 4.
2326 2986 2451 3043 Haec
2477 2996 2656 3055 autem
2687 2989 2802 3057 ipsa
2833 2987 2994 3044 etiam
3022 2984 3407 3042 honestissimo
3426 2985 3756 3046 Alexandri-

2163 3095 2353 3135 norum
2397 3080 2654 3150 episcopo
2697 3079 2926 3149 scripsi,
2968 3079 3106 3135 sicut
3150 3088 3330 3146 potest
3353 3077 3626 3136 beatitudo
3656 3088 3754 3136 tua

464 3170 534 3225 ad
562 3174 966 3232 venerationem
997 3183 1144 3230 tuam
1175 3176 1437 3230 scientem
1467 3174 1725 3239 dicerem,
1753 3187 1890 3241 opus
1925 3173 2057 3230 mihi
2081 3185 2128 3247 ρ
2162 3187 2488 3243 cognoscere
2519 3187 2583 3226 ex
2618 3169 3014 3240 exemplaribus
3051 3167 3069 3208 1
3109 3185 3230 3240 quae
3261 3171 3346 3226 his
3395 3173 3525 3228 meis
3553 3170 3754 3229 litteris

535 3317 560 3383 ξι
599 3307 732 3383 ﬂag.
757 3323 914 3376 mss.,
944 3311 1212 3383 nuntiam.

533 3375 560 3451 ξ’
600 3375 827 3451 ini—mss.
880 3375 993 3451 reg:
1031 3421 1044 3448 ,
1092 3375 1218 3435 itm
1246 3380 1484 3434 σεαυτόν.
1529 3377 1627 3432 Hic
1682 3377 1835 3432 locus
1887 3391 2049 3449 Supra

463 3449 620 3518 epist.
659 3450 748 3512 15,
778 3449 806 3518 §
831 3451 890 3503 Η
927 3449 1125 3503 clarius
1145 3453 1485 3513 exurituilut‘.

537 3528 558 3555 ο
598 3517 814 3586 Leg.sis
843 3519 1406 3574 excommunicatusﬁi
1433 3519 1568 3573 nihil
1600 3521 1651 3575 in
1684 3518 1874 3576 Graeco
1901 3527 2047 3575 textu

462 3597 546 3646 est
577 3597 780 3641 temere
804 3589 1067 3656 additum,
1099 3589 1181 3643 hic
1213 3591 1566 3658 supplendum
1597 3599 1681 3645 est
1708 3608 1720 3643 :
1751 3588 1818 3643 Et
1843 3590 1909 3643 ad
1941 3607 2050 3643 om»

463 3659 550 3712 nia
566 3675 890 3729 quaecumque
909 3660 1244 3713 sacerdotalis
1267 3662 1586 3714 auctoritatis
1612 3669 1728 3714 sunt
1751 3661 2046 3715 inhabilem.

461 3729 606 3785 istud
629 3729 846 3800 quidem
869 3730 1302 3799 supplementum
1329 3733 1379 3786 in
1397 3733 1663 3800 superiori
1686 3731 1914 3800 epistola
1938 3748 2049 3787 non

462 3800 626 3854 modo
655 3799 865 3864 Latine,
891 3803 983 3857 sed
1008 3803 1167 3857 etiam
1188 3801 1374 3858 erce
1396 3799 1762 3867 desideratur;
1788 3804 1838 3860 ei
1867 3812 2050 3860 tamen

462 3871 606 3944 favet
635 3872 775 3941 quod
825 3873 1054 3944 Cyrillus
1095 3872 1375 3932 leestini
1426 3877 1747 3934 sententiam
1801 3875 2049 3929 Nestorio

463 3943 802 4016 denuntians,
840 3943 917 3999 sic
957 3961 1078 3999 eum
1121 3945 1260 4016 apud
1309 3946 1491 3999 Baluz.
1535 3961 1658 3998 nov.
1691 3944 1816 3997 coll.
1851 3947 2046 4000 concil.

461 4029 513 4083 Ρ.
557 4015 665 4070 415
693 4016 1030 4084 alloquitur:
1064 4016 1124 4071 Si
1160 4015 1268 4069 hoc
1313 4032 1413 4069 non
1449 4015 1606 4084 egerit
1649 4023 1740 4068 tua
1771 4017 2049 4069 reuerentia

459 4087 741 4141 secundum
768 4086 1008 4154 deﬁnitus
1032 4088 1268 4142 inducias
1297 4087 1352 4142 in
1388 4085 1572 4139 litteris
1609 4087 1880 4140 memorati
1928 4103 2050 4140 san-

461 4159 672 4212 ctissimi
700 4168 745 4210 et
771 4158 1165 4211 reuerentissimi
1185 4156 1413 4225 episcopi
1441 4165 1487 4209 et
1509 4155 1841 4209 comministri
1869 4157 2051 4212 Roma.

460 4243 645 4282 norum
665 4227 941 4292 Caelestini,
974 4243 1220 4296 cognosce
1243 4238 1290 4280 te
1316 4227 1484 4297 ipsum
1519 4227 1718 4278 nullam
1744 4238 1931 4297 sortem
1958 4230 2050 4280 ha-

462 4299 659 4353 bentem
690 4298 970 4364 nobiscum,
1001 4314 1165 4368 neque
1205 4296 1373 4351 locum
1401 4298 1455 4349 in
1487 4296 1834 4352 sacerdotibus
1880 4297 1974 4352 Dei
2002 4309 2050 4352 et

461 4385 736 4436 episcopis.

492 4389 808 4512 {)aacgiii'ipta
831 4455 971 4494 anno
990 4440 1117 4506 450,
1144 4438 1249 4494 sub
1271 4439 1432 4498 finem
1454 4438 1794 4512 Novembris.
1813 4439 1855 4492 A
1881 4437 2049 4512 Mario

459 4509 761 4566 Mercatore
819 4512 975 4565 nobis
1029 4512 1468 4582 transmissa,ex
1527 4511 1644 4582 ejus
1691 4511 2044 4582 editionihus,

458 4596 594 4652 quas
619 4592 730 4636 tum
755 4582 1230 4651 Steph.Baluzius,
1257 4593 1365 4635 tum
1390 4579 1873 4636 Jnan.‘Garnerius
1893 4581 2049 4637 ador-

459 4662 675 4721 narunt,
719 4655 880 4708 simul
907 4653 1118 4708 collatis
1147 4653 1232 4706 hic
1264 4653 1532 4721 descripta
1577 4661 1678 4706 est.
1711 4653 1761 4706 is
1792 4654 2046 4707 observa-

459 4725 538 4778 vit
569 4725 826 4780 imlictam
871 4725 1085 4794 quidem
1117 4725 1427 4795 generalem
1459 4724 1722 4795 synodum
1751 4723 1806 4795 in
1837 4739 1900 4778 ea
1936 4741 2048 4778 mc-

459 4797 680 4860 morari,
715 4796 810 4874 sed
843 4795 1148 4874 litterarum
1173 4794 1457 4874 Coelestini
1489 4794 1582 4874 per
1615 4794 1877 4874 Cyrillum
1918 4797 2047 4874 mis-

457 4881 639 4922 sarum
659 4867 859 4923 nullam
886 4867 1000 4921 ﬁeri
1023 4865 1374 4928 mentionem,
1393 4865 1633 4935 adeoque
1657 4866 1777 4919 illas
1806 4867 2044 4922 nondum

456 4937 712 4994 Nestorio
739 4937 974 4993 redditas
1013 4935 1198 4992 fuisse.
1227 4935 1382 5002 Quod
1427 4937 1529 4990 nisi
1561 4937 1914 4990 dissimulavit
1942 4937 2046 4992 Ne-

456 5010 680 5080 storius,
711 5009 835 5064 inde
875 5010 1118 5080 sequitur
1145 5017 1202 5063 ut
1233 5009 1347 5061 haec
1373 5008 1598 5080 epistola
1631 5010 1770 5080 intra
1802 5007 1867 5080 l9
1893 5017 1947 5062 et
1976 5009 2044 5062 50

455 5079 779 5152 Novembris
808 5078 1178 5152 diem—scripta
1225 5080 1314 5133 sit.
1366 5082 1493 5152 lh‘am
1527 5078 1834 5152 _'_l‘heod_o.sii
1890 5093 2043 5152 sacra

456 5165 561 5223 qua
587 5150 837 5207 indicitur
863 5149 1194 5207 acumenit-a
1221 5149 1480 5223 synodus,
1510 5149 1691 5223 die__l9
1725 5149 2044 5223 Novembris

421 5283 424 5290 ,
455 5221 1122 5295 ὁοηεὶςηιιιιιτςϐωιεεῑὶηἱ
1145 5233 1327 5295 autem
1360 5222 1570 5276 litteras
1598 5221 1878 5275 Nestorius
1902 5221 2046 5288 ejus-

421 5317 427 5361 :
455 5295 582 5351 dem
614 5292 820 5351 mensis
840 5297 909 5352 50
935 5295 1021 5349 die
1051 5292 1275 5363 accepit.

418 5357 428 5402 ὲ

529 5375 554 5405 ⁸
593 5367 669 5422 ita
709 5368 891 5422 Baluz.
931 5382 996 5421 ex
1045 5362 1193 5420 mss.’
1225 5363 1350 5419 fide.
1381 5363 1447 5418 At
1495 5362 1688 5430 Garn.,
1741 5363 1890 5417 verba
1934 5379 2046 5433 qua:

453 5446 593 5494 sunt.
628 5463 631 5467 ν

528 5508 548 5549 ¹
592 5508 797 5582 Supple
810 5509 948 5578 quod
974 5510 1171 5582 attinet.
1194 5505 1430 5577 Alioqui,
1459 5521 1558 5582 pro
1579 5506 1648 5559 ad
1671 5507 1824 5573 hanc,
1856 5507 2042 5578 legen-

450 5578 578 5636 dum
607 5578 729 5636 curti
761 5581 929 5636 Garn.
958 5590 1004 5635 et
1034 5581 1186 5633 hanc.
1471 5581 1474 5586 ’

526 5660 551 5720 ε
590 5651 756 5705 Garn.
791 5651 877 5705 hic
906 5663 961 5706 et
991 5652 1126 5705 infra
1149 5694 1162 5718 ,
1193 5650 1537 5720 evangelistis.

523 5716 555 5758 II
591 5720 756 5773 Addit
781 5721 947 5776 Garn.
975 5716 1209 5776 alterum.
1255 5716 1500 5775 maluerit
1529 5719 1667 5775 forte
1696 5719 1814 5790 quis
1840 5719 2038 5776 subau-

449 5787 556 5850 diri
585 5801 850 5857 quemque.

2075 4620 2130 4682 D

2231 3307 2248 3344 ί
2292 3308 2448 3378 Apud
2478 3306 2670 3376 Carm,
2699 3307 2998 3374 tractandis,
3031 3305 3100 3362 ad
3131 3307 3366 3361 auctoris
3397 3315 3632 3363 mentem
3661 3324 3753 3365 sa-

2154 3380 2223 3433 tis
2247 3380 2678 3433 accommodate.

2229 3451 2244 3500 l
2293 3450 2458 3505 Garn.
2488 3449 2576 3504 hic
2601 3450 2668 3506 de
2695 3466 2793 3505 suo
2819 3447 3088 3516 supplevit
3119 3448 3345 3508 verbum
3388 3458 3658 3518 temperat,
3695 3461 3754 3508 et

2154 3532 2309 3575 antea
2347 3521 2553 3583 harum,
2582 3521 2701 3576 loco
2727 3520 2912 3574 horum
2936 3521 3115 3592 posuit
3141 3565 3154 3587 ,
3187 3524 3549 3588 grammatica:
3589 3539 3754 3592 regu-

2157 3592 2220 3645 lis
2260 3592 2632 3658 scrupulosius
2679 3592 2909 3645 ilaPPeHS.
2949 3591 3274 3646 Prononiine
3307 3601 3483 3646 autem
3536 3591 3746 3660 Irarum,

2154 3678 2248 3716 eos
2294 3663 2595 3731 intelligere
2622 3664 2743 3716 licet
2772 3662 2862 3732 qui
2893 3675 3056 3717 sectas
3093 3662 3288 3716 addicti
3318 3673 3440 3716 sunt
3468 3664 3751 3722 Christum

2155 3749 2360 3788 merum
2392 3734 2662 3790 hominem
2687 3733 2971 3789 asserenti.
3007 3733 3083 3790 Ita
3123 3735 3326 3803 integer
3360 3735 3462 3790 erit
3497 3736 3666 3800 locus,
3702 3738 3751 3792 si

2153 3805 2378 3885 verbum
2429 3816 2670 3872 removet,
2703 3813 2823 3874 post
2871 3819 3032 3864 voces
3077 3813 3340 3875 tamquam
3369 3822 3498 3877 puro
3543 3805 3752 3863 homine

2154 3891 2488 3943 repetamus.

2227 3946 2251 3984 ιε
2296 3947 2588 4018 Substituit
2612 3947 2778 4002 Garn.
2811 3945 3205 4018 blasphemiam,
3237 3947 3330 4000 sed
3377 3945 3575 4002 deinde
3615 3949 3749 4003 reti-

2156 4019 2270 4089 nnit
2298 4017 2434 4089 quod
2477 4029 2548 4070 est
2573 4019 2798 4083 dictum,
2827 4017 2946 4072 cum
2974 4033 3090 4087 qua
3115 4027 3189 4072 est
3211 4019 3348 4072 dicta
3373 4019 3749 4089 grammatica:

2154 4088 2303 4159 leges
2331 4090 2682 4159 postularent.
2709 4089 2927 4146 Frustra
2960 4101 3140 4146 autem
3173 4089 3416 4151 obtendit
3437 4088 3744 4159 Nestorius,

2153 4158 2287 4236 voce
2324 4158 2690 4236 _I_(,awror6xo§.
2739 4161 3094 4236 Samosateni
3122 4160 3516 4236 blasphemiam
3564 4158 3749 4236 remo;

2156 4231 2289 4284 veri.
2323 4229 2436 4284 Non
2469 4233 2610 4302 enim
2635 4231 3024 4302 Samosatenus
3046 4229 3266 4285 Mariam
3291 4234 3564 4302 peperisse
3584 4229 3748 4286 Chri-

2153 4311 2292 4354 stum
2326 4300 2586 4365 negabat;
2617 4301 2710 4356 sed
2741 4301 2860 4355 ideo
2892 4302 3238 4370 blasphemus
3272 4300 3389 4368 fuit,
3425 4303 3548 4372 quia
3575 4317 3744 4371 quem

2155 4373 2428 4425 Christum
2479 4372 2869 4437 confitebatur,
2913 4388 3118 4427 mentm
3152 4372 3422 4430 hominem
3457 4387 3597 4441 esse,
3631 4390 3746 4430 non

2153 4443 2314 4497 etiam
2342 4443 2508 4498 Deum
2540 4442 2859 4498 affirmabat.
2886 4442 3087 4497 Contra
3113 4444 3342 4498 Nestorii
3365 4444 3561 4498 amicus
3584 4443 3741 4500 Joanc

2156 4528 2250 4567 nes
2295 4513 2669 4569 Antiochenus
2721 4515 2790 4570 de
2837 4516 3055 4569 nomine
3079 4516 3320 4575 Θεοτόκος
3355 4517 3433 4569 sic
3471 4515 3630 4581 epist.
3672 4517 3743 4571 ad

2155 4584 2329 4668 ipsum
2366 4586 2673 4668 Nestorium
2699 4601 2717 4667 ρ
2747 4601 2798 4668 p_.
2832 4586 3027 4668 concil.
3065 4587 3266 4668 alphos.
3295 4601 3343 4640 c.
3379 4585 3448 4668 είς
3473 4586 3694 4640 disserit
3727 4606 3739 4639 :

2155 4654 2214 4711 Si
2245 4656 2318 4720 id,
2351 4656 2488 4724 quod
2516 4654 2924 4726 nominisihujus
2953 4654 3328 4726 signiﬁcatione
3361 4656 3595 4722 offertur,
3635 4675 3742 4712 non

2149 4728 2439 4796 recipimus,
2475 4738 2631 4781 restat
2671 4737 2727 4780 ut
2755 4729 2808 4779 in
2839 4729 3197 4799 grauissimum
3232 4744 3462 4799 errorem
3497 4728 3745 4799 prolaba-g

2150 4814 2285 4862 mur,
2317 4800 2470 4870 immo
2497 4815 2614 4870 vero
2637 4808 2689 4852 ut
2716 4797 3130 4870 inexplicabilem
3175 4800 3319 4853 illam
3349 4797 3612 4869 Um'geuiti
3649 4798 3744 4870 fici

2149 4869 2484 4940 moriemiam
2532 4867 2878 4940 abnegemus':
2924 4872 3134 4940 quando
3173 4871 3382 4939 quidem
3411 4867 3620 4940 nomine
3644 4867 3744 4922 hoc

2148 4939 2372 5002 sublato,
2417 4940 2492 4993 uel
2535 4939 2702 5007 potius
2745 4940 2904 5002 huius
2934 4939 3150 4994 nominis
3191 4942 3395 4994 notione
3438 4939 3740 5007 repudiata,

2148 5011 2380 5078 sequitur
2427 5026 2549 5064 mea;
2593 5011 2739 5064 illaut
2772 5028 2873 5064 non
2903 5028 3011 5066 esse
3044 5009 3230 5074 Deum,
3263 5015 3348 5080 qui
3380 5010 3743 5063 admirabilem

2148 5081 2736 5150 illamdispensationem
2759 5083 2940 5136 salutis
2971 5092 3158 5136 nostra!
3169 5097 3325 5136 causa
3345 5080 3580 5150 suscepit.
3596 5081 3744 5148 Quo-

2149 5152 2289 5205 circa
2323 5168 2426 5205 vox
2451 5153 2539 5205 illa
2566 5153 2862 5222 repudiari,
2894 5154 3022 5221 quin
3045 5154 3224 5206 statim
3257 5152 3598 5208 Samossteni
3632 5154 3744 5205 ha:-

2150 5223 2255 5277 resi
2287 5222 2556 5291 laventur,
2601 5225 2804 5293 nequit.
2835 5223 2938 5278 Sed
2971 5231 3028 5278 et
3055 5224 3214 5290 paulo
3245 5233 3368 5278 ante
3400 5224 3744 5287 praemiserat

2151 5293 2290 5348 idem
2336 5295 2574 5349 Joannes
2611 5312 2623 5348 :
2661 5294 2865 5348 Nomen
2903 5294 2998 5348 hoc
3023 5296 3263 5355 Θεοτὸκος
3293 5293 3468 5348 nullus
3498 5310 3742 5364 nusquam

2150 5366 2612 5419 ecclesiasticarum
2638 5366 2902 5420 doctorum
2923 5367 3230 5436 repudiavit.
3258 5367 3358 5432 Qui
3384 5368 3518 5418 enim
3545 5364 3743 5436 illoiusi

2151 5447 2289 5504 sunt,
2333 5446 2381 5490 et
2413 5436 2951 5508 muttit-operiuntur,
2977 5435 3039 5508 iet
3085 5438 3316 5508 apprime
3360 5435 3600 5508 celebres.
3629 5435 3744 5492 Sed

2151 5521 2326 5576 neque
2354 5509 2525 5575 magis
2559 5507 2670 5562 Arii
2698 5518 2790 5561 aut
2815 5505 3162 5576 Apollinaris,
3182 5523 3342 5577 quinm
3367 5507 3738 5577 Satnosateni,

2148 5579 2429 5647 perfidiam
2452 5594 2552 5633 vox
2579 5579 2919 5653 Χριστρτὸκος
2942 5581 3108 5648 fugat,
3133 5576 3255 5635 cuin
3286 5578 3510 5633 Mariam
3535 5576 3742 5634 Christi

2145 5658 2373 5704 matrem
2401 5658 2589 5704 neuter
2619 5651 2905 5706 inlicietur.

2221 5719 2237 5756 ι
2285 5720 2411 5792 Dum
2455 5721 2688 5792 N‘estorii
2731 5719 2987 5792 epistolae
3017 5720 3082 5776 ad
3118 5719 3410 5792 Cyrillum,
3445 5727 3503 5792 et
3533 5718 3744 5792 Cyrilli

2145 5791 2273 5846 item
2298 5790 2418 5847 duae
2440 5790 2507 5847 ad
2531 5789 2836 5849 Nestorium
2860 5801 3072 5851 exstant
3096 5808 3112 5850 t
3135 5789 3273 5864 part.
3296 5791 3497 5848 concil.
3529 5789 3744 5864 Ephes.
