3982 6182
243 238 326 292 liti

648 229 856 285 iaptsr.
900 228 1043 286 xvr.
1084 225 1480 286 C(ELESTINI
1522 226 1612 282 AD
1648 186 2009 282 cvatLLuu
2052 224 2607 286 ALEXANDRINUM
2648 227 3055 291 EPISCOPUM.

3392 240 3504 300 502

235 355 446 425 adiunxi,
485 354 573 409 vel
600 364 720 422 quae
748 350 814 404 ad
847 365 943 407 nos
971 349 1037 406 ab
1080 364 1147 405 co
1171 349 1377 417 scripta
1419 352 1565 401 sunt.
1599 344 1803 399 Placuit
1829 348 1884 407 Α
1910 340 2099 397 Nonne
2143 342 2299 397 nobis
2357 344 2655 414 respondet
2688 346 2833 402 illico
2861 362 2955 418 per
2987 348 3326 420 preplietam,
3357 368 3504 409 mor-

241 466 352 507 vero
370 458 413 517 σι,
445 448 559 503 Deo
585 445 895 517 adiuvante,
925 444 1086 499 etiam
1117 440 1388 515 synodum
1418 436 1801 495 inexcusabili-

244 553 311 599 ter
337 542 484 599 totius
516 538 667 597 orbis
689 547 962 595 terrarum
996 535 1240 591 indicere
1263 540 1481 603 propter
1509 529 1807 601 inquisitio-

240 652 349 694 nem
382 636 604 690 aliarum
642 646 825 688 rerum
869 628 1389 685 ecclesiasticarum.
1420 624 1555 680 Nam
1587 621 1616 661 δ
1645 622 1807 678 dubi-

244 733 419 785 tatione
431 726 719 785 verborum
733 738 839 779 non
855 721 1069 779 aestimo
1083 720 1387 777 habituram
1402 716 1806 789 inquisitionem

236 822 589 879 difﬁcultatum
612 863 627 889 ,
662 835 759 876 nec
783 817 1233 889 impedimentum
1266 829 1388 877 esse
1416 813 1485 873 ad
1518 820 1803 870 tractatum

238 915 507 972 divinitatis
533 912 745 969 Domini
771 911 999 967 Christi.

716 1059 737 1087 ε
771 1045 1107 1104 EPISTOLA
1147 1043 1284 1099 XVI.

233 1179 517 1221 Cll-ELESTINI
556 1179 572 1217 Ι
617 1178 685 1219 AD
718 1175 989 1217 CYRlLLUl
1031 1171 1445 1215 ALEXANDBINUI
1486 1170 1798 1213 εριεαορωι.

234 1281 499 1335 Sententia
529 1278 769 1332 adversus
796 1274 1102 1329 Nestorium
1129 1272 1246 1326 latr:
1287 1269 1662 1344 indulgentiam
1685 1286 1802 1344 cor-

293 1364 419 1405 recto
464 1367 575 1405 esse
618 1348 937 1416 offerendam
962 1361 980 1398 :
1012 1345 1153 1416 utsi
1201 1342 1451 1416 pertinax‘
1485 1343 1665 1414 fuerit,
1690 1342 1801 1414 ipse

293 1423 593 1489 perditionis
632 1414 743 1473 sum
771 1414 1253 1489 auctorjudicetur.
1301 1414 1369 1469 Se
1398 1430 1514 1489 cum
1564 1416 1626 1467 iis
1675 1430 1803 1482 quos

292 1486 513 1565 Cyrilius
560 1498 824 1562 suspectos
876 1486 1045 1552 habet,
1080 1502 1275 1540 summa
1331 1486 1569 1539 cautione
1614 1494 1805 1539 tracta-

293 1575 487 1618 turum.

220 1697 576 1757 Camerinus
589 1696 876 1766 episcopus
893 1691 1126 1749 CvntLLo
1138 1692 1393 1763 episcopo
1407 1690 1796 1747 Alexandrino.

298 1838 351 1891 l.
391 1833 634 1903 Intelligo
679 1829 1001 1887 sententiam
1046 1829 1436 1899 sapientissimi
1484 1827 1793 1883 Salomonis

224 1926 529 1996 impletum.
578 1925 691 1979 Non
745 1924 886 1978 enim
945 1923 1103 1977 aliter
1140 1937 1298 1991 quam
1366 1921 1556 1976 sitiens
1608 1935 1803 1991 aquam

223 2020 473 2090 frigidam
507 2017 687 2091 (Prov.
732 2032 855 2081 xxv,
879 2014 997 2086 25),
1022 2015 1089 2070 de
1138 2023 1281 2069 terra
1308 2013 1599 2083 longinqua
1642 2014 1805 2070 itera-

223 2125 331 2173 tum
366 2115 614 2171 nuntium
642 2127 737 2182 per
759 2112 967 2166 litteras
996 2118 1103 2163 tua:
1131 2106 1435 2162 dilectionis
1456 2106 1663 2176 accepi,
1686 2122 1805 2176 quae

224 2224 322 2263 nos
355 2208 593 2262 invicem
645 2205 817 2260 nostri
851 2202 1064 2257 consilii
1114 2200 1529 2275 participatione
1582 2199 1807 2271 conjun-

215 2310 367 2373 guut.
399 2299 762 2359 ludifﬁculter
788 2304 872 2353 est
894 2295 1261 2351 Ecclesiarum
1290 2302 1346 2350 et
1365 2292 1655 2349 catholica:
1681 2292 1807 2348 ﬁdei

216 2393 487 2463 speranda
541 2391 927 2461 tranquillitas,
956 2388 1178 2459 quando
1225 2402 1322 2459 pro
1377 2389 1478 2442 hac
1522 2387 1810 2443 elaborare

211 2483 711 2540 ChriStianissimos
742 2482 1018 2552 principes
1047 2482 1126 2537 sic
1164 2479 1435 2537 videmus.
1466 2480 1585 2536 Non
1619 2490 1702 2537 est
1726 2480 1811 2536 in-

212 2578 429 2646 efﬁcax,
460 2581 517 2635 in
553 2578 754 2634 divinis
795 2576 1031 2633 maxime
1058 2576 1254 2644 causis,
1284 2590 1410 2631 cura
1443 2576 1663 2648 regalis,
1690 2592 1809 2647 quae

208 2676 456 2743 pertinet
481 2676 549 2730 ad
576 2675 746 2731 Deum
790 2673 879 2744 qui
925 2672 1159 2728 ﬁdeliter
1207 2682 1357 2728 tenet
1382 2673 1546 2729 corda
1576 2687 1809 2745 regnan-

209 2766 341 2821 tium
372 2767 566 2840 (Prov.
595 2782 708 2835 xxt,
740 2765 816 2835 1).
848 2764 1035 2836 itaque
1064 2764 1301 2821 breviter
1338 2780 1667 2838 responsum
1706 2775 1809 2821 tua:

1913 445 2018 492 tem
2062 450 2121 491 se
2173 435 2319 491 nolle
2365 438 2655 495 morientis
2682 437 2898 512 (Ezecli.
2941 458 3090 511 xvm,
3135 442 3248 514 32);
3296 454 3351 499 et
3403 460 3505 516 per

1910 530 2214 600 apostolum
2245 529 2496 597 Paulum,
2529 545 2749 587 omnem
2782 532 3056 592 hominem
3103 535 3244 593 velle
3288 536 3502 596 salvum

1911 624 2026 679 ﬁeri
2056 631 2111 679 et
2135 624 2322 681 venire
2349 624 2417 680 ad
2445 625 2731 682 scientiam
2777 628 3020 685 veritatis
3049 629 3268 701 (lTim.
3298 646 3360 697 rt,
3391 630 3450 705 4)
3470 633 3497 689 τ

1908 715 2210 787 Numquam
2249 716 2500 787 displicet
2543 718 2654 775 Deo
2710 720 3009 776 accelerate
3056 722 3109 775 in
3158 737 3500 795 quocumque

1908 810 2193 865 correctio.
2229 809 2358 867 Tute
2386 810 2459 867 sit
2508 808 2611 867 hoc
2661 811 2966 868 sanctitatis
3015 828 3140 869 cum
3187 816 3503 873 venerando

1908 900 2133 959 fratrum
2165 901 2419 967 consilio.
2449 910 2509 957 ut
2552 903 2655 958 orti
2689 903 2741 959 in
2772 904 3017 959 Ecclesia
3058 906 3318 976 strepitus
3341 921 3495 963 com-

1909 995 2235 1065 primantur,
2265 1002 2318 1050 et
2351 994 2557 1051 ﬁnitum
2604 997 2714 1053 Deo
2758 996 2980 1066 iuvante
3011 1000 3284 1069 negotium
3315 1001 3499 1057 votiva

1908 1088 2248 1143 correctione
2271 1086 2564 1144 discamus.

1978 1179 2031 1235 5.
2065 1179 2368 1236 Conventui
2390 1189 2570 1237 autem
2592 1195 2693 1237 nos
2735 1179 2927 1237 deesse
2953 1195 3064 1237 non
3086 1182 3319 1239 dicimus
3347 1202 3359 1236 :
3391 1198 3486 1239 ne-

1904 1287 2012 1345 que
2041 1274 2185 1328 enim
2216 1272 2287 1329 ab
2338 1272 2421 1328 bis
2474 1274 2727 1330 absentes
2782 1288 2904 1330 esse
2956 1291 3263 1345 possumus,
3298 1277 3497 1349 quibus

1909 1379 2009 1421 nos
2039 1364 2364 1436 ubicumque
2394 1367 2586 1435 positis
2616 1367 2751 1423 ﬁdes
2797 1377 2975 1424 tamen
3030 1384 3135 1423 una
3185 1372 3485 1442 coniungit.

1907 1456 2044 1515 Nolo
2096 1473 2193 1513 nos
2237 1472 2464 1528 corpore
2508 1459 2612 1515 isto
2660 1462 2895 1530 censeri,
2927 1461 3086 1530 cujus
3138 1464 3489 1532 praesentiam

1906 1548 2203 1619 Apostolus
2249 1548 2485 1619 assignat
2540 1549 2805 1606 inﬁrmam
2854 1552 2941 1621 (ll
2997 1552 3119 1607 Cor.
3154 1553 3348 1624 x,i()).
3382 1554 3498 1610 illic

1906 1658 2114 1712 sumus,
2151 1643 2169 1682 ί
2204 1645 2297 1715 qui
2324 1644 2468 1715 quod
2498 1644 2609 1699 illic
2647 1660 2745 1716 pro
2783 1647 3037 1702 omnibus
3084 1648 3263 1718 agitur
3292 1650 3498 1719 cogita-

1832 1736 1879 1799 Β
1907 1752 2027 1792 mus
2058 1754 2073 1793 :
2104 1737 2417 1807 spiritaliter
2460 1738 2691 1806 agimus,
2724 1738 2869 1807 quod
2923 1741 3280 1810 corporaliter
3328 1758 3491 1813 agere

1909 1845 2016 1887 non
2046 1831 2312 1886 videmur.
2358 1828 2563 1885 Studeo
2590 1830 2759 1898 quieti
2812 1831 3120 1897 catholicae,
3149 1834 3342 1889 studeo
3375 1850 3496 1902 per-

1909 1929 2085 1982 euntis
2113 1926 2295 1994 saluti,
2327 1925 2372 1980 si
2410 1934 2593 1980 tamen
2633 1926 2865 1981 voluerit
2907 1928 3283 1997 aegritudinem
3326 1932 3498 1985 conli-

1912 2017 2034 2073 teri.
2085 2018 2237 2087 Quod
2286 2018 2406 2074 ideo
2451 2017 2703 2086 dicimus,
2736 2034 2805 2074 ne
2858 2020 3063 2076 volenti
3113 2037 3173 2078 se
3218 2024 3500 2093 corrigere

1911 2110 2134 2166 forsitan
2166 2112 2359 2169 deesse
2410 2112 2707 2169 videamur.
2738 2113 2870 2168 Nam
2899 2114 2946 2167 si
2994 2122 3048 2168 et
3093 2116 3252 2171 nobis
3283 2127 3308 2164 ε
3336 2118 3502 2171 susti-

1912 2208 2163 2263 nentibus
2212 2223 2368 2263 uvam
2398 2207 2535 2279 (Isa.
2560 2224 2614 2278 ν,
2648 2207 2706 2279 2)
2735 2251 2749 2276 ,
2794 2210 2980 2279 spinas
3031 2210 3135 2265 sibi
3185 2210 3495 2276 addiderit;

1914 2300 2229 2371 impleatur,
2260 2300 2603 2361 manentibus
2624 2302 2842 2357 statutis
2872 2302 3164 2373 prioribus,
3205 2304 3286 2358 sui
3316 2302 3501 2358 {ructu

1910 2391 2095 2463 judicii
2120 2410 2133 2459 ;
2166 2393 2388 2464 colligat
2407 2392 2550 2464 quod
2581 2394 2733 2451 sulco
2755 2394 3029 2450 diabolico
3056 2395 3367 2459 seminavit,
3394 2410 3500 2450 non

1915 2497 2101 2542 nostro
2155 2488 2403 2552 consilio,
2434 2487 2528 2543 sed
2574 2504 2632 2545 se
2670 2491 2950 2558 periturus
2981 2490 3008 2527 ιι
3034 2500 3279 2547 auctore.
3305 2488 3505 2546 Probet

1912 2594 2015 2635 nos
2029 2579 2241 2636 veloces
2271 2579 2437 2652 pedes
2476 2579 2545 2636 ad
2574 2580 2958 2641 eﬁ‘uudendutu
2991 2580 3501 2657 sanguinem(Psal.

1913 2688 2030 2736 xm,
2061 2671 2113 2743 5)
2159 2688 2263 2727 non
2309 2674 2533 2739 habere,
2566 2676 2782 2747 quando
2832 2676 2935 2732 sibi
2981 2679 3144 2735 etiam
3194 2676 3501 2733 remedium

1914 2774 2206 2838 cognoscat
2235 2767 2498 2821 oblatum.

204 2862 499 2917 reddimus
528 2860 823 2917 sanctitati.
1998 2862 2054 2917 4.
2088 2861 2181 2915 His
2211 2872 2392 2916 autem
2421 2874 2557 2929 quos
2578 2876 2702 2931 erga
2729 2860 3053 2914 catholicam
3083 2861 3244 2914 ﬁdem
3272 2867 3361 2913 tua
3389 2857 3505 2914 t‘ra-

271 2956 330 3012 2.
370 2955 592 3011 Etenim
621 2954 823 3025 qureris
852 2962 1030 3011 utrum
1065 2960 1255 3007 sancta
1295 2953 1537 3024 synodus
1564 2952 1811 3019 recipere
1916 2952 2351 3006 ternitasdicitse
2374 2950 2579 3005 habere
2602 2952 2955 3019 suspectos,si
2979 2948 3507 3020 scriptadirexerint,

199 3046 407 3104 debeat
439 3047 721 3103 hominem
760 3045 787 3083 ά
812 3061 840 3099 a
880 3061 940 3100 se
986 3045 1272 3114 praedicata
1323 3045 1711 3111 damnantem;
1744 3058 1812 3096 an
1917 3059 2017 3113 pro
2045 3045 2297 3112 qualitate
2331 3057 2508 3098 rerum
2537 3044 2615 3099 eis
2656 3056 2754 3097 nos
2780 3041 3117 3111 respondere
3138 3055 3364 3097 necesse
3388 3052 3497 3099 est.

197 3141 326 3211 quia
348 3138 703 3193 induciarutn
736 3146 955 3207 tempus
980 3152 1259 3193 emensum
1288 3145 1393 3203 est,
1417 3135 1685 3192 sententia
1711 3134 1809 3188 du-
1838 3132 1883 3196 C
1913 3133 1969 3189 1n
2000 3148 2109 3202 quo
2136 3135 2353 3203 negotio
2380 3148 2540 3187 nemo
2580 3134 2867 3201 subripiet,
2907 3133 2920 3169 ί
2948 3134 3079 3203 quin
3111 3142 3226 3187 tota
3254 3136 3511 3191 cautione

192 3230 333 3287 dum
370 3230 493 3283 lata
534 3228 813 3297 perduret.
863 3227 1039 3297 Super
1074 3228 1191 3283 haec
1225 3237 1248 3266 ο
1279 3228 1493 3297 utrique
1532 3226 1807 3282 consulta-
1917 3234 2195 3282 tractetur.
2240 3227 2373 3281 Data
2419 3226 2576 3280 nonis
2617 3226 2735 3279 Maii
2774 3225 2939 3280 Basso
2982 3235 3037 3280 et
3079 3225 3348 3281 Antiocho
3376 3227 3509 3283 viris

190 3324 357 3377 tione
404 3319 688 3375 communi
726 3332 1069 3374 communem
1112 3318 1398 3374 Dominum
1435 3317 1801 3373 consulamus.
1914 3320 2231 3377 clarissimis
2257 3320 2603 3376 consulibus.

200 3518 373 3576 capp.
406 3499 554 3576 46-9.
600 3499 877 3576 Posterior
930 3512 1110 3576 autem
1166 3500 1435 3566 Nestorii,
1489 3502 1566 3576 in
1594 3502 1826 3576 concilio
1945 3574 1956 3576 ξ
2000 3501 2026 3540 ἀ
2061 3504 2175 3559 Hoc
2212 3513 2318 3572 est,
2360 3520 2426 3559 an
2470 3506 2715 3576 recipere
2761 3505 2951 3562 debeat
2990 3504 3321 3574 Nestorium,
3354 3506 3514 3564 modo

201 3574 506 3648 Epltesino
536 3581 640 3648 act.
677 3573 703 3626 1
754 3587 878 3643 pag.
923 3571 1022 3629 461
1078 3574 1249 3639 lecta,
1297 3574 1569 3631 communi
1603 3575 1823 3628 Patrum

204 3643 431 3703 calculo
458 3643 748 3712 reprobata
780 3655 857 3698 est
871 3685 883 3698 .

280 3728 307 3756 ⁸
342 3716 527 3773 Garn.
563 3714 652 3770 hic
674 3714 892 3783 adjecit,
917 3716 1159 3784 piissimis
1181 3715 1601 3784 imperatoribus.
1627 3715 1823 3771 Horum

208 3802 399 3853 sacra,
438 3800 548 3857 qua
580 3785 821 3855 episcopi
863 3785 928 3841 ad
967 3787 1294 3855 Ephesinam
1325 3787 1594 3857 synodum
1626 3801 1825 3843 vocan-

210 3871 321 3923 tur,
357 3859 640 3913 habeturt
675 3867 816 3927 part.
847 3859 1045 3912 concil.
1077 3857 1277 3927 Ephes.
1308 3874 1357 3911 c.
1388 3858 1478 3913 52.

283 3932 312 3970 b
354 3931 573 3985 Locum
608 3930 751 3984 hunc
784 3930 854 3982 ita
886 3930 1150 3985 resarcire
1184 3939 1411 3985 conatus
1440 3940 1522 3985 est
1557 3929 1820 3984 Garner.:

214 4002 694 4057 Dubitationem...
729 4001 1110 4066 inquisitionem
1152 3999 1441 4071 difﬁcilem,
1476 4016 1565 4055 nec
1608 4002 1824 4071 impedi-

215 4084 385 4128 mento
416 4074 654 4142 futuram
678 4087 787 4126 esse
821 4072 886 4123 ad
927 4069 1226 4125 tractatum.
1256 4069 1595 4125 Conﬁrmare
1615 4069 1825 4125 videtur

216 4142 512 4199 Nestorius
542 4142 688 4212 quod
719 4143 1054 4212 praemiserat
1074 4184 1087 4205 ,
1121 4145 1478 4212 quaestionem
1525 4143 1734 4198 scilicet
1756 4143 1824 4197 de

216 4217 433 4291 duobus
460 4214 686 4291 verbis,
705 4223 909 4291 _t_tt_rum_
936 4216 1277 4291 ξριστοιξᾴῖφς
1307 4229 1377 4291 an
1419 4215 1659 4291 βεςντρκρς
1689 4228 1825 4283 prae-

219 4288 518 4343 ferendum
547 4285 640 4347 sit,
665 4284 799 4340 nihil
824 4284 1463 4353 quidquamdifﬁcultatis
1492 4286 1819 4350 habituram,

222 4373 317 4413 nec
361 4356 766 4428 impedimento
796 4358 910 4412 fore
956 4358 1244 4427 quominus
1272 4354 1469 4411 Christi
1506 4355 1682 4410 deitas
1715 4365 1823 4411 tra-

222 4437 398 4484 ctctur
421 4439 482 4484 et
511 4435 806 4482 asseratur.

295 4511 316 4539 ε
351 4500 581 4571 Scripta
610 4499 734 4571 Maii
759 4500 785 4553 7
810 4514 950 4554 anno
979 4497 1107 4557 451.
1140 4498 1291 4559 Hanc
1316 4505 1500 4571 autem
1536 4496 1819 4571 epistolam

224 4584 323 4624 una
370 4569 503 4628 cum
563 4570 932 4640 subsequente
959 4571 1025 4625 l9
1058 4570 1260 4639 primus
1306 4569 1572 4623 Baronius
1620 4569 1685 4640 ad
1724 4582 1824 4622 an-

226 4656 350 4698 num
398 4644 505 4699 451
559 4641 613 4697 in
653 4639 829 4697 lucem
877 4643 1073 4697 emisit.
1112 4641 1220 4696 Eas
1249 4650 1531 4708 acceperat
1558 4640 1626 4694 ab
1653 4639 1821 4694 Anto-

229 4714 314 4768 Diu
360 4714 430 4773 de
485 4713 727 4782 Aquino,
761 4713 851 4782 qui
897 4711 1293 4782 pontiﬁciarum
1336 4710 1814 4782 epistolarumau-

226 4787 462 4841 ctarium
512 4780 643 4839 tunc
684 4780 1068 4841 meditabatur.
1098 4782 1147 4839 Is
1173 4781 1339 4837 dubio
1368 4781 1554 4849 procul
1582 4780 1819 4836 indicas-

234 4864 314 4909 set
342 4856 492 4910 unde
526 4855 651 4923 illas
682 4864 920 4923 eruerat,
942 4855 985 4909 si
1029 4854 1338 4909 meditatum
1378 4867 1515 4921 opus
1563 4852 1822 4921 perﬁcere

265 4930 525 4981 otuiSset.
568 4922 767 4979 Verum
813 4942 937 4979 cum
979 4934 1103 4980 ante
1151 4926 1257 4977 vita
1301 4925 1371 4979 sit
1397 4924 1635 4988 iunctus,
1678 4923 1822 4977 istud

272 5009 502 5052 actenus
535 4997 716 5051 latuit.
744 4996 931 5050 Nullus
962 5007 1138 5051 tamen
1166 4995 1379 5049 videtur
1400 4994 1710 5063 ambigendi
1738 4994 1822 5047 lo-

235 5082 327 5123 cus
368 5070 503 5139 quin
533 5082 601 5123 ex
650 5067 829 5139 aliquo
876 5065 1140 5138 Epltesini
1168 5065 1613 5139 conciliiLatinp
1640 5080 1826 5139 enem-

232 5136 941 5209 plari,'cnjusmodi’unum
998 5145 1249 5193 asservat
1291 5136 1539 5191 Ecclesia:
1572 5136 1825 5190 Bellova-

174 5216 188 5241 ‘
234 5210 414 5267 censis
449 5208 805 5273 bibliotheca.
837 5219 1005 5265 erutre
1036 5210 1165 5263 sint.
1198 5210 1491 5272 Praeterea,
1525 5209 1665 5262 inter
1704 5221 1819 5262 mo-

239 5279 485 5337 nimenta
522 5296 647 5350 quae
676 5279 853 5336 Lucas
885 5281 1191 5336 Holstenius
1241 5279 1323 5333 vel
1359 5288 1416 5333 ut
1462 5293 1619 5343 nova,
1654 5279 1735 5350 vel
1770 5286 1829 5333 ut

237 5352 300 5408 ad
329 5349 556 5409 veteres
583 5352 805 5408 codices
826 5354 1041 5419 collata,
1073 5351 1289 5420 collegit
1318 5360 1372 5405 et
1399 5350 1637 5405 editione
1667 5349 1840 5419 digua'

239 5424 599 5488 existimavit,
632 5425 961 5493 autographa
1000 5424 1168 5491 ipsius
1207 5422 1457 5490 exempla
1492 5423 1544 5476 in
1588 5422 1830 5488 percele-

241 5493 321 5548 hri
382 5494 716 5549 bibliotheca
767 5492 1062 5549 Barberiua
1112 5493 1476 5561 reperiuntur.
1536 5492 1831 5562 Utramque

243 5564 433 5634 Steph.
452 5565 707 5620 Baquius
730 5581 853 5620 nov.
881 5565 1216 5620 coll.concil.
1251 5579 1370 5633 pag.
1396 5564 1505 5618 492
1533 5573 1586 5619 et
1615 5563 1744 5629 494,
1762 5579 1829 5619 ex

240 5633 658 5691 Bellovacensis
687 5637 888 5692 codicis
921 5637 1023 5691 ﬁde
1046 5635 1232 5691 recudi
1259 5636 1483 5691 curavit.
1518 5635 1572 5689 lu
1598 5634 1699 5690 hac
1726 5634 1831 5703 pri-

241 5719 334 5762 ma
364 5724 480 5763 non
512 5707 705 5763 desunt
744 5719 883 5763 nota:
915 5708 1109 5777 quibus
1155 5722 1272 5761 eam
1310 5721 1338 5757 a
1375 5706 1567 5762 Graeco
1596 5721 1831 5773 versam,

254 5790 364 5838 non
386 5793 422 5838 e
449 5777 653 5837 Latino
676 5778 984 5839 authentico
1015 5777 1343 5845 descriptam
1374 5778 1734 5847 suspicemur.

1928 3574 2149 3630 damnet
2198 3591 2320 3647 qtite
2370 3577 2531 3648 impie
2576 3574 2730 3632 antea
2766 3578 3109 3649 praedicarat.
3142 3577 3269 3633 Ηωρ
3336 3577 3512 3641 lirasis

1929 3646 2282 3703 interpretem
2312 3648 2527 3703 subolet
2550 3646 2757 3703 Griecae
2801 3650 2996 3703 littera:
3028 3651 3265 3703 tenacius
3299 3593 3512 3703 ﬂueren-

1929 3646 2282 3716 interpretem
2312 3646 2527 3703 subolet
2550 3646 2778 3703 Grtecze’
2801 3650 2996 3704 litterae
3028 3651 3265 3704 tenacius
3299 3646 3512 3707 liceren-

1926 3726 2061 3842 ltieg.
2100 3718 2249 3842 [Idem
2281 3719 2422 3788 sapit
2447 3728 2502 3773 et
2540 3719 2791 3788 superior
2818 3734 2924 3772 vox
2947 3720 3171 3775 minime
3204 3721 3393 3777 Latina
3430 3723 3485 3777 in

1962 3804 1978 3840 τ
2034 3804 2093 3841 cu
2121 3800 2215 3842 ter.

1962 3800 2215 3843 inicutter.

1981 3790 2285 3930 Ιξεὲῗιξῖίιε,
2318 3876 2434 3932 φατε
2463 3860 2679 3932 quieris.
2713 3858 2869 3932 Apud
2894 3858 3093 3932 Baron.
3130 3868 3185 3912 et
3211 3860 3418 3927 Baluz.,
3452 3870 3511 3918 ut

1928 3932 1983 3985 in
2031 3927 2249 4005 schedia
2274 3927 2549 4000 Holsten,
2578 3927 2798 4005 legitur,
2834 3928 3006 3997 Super
3044 3927 3140 4005 hac
3170 3932 3390 4005 utique;
3416 3933 3512 3989 sed

1928 4003 2237 4057 emendatio
2283 4012 2469 4057 nostra
2510 4000 2665 4068 nulli,
2702 4010 2855 4070 puto,
2886 4000 3173 4054 temeraria
3216 4001 3488 4059 videbitur

2005 4071 2024 4110 τ
2057 4074 2254 4129 Barun.
2290 4074 2553 4145 Quidquid
2579 4074 2704 4127 illic.
2735 4070 2900 4145 Magis
2918 4071 3091 4145 placet
3120 4086 3241 4127 cum
3272 4070 3513 4145 Baluzio.

1926 4146 2049 4215 quia
2074 4149 2210 4212 quod
2234 4146 2364 4200 illic.
2397 4142 2528 4200 Cum
2563 4144 2796 4198 hominis
2840 4142 3108 4215 praecipua
3138 4143 3365 4215 parssit
3395 4145 3512 4197 ani-

1926 4214 2069 4280 mus,
2098 4231 2269 4286 eaque
2299 4232 2327 4270 a
2365 4220 2530 4271 rebus
2556 4214 2837 4284 corporeis
2862 4214 3248 4282 distinguatur,
3275 4214 3386 4268 illic
3418 4215 3515 4269 lio-

1926 4302 2016 4341 mo
2048 4289 2216 4357 magis
2265 4301 2389 4341 esse
2431 4295 2684 4342 censetur
2722 4286 2811 4340 ubi
2857 4292 2942 4339 est
2980 4292 3186 4354 mente,
3215 4301 3375 4356 quam
3417 4286 3511 4341 ubi

1926 4368 2170 4411 versatur
2197 4372 2446 4426 corpore.

2001 4437 2025 4475 α
2054 4428 2122 4482 Et
2145 4430 2261 4483 haec
2286 4425 2389 4482 vox
2426 4430 2781 4496 interpretem
2813 4426 2979 4495 sapit.
3007 4426 3097 4494 qui
3120 4425 3261 4496 qttod
3290 4428 3344 4481 in
3366 4427 3515 4484 Grato

1925 4514 1990 4553 co
2020 4513 2221 4566 anceps
2246 4508 2382 4564 erat,
2417 4500 2551 4552 satis
2577 4509 2702 4566 apte
2731 4496 3064 4566 distinguere
3097 4498 3375 4554 nescierit.
3405 4499 3513 4552 La-

1927 4569 2041 4623 tine
2087 4565 2262 4640 dubio
2294 4569 2487 4638 procul
2535 4565 2862 4640 Coélestinus
2909 4565 3142 4634 primum
3194 4571 3509 4640 scripserat,

1925 4639 2359 4761 eispecmntibus,
2386 4648 2478 4693 aut
2519 4638 2643 4691 dum
2691 4646 3064 4707 «expectamus,
3097 4653 3207 4693 non
3254 4638 3513 4695 sustineno

1925 4720 1960 4761 ιτ
1998 4728 2077 4761 τις.

1924 4712 2077 4764 tibus.

2000 4780 2027 4818 ιι
2056 4782 2238 4851 Pergit
2264 4781 2597 4837 Ctelestinus
2638 4780 3213 4838 excommunicationis
3254 4781 3511 4837 invidiam

1926 4854 1978 4909 in
2008 4867 2101 4906 eos
2141 4852 2368 4920 rejicere
2396 4854 2485 4921 qui
2511 4852 3067 4921 excommunicantttr,
3100 4854 3221 4924 quia
3254 4852 3356 4922 ipsi
3388 4868 3512 4924 per-

1928 4924 2146 4980 ditionis
2167 4937 2281 4977 sute
2304 4935 2560 4979 auctores
2588 4924 2715 4978 sint.

2008 4994 2022 5031 ί
2057 4995 2276 5056 Baron.,
2305 4999 2425 5065 quia
2454 5005 2558 5049 tota
2580 4996 2819 5049 cautione
2848 5004 3122 5050 tractatur.
3154 4996 3346 5053 Melius
3370 4997 3508 5066 apud

1930 5068 2139 5131 Baluz.,
2167 5067 2415 5134 quin.....
2458 5076 2704 5121 tractetur
2730 5082 2747 5119 :
2778 5066 2881 5121 hoc
2910 5080 3015 5130 est,
3058 5083 3220 5123 nemo
3248 5083 3346 5136 per
3382 5067 3510 5123 sub-

1930 5138 2233 5207 reptionem
2265 5136 2487 5207 efﬁciet,
2519 5148 2574 5192 ut
2616 5152 2722 5192 non
2769 5147 2877 5192 tota
2926 5140 3177 5195 cautione
3226 5146 3507 5195 tractetur.

1934 5209 2047 5264 lluc
2076 5210 2305 5263 maxime
2332 5207 2533 5264 dictum
2565 5218 2645 5264 est
2672 5207 2895 5266 Joannis
2917 5209 3237 5265 Antiocheni
3256 5208 3514 5263 aliorum-

1936 5296 2041 5349 que
2079 5280 2249 5350 Syrim
2284 5280 2663 5349 episcoporum
2695 5294 2876 5335 causa.
2910 5281 2973 5337 Hi
3002 5281 3199 5348 quippe
3227 5278 3509 5337 duodecim

1935 5351 2404 5422 anathetuatismis
2424 5366 2558 5421 quos
2580 5350 3080 5422 Cyrillusepistolar
3108 5351 3174 5409 ad
3204 5350 3510 5406 Nestorium

1936 5423 2263 5490 subjccerat,
2296 5420 2485 5476 offensi
2518 5420 2639 5476 eum
2675 5421 3100 5489 Apollinarianm
3134 5424 3403 5475 haereseos
3423 5438 3514 5475 su-

1936 5502 2178 5555 Spectum
2206 5492 2783 5559 habuerunt;iudeque
2810 5493 3045 5547 vicissim
3071 5493 3175 5562 ipsi
3204 5492 3431 5563 Cyrillo,
3457 5500 3513 5546 ut

1935 5564 2167 5621 Nestorii
2228 5564 2471 5618 fautores
2524 5579 2586 5618 ac
2630 5563 3050 5633 suifragatores,
3101 5562 3338 5633 suspecti
3389 5562 3510 5617 facti

1937 5646 2080 5692 sunt.
2101 5662 2108 5671 κ
2132 5632 2266 5689 Vide
2308 5634 2618 5690 Liberatum
2657 5651 2775 5704 cap.
2804 5632 2878 5688 ’4.
2907 5634 3145 5691 Joannes
3175 5649 3307 5689 vero
3351 5648 3381 5689 a
3410 5633 3513 5689 Ne-

1939 5708 2095 5765 storii
2126 5706 2446 5762 commentis
2490 5713 2750 5777 quantum
2800 5706 3141 5769 abhorreret,
3170 5706 3397 5777 epistola
3447 5706 3516 5761 ad

1941 5782 2118 5852 ipsum
2155 5778 2461 5838 Nestorium
2485 5775 2683 5849 scripta
2708 5778 3007 5839 luculenter
3027 5775 3301 5850 patefecit.
