3982 6182
403 215 511 275 503

900 338 924 365 λ
967 327 1307 383 EPISTULA
1345 325 1527 388 XVII,

406 441 504 481 ηυ
560 436 1002 478 ΟΟΙᾹΙΟΝΙΤΟΙΠυΙ
1058 435 1207 472 ΡΛΡᾸΞ
1265 432 1566 472 ωειιεδτικι
1623 428 1888 469 EPISCOPJS
1925 429 1993 467 ΕΤ

643 507 991 547 PRESBYTERIS
1033 503 1295 544 EUNTIBUS
1334 505 1401 542 AD
1442 502 1736 542 OBIENTEM.

406 585 476 644 In
518 586 781 656 Ephesina
837 585 1054 655 synodo,
1090 585 1193 637 sire.
1240 583 1469 637 nondum
1501 584 1706 656 soluta,
1755 583 1856 635 sive
1877 582 1995 653 jam

690 654 926 711 absoluta
948 658 1033 720 sit,
1057 657 1175 725 quei
1202 672 1254 709 se
1277 671 1448 725 gerere
1475 654 1713 707 debeant.

480 751 532 803 1.
566 750 698 803 Cum
732 750 841 804 Deo
871 756 1085 814 nostro,
1114 748 1251 802 sicut
1280 748 1551 800 credimus
1586 754 1641 799 et
1686 760 1988 814 speramus,

408 852 631 899 auctore
652 843 718 898 ad
742 842 1011 897 destinata
1044 849 1216 895 vestra
1254 839 1490 893 Charitas
1522 838 1726 893 venerit
1761 840 1897 905 loca,
1928 839 1994 893 ad

408 934 629 989 fratrem
662 942 716 989 et
735 933 1114 1004 coepiscopum
1144 941 1387 986 nostrum
1415 930 1675 1002 Cyrillum
1705 932 1993 986 consilium

409 1034 649 1080 vestrum
681 1040 840 1080 omne
884 1024 1205 1089 convertite,
1238 1034 1294 1077 et
1320 1023 1578 1093 quidquid
1608 1025 1658 1077 in
1690 1027 1806 1093 ejus
1846 1024 1995 1079 vide-

412 1118 537 1173 ritis
561 1117 787 1171 arbitrio
816 1116 1074 1182 facietis,‘
1102 1126 1155 1171 et
1186 1117 1567 1170 auctoritatem
1599 1116 1743 1171 sedis
1777 1127 1994 1185 aposto-

410 1209 534 1265 lica:
570 1210 829 1265 custodiri
860 1209 1058 1264 debere
1085 1207 1421 1262 mandamus.
1456 1208 1511 1262 Si
1544 1208 1760 1278 quidem
1794 1208 1993 1262 instru-

410 1302 620 1356 ctiones
659 1317 778 1371 qua:
828 1300 981 1354 vobis
1011 1300 1218 1354 tradita:
1260 1309 1405 1366 sunt,
1434 1299 1538 1355 hoc
1591 1301 1904 1369 loquantur,
1940 1308 1997 1355 ut

414 1396 680 1451 interesse
728 1393 1016 1448 conventui
1066 1392 1349 1447 debeatis:
1378 1393 1444 1447 ad
1474 1395 1918 1465 disceptationem
1952 1396 1995 1449 si

409 1486 577 1544 fuerit
616 1496 854 1551 ventum,
884 1501 981 1540 vos
1020 1486 1087 1540 de
1138 1501 1327 1541 eorum
1376 1490 1659 1543 sententiis
1684 1488 1929 1558 judicare
1954 1494 1994 1512 “

410 1578 675 1641 debeatis,
709 1594 814 1631 non
862 1578 1046 1633 subire
1077 1588 1372 1635 certamen.
1409 1579 1562 1646 Quod
1585 1581 1631 1635 si
1669 1592 1995 1637 transactam

411 1671 439 1710 δ
468 1672 755 1743 synodum,
782 1682 835 1727 et
862 1672 1066 1727 redisse
1095 1687 1284 1727 omnes
1315 1674 1597 1743 episcopos
1616 1673 1877 1741 videritis,
1909 1690 2000 1728 re-

410 1764 736 1836 quirendum
769 1774 853 1821 est
880 1765 1113 1836 qualiter
1137 1766 1332 1821 fuerint
1360 1781 1450 1821 res
1478 1766 1664 1821 finitae.
1696 1767 1753 1823 Si
1783 1782 1883 1836 pro
1909 1782 1998 1821 an-

410 1859 555 1929 tiqua
613 1870 633 1896 ο
665 1858 772 1913 fide
810 1857 1077 1914 catholica
1129 1875 1218 1914 res
1275 1870 1442 1929 gesta:
1476 1868 1622 1927 sunt,
1653 1870 1705 1915 et
1753 1870 2000 1918 sanctum

408 1950 634 2005 fratrem
667 1966 847 2006 meum
890 1949 1152 2021 Cyrillum
1183 1949 1715 2022 Constantinopolim
1748 1954 1999 2009 didiceri-

415 2044 481 2099 tis
511 2044 837 2115 profectum,
866 2046 944 2100 ire
971 2046 1123 2101 vobis
1148 2046 1241 2101 illo
1266 2062 1491 2102 necesse
1516 2058 1618 2113 est,
1650 2059 1709 2103 ut
1741 2050 2000 2119 epistolas

410 2148 627 2193 nostras
665 2139 893 2210 principi
937 2141 1247 2211 porrigatis.
1300 2142 1456 2208 Quod
1511 2143 1555 2196 si
1606 2142 1764 2197 aliter
1817 2152 1997 2197 actum

424 2240 529 2300 est,
563 2242 616 2287 et
642 2232 694 2286 in
722 2232 1059 2288 dissensione
1086 2249 1174 2288 res
1201 2244 1347 2299 sunt,
1374 2248 1438 2287 ex
1476 2233 1606 2302 ipsis
1636 2234 1799 2289 rebus
1826 2235 1999 2302 conji-

414 2339 538 2379 cere
589 2328 835 2396 poteritis
885 2328 1011 2399 quid
1039 2343 1160 2383 cum
1208 2327 1435 2382 consilio
1484 2327 1780 2394 supradicti
1828 2327 2000 2381 nostri

414 2416 599 2473 fratris
645 2436 806 2488 agere
854 2422 1117 2476 debeatis.
1150 2420 1174 2455 ά
1207 2420 1338 2475 Data
1383 2435 1475 2475 VIII
1508 2419 1693 2475 iduum
1739 2421 1999 2475 Maiarum

418 2511 588 2567 Basso
609 2522 662 2567 et
692 2514 957 2569 Antiocho
978 2515 1309 2569 consulibus.

536 2628 856 2685 MONITUM
898 2631 964 2685 1N
1005 2633 1396 2689 EPISTULAM
1437 2633 1880 2700 SEQUENTEM.

489 2719 762 2797 LLatine
790 2726 991 2793 scripta
1023 2726 1120 2780 luit
1148 2727 1262 2780 hmc
1292 2729 1542 2797 epistola,
1569 2737 1621 2781 et
1647 2729 1696 2780 in
1724 2728 2002 2796 Ephesino

415 2794 645 2848 concilio
673 2796 811 2859 (Act.
844 2797 878 2848 2
899 2815 952 2867 ρ.
985 2797 1137 2867 611),
1172 2814 1278 2864 quo
1306 2794 1593 2853 satisfieret
1620 2794 1997 2863 consuetudini,

415 2875 474 2939 tit
494 2867 788 2939 apostolica:
813 2870 945 2921 sedis
970 2870 1152 2922 littera:
1176 2868 1358 2922 Latine
1386 2870 1437 2922 in
1460 2872 1638 2939 primis
1661 2872 1915 2939 leguntur,
1952 2886 2001 2923 vt

414 2935 538 3009 idus
564 2937 701 3009 Julii
723 2937 910 2993 Latine
936 2942 1167 3008 primum
1202 2942 1340 2995 leeta
1371 2935 1483 3007 est,
1525 2956 1586 2994 ac
1612 2935 1805 2995 deinde
1835 2942 2001 3009 gestis

414 3008 638 3081 inserta.
661 3008 795 3063 Tum
820 3012 979 3064 etiam
1012 3012 1224 3075 Graece,
1248 3011 1302 3065 id
1331 3011 1659 3081 efﬂagitante
1683 3008 1913 3077 synodo,
1943 3012 1999 3066 in

1183 210 1240 265 S.
1275 206 1675 266 C(ELESTINI
1712 205 1728 259 Ι
1770 202 1973 259 ΡΑΡᾹΞ
2012 202 2370 261 EPISTOLE
2418 204 2504 261 ET
2549 203 2869 264 DECRETA

2029 1715 2079 1776 B

3574 204 3691 261 5οδ

2019 326 2071 383 Α
2097 321 2358 391 quioribus
2386 321 2628 375 standum
2656 339 2761 375 esse
2790 321 3188 391 exmplaribus,
3211 335 3428 389 quorum
3453 320 3688 373 omnium

2099 394 2498 446 vetustissimum
2529 392 2673 446 nobis
2717 394 2915 446 exhibet
2946 393 3289 448 Cresconiana
3319 391 3580 455 collectio,
3629 408 3689 444 ua

2099 464 2243 517 nulla
2275 466 2578 533 imposturte
2616 464 2774 529 possit
2805 480 2910 518 esse
2932 464 3177 530 suspicio.
3212 462 3523 531 Negandum
3560 464 3688 529 qui-

2098 534 2220 588 dem
2257 550 2360 587 non
2390 544 2475 589 est
2505 534 2751 589 Graecum
2794 534 3033 603 ejusdem
3061 533 3304 605 epistolas
3333 547 3637 605 sermonem
3665 575 3682 598 ,

2099 606 2271 675 qualis
2300 606 2365 660 ad
2412 621 2512 660 nos
2541 607 2786 675 pervenit
2807 601 2957 673 {non
3002 601 3183 671 paucis
3229 604 3428 675 locis_a
3458 601 3687 675 Latina:

2099 673 2363 731 orationis
2393 673 2706 732 sinceritate
2735 676 3018 744 plurimum
3048 677 3324 729 aberrare.
3352 673 3523 738 Unde,
3549 676 3592 728 si
3618 691 3689 730 ea

2099 748 2216 817 ipsa
2242 758 2327 802 est
2349 749 2723 817 interpretatio
2744 748 2951 813 Graeca,
2977 762 3135 813 quam
3153 746 3383 801 concilio
3406 745 3686 813 Ephesino

2099 818 2258 889 legati
2285 820 2612 886 obtulerant,
2646 820 2903 889 colligere
2926 828 3009 872 est
3034 833 3190 886 quam
3219 818 3323 871 rari
3344 826 3466 870 tunc
3494 826 3693 873 essent

2099 892 2190 957 qui
2241 891 2476 959 linguam
2531 902 2815 958 utramque
2871 891 2955 944 vel
3016 889 3352 943 mediocriter
3406 896 3689 943 tenerent.

2100 960 2282 1028 Neque
2314 972 2491 1015 tamen
2518 962 2948 1023 concedendum,
2976 959 3248 1024 exemplar
3270 959 3392 1013 illud
3426 959 3691 1014 Latinqu

2100 1032 2241 1100 quod
2264 1031 2526 1085 Baronius
2543 1033 2837 1087 secundum
2861 1032 3152 1087 editionem
3177 1029 3469 1083 Romanam
3489 1031 3693 1100 recudi

2099 1098 2326 1163 curavit.
2353 1117 2474 1173 esse
2503 1104 2722 1157 omnino
2752 1106 3064 1173 genuinum.
3098 1102 3342 1173 Rivulum
3379 1101 3522 1173 enim
3544 1145 3557 1165 ,
3589 1098 3691 1169 qui

2100 1174 2346 1245 nonnihil
2363 1189 2393 1229 e
2407 1172 2610 1229 Grmcis
2632 1170 2951 1245 corruptelis
2974 1189 3152 1227 secum
3174 1172 3369 1245 passim
3387 1170 3689 1245 admixtum

2101 1244 2295 1299 habeat
2323 1286 2337 1311 ,
2380 1246 2556 1313 potius
2578 1246 2779 1300 dixeris
2798 1242 2973 1315 'quam
3006 1259 3193 1313 purum
3228 1244 3449 1315 fontem.
3486 1242 3689 1299 Purior

2099 1330 2230 1369 sane
2261 1331 2324 1370 ac
2347 1316 2501 1384 longe
2523 1317 2704 1370 sanior
2724 1326 2808 1370 est
2830 1314 3004 1369 textus
3027 1332 3054 1368 a
3084 1315 3274 1383 Steph.
3304 1314 3522 1368 Baluzio
3547 1330 3677 1369 nov.

2100 1387 2225 1441 coll.
2284 1388 2478 1440 concil.
2525 1403 2645 1455 pag.
2696 1386 2802 1442 490
2851 1386 3059 1451 editus,
3108 1400 3266 1453 quem
3299 1394 3509 1455 veteres
3548 1400 3684 1439 mss.

2100 1457 2462 1525 Colbertinus,
2493 1454 2845 1524 Turonensis,
2871 1456 3268 1511 Bellovacensis
3290 1471 3353 1509 ac
3378 1454 3682 1510 Navarreus

2101 1529 2331 1599 antiqua:
2382 1530 2593 1583 concilii
2638 1530 2889 1596 Ephesini
2946 1526 3379 1599 interpretationi
3420 1526 3688 1599 insertum

2102 1597 2403 1653 asservant.
2437 1600 2546 1655 Nec
2567 1599 2943 1669 ambigendum
2972 1598 3184 1652 videtur
3214 1599 3340 1666 quin
3366 1598 3413 1652 is
3438 1597 3551 1666 ipse
3578 1599 3645 1651 sit
3664 1639 3684 1661 ,

2103 1672 2193 1738 qui
2216 1685 2398 1724 coram
2418 1671 2623 1741 synodo
2645 1672 2926 1735 recitatus,
2950 1670 3325 1739 episcOporum
3344 1668 3495 1738 jussu
3518 1669 3688 1738 ipsius

2104 1742 2296 1811 synodi
2324 1740 2459 1795 actis
2492 1743 2723 1795 insertus
2749 1750 2852 1796 est.

2174 1813 2227 1865 2.
2257 1812 2345 1866 Huc
2368 1811 2643 1867 leestini
2667 1812 2857 1866 litterre
2883 1812 3080 1880 Ephesi
3103 1825 3313 1865 summa
3335 1811 3691 1865 veneratione

2105 1899 2424 1951 summoque
2458 1886 2621 1938 totius
2663 1882 2857 1954 synodi
2905 1885 3095 1951 plausu
3148 1890 3562 1954 exceptaagsunt.
3614 1880 3691 1935 lis

2104 1956 2300 2024 quippe
2323 1954 2559 2008 recitatis
2590 1952 2725 2023 (Act.
2768 1955 2803 2025 ‘2
2827 1972 2946 2025 pag.
2976 1954 3127 2023 618),
3161 1970 3331 2025 omnes
3360 1952 3514 2005 simul
3542 1967 3689 2025 reve-

2104 2023 2397 2079 rendissimi
2424 2026 2648 2094 episcopi
2676 2023 3087 2078 acclamaverunt
3126 2040 3144 2078 :
3173 2023 3290 2076 Hoc
3310 2026 3507 2094 justum
3535 2023 3692 2090 judio

2104 2097 2260 2148 cium.
2289 2095 2340 2148 Ν
2346 2113 2435 2149 ovo
2454 2092 2632 2147 Paulo
2660 2095 2928 2148 Ctelestino
2945 2138 2957 2158 ,
2982 2112 3111 2149 novo
3136 2092 3544 2163 PanloiCyrillo,
3569 2094 3692 2146 Cae-

2106 2167 2289 2219 lestino
2320 2167 2532 2233 custodi;
2551 2167 2700 2233 ﬁdei,
2742 2165 3007 2220 Caelestino
3034 2183 3149 2219 cum
3185 2165 3378 2234 synodo
3405 2165 3681 2226 concordi,

2105 2236 2374 2290 Caelestino
2405 2238 2637 2289 universa
2652 2238 2878 2306 synodus
2905 2242 3097 2309 gratias
3119 2239 3245 2306 agit.
3272 2236 3405 2309 Tum
3430 2235 3683 2309 lfrojecto

2105 2309 2416 2375 apostolica:
2437 2308 2579 2360 sedis
2599 2305 2772 2375 legato
2802 2305 3105 2373 postulante
3131 2305 3187 2361 ut
3214 2322 3331 2373 qua)
3356 2305 3685 2359 Ctelestinus

2104 2379 2303 2431 dudum
2326 2390 2441 2429 ante
2468 2377 2702 2444 deﬁnire,
2727 2389 2775 2429 et
2799 2395 2935 2431 nunc
2957 2381 3009 2431 in
3031 2378 3324 2431 memoriam
3353 2392 3586 2429 revocare
3602 2376 3656 2428 di
3666 2407 3690 2417 -

2104 2461 2289 2517 gnatus
2304 2458 2398 2509 est,
2415 2447 2649 2517 synodus
2664 2451 2729 2500 ad
2747 2449 2899 2517 ﬁnem
2912 2452 3135 2503 numeris
3148 2449 3382 2501 omnibus
3395 2448 3689 2500 absolutum

2104 2516 2286 2571 deduci
2301 2516 2538 2586 juberet,
2567 2516 2777 2571 Firmus
2800 2518 3046 2575 Ctesarea:
3060 2518 3404 2587 Cappadocite
3421 2519 3693 2589 episcopus

2104 2591 2233 2642 dixit
2277 2608 2289 2641 :
2318 2589 2610 2659 Apostolica
2640 2600 2685 2641 et
2712 2600 2890 2642 saneta
2916 2592 3058 2644 sedes
3088 2591 3344 2644 Caelestini
3381 2590 3696 2643 sanctissimi

2104 2664 2328 2727 episwpi
2364 2677 2452 2727 per
2481 2661 2701 2721 litteras,
2735 2677 2861 2728 quas
2888 2664 2954 2713 ad
2979 2662 3391 2731 religiosissimos
3426 2660 3691 2728 episcopos

2105 2731 2356 2800 Cyrillum
2378 2730 2786 2784 Alexandrinum
2808 2774 2819 2793 ,
2843 2730 3143 2786 Iuvenalem
3168 2730 3683 2800 Jerosolymitanum,

2104 2798 2160 2855 et
2201 2803 2395 2870 Rufum
2421 2801 2917 2855 Thessalonicensem
2940 2848 2951 2866 ,
2983 2819 3175 2856 necnon
3213 2802 3281 2853 ad
3320 2798 3525 2853 sanctas
3553 2798 3693 2854 Con-

2102 2873 2457 2943 stantiuopolis
2488 2882 2531 2923 et
2561 2874 2847 2925 Antiochia!
2884 2872 3141 2926 Ecclesias
3165 2873 3299 2925 misit
3324 2914 3338 2937 ,
3388 2874 3547 2943 etiam
3569 2880 3688 2923 ante

2104 2944 2167 2996 de
2189 2942 2422 3013 pra’senti
2447 2944 2645 3010 negotio
2670 2945 2963 2997 sententiam
2989 2943 3317 3014 regulamque
3346 2942 3681 3014 pra’scripsit,

2104 2961 2167 2996 ae
2189 2961 2421 3013 pra’senn
2447 2961 2645 3010 negouo
2670 2961 2963 2997 sententiam
2989 2961 3317 3065 regutamque
3346 2961 3681 3011 prtrscripsu,

2104 3030 2255 3082 quam
2286 3030 2375 3065 nos
2415 3030 2611 3082 quoque
2640 3014 2918 3077 secuti....,
2955 3016 3215 3083 formami
3244 3017 3345 3066 lam
3369 3013 3692 3066 easecutioni

414 3080 641 3154 gratiam
666 3096 851 3154 eorum
894 3084 982 3151 qui
1025 3084 1215 3137 Latine
1242 3080 1584 3147 nesciebant,
1628 3084 1848 3137 recitata
1892 3094 1993 3138 est.
2025 3086 2069 3147 C
2102 3080 2490 3147 mandavimus,
2529 3080 2831 3137 canonicum
2870 3080 3302 3153 apostolicumque
3341 3084 3595 3154 judicium
3634 3086 3693 3134 in

414 3149 613 3203 Eteam
634 3151 848 3221 quidem
866 3149 1148 3222 propterea
1174 3154 1333 3222 legati
1355 3155 1601 3207 Latinum
1619 3158 1670 3207 in
1688 3170 1996 3209 sermonem

416 3235 738 3292 conversam
767 3224 1091 3280 detulerant.
1120 3225 1352 3279 Primam
1376 3225 1554 3279 Latini
1583 3235 1760 3279 textus
1795 3238 1997 3292 partem

417 3288 612 3347 Petrus
662 3294 921 3365 Crabbius
967 3297 1019 3349 in
1049 3297 1221 3351 lucem
1261 3299 1464 3365 primus
1513 3296 1713 3350 emisit.
1759 3288 2001 3351 Subinde

418 3376 549 3440 vero
594 3365 644 3417 in
671 3363 910 3440 Romana
943 3363 1336 3440 pontiliciarum
1372 3369 1723 3435 epistolnrurn
1766 3368 2003 3440 editione

418 3435 630 3511 integer
660 3435 858 3511 prodiit
888 3442 1033 3491 velut
1060 3455 1122 3489 ea:
1150 3438 1444 3511 Cresconio,
1479 3441 1581 3491 hoc
1611 3448 1693 3491 est
1720 3454 1751 3491 e
1780 3439 2005 3511 Cresco-

419 3504 581 3581 niana
624 3504 943 3581 collectione
966 3510 1464 3581 excerptusalnde
1506 3518 1671 3581 totam
1718 3508 2003 3581 epistolam

418 3574 578 3624 istam
602 3574 933 3641 exscribens
965 3576 1224 3629 Baronius
1251 3578 1316 3629 ad
1364 3594 1561 3631 annum
1606 3574 1914 3641 451(hanc
1953 3580 2005 3634 ei

417 3640 685 3719 praemisit
712 3656 995 3719 censuram
1031 3666 1041 3697 :
1079 3647 1461 3700 Observandum
1494 3660 1568 3703 est
1595 3666 1679 3703 eas
1709 3650 2010 3719 (leestini

420 3711 655 3783 litteras)
686 3716 901 3783 scriptas
934 3718 1092 3786 fuisse
1121 3734 1185 3771 ea:
1207 3736 1343 3772 more
1371 3719 1558 3773 Latino
1585 3711 1818 3774 sermone
1844 3764 1857 3784 ,
1892 3722 2009 3774 inde

420 3795 544 3863 vero
567 3786 781 3863 reperiri
807 3791 859 3863 in
884 3788 1115 3842 ercum
1140 3790 1436 3863 translatas,
1470 3802 1517 3845 et
1546 3808 1571 3843 e
1601 3788 1782 3844 Greece
1804 3808 2008 3844 rursum

422 3849 696 3909 Latinitati
720 3860 1126 3937 restitutas,_non
1157 3862 1270 3913 sine
1301 3849 1468 3937 tamen
1495 3878 1683 3937 magno
1705 3863 2007 3937 prtejudicio

423 3938 684 4007 germana:
736 3932 1044 4007 sinceritatis
1079 3975 1092 3999 ,
1144 3943 1197 3983 ut
1227 3948 1293 3986 ea:
1328 3934 1621 4007 diversitate
1647 3947 1839 4007 _ear_ur_n
1886 3933 2009 4007 satis

423 3994 646 4067 intelligi
686 4007 871 4067 potest.
914 3994 1088 4055 Porro
1116 4019 1261 4056 nemo
1290 4019 1395 4056 non
1424 4002 1594 4067 videt,
1635 4000 1840 4055 Latinis
1868 4003 2007 4055 anti-

497 4236 523 4264 ι
542 4227 801 4297 Stephani
819 4227 1019 4282 Baluzii
1048 4242 1213 4296 opera
1234 4241 1361 4281 nov.
1387 4227 1515 4283 coll.
1540 4226 1734 4282 conci].
1758 4240 1886 4295 pag.
1902 4227 2002 4282 581

424 4300 481 4353 in
510 4298 683 4354 lucem
709 4299 908 4367 prodiit
939 4298 1041 4353 hoc
1062 4299 1557 4358 commonitorium.
1580 4312 1701 4351 cum
1734 4312 1764 4352 e
1786 4298 2009 4352 Colber-

423 4370 539 4422 tino
570 4370 754 4425 codice
784 4368 943 4434 1865,
976 4380 1085 4423 tum
1117 4384 1147 4423 e
1178 4369 1436 4425 Vaticano
1465 4368 1624 4437 1520,
1651 4370 2004 4435 descriptum.

424 4470 496 4481 ——
522 4441 704 4494 Edidit
728 4442 858 4495 item
891 4450 1012 4508 post
1043 4441 1321 4495 Baluzium
1352 4456 1415 4496 ex
1448 4442 1652 4511 optimo
1694 4439 1895 4511 codice,
1929 4440 2008 4511 hi-

422 4511 713 4595 irliofthecse
738 4512 1093 4595 _Capitulari_s
1150 4510 1493 4595 Yero‘nensis’
1532 4511 1717 4593 Scipio
1766 4510 2007 4591 Malleius
2032 4534 2086 4595 Β

423 4577 490 4653 Υ.
525 4580 588 4636 C.
612 4581 763 4653 istud
783 4577 933 4653 papae
962 4582 1242 4638 leestini
1264 4577 1772 4653 Comitionitoriutn,
1805 4593 1857 4635 et
1886 4581 2005 4649 qui-

423 4650 548 4723 dem
579 4650 931 4721 emendatius,
950 4654 1015 4707 ad
1045 4656 1245 4708 calcem
1264 4670 1377 4708 sua:
1404 4653 1653 4708 Historias
1679 4652 2000 4723 theologicw,

421 4722 568 4778 inter
601 4724 856 4792 opuscula
888 4726 1274 4790 ecclesiastica,
1325 4739 1445 4793 pag.
1482 4724 1571 4777 71.
1606 4726 1745 4776 Ante
1789 4722 2001 4793 utrum—

466 4809 532 4848 ue
580 4790 756 4850 tamen
806 4794 947 4850 idem
996 4790 1479 4850 Commonitorium
1526 4795 1808 4858 evulgarat
1864 4790 1996 4847 Chr.

475 4880 609 4934 upus
638 4867 778 4921 inter
808 4865 1083 4936 Epistolas
1118 4866 1436 4934 Ephesinas,
1465 4880 1587 4934 pag.
1621 4864 1745 4936 4³10.

498 4936 679 5003 δρυίλ
708 4935 966 4993 nimirum
1012 4937 1354 4993 Theodosius
1382 4936 1581 4991 litteris
1621 4935 1687 4989 ad
1721 4944 1997 5006 metropo-

516 5185 705 5243 'ldem
750 5184 924 5240 codex
975 5183 1179 5241 Veron.
1226 5184 1427 5239 omittit
1452 5183 1886 5251 conjunctionem
1915 5192 1985 5248 et,

428 5270 591 5331 atque
643 5257 721 5312 sic
760 5256 893 5331 legit
934 5256 1374 5331 interpungitque
1406 5274 1423 5331 ἶ
1443 5263 1487 5307 et
1518 5254 1769 5331 quidquid
1800 5255 1855 5307 in
1882 5258 1996 5324 ejus

426 5325 660 5386 videritis
692 5325 928 5393 arbitrio,
953 5328 1174 5393 facietis.
1208 5325 1584 5381 Auctoritatem
1615 5327 1748 5379 sedis
1789 5336 1998 5393 aposto-

426 5402 548 5459 lica
584 5400 835 5455 custodiri
880 5397 1063 5455 debere
1105 5400 1409 5454 mandamus
1457 5397 1752 5468 :siquidem
1806 5397 2000 5452 instru~

2104 3156 2255 3207 illum
2305 3158 2635 3224 proferentes.
2692 3154 2765 3209 lbi
2802 3168 2976 3208 autem
3026 3156 3144 3209 loco
3185 3155 3331 3207 verbi
3377 3154 3694 3224 proferente:

2106 3226 2293 3281 Graece
2317 3228 2509 3291 legitur
2532 3231 2956 3291 κατανοήσαντες,
2989 3226 3201 3283 hocest.
3216 3226 3474 3295 judicium
3500 3224 3697 3277 adver-

2106 3313 2198 3351 sus
2223 3296 2522 3351 Nestorium
2549 3299 2811 3364 prolatum
2837 3297 3223 3366 perpendentes
3237 3304 3290 3349 et
3307 3305 3697 3365 cognoscentes

2107 3368 2429 3421 canonicum
2460 3382 2580 3422 esse
2602 3379 2759 3435 atque
2786 3368 3163 3436 apostolicum.
3196 3368 3271 3421 Ex
3320 3368 3383 3420 iis
3415 3382 3542 3421 vero
3582 3366 3696 3435 epi-

2108 3440 2263 3492 stolis
2287 3455 2405 3506 qua:
2435 3454 2462 3491 a
2492 3437 2672 3491 Firmo
2705 3452 3088 3503 memorantur,
3113 3441 3405 3492 etiamnum
3435 3437 3696 3490 habemus

2110 3525 2229 3578 qua:
2283 3510 2351 3563 ad
2404 3510 2665 3579 Cyrillum
2720 3518 2773 3579 et
2812 3508 2877 3561 ad
2930 3508 3342 3576 Constantinop.
3399 3508 3696 3579 Ecclesium

2115 3582 2331 3645 scripta:
2362 3578 2504 3634 sunt.
2538 3580 2647 3634 Nec
2698 3578 3072 3634 desideranda:
3098 3591 3219 3633 sunt
3246 3596 3366 3649 quae
3405 3580 3469 3632 ad
3500 3578 3696 3649 Rufum

2112 3666 2176 3704 ac
2206 3653 2524 3706 Juvenalem
2549 3658 2805 3704 notantur
2828 3651 3027 3714 missas,
3056 3648 3317 3719 siquidem
3351 3650 3596 3718 cpistola:
3630 3648 3697 3702 l2

2115 3723 2181 3775 ad
2225 3722 2486 3777 Joannem
2520 3721 2915 3775 Antiochenum
2967 3725 3111 3791 paria
3160 3729 3365 3775 tantum
3396 3737 3459 3774 ac
3502 3719 3701 3773 similia

2114 3794 2361 3863 exempla
2392 3794 2601 3847 duobus
2632 3792 2741 3846 illis
2771 3794 3043 3862 episc0pis
3075 3793 3236 3845 simul
3269 3796 3429 3845 missa
3462 3792 3696 3863 fuerant.

2113 3865 2194 3916 Ad
2218 3862 2484 3918 summum
2500 3863 2705 3919 excidit
2725 3863 2951 3931 epistola
2976 3865 3041 3917 ad
3062 3863 3355 3916 Ecclesium
3377 3862 3697 3925 Antiochiae,

2113 3935 2159 3987 si
2189 3935 2288 3988 alia
2316 3935 2385 3988 ibi
2415 3935 2483 3988 ab
2504 3950 2565 3989 ea
2589 3948 2709 4000 quae
2733 3932 2799 3987 ad
2821 3932 3081 3989 Joannem
3104 3934 3340 3989 civitatis
3377 3932 3536 4001 hujus
3586 3932 3703 4001 epi-

2113 4018 2337 4074 scopum
2366 4009 2565 4074 scripta
2596 4013 2682 4059 est
2709 4017 3061 4060 memoretur.

2136 4228 2334 4283 litanos
2355 4226 2497 4281 datis
2523 4232 2854 4295 praeceperat
2880 4232 2937 4278 ut
2964 4223 3082 4294 ipso
3105 4222 3457 4295 Pentecostes
3478 4222 3586 4295 die,
3610 4225 3707 4290 qui

2136 4298 2243 4352 hoc
2264 4312 2407 4353 anno
2433 4293 2537 4352 451
2566 4299 2618 4351 in
2651 4299 2681 4351 7
2708 4297 2827 4351 Maii
2855 4293 2997 4349 diem
3026 4294 3319 4361 incidebat,
3347 4293 3544 4361 Ephesi
3574 4308 3708 4347 con-

2135 4370 2409 4423 venirent.
2442 4368 2639 4436 Quare,
2665 4370 2709 4421 si
2732 4368 2930 4421 indicta
2962 4367 3051 4420 die
3081 4368 3462 4419 convenissent
3490 4366 3708 4431 episco-

2137 4443 2210 4509 pi,
2244 4441 2484 4508 synodus
2504 4441 2677 4509 pridie
2702 4453 2860 4506 quam
2883 4436 2984 4491 hoc
3004 4437 3489 4509 Commonitorium
3517 4436 3702 4509 trade-

2134 4506 2312 4575 batur,
2339 4506 2665 4580 congregata
2699 4518 2825 4563 ante
2853 4509 3120 4578 potuisset
3148 4506 3305 4572 solvi,
3329 4520 3491 4577 quam
3523 4522 3588 4561 eo
3621 4506 3703 4562 le-

2133 4582 2241 4652 gati
2272 4583 2667 4648 pervenissent.

2208 4663 2229 4690 ε
2263 4653 2375 4707 Hoc
2406 4652 2527 4705 ideo
2556 4652 2757 4706 dictum
2787 4650 2908 4719 quia
2950 4650 3081 4704 fides
3116 4649 3319 4703 nullam
3352 4648 3559 4716 patitur
3590 4662 3709 4701 mu-

2134 4722 2414 4777 tationem.
2439 4722 2592 4775 Nulla
2621 4730 2705 4775 est
2734 4721 2922 4791 igitur,
2954 4721 3236 4777 Ccelestini
3269 4720 3498 4789 judicio,
3528 4728 3712 4774 castus

2130 4794 2478 4863 quantumvis
2536 4792 2814 4863 numerosi
2860 4792 3126 4857 definitio,
3169 4807 3288 4862 quae
3318 4806 3441 4846 cum
3487 4794 3709 4858 antiqua

2130 4862 2395 4919 catholica
2428 4863 2531 4917 fide
2562 4862 2849 4917 manifeste
2873 4870 3091 4933 pugnet.

2196 4933 2221 4971 ά
2253 4939 2397 4991 Ληη.
2428 4934 2529 4990 451
2563 4935 2685 4989 Maii
2717 4934 2770 4989 8.

2121 5186 2335 5258 ctiones,
2363 5195 2466 5241 etc.
2497 5186 2650 5254 Quod
2686 5187 2857 5255 magis
2878 5185 3085 5258 placet.
3107 5184 3292 5258 Neque
3324 5186 3477 5240 aliter
3499 5184 3707 5258 LUpus;

2122 5257 2210 5325 qui
2249 5265 2426 5311 tamen
2467 5258 2629 5312 habet
2666 5276 2677 5311 :
2708 5258 2962 5326 siquidem
2992 5266 3039 5310 et
3070 5256 3222 5310 instr.
3253 5256 3527 5313 Cauno.

2124 5395 2167 5452 ϐ
2194 5326 2238 5351 "
2273 5327 2422 5382 Idem
2448 5328 2575 5384 cod.
2601 5328 2804 5384 Veron.
2859 5326 3087 5392 debetis;
3118 5330 3318 5384 rectius
3363 5340 3416 5382 ut
3473 5328 3709 5388 videtur.

2174 5414 2403 5454 ALLAND.

1714 5620 2428 5660 ﬁ
