3982 6182
210 280 314 342 505

906 274 1124 335 EPIST.
1168 273 1358 334 XVIII.
1397 272 2315 340 CELESTINLAD-SYNODUM
2354 283 2771 346 EPHESINAM.

3375 287 3493 357 606

1562 388 1889 446 EPISTOLA
1930 385 2121 446 XVIII.

1185 500 1235 538 Ι.
1265 500 1566 540 οωιιιετιηι
1592 498 1741 537 PAF}!
1769 498 1785 536 1
1811 497 1880 537 ΑΒ
1916 497 2155 539 SYNODUM
2184 501 2500 545 EPHESINAI.

218 585 284 643 Ut
311 584 371 638 ab
400 581 640 659 apostolis
672 576 1110 659 traditaﬁdetiter
1136 578 1451 659 custodiant,
1481 576 1548 631 Ut
1570 587 1754 659 certent
1785 576 1983 659 fortiter
2010 595 2124 659 pro_
2148 578 2341 659 Christi
2366 598 2558 659 _causa.
2609 583 2678 639 Ut
2704 600 2808 639 uno
2851 587 3022 641 animo
3070 593 3121 642 et
3159 588 3282 659 ﬁdei
3310 589 3486 649 adsint

339 666 381 710 et
413 645 751 708 Ecclesiarunt
788 648 967 719 quieti.
1000 645 1218 717 Legatos
1244 665 1296 702 se
1323 650 1623 715 destinasse,
1656 649 1742 717 qui
1769 645 1952 717 synodi
1997 651 2149 721 gestis
2198 653 2435 707 intersint
2496 663 2544 709 et
2593 671 2625 707 a
2664 673 2717 709 se
2763 666 2957 711 statuta
2987 645 3349 730 exsequantur.

216 749 557 807 Catamitus
578 742 863 812 episcopus
886 749 1087 792 sancta:
1111 740 1325 806 synodo
1356 741 1496 812 apud
1513 740 1774 809 Ephesum

1892 742 2184 832 Κελεστῐνος
2230 753 2291 833 τῇ
2322 745 2443 833 ἁγίᾳ
2482 747 2703 833 συνόδῳ,
2840 752 2889 833 ἐν
2917 753 3103 833 Ἐφέσῳ
3142 759 3460 833 συναχθείσῃ

794 820 821 847 ιι
849 820 1209 880 congregata}.

282 910 328 963 1.
357 908 587 977 Spiritus
610 909 780 959 sancti
817 911 1043 957 testatur
1073 904 1415 971 praesentiam
1443 902 1789 974 congregatio

212 999 572 1055 sacerdotum.
600 997 817 1051 Certum
847 1004 929 1048 est
978 994 1120 1048 enim
1164 994 1307 1063 quod
1366 994 1591 1064 legimus
1624 992 1785 1065 (quia

211 1106 311 1145 non
344 1100 519 1160 potest
548 1090 745 1143 veritas
774 1087 799 1124 b
826 1086 1065 1148 mentiri,
1094 1086 1249 1154 Cujus
1279 1087 1328 1139 in
1364 1085 1654 1155 Evangelio
1683 1085 1785 1139 ista

210 1183 473 1237 sententia
502 1182 623 1249 est),
661 1179 759 1234 Ubi
786 1179 890 1231 duo
929 1178 1005 1230 vel
1054 1188 1153 1230 tres
1195 1179 1485 1247 congregati
1517 1178 1706 1247 fuerint
1735 1177 1787 1230 in

210 1274 409 1328 nomine
434 1289 559 1337 meo,
585 1274 654 1327 ibi
682 1282 729 1324 et
758 1286 851 1341 ego
890 1286 1002 1322 sum
1052 1269 1107 1321 in
1142 1269 1312 1321 medio
1360 1285 1535 1322 eorum
1563 1268 1780 1339 (Matth.

207 1382 350 1433 xvm,
382 1367 497 1437 20).
523 1366 675 1435 Quod
713 1379 835 1418 cum
866 1364 936 1415 ita
969 1362 1057 1426 sit,
1092 1371 1113 1398 ε
1140 1362 1183 1416 si
1230 1377 1327 1417 nec
1354 1362 1478 1417 huic
1504 1372 1609 1417 tam
1642 1363 1787 1417 brevi

207 1473 430 1514 numero
476 1458 711 1528 Spiritus
755 1463 976 1510 sanctus
1003 1455 1173 1518 deest,
1207 1466 1408 1525 quanto
1440 1459 1606 1527 magis
1658 1474 1779 1512 eum

205 1567 338 1606 nunc
368 1553 640 1606 interesse
671 1550 976 1612 credamus,
1007 1549 1219 1618 quando
1252 1550 1305 1604 in
1338 1566 1502 1605 unum
1534 1552 1787 1606 convenit

204 1651 346 1697 tanta
394 1641 551 1697 turba
601 1638 948 1695 sanctorum?
976 1639 1229 1695 Sanctum
1285 1656 1514 1711 namque
1559 1652 1643 1696 est
1689 1658 1786 1712 pro

198 1735 384 1790 debita
415 1732 777 1789 veneratione
800 1728 827 1768 ἀ
853 1731 1160 1802 collegium,
1197 1734 1249 1785 in
1283 1749 1389 1803 quo
1424 1734 1607 1805 utique
1642 1749 1786 1789 nunc

194 1829 575 1897 apostolorum
632 1826 1078 1895 frequentissimae
1131 1825 1276 1879 illius
1334 1842 1493 1895 quam
1558 1828 1786 1897 legimus

195 1920 343 1993 (Act.
380 1920 495 1990 xv),
522 1916 950 1988 congregationis
977 1917 1286 1986 aspicienda
1327 1921 1629 1972 reverentia
1678 1928 1780 1973 est.

194 2014 502 2084 Numquam
532 2012 612 2066 his
639 2010 808 2067 defuit
834 2020 856 2047 ε
883 2052 898 2077 ,
925 2026 1087 2079 quem
1136 2019 1458 2079 receperant
1490 2011 1786 2080 praedican-

196 2109 355 2175 dum;
386 2107 561 2163 adfuit
590 2107 671 2160 his
703 2121 917 2174 semper
958 2104 1223 2158 Dominus
1280 2115 1333 2159 et
1377 2104 1652 2174 magister,
1680 2120 1780 2161 nec
1809 2134 1855 2195 Β

196 2203 456 2258 docentes
505 2217 535 2255 a
586 2216 684 2255 suo
714 2201 935 2255 doctore
979 2198 1185 2254 deserti
1235 2210 1378 2252 sunt.
1417 2199 1649 2254 Docebat
1687 2201 1777 2257 ille

194 2297 279 2366 qui
311 2297 560 2358 miserat,
586 2293 815 2348 docebat
854 2291 942 2360 qui
985 2298 1040 2345 et
1084 2290 1295 2345 dixerat
1324 2292 1450 2361 quid
1496 2291 1775 2348 docerent.

196 2387 434 2444 Docebat
463 2388 552 2443 ille
584 2387 674 2457 qui
713 2386 765 2439 in
806 2382 1071 2455 apostolis
1106 2383 1217 2437 suis
1255 2398 1312 2438 se
1353 2383 1640 2438 confirmat
1686 2401 1779 2440 au-

194 2481 289 2537 diri
318 2481 472 2552 (Luc.
506 2497 560 2547 χ,
595 2480 705 2547 16).
737 2478 866 2532 Ilaec
896 2476 961 2529 ad
989 2490 1179 2530 omnes
1234 2476 1283 2529 in
1343 2492 1628 2532 commune
1674 2478 1777 2532 Do-

194 2576 322 2631 mini
352 2575 671 2632 sacerdotes
703 2570 966 2627 mandataz
995 2570 1391 2640 praedicationis
1423 2586 1549 2626 cura
1586 2587 1776 2641 perve-

192 2673 303 2738 nit;
338 2668 689 2726 hazreditario
722 2680 954 2737 namque
978 2665 1034 2720 in
1055 2665 1195 2721 hanc
1219 2666 1777 2737 sollicitudinetnjure

191 2762 641 2831 constringimur,
700 2759 1031 2829 quicumque
1092 2773 1187 2827 per
1242 2758 1453 2813 diversa
1511 2769 1776 2815 terrarum

190 2870 375 2910 eorum
415 2854 431 2891 ί
470 2853 589 2907 vice
630 2867 825 2905 nomen
866 2850 1078 2905 Domini
1109 2850 1640 2920 praedicamus,dum
1671 2852 1778 2906 illis

188 2947 412 3011 dicitur,
440 2943 539 3008 Ite,
570 2945 745 2997 docete
770 2959 942 2997 omnes
968 2950 1141 3012 gentes
1172 2943 1192 3015 (
1219 2942 1408 2997 Matth.
1438 2958 1632 3009 xxvtu,
1654 2944 1773 3012 20).

250 3040 305 3091 2.
341 3037 598 3093 Advertit
637 3044 811 3089 vestra
848 3033 1158 3089 fraternitas
1186 3034 1310 3102 quia
1346 3035 1656 3102 accepimus
1686 3050 1779 3103 ge-

186 3130 374 3183 nerale
434 3126 786 3179 mandatum:
840 3138 1028 3179 omnes
1058 3123 1218 3178 etiam
1266 3140 1364 3177 nos
1407 3140 1566 3193 agere
1611 3124 1780 3177 voluit

185 3220 197 3270 i
232 3218 390 3289 quod
428 3216 533 3268 illis
560 3217 637 3268 sic
666 3213 922 3268 omnibus
966 3216 1017 3267 in
1060 3229 1346 3268 commune
1376 3214 1666 3280 mandavit,
1699 3214 1782 3269 of-

178 3314 373 3368 ficium
411 3322 635 3362 necesse
673 3317 759 3361 est
791 3315 1099 3361 nostrorum
1138 3322 1428 3377 sequamur
1473 3316 1773 3364 auctorum.

179 3403 498 3460 Subeamus
533 3412 721 3452 omnes
758 3411 946 3452 eorum
991 3397 1202 3454 labores
1230 3399 1423 3467 quibus
1468 3396 1481 3434 ι
1516 3403 1779 3456 successi-

186 3510 305 3550 mus
329 3494 386 3546 in
420 3489 647 3545 honore.
678 3489 1002 3543 PrtesIemus
1022 3504 1210 3544 eorum
1230 3489 1614 3561 diligentiam'"
1640 3509 1777 3564 prte-
1804 3521 1848 3583 ρ

189 3587 405 3653 dicatis,
435 3592 557 3653 post
585 3599 726 3653 quia,
760 3592 1013 3637 monente
1037 3582 1298 3652 Apostolo
1323 3582 1519 3655 (Gulat.
1546 3603 1582 3650 t,
1613 3588 1667 3655 8,
1695 3586 1773 3659 9),

191 3679 391 3734 nullam
427 3674 863 3745 praedicationem
891 3673 1148 3743 jubemur
1172 3684 1197 3710 ο
1219 3675 1523 3731 admittere.
1554 3678 1670 3733 Non
1695 3689 1778 3734 est

191 3776 362 3830 minor
395 3782 423 3821 P
450 3767 710 3823 tradentis
742 3766 922 3822 officio
955 3767 1195 3823 custodia
1228 3768 1569 3825 traditurum.
1598 3772 1674 3826 Illi
1695 3773 1776 3841 ja-

260 3936 471 3992 aSolus
522 3931 692 3987 codex
745 3932 950 3987 Bellov.
979 3931 1141 3986 etiam
1189 3931 1496 4001 refragante
1544 3932 1759 3993 Graeco.

197 4009 507 4061 constituite.
532 4004 668 4060 Tum
706 4002 932 4058 (ἓνιεοιιε
962 4003 1231 4071 interpres
1257 4003 1482 4067 addidit,
1517 4002 1765 4058 charissi-

198 4081 281 4132 mis
310 4080 363 4131 in
390 4076 620 4130 Domino
644 4075 883 4127 salutem.

260 4148 284 4187 ι)
312 4150 515 4203 Baron.
547 4160 667 4199 cum
716 4144 847 4198 edit.
881 4144 1061 4209 Rom.,
1092 4146 1278 4199 veritas
1321 4154 1514 4198 nostra.
1548 4144 1766 4199 Rectius

201 4220 343 4274 abest
375 4230 560 4272 nostra
591 4217 657 4270 ab
698 4215 815 4268 aliis
857 4215 1032 4269 libris.
1062 4214 1285 4270 Graecus
1329 4218 1602 4284 interpres
1652 4216 1767 4269 haec

200 4288 262 4344 ita
289 4289 580 4355 convertit,
613 4288 763 4356 quasi
796 4287 1017 4355 legisset
1050 4304 1062 4339 :
1102 4286 1290 4340 Verum
1335 4290 1469 4340 enim
1518 4296 1591 4339 est
1632 4286 1768 4355 quod

199 4364 429 4427 scriptum
450 4366 547 4425 est,
576 4358 820 4427 quoniam
851 4374 939 4410 nec
970 4358 1155 4413 veritas
1185 4368 1346 4425 potest
1380 4358 1612 4425 mentiri,
1641 4358 1765 4426 quia

196 4429 245 4483 in
274 4427 557 4503 Evangelia
607 4429 728 4503 talis
749 4430 889 4503 jacet
938 4444 1052 4481 vox.
1090 4427 1183 4481 Vel
1220 4430 1339 4482 uiue
1388 4429 1558 4503 liquet
1590 4442 1767 4503 neque

202 4508 387 4557 textum
418 4497 668 4555 nostrum
700 4497 968 4563 Latinum,
1002 4514 1100 4553 nec
1132 4514 1251 4552 eum
1302 4515 1461 4568 quem
1502 4499 1765 4551 Baronius

202 4573 489 4627 Annalibus
515 4573 625 4623 suis
659 4570 906 4633 inseruit,
936 4586 965 4623 e
993 4569 1185 4624 Graeco
1221 4570 1384 4624 fuisse
1418 4584 1759 4637 expressum.

205 4641 440 4700 Pluribus
470 4640 741 4696 similibus
769 4642 897 4695 locis
926 4640 977 4694 id
1004 4643 1375 4693 confirmatur.

264 4724 283 4751 ⁶
337 4717 437 4770 Pro
492 4711 755 4782 particula
807 4712 883 4777 si,
916 4711 1046 4765 edit.
1082 4709 1246 4782 Rom.
1275 4727 1423 4773 nam.
1468 4719 1535 4782 et
1562 4710 1758 4767 Baron.

203 4793 249 4835 ut
274 4780 581 4855 pra-ferunt.
608 4782 664 4836 In
699 4796 801 4855 ms.
834 4790 1011 4836 autem
1053 4780 1274 4836 Naverr.
1312 4781 1630 4850 simpliciter
1662 4798 1754 4837 ex-

203 4853 313 4918 stat,
343 4856 495 4922 Quod
521 4855 565 4906 si
597 4869 687 4907 nec
713 4853 851 4906 huic.

265 4924 359 4981 “In
395 4928 529 4981 edit.
557 4925 712 4977 Rom.
745 4935 797 4976 et
836 4924 1032 4978 concil.
1065 4933 1121 4994 ut
1164 4923 1303 4994 apud
1336 4923 1557 4987 Baroh.,
1587 4925 1762 4979 conci—

206 4995 312 5050 lium
345 5015 359 5050 :
391 4995 788 5065 refragantibus
820 5009 950 5048 mss.
986 4993 1212 5065 Collegii
1249 5010 1445 5049 nomen
1494 5011 1592 5062 pro
1645 4994 1759 5065 epi-

205 5080 472 5137 scaporum
506 5064 768 5122 consessu
807 5066 1104 5121 Ctelestino
1127 5064 1395 5137 familiare
1423 5075 1525 5120 est.

269 5136 507 5194 ‘Vocem
564 5140 825 5205 magister,
854 5144 910 5191 et
957 5152 1083 5191 mox
1128 5136 1443 5205 particulam
1495 5138 1583 5189 sed
1636 5146 1758 5192 ante

205 5222 282 5259 nec
308 5210 559 5274 docentes,
588 5223 709 5277 quae
737 5209 791 5262 in
815 5208 1003 5261 iisdem
1027 5207 1157 5262 edit.
1187 5208 1453 5262 habemur
1477 5221 1541 5260 ex
1568 5207 1759 5263 Graeco

208 5290 465 5348 perperam
501 5279 766 5347 repetitre,
795 5289 1139 5334 removentur
1170 5279 1492 5334 auctoritate
1522 5296 1649 5332 tnss.

272 5348 287 5387 ί
316 5351 437 5421 Leg.
473 5349 830 5411 διδάσκοντες.

267 5429 290 5464 ⁸
318 5423 463 5476 Adde
493 5426 564 5476 iv.

265 5486 290 5524 δ
318 5491 440 5568 L83.
470 5492 840 5568 ‘TI'PAOUStGGLCB‘J
868 5494 1162 5561 ἀκούεσθαι,
1195 5496 1322 5552 αύτή
1374 5495 1507 5568 πρὸς
1563 5495 1759 5553 πάντας

206 5576 266 5641 ιξς
357 5563 702 5641 κοινόνίερέας
732 5570 822 5641 τοῦ
854 5567 1032 5641 κυρίου
1062 5573 1153 5624 τῆς
1193 5586 1387 5641 παρατ.
1414 5563 1519 5619 διδ.
1549 5568 1579 5623 ἡ
1618 5586 1761 5640 φρον-

204 5630 493 5711 τιςὶξφθασε.
533 5630 1090 5711 ’δικαίῳ-κληρονομίας.

272 5700 285 5737 λ
311 5700 421 5756 Edit
450 5706 604 5758 itotn.
631 5700 693 5759 et'
712 5700 910 5761 tiaran.
946 5700 1120 5759 eorum
1147 5723 1282 5774 voce,
1307 5706 1661 5762 emcndantur
1689 5722 1754 5761 es

206 5781 321 5828 mss.
348 5784 396 5832 et
418 5774 630 5832 ϐτλεου.

2000 816 2288 887 ἀγαπητοῖς
2317 816 2820 886 καίποθεινοτάτοις,
2864 824 2914 876 ἐν
2960 816 3117 901 stopie)
3147 816 3377 901 χαίρῖιν.

1962 913 2057 959 Τοῦ
2092 907 2238 980 ἁγίου
2286 913 2578 981 πνεύματος
2626 914 2881 986 ἐμφανίζει
2929 920 3020 975 τὴν
3067 922 3358 995 παρουσίαν
3386 927 3484 975 τῶν

1892 999 2062 1075 ἱερέων
2108 1004 2139 1059 ἡ
2195 1001 2429 1064 σύνοδος.
2460 1004 2653 1066 Ἀληθές
2704 1008 2804 1083 γάρ
2862 1009 2970 1063 ἐστι
3020 1010 3080 1065 τὸ
3118 1015 3483 1087 γεγραμμένον,

1890 1091 2062 1151 ἔπειδή
2093 1097 2180 1147 καί
2222 1096 2278 1147 οὐ
2307 1094 2513 1151 δύναται
2555 1100 2585 1155 ἡ
2624 1099 2824 1158 ἀλήθεια
2853 1100 3166 1172 ψεύσασθαι,
3209 1103 3287 1160 ὅτι
3332 1104 3394 1165 δή
3438 1108 3486 1160 ἐν

1890 1186 2161 1257 εύαγγελίω
2188 1191 2402 1249 τοιαύτη
2432 1187 2647 1261 ἔγκειται
2678 1197 2831 1264 φωνή·
2848 1190 3013 1247 Ὀπου
3037 1192 3131 1249 δύο
3159 1195 3190 1255 ἦ
3220 1205 3355 1271 τρεῖς
3386 1200 3483 1252 εἰσι

1893 1280 2197 1348 συνηγμένοι
2229 1281 2309 1333 ἐπί
2352 1288 2424 1354 τῷ
2455 1282 2557 1355 ἐμῷ
2598 1282 2824 1355 ὀνόματι,
2879 1286 2980 1340 ἐκεῖ
3004 1288 3107 1358 εἰμι
3135 1290 3184 1342 ἐν
3223 1292 3366 1360 μέσῳ
3395 1292 3484 1345 αύ-

1891 1376 2009 1423 τῶν.
2041 1372 2233 1425 Τούτου
2265 1371 2428 1432 οὕτως
2458 1372 2695 1445 ἔχοντος,
2728 1379 2773 1430 εἰ
2800 1374 2910 1431 ούδέ
2954 1384 3045 1433 τοῦ
3087 1378 3220 1435 οὕτω
3249 1381 3483 1456 βραχέος

1891 1464 2103 1534 ἀριθμοῦ
2143 1465 2199 1518 τὸ
2223 1472 2424 1534 πνεῦμα
2466 1466 2523 1519 τὸ
2562 1465 2698 1541 ἅγιον
2728 1470 3076 1533 ἀπολείπεται.
3110 1472 3257 1541 πόσῳ
3296 1472 3483 1540 μᾶλλον

1891 1555 2011 1608 αὐτὸ
2053 1561 2138 1607 νῦν
2182 1559 2464 1625 μεσιτεύειν
2510 1561 2831 1631 πιστεύομεν,
2878 1558 3008 1615 ὅπου
3050 1564 3119 1623 είς
3157 1561 3207 1616 ἓν
3249 1568 3481 1634 συνήχθη

1890 1653 2107 1701 τοσοῦτο
2158 1649 2345 1709 πλῆθος
2399 1650 2586 1721 ἁγίων;
2644 1656 2727 1707 καί
2781 1656 2882 1727 γὰρ
2930 1654 3069 1727 ἅγιόν
3116 1656 3229 1711 ἐστι
3258 1660 3385 1713 κατά
3424 1660 3481 1714 τὸ

1892 1740 2074 1793 οἰκεῖον
2102 1741 2262 1797 σέϐας
2309 1740 2594 1817 συνέδριον,
2642 1745 2691 1796 ἐν
2799 1748 3024 1823 καθάπερ
3056 1749 3239 1810 ἐκείνης
3268 1759 3360 1811 τῆς
3398 1773 3481 1822 με·

1888 1832 2069 1901 γίστης
2118 1838 2216 1884 τῶν
2254 1834 2549 1888 ἀποστόλων
2598 1834 2836 1902 συνόδου,
2890 1840 2958 1897 ὡς
2995 1840 3291 1914 ἀνέγνωμεν,
3340 1844 3479 1898 ἐστίν

1890 1923 2010 1999 ὁρᾷν
2026 1930 2115 1983 τήν
2134 1926 2414 1981 εὐλάϐειαν.
2442 1926 2774 1985 Οὐδεπώποτε
2806 1932 2999 1985 τούτων
3020 1933 3283 1989 ἀπολείπει
3302 1934 3328 1990 ό
3352 1936 3476 2009 παρ’

1888 2018 2053 2103 αύτιῖζν
2082 2020 2359 2093 κηρυχθείς
2389 2017 2711 2080 διδάσκαλος³
2744 2029 2911 2097 παρῆν
2942 2024 3116 2083 αὐτοῖς
3153 2025 3279 2080 ἀεὶὸ
3308 2028 3478 2103 κύριος

1888 2113 1968 2164 καί
2024 2109 2322 2172 διδάσκαλος
2349 2157 2363 2179 ,
2421 2113 2520 2166 ἀλλ’
2576 2112 2687 2168 οὐδέ
2724 2115 2740 2149 τ
2780 2112 3131 2185 διδασκόμενοι
3185 2120 3329 2192 παρά
3382 2126 3473 2173 τοῦ

1882 2205 2062 2257 οἰκείου
2112 2202 2422 2260 διδασκάλου
2476 2210 2681 2263 πώποτε
2732 2209 3144 2280 κατελείφθησαν.
3179 2208 3236 2264 Ὀ
3266 2213 3474 2283 πέμψας

1882 2294 2156 2353 ἐδίδασκεν·
2193 2298 2218 2353 ὁ
2247 2303 2400 2354 εἰπὼν
2430 2302 2480 2354 τί
2519 2298 2805 2366 διδάξουσιν
2837 2300 3117 2369 ἐδίδασκεν,
3151 2302 3177 2358 ὁ
3210 2312 3234 2350 Β
3264 2312 3368 2365 τοῖς
3399 2307 3473 2359 oi-

1879 2396 2029 2454 κείοις
2060 2395 2365 2455 ἀποστόλοις
2394 2396 2573 2450 ἑαυτὸν
2602 2393 2627 2431 ¹³
2672 2399 2967 2468 ἐμφανίζων.
3006 2400 3278 2454 ’Δκουέσθω
3306 2406 3476 2457 ταῦτα

1878 2488 2024 2561 παρὰ
2052 2489 2253 2542 πάντων
2285 2493 2353 2548 εἰς
2379 2489 2437 2543 τὸ
2468 2490 2624 2544 κοινὸν
2646 2533 2657 2553 ,
2694 2493 2858 2566 κύριοι
2900 2490 3101 2565 ἀδελφοί
3131 2490 3164 2547 ἃ
3192 2502 3285 2555 τῆς
3302 2514 3470 2569 παρα·

1878 2580 2102 2640 τεθείσης
2131 2577 2454 2641 διδασκαλίας
2484 2584 2513 2640 ἡ
2537 2586 2737 2658 φροντίς
2758 2582 3083 2660 παρέπεμψε.
3118 2589 3329 2649 Δικαίως
3357 2586 3474 2645 κλη-

1880 2673 2115 2742 ρονομίαν
2145 2674 2214 2731 εἰς
2236 2675 2370 2741 ἡμᾶς
2404 2674 2451 2725 ἐν
2494 2672 2657 2749 ταύτῃ
2698 2684 2757 2746 τῇ
2797 2675 3021 2752 φροντίδι
3065 2680 3395 2752 σφιγγόμεθα.
3426 2679 3474 2734 oi

1879 2770 2157 2833 πανταχοῦ
2185 2768 2268 2818 καί
2295 2767 2387 2818 ἀνὰ
2416 2772 2588 2819 πᾶσαν
2615 2772 2703 2825 τήν
2734 2769 3022 2838 οἰκουμένην
3049 2777 3112 2843 τῇ
3142 2772 3335 2823 ἐκείνων
3365 2768 3472 2825 δια-

1880 2852 2013 2927 δοχῇ
2041 2857 2098 2909 τό
2128 2853 2286 2926 ὄνομα
2316 2860 2489 2929 κυρίου
2528 2860 2877 2931 κηρύττοντες,
2926 2862 2992 2918 ὡς
3022 2861 3224 2921 ἐκείνοις
3253 2862 3469 2935 προστί-

1880 2964 2080 3001 τακται⁶
2104 2951 2424 3021 Πορευθέντες
2455 2952 2804 3020 μαθητεύσατε
2835 2953 3007 3005 πάντα
3028 2953 3093 3005 τὰ
3118 2949 3250 3009 ἔθνη.

1952 3040 2231 3110 Προσέχειν
2263 3040 2484 3112 ὑμετέρα
2515 3038 2785 3110 ἀδελφότης
2827 3042 3025 3111 ὀφείλει,
3059 3039 3136 3094 ὅτι
3164 3040 3473 3116 παρεδέξατο

1880 3133 2076 3199 γενικήν
2108 3130 2319 3186 ἐντολήν.
2366 3134 2455 3183 Καὶ
2495 3133 2629 3203 ἡμᾶς
2673 3133 2859 3190 αύτούς
2898 3134 3090 3193 πάντας
3127 3141 3281 3189 τοῦτο
3310 3139 3472 3210 πρὰτ·

1881 3237 1984 3270 τειν
2013 3219 2263 3277 ἠθέλησεν.
2294 3218 2433 3282 ὅστις
2462 3228 2622 3276 πᾶσιν
2661 3224 2858 3282 ἐκείνοις
2899 3227 3018 3297 περὶ
3056 3234 3147 3285 τῆς
3193 3227 3471 3283 ἐνετείλατο

1882 3311 2108 3370 πίστεως
2138 3316 2219 3365 καί
2246 3313 2579 3388 λειτουργίας·
2624 3315 2888 3385 ἀναγκαῖόν
2916 3318 3075 3381 ἔστιν,
3108 3315 3247 3378 ὅπως
3276 3339 3471 3394 προση-

1883 3404 2065 3464 κόντως
2089 3411 2199 3464 τοῖς
2224 3406 2417 3460 ἑαυτῶν
2445 3408 2702 3484 πατράσιν
2724 3408 3160 3481 ἀκολουθήσωμεν,
3188 3407 3211 3446 ¹¹
3232 3412 3470 3467 ύπεισελ·

1882 3496 2052 3555 θόντες
2082 3497 2264 3555 πάντες
2313 3499 2475 3553 αὐτῶν
2520 3501 2605 3555 τὸν
2642 3501 2887 3570 κάματον,
2938 3504 3022 3555 καί
3068 3503 3114 3555 oi
3158 3509 3247 3562 τὴν
3276 3506 3469 3561 τούτων

1885 3586 2223 3658 διαδεξάμενοι
2265 3595 2435 3659 τιμὴν,
2489 3595 2863 3665 χορηγήσωμεν
2909 3599 2998 3652 τὴν
3049 3595 3331 3666 ἐπιμέλειαν
3361 3606 3468 3659 τοῖς·

1884 3677 2077 3733 τούτων
2108 3678 2404 3751 διδάγμασι’
2447 3680 2547 3751 μεθ’
2575 3681 2626 3740 ἃ.
2662 3690 2685 3715 ¹¹
2720 3687 3185 3754 ύπομιμνήσκοντες
3223 3695 3315 3742 τοῦ
3346 3690 3467 3744 ἀπο·

1883 3771 2082 3835 στόλου,
2109 3771 2345 3842 οὐδεμίαν
2366 3770 2689 3826 διδασκαλίαν
2710 3779 2994 3847 προσθεῖναι
3017 3779 3332 3849 κελευόμεθα.
3360 3785 3464 3838 Ούκ

1947 3932 1958 3980 i
1992 3930 2044 3983 In
2072 3932 2323 3999 vulgatis,
2346 3930 2455 4000 qui.
2478 3929 2804 4002 Concittnius
2823 3929 3002 4002 intus.
3026 3930 3277 4002 ﬂavam,
3302 3942 3459 4002 quod.

1870 4002 2077 4055 Deinde
2112 3998 2307 4055 eam...
2338 3998 2391 4056 et
2432 4000 2561 4055 edit.
2589 4001 2788 4055 Rom.:
2838 3998 2954 4053 Illis
2994 4001 3067 4052 sic
3108 4002 3162 4053 in
3192 3998 3460 4063 commune

1870 4073 2135 4125 mandavit
2169 4074 2389 4143 uﬁicium
2424 4072 2623 4143 (Grato.
2656 4090 2666 4123 :
2705 4071 2778 4124 De
2802 4071 2905 4141 ﬁde
2933 4082 2979 4124 et
3011 4072 3292 4128 ministerio
3320 4093 3460 4130 man-

1869 4143 1991 4197 data
2020 4143 2206 4213 dedit),
2239 4160 2440 4217 necesse
2470 4153 2543 4197 est
2576 4154 2629 4195 ut
2661 4151 3001 4217 competenter
3039 4152 3239 4197 nostros
3268 4162 3456 4217 sequa-

1872 4231 1988 4267 mur
2016 4228 2275 4280 auctores,
2306 4215 2496 4269 Latino
2530 4224 2675 4269 textu
2704 4215 2767 4267 ad
2798 4214 3047 4269 Graecum
3083 4228 3146 4269 ex
3183 4214 3349 4285 parte
3364 4234 3455 4273 ac.-

1873 4286 2221 4339 commodata
2249 4302 2262 4339 :
2288 4287 2617 4353 castigantur
2647 4300 2711 4339 ex
2745 4301 2874 4340 mss.

1945 4355 1969 4429 If
1996 4356 2134 4429 Ach.
2165 4358 2559 4429 ύπεισελθῶμεν,
2593 4372 2786 4424 expunt
2807 4366 2859 4410 ιο
2890 4355 3135 4429 proximo
3162 4361 3263 4411 καί.

1951 4424 1966 4463 1
1995 4427 2047 4479 In
2073 4424 2299 4496 volgatis
2321 4428 2405 4480 hic
2428 4424 2687 4497 repetitur
2710 4443 2900 4492 omnes,
2928 4427 3070 4495 quod
3095 4429 3286 4482 melius
3305 4428 3456 4487 abest

1873 4511 1900 4549 a
1933 4511 2029 4549 ms.
2067 4497 2260 4550 Nuvar.
2296 4509 2345 4549 et
2371 4511 2399 4550 a
2424 4496 2633 4551 Cra-co.

1944 4577 1981 4602 η’
2003 4567 2226 4638 Baron.,
2259 4568 2617 4636 prtcdicantes.
2655 4566 2797 4638 Edit.
2837 4567 3019 4632 Rom.,
3050 4570 3447 4638 prtedicationis.

1874 4637 2064 4712 Verius
2093 4636 2181 4690 alii
2211 4637 2352 4702 libri,
2372 4638 2695 4712 prtedicatis,
2728 4637 2828 4712 hoc
2860 4648 2967 4702 est,
2999 4636 3060 4691 iis
3090 4657 3203 4707 qua
3232 4642 3294 4695 ab
3324 4643 3450 4712 ipsis

1871 4710 2151 4783 praedicata
2200 4718 2335 4783 sunt
2363 4709 2479 4783 (seu
2520 4716 2774 4783 ut_sonat
2816 4709 3193 4783 interpretatio
3241 4709 3448 4783 Graeca,

1870 4776 2041 4831 eorum
2075 4777 2342 4846 doctrinis)
2371 4776 2691 4846 diligentiam
2721 4776 3059 4849 prtebeantus.

1941 4859 1966 4884 “
1996 4852 2123 4919 Leg.
2154 4852 2640 4921 ύγπομιμνήσκοντος.

1943 4931 1965 4955 ο
2002 4922 2142 4974 Edit.
2179 4920 2362 4985 Rom.,
2399 4920 2669 4973 adducere.
2713 4920 2908 4975 Baron.
2945 4931 3000 4976 et
3038 4921 3169 4976 Lab.
3203 4922 3445 4981 Grmcnm

1869 4995 2061 5060 secuti,
2090 4993 2333 5061 adjicere.
2365 4989 2662 5045 Ob5curunt
2698 5010 2800 5045 non
2834 5001 2915 5045 est
2944 4993 3032 5047 hic
3060 4994 3259 5061 respici
3290 4996 3354 5049 ad
3386 4998 3445 5052 il-

1867 5063 1953 5117 lud
1978 5064 2128 5138 Pauli
2156 5062 2275 5138 Gal.
2308 5079 2346 5127 ι,
2382 5064 2413 5138 9
2443 5082 2460 5138 ;Δ
2487 5062 2548 5115 Si
2574 5064 2687 5138 quis
2718 5063 3298 5138 t'obisecangelizaverit
3323 5083 3449 5138 pra:-

1867 5143 1943 5209 ter
1972 5135 2025 5187 id
2050 5135 2184 5202 quod
2223 5133 2507 5209 accepistis,
2537 5134 2806 5209 anathema
2829 5134 2919 5209 sit.
2964 5133 3229 5202 Quocirca
3278 5133 3446 5209 magis

1873 5207 2041 5273 placet
2069 5221 2189 5259 cum
2223 5204 2401 5257 Baluz.
2431 5214 2483 5257 et
2510 5218 2664 5264 mss.,
2697 5204 2983 5258 admittere.

1944 5287 1969 5325 Ρ
1992 5277 2046 5331 Id
2075 5288 2177 5348 est,
2216 5275 2529 5348 traditarum
2557 5276 3021 5348 rerumcumodia
3057 5292 3163 5348 non
3207 5286 3293 5333 est
3315 5278 3444 5348 quid

1874 5349 2048 5401 minus
2079 5346 2197 5418 ipso
2227 5346 2484 5400 tradentis
2514 5344 2723 5418 ofﬁcio;
2756 5344 2989 5415 ideoque
3015 5346 3196 5403 officio
3227 5344 3445 5418 aposto-

1870 5416 2193 5481 lorum,’ad
2243 5431 2377 5483 quos
2433 5416 2687 5485 pertinuit
2746 5419 2959 5472 tradere
3006 5434 3125 5488 qua:
3174 5416 3443 5476 credenda

1870 5502 2014 5549 Sunt,
2050 5504 2154 5541 non
2185 5488 2471 5559 minusest
2493 5502 2626 5554 opus
2658 5497 2954 5559 pastorum,
2984 5504 3212 5559 quorum
3243 5501 3326 5547 est
3350 5506 3443 5546 cu-

1864 5559 2071 5613 stodire
2106 5574 2222 5627 qua:
2253 5556 2444 5611 tradita
2476 5567 2615 5612 sunt.
2650 5557 2927 5613 Ccelestini
2959 5556 3119 5615 verba
3147 5561 3334 5618 Graec
3364 5564 3443 5621 sic

1862 5630 2130 5683 convertit
2161 5629 2451 5697 interpres,
2480 5628 2633 5697 quasi
2665 5630 2911 5698 legisset,
2943 5629 3066 5684 Non
3092 5635 3259 5687 minus
3282 5634 3444 5690 hono-

1863 5702 2067 5771 riﬁcum
2115 5710 2199 5777 est
2229 5699 2431 5754 docenti
2475 5701 2897 5777 obsequi,_qttam
2943 5703 3133 5756 tradita
3164 5706 3440 5777 custodire,

1866 5783 2101 5831 mentem
2130 5771 2270 5829 illius
2301 5786 2407 5831 non
2439 5771 2569 5830 satis
2597 5771 2824 5831 feliciter
2851 5784 3144 5837 assecutus.
