3982 6182
420 5357 451 5387 L

546 251 647 319 811

1328 256 1389 314 S.
1420 256 1826 315 C(ELESTtNl
1866 258 1888 315 l
1926 258 2131 316 PAPIE
2171 260 2536 317 EPlSTOLE
2584 260 2669 315 ET
2709 258 3050 316 DECRETA.

3730 248 3834 311 512

548 370 688 427 tibus
719 378 777 427 et
823 368 1055 438 futuris,
1088 379 1342 440 rogantes
1373 379 1536 441 atque
1579 380 1863 430 servantes
1905 387 2027 444 quas
2072 388 2119 428 at

2246 374 2419 434 ἐπειδή
2450 375 2613 435 οὕτως
2652 372 2869 450 εἴρηται,
2914 377 2998 429 καὶ
3046 380 3147 434 τοῖς
3176 371 3332 429 πάλαι
3362 372 3447 425 καὶ
3473 376 3587 431 τοῖς
3628 376 3715 424 νῦν
3744 372 3835 429 ιιι

550 477 737 533 pacem
766 474 893 520 sunt
920 462 1225 519 Jerusalem
1260 462 1380 535 (Ps.
1404 478 1551 531 cxxt,
1578 460 1658 533 6).

617 651 670 707 5.
714 650 1018 706 Direximus
1052 667 1150 721 pro
1180 660 1368 708 nostra
1399 649 1762 707 sollicitudine
1787 658 2005 705 sanctos
2028 649 2137 704 fra-

546 750 657 798 tres
687 750 745 799 et
783 744 1201 801 consacerdotes
1248 753 1487 811 nostros,
1548 744 1829 799 unanimes
1881 743 2034 800 nobis
2084 752 2137 798 et

545 837 953 905 probatissimos
982 838 1148 902 viros,
1174 836 1462 891 Arcadium
1496 843 1553 891 et
1580 834 1885 904 Projectnm
1919 836 2133 903 cpisco.

543 942 661 997 pos,
694 940 745 983 et
776 928 1076 998 Philippum
1105 929 1477 1000 presbyterum
1509 938 1777 992 nostrum,
1802 928 1894 997 qui
1921 927 1987 981 iis
2013 942 2135 996 qua:

542 1032 772 1089 aguntur
801 1021 1068 1087 intersint,
1095 1029 1150 1075 et
1169 1036 1288 1091 qua:
1312 1036 1342 1074 a
1377 1020 1531 1075 nobis
1559 1030 1685 1075 ante
1716 1029 1919 1074 statuta
1950 1029 2076 1073 sunt
2106 1027 2133 1055 ι

541 1122 921 1182 exsequentes.
952 1112 1158 1179 Quibus
1196 1113 1557 1182 praestandum
1584 1127 1614 1165 a
1640 1122 1819 1167 vestra
1849 1112 2134 1167 sanctitate

542 1219 650 1261 non
680 1206 991 1261 dubitamus
1029 1221 1332 1271 assensum,
1375 1204 1593 1276 quando
1621 1205 1673 1259 id
1701 1205 1844 1274 quod
1886 1204 1911 1242 δ
1961 1206 2134 1272 agitur

542 1296 785 1352 videatur
811 1312 907 1368 pro
948 1298 1270 1353 universalis
1309 1298 1566 1352 Ecclesiae
1609 1301 1896 1352 securitate
1944 1296 2129 1351 decre-

542 1398 675 1445 tum.
711 1402 733 1429 ε
758 1392 889 1448 Data
916 1408 1010 1448 vni
1040 1391 1161 1448 idus
1187 1392 1331 1459 Maii,
1361 1392 1530 1448 Basso
1556 1401 1610 1448 et
1634 1391 1905 1447 Antiocho
1932 1405 2128 1446 consu-

541 1478 700 1537 libus.

2240 476 2348 527 τοῖς
2377 468 2637 538 μέλλουσι,
2672 466 3072 544 παρακαλοῦντες
3103 469 3185 520 καὶ
3223 464 3477 528 σώζοντας
3503 463 3569 520 τὰ
3597 464 3668 523 εἰς
3698 466 3829 538 εἰρή-

2241 581 2324 620 νην
2445 559 2799 634 Ἰερουσαλήμ.

2310 654 2697 723 ’Δπεστείλαμεν
2727 658 2815 710 τὴν
2851 654 3097 726 ἡμετέραν
3135 649 3541 720 ἀναδεχομένους
3569 648 3830 726 φροντίδα,

2239 752 2360 808 τούς
2392 750 2569 821 ἁγίους
2600 746 2838 819 ἀδελφοὺς
2868 750 2952 800 καὶ
2990 746 3411 819 συλλειτουργούς
3439 745 3597 814 ἡμῶν,
3632 743 3831 815 ὁμοφύ-

2242 863 2374 913 χους
2405 843 2520 911 ἡμῖν
2541 842 2627 894 καὶ
2656 838 3137 909 δεδοκιμασμένους,
3170 834 3425 911 ’Δρκάδιον
3455 838 3539 889 καὶ
3568 834 3834 908 Προῒεκτον

2237 936 2565 997 ἐπισκόπους,
2601 937 2683 987 καὶ
2711 934 2953 987 Φίλιππον
2995 935 3078 987 τὸν
3107 932 3347 1007 ἡμέτερον
3374 928 3756 1003 πρεσϐύτερον,
3791 916 3837 981 oi

2235 1036 2342 1087 τοῖς
2372 1027 2743 1101 πραττομένοις
2768 1026 3096 1099 παρέσονται,
3128 1025 3215 1076 καὶ
3241 1024 3305 1076 τὰ
3341 1020 3464 1096 παρ’
3498 1022 3637 1089 ἡμῶν
3668 1017 3837 1071 πάλαι

2236 1118 2504 1193 ὁρισθέντα
2544 1117 2919 1170 ἐκϐιϐἁσουσιν.
2954 1112 3040 1175 Οἷς
3094 1113 3493 1184 παρασχεθῆναι
3533 1111 3683 1184 παρᾶ
3740 1116 3836 1168 τῆς

2238 1210 2492 1284 ὑμετέρας
2541 1207 2811 1281 ἁγιότητος
2859 1209 2949 1260 οὐκ
3006 1206 3375 1278 ἀμφιϐάλλομεν
3427 1199 3831 1273 συγκατάθεσιν,

2236 1299 2411 1359 ἐπειδὴ
2435 1307 2605 1363 τοῦτο,
2640 1297 2763 1371 ὅπερ
2794 1296 2852 1351 ἂν
2879 1304 3058 1367 γνῶτε,
3091 1295 3208 1369 δοκῇ
3238 1298 3371 1369 ὑπὲρ
3400 1300 3491 1354 τῆς
3519 1298 3702 1348 πασῶν
3729 1296 3835 1343 τῶν

2235 1396 2501 1453 ἐκκλησιῶν
2530 1395 2829 1469 ἀμεριμνίας
2858 1393 3131 1465 κεκρίσθαι.

1891 1577 1917 1617 ἀ
1960 1576 2293 1634 EPISTOLA
2334 1577 2477 1633 XIX.

1488 1688 1786 1727 εαξιεετιιηι
1818 1689 1967 1727 DARE
2000 1689 2065 1726 ΑΙ)
2099 1686 2437 1726 THEODOSIUII
2464 1686 2860 1727 IIPERATORII.

763 1763 846 1817 Ne
873 1765 997 1833 quid
1025 1765 1245 1820 turbida
1272 1768 1513 1821 novitatis
1543 1766 1839 1821 auctoribus
1868 1766 2147 1837 permittat.
2175 1763 2431 1834 Majorem
2454 1764 2555 1834 ipsi
2580 1780 2685 1817 esse
2715 1762 2895 1816 debere
2916 1761 3039 1831 ﬁdei
3062 1775 3239 1814 curam
3266 1775 3421 1831 quam
3439 1760 3605 1830 regni.

678 1876 1029 1935 Cmus'rmus
1054 1882 1341 1952 episc0pus
1373 1880 1682 1937 Tnsooosm
1712 1882 1975 1951 Augusto.

608 1973 658 2027 1.
701 1972 944 2027 Sufficiat
967 1974 1091 2029 licet
1112 1974 1254 2043 quod
1279 1974 1585 2029 sollicitudo
1603 1984 1797 2028 vestrzc
1821 1972 2119 2028 clementia

536 2062 675 2117 circa
718 2062 841 2117 ﬁdei
890 2064 1169 2118 catholicae
1217 2064 1610 2129 defensionem,
1663 2066 1746 2117 cui
1794 2079 1892 2133 pro
1921 2064 2119 2118 Christi

536 2155 631 2212 Dei
660 2159 831 2211 nostri
854 2172 1040 2212 amore
1070 2159 1159 2227 qui
1193 2160 1354 2213 vestri
1385 2159 1594 2227 imperii
1620 2166 1798 2212 rector
1822 2168 1903 2212 est
1931 2158 2121 2212 adesse

534 2247 707 2304 modis
731 2250 981 2305 omnibus
1008 2249 1301 2314 festinatis,
1323 2250 1588 2319 integram
1614 2250 2121 2319 immaculatamque

532 2354 673 2406 eam,
704 2357 987 2409 pravorum
1010 2342 1321 2411 dogmatum
1352 2341 1609 2396 damnato
1625 2356 1836 2408 errore,
1860 2344 2117 2405 servatis;

532 2430 585 2484 in
624 2431 726 2484 hoc
754 2446 968 2501 semper
998 2432 1272 2487 munimen
1316 2432 1483 2486 vestri
1516 2432 1911 2485 constituentes
1952 2432 2122 2501 impe-

531 2523 627 2585 rii.
659 2523 893 2577 scientes
927 2538 1152 2592 regnum
1188 2533 1432 2578 vestrum
1466 2532 1665 2577 sanctas
1704 2522 1979 2593 religionis
2021 2524 2119 2577 ob-

530 2616 797 2671 servantia
826 2617 1216 2671 communitum
1249 2617 1456 2670 firmius
1483 2616 1796 2670 duraturum
1824 2634 1836 2671 :
1869 2616 1962 2671 sed
1998 2616 2121 2671 huic

527 2706 736 2762 caelesti
755 2722 907 2763 curre
930 2708 1011 2763 vel
1038 2708 1228 2779 gloriae
1251 2709 1616 2778 unusquisque
1641 2718 1881 2762 nostrum
1913 2723 2009 2777 pro
2036 2723 2121 2761 sa-

526 2799 786 2854 cerdotali
817 2799 1000 2855 ofﬁcio
1036 2815 1256 2870 operam
1291 2809 1555 2864 nostram,
1588 2800 1640 2853 in
1684 2808 1944 2867 quantum
1972 2799 2119 2853 vale-

524 2906 667 2958 mus,
700 2891 1097 2963 impendimus;
1130 2902 1185 2947 et
1225 2892 1350 2946 huic
1377 2891 1587 2963 synodo
1613 2906 1775 2961 quam
1813 2906 1933 2945 esse
1956 2890 2117 2959 jussi-

522 2987 642 3055 stis,
672 2996 909 3041 nostram
952 2987 1298 3057 przesentiam
1335 2986 1387 3039 in
1417 2986 1500 3039 his
1530 2998 1666 3054 quos
1694 2983 1941 3038 misimus
1961 2984 2116 3037 exhi-

523 3076 750 3144 bemus,
799 3079 1052 3148 pietatem
1101 3088 1339 3133 vestram
1399 3079 1499 3131 sub
1547 3076 1720 3131 divini
1769 3076 2120 3131 obsecrantes

522 3171 886 3227 obtestatione
910 3171 1125 3241 judicii,
1158 3186 1227 3226 ne
1255 3169 1382 3240 quid
1415 3169 1644 3224 turbidas
1687 3170 1909 3223 novitati
1955 3170 2118 3223 licere

2152 1886 2203 1948 Β
2234 1889 2523 1932 terrarum.
2574 1876 2985 1945 Subsequuntur
3037 1876 3180 1930 enim
3215 1875 3393 1929 omnia
3438 1888 3723 1946 prospera,
3777 1860 3829 1930 εί

2227 1973 2476 2042 primitus
2503 1986 2621 2041 quae
2653 1971 2764 2024 Deo
2786 1977 2912 2023 sunt
2936 1969 3179 2022 chariora
3212 1977 3509 2022 serventur.
3535 1967 3823 2023 Abraham

2228 2064 2334 2119 ﬁde
2360 2063 2565 2129 ﬂoruit,
2595 2076 2918 2132 omnemque
2948 2061 3131 2116 orbem
3155 2061 3325 2131 gloria
3349 2076 3457 2115 sua:
3486 2069 3509 2097 ο
3531 2060 3833 2130 posterita-

2227 2155 2295 2209 tis
2317 2156 2581 2223 implevit.
2605 2154 2815 2224 Moyses
2839 2153 3017 2221 populi
3048 2152 3308 2206 liberator
3333 2152 3445 2206 zelo
3469 2151 3834 2208 Dominicon-

2227 2252 2310 2297 tra
2339 2260 2431 2298 θος
2456 2261 2533 2309 se,
2560 2260 2696 2313 quos
2723 2260 2749 2297 a
2775 2244 2870 2297 Dei
2893 2258 3020 2298 vero
3049 2242 3196 2297 cultu
3218 2243 3512 2297 recessisse
3538 2242 3829 2312 probaret,

2225 2338 2477 2392 armavit.
2512 2338 2677 2391 David
2719 2352 2901 2406 regem
2952 2352 3045 2390 sua
3095 2344 3361 2405 praecepta
3412 2344 3721 2389 servantem
3768 2335 3829 2390 in

2226 2447 2415 2501 regno,
2448 2438 2506 2484 ut
2537 2431 2614 2484 illi
2666 2430 2913 2484 inimicos
2944 2444 3071 2483 suos
3110 2429 3391 2495 subderet,
3426 2427 3685 2483 Dominus
3728 2443 3827 2483 cu.

2226 2525 2465 2578 stodivit.
2526 2524 2619 2578 His
2673 2538 2802 2593 rogo
2852 2522 3227 2592 exemplorum
3284 2521 3464 2576 vallati
3521 2520 3821 2590 praesidio,

2230 2620 2249 2658 ί
2285 2619 2411 2685 t'ide,
2442 2619 2841 2683 observatione,
2872 2617 3099 2684 virtute,
3131 2615 3451 2670 universalis
3477 2614 3734 2668 Ecclesia:
3764 2614 3825 2669 in

2225 2711 2394 2767 Deum
2420 2723 2661 2765 nostrum
2683 2712 2979 2780 piissimum
2996 2710 3223 2773 cultum,
3258 2724 3325 2764 ne
3354 2708 3453 2762 sibi
3483 2707 3687 2778 aliquid
3704 2708 3820 2762 dis-

2224 2805 2403 2859 sensio
2426 2805 2681 2871 vindicet,
2716 2805 3005 2859 custodite.
3033 2804 3137 2858 Pro
3157 2813 3180 2851 8
3209 2812 3397 2858 vestro
3421 2805 3565 2856 enim
3590 2801 3826 2871 imperio

2224 2898 2429 2966 geritur
2455 2896 2712 2967 quidquid
2745 2912 2840 2964 pro
2868 2896 3051 2967 quiete
3095 2895 3351 2950 Ecclesia:
3382 2893 3467 2949 vel
3493 2904 3698 2949 sancta:
3726 2909 3824 2949 re-

2223 2988 2436 3058 ligionis
2468 2989 2767 3043 reverentia
2804 2988 3104 3042 laboratur.

2295 3078 2347 3131 ’5.
2394 3078 2537 3145 Haec,
2566 3077 2957 3146 gloriosissime
2984 3085 3039 3131 et
3061 3074 3496 3144 tranquillissime
3516 3074 3827 3143 imperator

2224 3182 2467 3240 auguste,
2500 3186 2619 3240 qua:
2666 3169 2720 3223 in
2748 3178 2928 3224 vestro
2956 3168 3122 3223 corde
3151 3182 3272 3223 esse
3322 3167 3587 3233 novimus,
3640 3166 3823 3222 Deum

523 3273 699 3318 vestra
723 3266 1079 3320 mansuetudo
1102 3265 1397 3333 permittat,
1422 3277 1559 3318 neve
1586 3262 1809 3316 facultas
1831 3262 2006 3331 aliqua
2034 3261 2117 3317 his
2144 3278 2191 3341 ρ
2222 3263 2332 3318 illic
2358 3263 2538 3319 inesse
2564 3279 2669 3317 non
2688 3262 2857 3325 dubii,
2884 3261 3125 3331 angustis
3142 3262 3316 3316 “etiam
3338 3261 3560 3315 auribus
3586 3276 3682 3329 per
3708 3260 3819 3314 fra-

522 3358 609 3425 qui
636 3355 834 3410 divinae
863 3358 1162 3426 majestatis
1197 3357 1490 3425 potentiam
1520 3358 1570 3409 in
1604 3355 1852 3409 humanae
1883 3356 2121 3424 disputa-

522 3449 685 3501 tionis
718 3450 977 3503 rationem
1002 3458 1211 3503 arctare
1240 3450 1591 3519 contendunt,
1628 3464 1735 3520 quo
1774 3451 2120 3518 perturbetur

519 3549 625 3610 pax
650 3541 1035 3604 ecclesiastica,
1066 3540 1355 3595 tribuatur.

591 3628 645 3684 2.
682 3630 853 3699 Major
882 3633 1037 3687 vobis
1057 3633 1180 3687 tidei
1202 3647 1369 3689 causa
1393 3633 1556 3691 debet
1576 3649 1721 3701 esse,
1746 3650 1905 3703 quam
1930 3636 2114 3705 regni;

522 3721 859 3792 ampliusque
894 3739 992 3795 pro
1023 3740 1153 3795 pace
1192 3725 1558 3780 Ecclesiarum
1604 3727 1890 3781 clementia
1940 3736 2117 3780 vestra

527 3812 691 3872 debet
712 3829 832 3874 esse
880 3818 1131 3884 sollicita,
1176 3833 1335 3889 quam
1389 3834 1486 3890 pro
1528 3819 1771 3874 omnium
1825 3820 2117 3874 securitate

2226 3366 2337 3413 tres
2363 3366 2417 3412 et
2454 3358 2802 3427 coepiscopos
2834 3372 2983 3412 meos
3012 3355 3301 3411 Arcadium
3331 3363 3386 3410 et
3413 3354 3825 3423 Projectum,et

2225 3451 2726 3523 compresbyterum
2765 3466 2941 3507 meum
2990 3449 3317 3519 Philippum,
3364 3463 3503 3519 quos
3544 3448 3821 3513 misimus,

2226 3544 2554 3611 intimamus,
2577 3546 2677 3599 hoc
2699 3561 2725 3597 a
2750 3546 2948 3614 pietate
2972 3554 3149 3598 vestra
3180 3543 3493 3613 suppliciter
3516 3542 3821 3612 deposcen-

2224 3643 2325 3702 tes,
2355 3636 2494 3705 quod
2524 3651 2621 3691 vos
2651 3637 2848 3691 habere
2875 3635 3159 3691 credamus
3206 3635 3259 3689 in
3300 3634 3472 3700 vobis,
3520 3643 3575 3688 ut
3614 3632 3758 3703 quod
3783 3648 3825 3690 ι

2223 3727 2334 3782 Deo
2363 3730 2566 3797 petitis,
2596 3730 2696 3783 hoc
2715 3729 2770 3783 in
2797 3728 2918 3783 fidei
2946 3727 3291 3798 ipsiuscausa
3316 3727 3604 3795 praestetis.
3633 3722 3661 3762 ¹ι
3680 3724 3822 3781 Data

2221 3820 2399 3875 idibus
2424 3822 2568 3886 Maii,
2604 3821 2769 3876 Basso
2798 3832 2853 3876 et
2880 3820 3149 3877 Antiocho
3179 3819 3497 3875 consulibus

1880 3951 1895 3988 ί
1943 3953 2283 4012 EPISTOLA
2326 3957 2457 4023 XX,

946 4080 1042 4122 ειῠ
1075 4082 1303 4122 ηωτιο
1329 4082 1473 4131 QUAM
1514 4080 1718 4121 SANCTA
1767 4080 1997 4121 SYNODUS
2028 4082 2290 4124 EPHESINA
2320 4086 2386 4123 AD
2412 4086 2770 4127 C(ELESTINUM
2818 4088 2990 4127 PAPAH
3034 4084 3378 4135 TRANSHISIT,

1182 4157 1251 4213 In
1270 4175 1371 4224 qua
1390 4173 1505 4229 quis
1530 4158 1582 4210 in
1603 4158 1719 4227 ipsa
1746 4166 1925 4212 sancta
1955 4167 2000 4211 et
2030 4175 2218 4231 magna
2248 4162 2443 4231 synodo
2490 4176 2630 4234 gesta
2661 4174 2778 4217 sunt
2804 4165 3145 4232 explicantur.

520 4275 870 4336 Banctissimo
907 4284 962 4330 et
1008 4276 1450 4329 reverentissimo
1498 4270 1873 4327 comministro
1920 4288 2108 4326 cmm-

592 4363 744 4404 ενι-ιΝο
772 4356 955 4403 sancta
984 4346 1244 4419 synodus,
1273 4361 1391 4419 quae
1422 4342 1714 4399 secundum
1750 4343 1839 4419 [_)_ei
1864 4345 2104 4419 gratiam

591 4429 910 4489 congregata
939 4414 1028 4472 est
1049 4418 1102 4473 in
1138 4416 1494 4487 Ephesiorum
1520 4414 1825 4484 metropoli,
1860 4415 1872 4464 i
1915 4414 1967 4469 in
2000 4415 2108 4468 Do-

592 4490 741 4546 mino
767 4492 1017 4546 salutem.

597 4583 650 4639 1.
690 4582 816 4639 Tua;
861 4583 1076 4654 quidem
1109 4582 1407 4638 sanctitatis
1434 4580 1577 4635 circa
1624 4579 1879 4648 pietatem
1914 4578 2062 4633 zelus
2086 4618 2101 4642 ,

595 4732 620 4793 ἑ
663 4722 846 4789 Forte,
878 4730 1249 4793 exsequantur.

593 4792 620 4833 δ
662 4794 737 4850 Ita
766 4784 893 4849 mss.
929 4784 1048 4848 cum
1083 4792 1212 4845 Lab.
1249 4799 1303 4844 et
1334 4786 1515 4842 Baluz.
1571 4787 1639 4841 At
1690 4786 1829 4853 apud
1881 4784 2107 4851 Bamn.,

523 4866 728 4936 legitur,
758 4877 811 4919 et
835 4866 886 4920 in
917 4865 1046 4919 edit.
1071 4863 1235 4936 Bom.
1257 4901 1288 4936 ,Δ
1309 4859 1497 4929 legitis.
1534 4858 1672 4911 Hinc
1701 4857 1921 4936 Graecus
1955 4859 2115 4936 inter-

523 4927 651 5008 pres
686 4927 897 5008 videtur
934 4934 1177 5006 posuisse
1207 4927 1474 5005 ἀνέγνὼτε,
1519 4929 1768 4999 quamvis
1798 4944 1939 4983 nunc
1969 4927 2111 4998 lega-

523 5004 664 5073 inus,
680 5004 755 5092 ‘tifv
768 5004 957 5092 fucare.

598 5089 620 5117 ο
654 5070 802 5135 Maii
849 5081 881 5135 8
939 5093 1064 5132 ann.
1114 5076 1243 5133 451.
1281 5074 1335 5129 In
1387 5072 1515 5128 edit.
1564 5071 1721 5127 Rom.
1771 5070 2114 5126 desideratur

520 5150 773 5207 chr0nica
814 5150 928 5205 haec
960 5160 1106 5204 nota.

591 5220 619 5261 ἀ
662 5222 738 5278 Es
767 5222 956 5279 iisdem
988 5221 1227 5277 fontibus
1256 5233 1287 5273 e
1314 5216 1509 5289 quibus
1536 5212 1767 5285 epistola
1800 5211 1864 5265 17
1909 5212 1973 5266 ad
2012 5226 2112 5266 nos

518 5294 692 5352 fluxit.

592 5377 616 5406 ⁶
660 5366 833 5435 Editi,
882 5365 1239 5435 prosperitatis
1280 5362 1602 5435 ἱηιριιευξι..ἒξ
1668 5356 1850 5435 _Z_el_um
1908 5354 2115 5409 Domini

517 5450 700 5495 contra
727 5428 1045 5509 eos'si'quo's.
1075 5437 1305 5509 Bectius
1332 5428 1385 5487 in
1418 5430 1636 5487 schedis
1673 5428 1991 5509 Holsten....
2025 5443 2116 5494 po-

518 5512 833 5567 steritatis...
864 5499 1040 5564 zelo...
1074 5507 1228 5564 Unde
1258 5514 1435 5559 contra
1468 5519 1551 5557 eos
1583 5517 1655 5568 se,
1691 5514 1797 5554 non
1829 5500 1894 5569 si,
1932 5499 2113 5569 legen-

519 5582 648 5640 dum
678 5598 800 5639 esse
834 5580 991 5636 nobis
1014 5580 1275 5635 constitit.

592 5654 615 5694 ί
657 5654 903 5715 Arcltet.,
946 5651 1087 5718 ﬁdei,
1123 5650 1322 5704 observ.

592 5736 619 5776 ι
649 5726 738 5782 Sic
791 5712 1035 5780 Holslen.
1073 5712 1156 5776 'At
1204 5720 1292 5778 aii
1345 5717 1503 5783 libri,
1560 5734 1653 5789 pro
1709 5719 1857 5772 vestri
1908 5712 2115 5787 imperii

520 5798 709 5860 solute.

2214 4280 2477 4351 ’Δναςρορόμ
2510 4286 2591 4349 Τῷ
2621 4280 2885 4346 ἁγιωτάτῳ
2912 4282 2993 4351 καὶ
3023 4279 3405 4349 Θεοσεϐεστάτῳ
3436 4277 3823 4351 συλλιιτουργῷ

2285 4348 2617 4421 Κελέστίνῳνὴ
2647 4351 2767 4419 ἁγία
2812 4348 3022 4409 σύνοδος
3065 4352 3094 4407 ἡ
3150 4352 3281 4422 κατά
3328 4348 3456 4403 egeo
3491 4349 3646 4422 χάριν
3667 4348 3815 4422 ,σονς

2294 4419 2602 4490 αχΟεῐσαέν
2632 4431 2693 4496 τῇ
2723 4421 2958 4492 Ἐφεσίων
2978 4421 3281 4496 μητροπόλει
3312 4422 3359 4473 ἐν
3390 4423 3547 4494 κυρίῳ
3571 4419 3817 4492 χαίρειν.

2290 4586 2389 4638 Τῆς
2405 4580 2496 4649 μὲν
2519 4586 2613 4637 σῆς
2637 4576 2904 4636 ὁσιότητος
2927 4576 3085 4654 ὁπερὶ
3108 4580 3196 4634 τὴν
3217 4574 3475 4630 εὐσέϐειαν
3491 4573 3655 4637 ζῆλος,
3677 4576 3764 4627 καὶ
3785 4576 3822 4632 ἦ

2140 4718 2196 4780 Ῑ)
2290 4712 2319 4751 ξι
2350 4713 2561 4767 Maii
2588 4729 2713 4767 ann.
2746 4712 2872 4767 451.

2298 4786 2313 4821 ί
2354 4785 2408 4837 In
2437 4785 2670 4839 concilio
2694 4784 2971 4851 Ephesinn
2998 4785 3138 4837 inter
3172 4793 3321 4849 geSIa
3350 4783 3575 4837 actionis
3606 4783 3657 4847 5,
3692 4798 3823 4851 qua:

2222 4872 2361 4911 anno
2380 4856 2505 4920 451,
2540 4856 2665 4909 Julii
2697 4856 2760 4909 l7
2790 4856 2875 4909 die
2903 4856 3081 4909 habita
3107 4865 3346 4917 notatur,
3380 4854 3553 4908 locum
3578 4852 3814 4907 obtinet.

2221 4928 2429 4996 Scripta
2454 4927 2662 4989 Graece,
2696 4925 2942 4980 Latinum
2986 4936 3137 4981 nacta
3176 4935 3260 4981 est
3288 4929 3633 4994 interpretem
3669 4925 3824 4979 litte-

2223 5015 2297 5054 ra:
2324 4998 2476 5051 valde
2502 5007 2744 5051 tenacem
2786 4998 3015 5066 ideoque
3045 5013 3071 5049 a
3105 5012 3359 5052 sensuum
3402 4996 3813 5065 perspicuitate,

2224 5086 2293 5126 ne
2322 5070 2495 5124 dicam
2523 5070 2769 5131 veritate,
2798 5068 3061 5123 interdum
3092 5068 3459 5123 recedentem.
3485 5066 3615 5136 Ejus
3640 5066 3817 5121 inter-

2222 5141 2580 5213 pretationem
2611 5138 2909 5213 Nicolan_s__l
2939 5139 3097 5209 epist.
3129 5139 3162 5213 8
3192 5139 3257 5192 ad
3302 5137 3615 5213 Michaelcm
3648 5152 3821 5213 secu-

2222 5207 2329 5279 ius,
2363 5212 2429 5266 de
2460 5211 2782 5264 auctoritate
2826 5207 2984 5263 illius
3021 5212 3281 5264 certiores
3314 5224 3411 5263 nos
3454 5207 3599 5263 fecit.
3636 5208 3814 5276 Quam

2223 5286 2293 5338 ob
2348 5297 2568 5337 causam
2616 5280 2933 5351 elegantiori
2974 5296 3093 5337 eam
3137 5280 3524 5347 praeferendam
3558 5295 3623 5333 eo
3655 5290 3820 5349 pacto

2222 5354 2499 5420 duximus,
2531 5364 2585 5405 ut
2622 5352 3046 5407 commodiorem
3078 5353 3190 5407 suis
3220 5352 3351 5407 locis
3384 5366 3676 5420 suggerere
3707 5366 3816 5405 non

2222 5428 2475 5497 piguerit.
2518 5424 2665 5479 Illam
2697 5440 2761 5479 ex
2796 5422 3165 5497 Baluzii‘nova
3205 5424 3527 5497 collectione
3572 5436 3637 5476 ac
3668 5437 3817 5497 saepe

2225 5494 2515 5551 nominatis
2538 5507 2769 5565 quatuor
2819 5511 2950 5548 mss.
2993 5494 3314 5563 descriptam
3360 5494 3717 5548 exhibemus..
3759 5494 3843 5547 ln'

2228 5568 2312 5623 his
2342 5568 2605 5634 exemplar
2636 5568 3108 5636 epistolrzrscriptw
3136 5582 3165 5618 a
3205 5575 3387 5636 sancta
3417 5565 3615 5636 synodo
3642 5567 3819 5617 archi-

2227 5641 2463 5711 epismpo
2478 5634 2829 5711 Romanorum
2853 5634 3118 5711 leestino
3142 5634 3472 5711 inscribitur.
3494 5634 3817 5703 Hujusmudi

2225 5705 2551 5780 exemplaria
2582 5709 2764 5780 Latina
2797 5707 3013 5780 Labben
3054 5710 3227 5780 ignota
3263 5722 3369 5780 non
3402 5705 3641 5759 fuerunt.

2301 5783 2313 5833 i
2354 5776 2509 5852 A'pud
2534 5780 2669 5842 μαι).
2700 5778 2889 5837 Latine
2917 5776 3181 5837 Caelestino
3227 5778 3489 5847 episc0po,
3537 5787 3591 5833 et
3627 5776 3823 5836 firmet!
