3982 6182
179 290 273 350 513

787 289 1003 345 EPIST.
1048 286 1166 346 XX.
1211 288 1457 346 SYNODI
1496 289 1861 349 EPllESthE
1899 294 1992 349 AD
2038 290 2513 354 COELESTINUM
2556 294 2804 356 PAPAM.

3338 306 3448 366 θαι

179 417 223 464 et
244 406 373 463 circa
404 413 605 462 rectam
662 403 820 459 fidem
873 406 1172 461 Salvatoris
1219 406 1459 461 omnium
1504 416 1737 463 nostrum

1850 415 2086 486 περὶτῆς
2118 414 2267 488 ὀρθῆς
2297 416 2523 475 πίστεως
2564 424 2637 488 τῷ
2682 419 2884 473 πάντων
2924 422 3063 490 ἡμῶν
3106 427 3305 497 σωτῆρι
3337 430 3451 497 θεῷ

178 502 275 559 Deo
301 504 464 559 amica
494 502 579 556 vel
606 500 825 570 placens
852 500 1194 565 sollicitudo,
1226 500 1388 571 digna
1414 502 1560 555 omni
1584 501 1748 557 admi-

160 598 368 693 ratione
403 594 515 649 fuit.
547 593 660 648 Mos
700 602 782 647 est
812 594 957 647 enim
984 593 1136 647 vobis
1158 594 1231 648 ita
1261 594 1472 663 magnis
1500 596 1744 649 existen-

176 690 309 744 tibus
352 690 399 744 in
431 689 675 743 omnibus
709 687 845 741 bene
877 687 1121 756 probari,
1167 698 1220 741 et
1252 696 1277 723 α
1332 686 1513 741 omnia
1569 688 1747 743 studia

176 781 517 837 Ecclesiarum
553 790 731 834 vestra
769 777 983 847 propria
1023 776 1224 831 facere.
1258 778 1521 843 Quoniam
1566 788 1744 833 autem

159 846 445 941 1oportebat
474 871 654 925 omnia
679 869 746 924 ad
772 870 1054 924 scientiam
1087 878 1191 923 tua:
1221 871 1526 924 sanctitatis
1553 870 1745 926 referri

175 980 278 1033 quae
304 966 579 1021 subsecuta
610 973 756 1031 sunt,
786 963 1075 1019 scribimus
1120 965 1455 1029 necessario,
1497 966 1623 1035 quia
1658 979 1746 1020 sc-

174 1060 385 1115 cundum
448 1061 780 1116 voluntatem
841 1060 1085 1115 omnium
1146 1066 1392 1113 nostrum
1446 1059 1744 1115 Salvatoris

172 1149 378 1218 Christi,
401 1162 453 1207 et
479 1152 773 1207 secundum
807 1152 1023 1207 decreta
1060 1152 1425 1223 piissimorum
1456 1160 1510 1206 et
1532 1162 1742 1207 amato-

170 1257 277 1297 rum
329 1244 521 1299 Christi
582 1247 1013 1315 imperatorum,
1076 1247 1385 1314 congregati
1445 1259 1633 1299 sumus
1689 1246 1741 1300 in

171 1335 541 1403 Ephesinorum
567 1339 857 1407 metropoli
890 1354 954 1393 ex
986 1338 1170 1391 multis
1199 1346 1253 1391 et
1274 1337 1502 1392 diversis
1529 1339 1746 1407 provin-

169 1427 252 1481 ciis
283 1429 413 1483 ultra
450 1430 670 1485 ducenti
699 1431 1000 1485 existentes
1027 1445 1251 1484 numero
1285 1432 1545 1500 episcopi.
1586 1432 1743 1486 Dein-

167 1519 220 1573 de
249 1521 499 1590 piissimis
520 1523 765 1577 decretis
795 1532 1096 1576 amatorum
1128 1521 1323 1576 Christi
1352 1522 1741 1589 imperatorum

166 1625 246 1678 per
270 1629 387 1681 qua:
420 1614 604 1667 vocztti
641 1628 846 1679 sumus,
885 1623 1091 1683 tempus
1129 1612 1155 1651 ι)
1204 1613 1584 1667 deﬁnientibus
1631 1629 1744 1669 ses-

162 1702 281 1757 sioni
310 1712 516 1758 Sanctae
546 1705 736 1774 synodi
765 1704 904 1758 diem
936 1717 1134 1759 sanetze
1172 1705 1541 1771 Pentecostes,
1569 1706 1745 1760 omni-

1848 504 1959 577 φίλη
1986 525 2041 558 τε
2065 508 2151 559 καὶ
2188 508 2485 578 ἀρέσκουσα
2512 512 2737 581 φροντίς,
2766 511 2884 575 ἀξία
2910 515 3100 574 παντὸς
3125 515 3297 585 γέγονε
3323 515 3449 572 θαύ-

1849 616 2031 665 ματος.
2050 592 2198 657 ’Ἐθος
2218 600 2319 670 γὰρ
2351 599 2471 670 ὑμῖν
2508 608 2621 660 τοῖς
2651 600 2784 657 οὕτω
2805 604 3038 675 μεγάλοις
3069 603 3352 675 εὐδοκιμεῖν
3376 609 3451 671 εἰς

1850 687 2073 753 ἅπαντα,
2102 688 2314 765 ἕρεισμά
2342 713 2397 745 τε
2420 700 2521 747 τῶν
2542 694 2815 752 ἐκκλησιῶν
2844 698 2938 758 τάς
2964 697 3161 752 ἑαυτῶν
3184 703 3449 761 ποιεῖσθαι

1850 779 2103 841 σπουδάς.
2134 782 2336 843 Ἐπειδὴ
2366 782 2421 838 δὲ
2462 787 2628 862 ἐχρῆν
2674 785 2880 843 ἅπαντα
2910 791 2980 849 εἰς
3012 797 3200 860 ’γνῶσιν
3234 801 3325 853 τῆς
3352 803 3449 855 σῆς

1849 868 2117 931 ὁσιότητος
2146 875 2476 946 ἀνενεχθῆναι
2503 878 2571 931 τά
2608 879 3158 953 παρακολουθήσαντα,
3191 885 3447 957 γράφομεν
3534 954 3537 955 ν

1847 964 2159 1035 ἀναγκαίως,
2194 964 2271 1021 ὅτι
2298 969 2427 1023 κατὰ
2454 968 2696 1041 βούλησιν
2732 979 2835 1026 τῶν
2876 974 3079 1029 πάντων
3109 976 3249 1046 ἡμῶν
3278 985 3449 1036 σωτῆ·

1846 1079 1937 1133 ρος·
1964 1068 2211 1135 Χριστοῦ,
2244 1066 2327 1117 καὶ
2355 1066 2484 1120 κατά
2523 1064 2793 1137 θέσπισμα
2821 1073 2922 1121 τῶν
2951 1068 3334 1123 εὐσεϐεστάτων
3364 1072 3448 1125 καί

1847 1150 2191 1226 φιλοχρίστων
2232 1155 2484 1225 βασιλέων
2526 1158 2861 1229 συνήχθημεν
2902 1156 2955 1211 ἐν
2992 1166 3055 1234 τῇ
3083 1158 3316 1231 Ἐφεσίων
3343 1182 3446 1231 μη·

1847 1243 2077 1317 τροπόλει
2105 1246 2158 1298 ἐκ
2186 1246 2379 1300 πολλῶν
2431 1250 2516 1301 καί
2560 1246 2808 1324 διαφόρων
2838 1250 3129 1325 ἐπαρχιῶν,
3161 1252 3294 1327 ὑπὲρ
3323 1254 3447 1313 τούς

1847 1328 2136 1396 διακοσίους
2167 1332 2308 1397 ὄντες
2336 1339 2423 1394 τὸν
2453 1340 2663 1413 ἀριθμὸν
2694 1341 2980 1396 ἐπίσκοποι.
3014 1337 3137 1396 Εἶτα
3165 1350 3264 1397 τῶν
3294 1344 3444 1398 εὐσε-

1850 1427 1949 1480 ϐῶν
1990 1430 2354 1502 θεσπισμάτων
2404 1440 2504 1488 τῶν
2552 1435 2902 1511 φιλοχριστῶν
2951 1434 3220 1508 βασιλέων,
3267 1434 3331 1490 δι’
3375 1432 3444 1489 ὧν

1849 1519 2143 1592 κεκλήμεθα,
2197 1526 2369 1599 καιρόν
2409 1525 2673 1601 όριζόντων
2721 1535 2793 1598 τῷ
2843 1526 3090 1601 συνεδρίῳ
3145 1536 3237 1587 τῆς
3291 1526 3443 1597 ἁγίας

1851 1612 2066 1667 συνόδου
2096 1620 2185 1673 την
2214 1618 2401 1689 ἡμέραν
2430 1626 2522 1678 τῆς
2551 1618 2699 1689 ἁγίας
2718 1628 3088 1681 πεντηκοστῆς.
3122 1618 3358 1675 ἁπάντων
3388 1618 3445 1676 δέ

1848 1704 2351 1781 συνδεδραμηκότων,
2400 1711 2626 1780 μάλιστα
2669 1709 2751 1765 διά
2792 1714 2851 1765 τό
2898 1714 3155 1786 ἐγκεῖσθαι
3194 1721 3316 1774 ταῖς
3342 1721 3443 1768 τῶν

160 1795 247 1850 bus
278 1800 754 1865 concurrentibus,
806 1800 1037 1854 maxime
1081 1800 1203 1869 quia
1252 1801 1629 1854 continebatur
1681 1800 1735 1854 in

1847 1797 2087 1868 βασιλέων
2118 1802 2425 1867 συλλαϐαῖς,
2460 1806 2527 1863 ὡς
2576 1806 2619 1856 εί
2646 1808 2715 1874 μή
2743 1826 2823 1863 τις
2854 1808 3158 1865 ἀπαντήσειε
3190 1809 3322 1863 κατά
3349 1813 3441 1868 τήν

157 1887 343 1943 litteris
376 1892 755 1960 imperatorum
804 1904 860 1946 ut
909 1894 952 1947 si
990 1908 1097 1948 non
1153 1894 1349 1963 aliquis
1391 1894 1734 1961 occurrisset,

162 1992 177 2019 ο
194 1983 854 2056 postdeﬁnitasjnducias,
872 2001 977 2041 non
998 1987 1137 2040 bona
1156 1987 1486 2041 conscientia
1502 1988 1735 2054 abesset,

157 2082 372 2131 etesset
412 2077 794 2131 inexcusabilis
852 2088 956 2131 tam
1011 2078 1152 2147 apud
1205 2078 1371 2132 Deum
1404 2094 1565 2148 quam
1596 2078 1738 2149 apud

156 2168 407 2237 homines,
443 2170 615 2225 defuit
654 2171 1130 2227 reverentissimus
1173 2172 1413 2226 Joannes
1443 2173 1738 2228 Antioche-

154 2276 331 2317 uorum
363 2265 675 2335 episCOpus,
708 2280 813 2319 non
847 2266 1003 2335 quasi
1041 2266 1317 2319 voluntate
1355 2266 1608 2335 simplici,
1642 2268 1737 2323 sed

155 2369 311 2425 neque
339 2357 519 2426 Spatio
543 2357 753 2413 itineris
777 2359 1223 2429 impedimentum
1248 2359 1496 2427 faciente,
1522 2360 1617 2415 sed
1650 2375 1738 2415 oc-

154 2452 344 2507 cultans
374 2462 561 2508 mente
578 2453 867 2507 consilium
892 2455 1346 2524 etcogitationem
1365 2455 1737 2510 dissertantem

154 2559 175 2595 a
205 2544 329 2611 Deo,
359 2561 525 2615 quam
559 2560 666 2600 non
694 2545 853 2615 longo
882 2556 1003 2615 post
1036 2556 1277 2615 tempore
1309 2551 1524 2603 veniens
1558 2548 1735 2617 Ephe-

153 2651 255 2692 sum
289 2638 709 2695 demonstravit.
745 2640 1055 2694 Distulimns
1099 2642 1262 2710 igitur
1294 2642 1582 2697 enncilium
1618 2652 1738 2711 post

154 2728 420 2786 deﬁnitum
459 2731 605 2786 diem
652 2740 853 2786 sanctae
885 2731 1231 2788 Pentecostes
1261 2733 1419 2788 toties
1468 2732 1653 2787 decem
1685 2744 1740 2787 et

152 2835 234 2875 sex
275 2824 499 2889 diebus,
548 2840 671 2881 cum
716 2826 863 2879 multi
908 2837 1014 2880 tam
1043 2827 1306 2896 episc0pi,
1339 2841 1498 2896 quam
1529 2826 1734 2894 clerici,

150 2924 194 2968 et
222 2918 545 2987 aegritudine
573 2919 975 2987 comprehensi,
1007 2929 1062 2973 et
1105 2919 1289 2973 afﬂicti
1323 2928 1507 2973 essent
1533 2920 1586 2971 in
1639 2934 1739 2972 ex-

150 3008 338 3075 pensis,
372 3010 637 3079 aliquanti
672 3025 800 3065 vero
828 3020 883 3064 et
904 3011 970 3065 de
995 3011 1102 3063 vita
1131 3010 1481 3079 migrassent:
1516 3019 1569 3063 et
1595 3018 1734 3074 erat,

148 3100 269 3155 sicut
300 3104 569 3172 perspicit
609 3113 698 3157 tua
752 3105 1030 3169 sanctitas,
1088 3102 1277 3170 injuria
1336 3102 1504 3169 magis
1550 3110 1738 3155 contra

1844 1892 2124 1964 ὡρισμένην
2161 1896 2499 1968 προθεσμίαν.
2536 1897 2623 1949 οὐκ
2652 1898 2824 1969 ἀγαθῷ
2864 1897 3119 1955 συνειδότι
3147 1901 3441 1973 ἀπολιμπά-

1842 2004 1997 2050 νεται,
2032 1990 2118 2039 καὶ
2148 1984 2286 2040 ἔστιν
2327 1987 2703 2061 ἀναπολόγητος
2732 1990 2877 2063 παρά
2905 2010 2960 2044 τε
2999 1999 3110 2065 Θεῷ
3138 1997 3221 2048 καί
3250 1996 3441 2067 ἀνθρὼ-

1842 2098 1979 2137 ποις,
2033 2079 2325 2153 ὑστέρησεν
2357 2082 2384 2133 ὀ
2423 2082 2800 2142 εὐλαϐέστατος
2840 2084 3070 2143 Ἰωάννης
3113 2084 3139 2139 ὁ
3193 2095 3283 2147 τῆς
3331 2086 3438 2141 Ἀν-

1840 2172 2061 2241 τιοχέων
2102 2174 2397 2234 ἐπίσκοπος·
2448 2176 2553 2245 οὐχ
2599 2177 2667 2234 ὡς
2710 2176 2813 2230 ἀπὸ
2856 2178 3056 2250 γνώμης
3095 2176 3281 2247 ἁπλῆς,
3332 2180 3439 2233 ἀλλ’

1842 2260 1958 2315 οὐδέ
1989 2271 2076 2317 τοῦ
2106 2262 2459 2336 διαστήματος
2494 2273 2584 2321 τοῦ
2616 2269 2746 2321 κατὰ
2772 2272 2861 2325 τήν
2882 2265 3173 2343 ὁδοιπορίαν
3204 2267 3440 2341 ἐμποδὼν

1843 2358 2131 2425 γενομένου²
2167 2357 2288 2410 ἀλλὰ
2332 2359 2577 2432 κρύπτων
2618 2360 2710 2428 μὲν
2739 2358 2928 2428 βουλήν
2957 2357 3044 2419 ἐἰς
3084 2366 3200 2413 νοῦν
3252 2380 3308 2415 τε
3358 2364 3442 2416 καί

1841 2446 2021 2516 σκέψιν
2050 2447 2352 2523 ἀπᾴδουσαν
2381 2456 2454 2522 τῷ
2498 2456 2630 2520 Θεῷ,
2688 2451 2746 2508 ἣν
2798 2451 2886 2503 οὐκ
2926 2452 2996 2512 εἰς
3046 2454 3248 2524 μακράν
3286 2453 3439 2508 ἐλθὼν

1840 2536 2024 2604 ἔδειξεν
2054 2542 2102 2593 ἐν
2130 2550 2191 2617 τῇ
2220 2543 2480 2614 Ἐφεσίων.
2512 2541 2875 2618 ’Υπερεθέμεθα
2894 2550 3061 2599 τοίνυν
3089 2547 3144 2600 τὸ
3174 2545 3439 2623 συνέδριον

1841 2635 1970 2703 μετά
2000 2639 2088 2692 τήν
2119 2634 2413 2711 ὁρισθεῖσαν
2443 2636 2636 2711 ἡμέραν
2680 2642 2769 2695 τῆς
2807 2636 2956 2707 ἁγίας
2986 2649 3334 2700 πεντηκοστῆς
3364 2641 3437 2712 ἐφ’

1844 2724 1986 2786 ὅλαις
2018 2726 2133 2781 δίκα
2163 2731 2246 2782 καὶ
2289 2726 2340 2791 ἒξ
2380 2729 2615 2799 ἡμέραις·
2668 2731 2747 2782 καί
2782 2750 2861 2783 τοι
2906 2731 3102 2784 πολλῶν
3144 2733 3439 2787 ἐπισκόπων

1840 2842 1893 2875 τε
1926 2824 2008 2873 καὶ
2036 2821 2278 2895 κληρικῶν
2306 2826 2389 2876 καί
2426 2822 2558 2891 νόσῳ
2589 2824 2964 2893 πεπιεσμένων,
2998 2826 3081 2877 καί
3108 2825 3437 2894 τεθλιμμένων

1841 2914 1913 2970 εἰς
1940 2912 2003 2965 τά
2033 2910 2393 2984 δαπανήματα,
2423 2915 2561 2966 ἐνίων
2593 2910 2645 2965 δέ
2676 2916 2763 2966 καὶ
2791 2912 3163 2975 ἐξοδευσάντων
3182 2920 3272 2967 τοῦ
3295 2914 3433 2984 βίου’

1840 3008 1924 3057 καί
1953 3002 2030 3061 ἡν,
2067 3008 2135 3064 ὡς
2175 3005 2272 3079 ὁρᾷ
2323 3007 2352 3062 ἡ
2400 3011 2467 3063 σὴ
2507 3004 2735 3064 ὁσιότης,
2772 3004 2922 3078 ὕϐρις
2951 3005 3138 3074 μᾶλλον
3175 3010 3307 3062 κατά
3345 3014 3437 3068 τῆς

1843 3094 1991 3165 άγίας
2039 3094 2252 3149 συνόδου
2306 3097 2364 3148 τό
2415 3093 2675 3168 δρώμενον.
2727 3096 2964 3167 Τοσάυτῃ
3018 3096 3119 3166 γάρ
3166 3095 3437 3169 ὑπερθέσει

148 3205 381 3249 sanctam
414 3195 679 3261 synodum
710 3194 851 3261 quod
896 3195 1173 3263 agebatur.
1206 3194 1379 3247 Tanta
1424 3193 1569 3246 enim
1598 3193 1734 3246 dila-

1847 3182 2144 3258 δυστρόπως
2173 3185 2461 3261 ἐχρήσατο,
2492 3188 2576 3241 καί
2603 3208 2682 3241 τοι
2710 3188 3009 3259 φθασάντων
3047 3188 3196 3243 αὐτὸν
3242 3196 3342 3244 τῶν
3382 3193 3437 3245 ὲκ

149 3285 282 3339 tione
311 3297 577 3353 perverse
614 3298 741 3337 usus
764 3292 869 3351 est,
903 3299 1023 3337 cum
1052 3286 1234 3354 utique
1257 3300 1378 3339 eum
1425 3285 1737 3354 praecessis-

146 3387 250 3431 tent
286 3373 455 3430 multi
488 3389 553 3428 ex
584 3374 918 3444 longioribus
947 3376 1155 3444 spatiis.
1210 3376 1584 3432 Verumtamen
1617 3385 1738 3447 post

148 3468 274 3526 diem
304 3478 529 3526 sextum
559 3470 823 3525 decimum
871 3479 1267 3540 praecesserunt
1303 3473 1518 3542 quidam
1552 3490 1615 3528 ex
1670 3474 1734 3528 iis

151 3565 227 3631 qui
256 3578 381 3619 cum
414 3577 481 3617 eo
502 3563 936 3632 erantepiscopi,
966 3565 1320 3633 metropolitze
1347 3566 1473 3629 duo,
1503 3565 1737 3619 Alexan-

160 3652 244 3707 der
274 3642 553 3724 Apameae:
587 3664 641 3709 et
670 3653 808 3708 alter
834 3655 1145 3709 Alexander
1168 3656 1536 3725 llierapoleos.
1572 3658 1727 3711 Dein-

159 3744 215 3800 de
247 3748 401 3801 nobis
431 3747 804 3802 incusantibus
834 3747 1097 3802 adventus
1141 3750 1444 3804 tarditatem
1486 3766 1738 3805 reveren-

164 3838 336 3894 ιὶεδίηιί
364 3840 610 3910 episc0pi
636 3840 863 3896 Joannis
886 3840 1137 3896 dixerunt
1168 3858 1272 3897 non
1300 3843 1489 3907 semel,
1520 3843 1619 3898 sed
1644 3858 1739 3897 sa:-

166 3931 284 3998 pius,
316 3932 455 3999 Quia
476 3932 820 3988 demandavit
850 3934 1007 3988 nobis
1030 3934 1280 3990 nuntiare
1304 3936 1616 3991 reverentiae
1644 3951 1738 3990 ve—

167 4031 290 4089 sine,
315 4026 459 4095 quod
490 4028 536 4080 si
596 4028 881 4098 contigerit
933 4042 1055 4082 eum
1110 4027 1287 4083 adhuc
1341 4029 1565 4097 morari,
1627 4043 1735 4083 non

167 4115 341 4175 differri
364 4121 655 4193 synodum,
698 4125 793 4177 sed
827 4126 1001 4179 facere
1027 4139 1148 4193 quae
1179 4134 1445 4195 oporteat.
1476 4124 1565 4178 His
1594 4139 1733 4177 nun-

169 4206 306 4279 tiatis,
334 4212 359 4251 ιι
389 4228 442 4270 et
475 4214 768 4271 manifesto
797 4217 940 4271 facto
977 4225 1083 4269 tam
1136 4230 1203 4270 ex
1257 4215 1529 4281 tarditate,
1573 4230 1734 4285 quam

169 4303 221 4357 ab
247 4306 321 4363 his
348 4326 469 4381 quae
511 4311 579 4365 ab
606 4325 671 4365 eo
700 4315 941 4365 nuntiata
972 4319 1118 4375 sunt,
1151 4311 1275 4379 quia
1317 4317 1531 4365 recusat
1554 4310 1737 4364 conci-

1842 3280 2166 3352 μακροτέρων
2196 3276 2768 3352 διαστημάτων.⁷ομως
2796 3280 2905 3351 μεθ’
2929 3281 3121 3353 ἡμέραν
3150 3280 3437 3340 ἑκκαιδεκά-

1840 3396 1932 3432 την
1960 3373 2284 3449 προέδραμόν
2311 3396 2440 3434 τινες
2468 3382 2568 3429 τῶν
2597 3377 2691 3429 σὺν
2734 3376 2870 3445 αὐτῷ
2899 3374 3210 3442 ἐπισκόπων,
3241 3398 3436 3457 μητρο-

1842 3468 2046 3523 πολῖται
2077 3465 2189 3534 δύο,
2224 3465 2547 3542 Ἀλέξανδρος
2576 3468 2872 3539 ’Δπαμείας,
2906 3470 2989 3522 καί
3016 3468 3191 3541 ἕτερος
3214 3468 3437 3536 Ἀλέξαν-

1842 3558 1962 3635 δρος
1987 3559 2331 3632 ’1εραπόλεως.
2363 3555 2485 3614 Εἶτα
2520 3562 2659 3631 ἡμῶν
2690 3561 2996 3631 αἰτιωμένων
3024 3561 3079 3615 τό
3112 3566 3202 3624 τὴς
3227 3563 3437 3635 ἀφίξεως

1840 3652 2030 3729 βράδος
2070 3660 2160 3708 τοῦ
2209 3654 2581 3708 εὐλαϐεστάτου
2623 3656 2905 3710 ἐπισκόπου
2936 3652 3186 3721 Ἰωάννου,
3237 3653 3437 3729 ἔφασαν

1843 3748 1947 3816 οὐχ
1979 3744 2119 3810 ἅπαξ
2130 3786 2139 3805 ,
2174 3746 2299 3799 άλλά
2339 3746 2655 3809 πλειστάκις,
2696 3744 2775 3800 ὅτι
2816 3747 3092 3801 ἐνετείλατο
3123 3751 3238 3819 ἡμῖν
3262 3750 3437 3823 άπα7⁸

1843 3840 2010 3911 ’γιῐλαι
2038 3847 2100 3914 τῇ
2131 3841 2386 3914 θεοσεϐείᾳ
2415 3840 2575 3911 ὑμῶν,
2611 3841 2742 3893 ὥστε
2783 3843 2828 3893 εἰ
2854 3842 3049 3911 ’γένοιτο
3077 3843 3224 3895 αὐτὸν
3251 3849 3333 3898 καὶ
3358 3845 3436 3902 ἔτι

1843 3932 2126 4007 βραδῦναι,
2174 3938 2242 3999 μὴ
2288 3933 2597 4007 ὑπερθέσθαι
2641 3937 2730 3990 τήν
2782 3929 3023 3995 σύνοδον,
3079 3935 3339 3989 ποιεῖσθαι
3381 3934 3436 3991 δέ

1844 4028 2031 4099 μᾶλλον
2062 4026 2094 4081 ἃ
2138 4025 2235 4081 δεῖ.
2282 4034 2469 4082 Τοῦτον
2504 4025 2949 4099 ἀπαγγελθέντων,
2984 4026 3067 4079 καί
3107 4034 3323 4103 φανεροῦ
3350 4049 3436 4099 γε·

1842 4122 2048 4193 γονότος
2072 4121 2175 4176 ἀπό
2204 4142 2257 4176 τε
2290 4126 2381 4174 τοῦ
2417 4119 2644 4195 βράδους
2675 4122 2757 4174 καὶ
2792 4122 2845 4174 ἐκ
2874 4124 2973 4174 τῶν
2998 4117 3120 4195 παρ’
3149 4120 3311 4174 αὐτοῦ
3337 4124 3437 4191 an;

1842 4215 2107 4279 νυθέντων,
2144 4210 2220 4267 ὅτι
2250 4220 2579 4289 παραιτεῖται
2615 4212 2672 4268 τό
2703 4209 2976 4280 συνέδριον,
3009 4210 3040 4270 ἢ
3068 4219 3129 4287 τῇ
3156 4216 3437 4287 Νεστορίου

1844 4305 1978 4379 φιλίᾳ
2019 4306 2381 4379 χαριζόμενος,
2423 4303 2453 4363 ἡ
2500 4308 2585 4358 καὶ
2613 4302 2691 4360 ὄτι
2730 4305 2962 4379 κληρικός
3003 4305 3169 4377 ’γέγονε
3212 4312 3303 4365 τῆς
3344 4304 3435 4360 ὑπ’

171 4391 295 4469 lium,
324 4405 432 4460 sive
462 4403 718 4459 amicitiae
747 4403 982 4458 Nestorii
1042 4412 1064 4439 ε
1093 4412 1381 4472 praestans,
1440 4406 1554 4456 sive
1606 4403 1729 4469 quia

1847 4400 1989 4453 κύτὸν
2028 4398 2316 4461 ἐκκλησίας,
2358 4396 2387 4455 ἡ
2431 4398 2515 4451 καί
2556 4404 2673 4455 ταῖς
2720 4418 2866 4451 τινων
2906 4396 3039 4471 ὑπὲρ
3070 4397 3230 4451 αὐτοῦ
3259 4418 3432 4473 παρα-

172 4488 367 4550 clericus
416 4496 597 4551 fuerat
646 4495 746 4550 sub
800 4509 858 4550 se
903 4495 1207 4549 constitutae
1261 4494 1561 4560 Ecclesiae,
1617 4493 1730 4547 sive

173 4590 495 4649 quorumdam
545 4604 641 4658 pro
696 4604 761 4644 eo
816 4588 1168 4658 petitionibus
1198 4588 1454 4655 cedens,
1488 4586 1733 4641 consedit

172 4688 324 4735 sancta
351 4681 592 4753 synodus
614 4681 814 4753 Ephesi
844 4682 896 4737 in
926 4680 1131 4750 majore
1162 4680 1409 4748 ecclesia,
1436 4694 1552 4749 quae
1576 4692 1733 4733 voca-

176 4773 242 4821 tur
265 4772 434 4829 Maria.

177 4926 713 5003 ιελεστίνῳὶπισκόπῳ,
748 4929 834 4984 hic
861 4927 1142 5003 repetitur.
1170 4929 1274 5003 Sed
1289 4930 1418 5003 haec
1433 4924 1540 4981 duo
1566 4926 1730 5003 verba

176 5008 261 5049 non
286 4998 433 5055 modo
455 5004 509 5055 in
536 4998 742 5055 Latinis
773 5001 1039 5063 mss.,sed
1063 5014 1163 5055 nec
1191 5000 1245 5052 in
1271 4999 1478 5053 duobus
1508 4998 1731 5052 vetustis

179 5069 311 5138 regia:
351 5073 692 5127 bibliotheca:
740 5071 944 5126 Graecis
989 5070 1389 5138 exemplaribus
1442 5069 1729 5123 habentur.

179 5136 324 5199 Quare
348 5158 448 5197 non
472 5143 761 5213 legendum
788 5152 927 5206 erat,
949 5136 1195 5214 ’Avattpopa
1219 5149 1293 5215 τῷ
1313 5141 1609 5215 -άγιωτάτῳ,
1636 5140 1732 5194 sed

180 5215 841 5290 I'ptllata_interpunctione_,
889 5213 1165 5290 ’Δνοιφορᾴι.Δ
1190 5213 1273 5290 Τῷ
1303 5213 1594 5290 ἁγιωτάτῳ,
1622 5221 1728 5265 etc.

179 5276 305 5354 Quod
328 5276 723 5340 observandum
755 5276 873 5351 fuit,
901 5276 1025 5354 quia'
1052 5276 1281 5339 s'ubind'e
1318 5276 1561 5337 nonnulli
1584 5276 1733 5352 pon-

184 5348 325 5407 lilices
364 5356 610 5423 Romani,
644 5373 705 5411 ac
732 5348 1044 5411 nominatim
1071 5356 1327 5410 Nicolaus
1363 5355 1380 5408 Ι
1411 5358 1460 5408 iu
1491 5348 1734 5423 epistolis

182 5433 279 5497 cum
300 5426 357 5480 ad
380 5426 721 5483 Salomonem
758 5428 1043 5481 Britannice
1071 5443 1275 5497 regem,
1307 5436 1417 5480 tum
1463 5427 1528 5480 ad
1558 5425 1734 5481 Festi-

184 5492 363 5570 ttianum
386 5499 669 5554 Dolensem
702 5500 1012 5568 episcopum
1042 5492 1187 5553 anno
1210 5492 1340 5565 866,
1372 5498 1495 5552 Maii
1516 5499 1585 5553 26
1616 5497 1726 5563 die,

184 5559 311 5637 dalis,
337 5571 631 5638 apostolico
658 5559 859 5624 nomini
889 5559 1240 5625 scribentium
1270 5559 1487 5625 nomina
1512 5559 1736 5639 antepo¥

185 5640 262 5712 Sila
287 5651 396 5712 esse
417 5642 697 5712 conquesti
719 5649 871 5712 sunt.

243 5711 264 5740 ⁸
292 5709 367 5783 Ad
389 5709 618 5768 litteram
655 5730 667 5765 :
695 5711 764 5766 Et
786 5714 1164 5783 ﬁrmamentum
1185 5714 1537 5769 Ecclesiarum
1560 5712 1734 5766 studia

187 5783 322 5831 tum
348 5779 524 5849 facere,
556 5798 653 5842 seu
678 5785 771 5842 hoc
786 5779 934 5840 'vobis
951 5786 1120 5841 studio
1150 5802 1278 5852 csse,
1308 5796 1361 5841 ut
1388 5786 1632 5841 Ecclesia:
1653 5784 1731 5852 (in

1840 4491 2074 4548 κλήσεσιν
2125 4486 2301 4553 εἴκων,
2352 4487 2698 4562 συνήδρευσεν
2753 4490 2785 4545 ἡ
2830 4487 2955 4561 άσγία
3007 4486 3222 4548 σύνοδος
3269 4489 3318 4541 ἐν
3370 4495 3436 4565 τῇ

1840 4580 2031 4653 μεγάλῃ
2088 4588 2149 4653 τῇ
2203 4580 2331 4636 κατά
2376 4584 2466 4637 τὴν
2518 4578 2721 4649 ἐφεσον
2756 4574 3027 4654 Ἐκκλησία
3052 4619 3066 4647 ,
3118 4586 3180 4655 τῇ
3231 4580 3434 4638 ἐπίκλην

1841 4676 2027 4749 Μαρία-

1838 4922 1967 4995 ﬁde)
1997 4923 2287 4993 ﬁrmentur.

1909 4995 1936 5033 δ
1985 4997 2179 5049 Navar.
2213 5009 2339 5061 ms.,
2391 4994 2682 5065 deﬁnitivis.
2728 4995 2914 5051 Codex
2953 4998 3123 5052 sancti
3153 4998 3364 5055 Martini
3390 5014 3422 5059 a

1838 5066 2075 5135 Campis,
2120 5066 2457 5134 deﬁnitivum.
2501 5067 2719 5131 Baluz.,
2768 5068 3075 5137 deﬁnitivus.
3120 5069 3193 5125 Ex
3236 5071 3428 5130 Graeco

1837 5138 2059 5208 planum
2090 5150 2175 5191 est
2201 5138 2593 5192 restituendum
2649 5153 2767 5193 esse
2812 5139 3194 5205 deﬁnientibus.
3223 5142 3424 5197 Decre-

1842 5222 1952 5281 tum
1982 5225 2076 5263 seu
2101 5225 2250 5281 sacra
2281 5224 2382 5279 qua
2412 5208 2464 5281 id
2498 5209 2755 5281 definitur
2788 5220 3007 5265 exstatt
3041 5220 3177 5281 part.
3212 5214 3418 5267 Concil.

1840 5280 2041 5352 Ephes.
2073 5296 2120 5332 (ξ.
2150 5277 2238 5345 5'2,
2270 5277 2390 5350 pag.
2420 5278 2549 5334 457.

1917 5364 1938 5391 ο
1988 5351 2095 5405 Seu
2122 5352 2191 5404 ad
2220 5361 2418 5419 tempus
2444 5350 2796 5405 constitutum.

1912 5421 1936 5457 ά
1978 5422 2187 5477 Clarius
2218 5440 2228 5475 ε
2263 5422 2390 5475 Cum
2420 5423 2748 5491 manifestum
2773 5422 2950 5492 fuisse!
2976 5430 3082 5477 tum
3109 5440 3171 5478 ea:
3195 5422 3293 5477 hac
3318 5435 3423 5477 tar-

1843 5494 2003 5548 ditate
2033 5492 2374 5564 (alTeCIata),
2406 5501 2513 5546 tum
2544 5510 2607 5547 ex
2634 5494 2696 5546 iis
2723 5509 2856 5563 quae.

1915 5576 1938 5602 θ
1980 5563 2047 5622 In
2082 5580 2179 5617 ms.
2225 5564 2454 5636 Bellov..
2499 5569 2860 5636 commodatis,
2904 5563 3041 5621 forte
3085 5581 3183 5636 pro
3233 5581 3416 5619 conce-

1843 5637 2003 5696 dens,
2046 5636 2334 5708 subaudito
2370 5635 2468 5701 id;
2513 5634 2616 5708 ltoc
2656 5643 2741 5690 est
2773 5634 2913 5708 :“Ita
2949 5653 3002 5690 se
3040 5634 3221 5708 gerens
3251 5652 3337 5708 seu
3369 5637 3423 5691 in

1842 5709 2062 5778 gratiam
2092 5707 2331 5760 amicitia:
2358 5722 2475 5777 qua:
2503 5707 2741 5778 ipsicum
2768 5706 3015 5762 Nestorio
3042 5705 3382 5763 intercedebat
3405 5746 3422 5772 ,

1842 5776 1929 5835 seu
1972 5780 2094 5849 quia
2130 5777 2349 5834 clericus
2374 5776 2565 5847 fuerat
2596 5776 2845 5836 Ecclesia:
2891 5780 3246 5840 Antiochense
3266 5819 3283 5847 ,
3310 5787 3423 5837 etc.

3495 598 3525 828 ἐ
