3982 6182
490 251 597 316 Sis

489 458 633 514 solus
672 449 892 512 deesset
931 453 1166 509 concilio
1209 445 1520 516 Nestorius,
1569 450 1909 505 commonuit
1955 463 2079 506 eum

489 559 678 607 sancta
711 543 951 620 synodus
977 544 1238 600 canonice
1268 559 1364 614 per
1396 543 1681 613 episcopos
1713 544 1882 612 prima
1914 550 1968 598 et
1998 557 2082 598 se-

491 637 666 700 cunda
698 650 754 697 et
785 640 942 695 tertia
975 639 1282 694 vocatione.
1315 635 1410 691 llle
1440 645 1620 690 autem
1665 635 1926 690 militibus
1972 631 2082 688 cir-

491 734 842 793 cumcludens
881 749 1030 790 suam
1075 729 1334 797 domum,
1377 731 1649 802 superbiit
1691 738 1880 786 contra
1909 729 2087 786 eccle-

493 831 744 888 siasticas
783 829 934 901 leges
955 869 971 895 ,
1007 838 1033 865 ι
1064 843 1165 884 nec
1200 842 1386 896 passus
1415 836 1501 881 est
1531 826 1884 897 semetipsum
1913 824 2088 880 mani-

495 921 693 980 festum
725 923 1091 988 constituere,
1126 935 1229 976 nec
1260 919 1576 975 Satislacere
1621 918 1690 975 de
1735 919 1934 989 iniquis
1975 917 2089 973 suis

496 1011 872 1085 blasphemiis.
928 1011 1122 1068 Postea
1159 1011 1185 1049 δ
1228 1000 1447 1066 reiecta:
1501 1018 1628 1065 sunt
1684 1011 1912 1075 litterae,
1967 1023 2090 1080 qua:

495 1109 710 1178 scripta.-
760 1114 888 1162 sunt
926 1106 991 1160 ad
1035 1121 1157 1160 eum
1202 1120 1232 1158 a
1276 1104 1622 1158 sanctissimo
1663 1111 1719 1158 et
1761 1103 2090 1159 reverentis-

496 1197 636 1253 simo
667 1199 924 1268 episcopo
952 1191 1338 1251 Alexandrina:
1381 1195 1640 1249 Ecclesiae
1681 1194 1924 1266 Cyrillo,
1957 1207 2092 1264 quas

497 1299 552 1348 et
581 1290 828 1362 probavit
861 1297 1008 1345 recte
1042 1287 1244 1342 habere
1276 1297 1331 1341 et
1362 1286 1928 1358 irreprehensibiliter
1969 1301 2093 1339 san-

497 1392 583 1440 cta
612 1380 852 1455 synodus
874 1421 890 1448 ,
924 1389 978 1436 et
1008 1378 1156 1434 nullo
1188 1377 1350 1432 modo
1380 1369 1666 1432 dissonare
1695 1386 1789 1432 aut
1830 1393 1861 1431 a
1902 1375 2094 1431 divini-

501 1483 588 1530 tus
619 1475 897 1545 inspiratis
939 1471 1234 1541 Scripturis
1255 1513 1270 1536 ,
1303 1481 1390 1524 aut
1421 1469 1584 1526 etiam
1617 1487 1646 1524 a
1681 1471 1874 1524 tradita
1906 1480 1961 1524 et
2001 1487 2095 1524 ex-

502 1567 675 1637 posita
710 1565 816 1620 ﬁde
848 1567 899 1620 in
931 1579 1122 1633 magna
1152 1563 1362 1634 synodo
1393 1575 1702 1618 sanctorum
1737 1562 1976 1627 Patrum,
2004 1561 2094 1632 qui

501 1661 556 1716 in
611 1659 787 1715 Nicaea
839 1674 932 1729 per
983 1668 1224 1728 tempora
1273 1667 1684 1722 convenerunt,
1729 1656 1871 1711 sicut
1911 1665 1964 1711 et
2004 1663 2094 1709 tua

1257 245 1317 306 S.
1355 241 1750 304 C(ELESTINI
1791 245 1809 300 l
1851 243 2054 302 ΡΑΡΔΞ.
2095 242 2450 304 EPISTOLIE
2493 247 2577 302 ET
2620 243 2952 305 DECRETA.

556 368 613 421 2.
641 363 778 419 Cum
817 367 997 418 autem
1033 356 1286 414 omnibus
1327 357 1583 412 alacriter
1626 356 2078 412 convenientibus
2107 363 2154 421 Α

3669 231 3784 298 516

2253 358 2450 418 Ἐπειδὴ
2482 358 2534 413 δέ
2565 364 2760 414 πάντων
2796 359 3066 434 προθύμως
3111 352 3601 431 συνδεδραμηκότων
3628 353 3781 425 μόνος

2185 452 2562 522 ἀπελιμπάνετο
2604 457 2693 506 τοῦ
2741 448 3006 524 συνεδρίου
3048 448 3362 522 Νεστόριος,
3403 447 3698 515 ὑπέμνησεν
3746 446 3782 506 ἡ

2185 545 2310 617 ἁγία
2351 542 2564 604 σύνοδος
2606 551 2870 601 κανονικὼς
2909 542 3063 596 αὐτόν
3090 537 3150 594 δι’
3170 537 3467 594 ἐπισκόπων
3494 540 3673 613 πρώτῃ
3697 540 3783 594 καί

2187 637 2401 713 δευτέρᾳ
2431 641 2513 692 καὶ
2543 639 2689 712 τρίτῃ
2717 637 2909 695 κλήσει.
2957 633 3016 688 Ὀ
3045 633 3098 689 δὲ
3131 635 3476 709 στρατιώταις
3506 633 3780 708 ἐπιφράξας

2189 739 2278 791 τήν
2319 732 2502 786 ἑαυτοῦ
2552 732 2737 794 οἰκίαν,
2785 730 3031 785 ἀπενοήθη
3069 729 3200 780 κατὰ
3236 733 3334 780 τῶν
3377 734 3466 786 τῆς
3492 723 3786 784 Ἐκκλησίας

2189 823 2421 892 θεσμῶν,
2457 824 2540 875 καὶ
2568 821 2652 874 οὐκ
2683 821 2931 890 ἠνέσχετο
2979 819 3157 872 ἑαυτὸν
3197 819 3386 890 ἐμφανῆ
3427 824 3785 881 καταστῆσαι,

2189 911 2302 968 οὔτε
2332 918 2427 983 μήν
2456 912 2877 984 ἀπολογήσασθκι
2902 913 3021 984 περί
3046 917 3146 964 τῶν
3174 911 3386 963 ἀνοσίων
3405 910 3556 963 αὐτοῦ
3582 906 3773 980 δυσφη·

2192 1012 2337 1074 μιῶν.
2371 1004 2554 1058 Λοιπὸν
2581 1005 2860 1076 ἀνεγνώσθη
2886 1003 2950 1056 τά
2973 1002 3252 1076 γράμματα
3281 1003 3346 1056 τά
3374 1002 3622 1073 γραφέντα
3653 1001 3791 1074 πρός

2193 1096 2340 1148 αὐτόν
2370 1096 2511 1167 παρά
2540 1100 2629 1147 τοῦ
2661 1093 2947 1164 ἀγιωτάτου
2977 1096 3062 1146 καί
3096 1092 3477 1163 θεοφιλεστάτου
3509 1091 3794 1145 ἐπισκόπου

2195 1195 2285 1246 τῆς
2314 1183 2668 1258 Ἀλεξανδρέων
2696 1183 2987 1244 Ἐκκλησίας
3013 1184 3276 1258 Κυρίλλου,
3313 1183 3344 1237 ἃ
3375 1187 3460 1236 καί
3487 1181 3793 1254 ἐδοκίμασεν

2197 1281 2226 1336 ἡ
2255 1275 2372 1350 ἀγία
2400 1275 2610 1336 σύνοδος
2639 1278 2796 1350 ὀρθῶς
2839 1279 2924 1330 καί
2951 1277 3186 1336 ἀλήπτως
3229 1273 3395 1346 ἔχειν,
3423 1281 3504 1330 καὶ
3535 1279 3670 1330 κατὰ
3698 1299 3796 1347 μη·-

2198 1367 2316 1423 δένα
2332 1369 2518 1444 τρόπον
2540 1370 2827 1438 ἀσύμφωνα
2848 1361 2973 1420 εἶναι
2992 1367 3021 1426 ἧ
3044 1375 3158 1428 ταῖς
3180 1367 3532 1429 θεοπνεύστοις
3551 1376 3794 1440 γραφαῖς,

2197 1461 2350 1532 ἤγουν
2377 1468 2437 1532 τῇ
2469 1455 2815 1535 παραδοθείσῃ
2847 1459 3039 1519 πίστει.
3060 1461 3142 1511 καὶ
3171 1453 3423 1531 ἐκτεθείσῃ
3447 1461 3495 1512 ἐν
3517 1469 3577 1533 τῇ
3602 1460 3795 1534 μεγάλῃ

2199 1548 2386 1619 σννόδῳ
2415 1551 2557 1626 παρά
2587 1556 2685 1604 τῶν
2725 1548 2878 1619 ἁγίων
2914 1549 3146 1626 πατέρων
3185 1557 3283 1604 τῶν
3312 1551 3360 1604 ἐν
3389 1554 3571 1624 Νικαία
3612 1553 3793 1606 συνελ-

2200 1641 2382 1698 Θόντων
2404 1645 2524 1697 κατά
2550 1645 2774 1718 καιρούς,
2805 1641 2933 1696 καθά
2966 1646 3051 1696 καί
3079 1645 3108 1700 ή
3135 1648 3201 1701 σή
3229 1641 3430 1704 ὁσιότης
3459 1644 3617 1725 όρῦῶς
3647 1651 3798 1699 τοῦτο

501 1753 759 1809 sanctitas
790 1761 937 1808 recte
967 1750 1072 1806 hoc
1097 1751 1334 1821 probans
1363 1750 1649 1806 testiﬁcata
1678 1760 1780 1805 est.
1811 1748 1974 1804 Lecta
2002 1763 2097 1802 au-

2209 1736 2534 1808 δοκιμάσασα
2583 1736 2955 1812 ἐμαρτύρησεν.
3001 1735 3428 1807 ’Δναγνωσθείσης
3469 1733 3521 1789 δὲ
3569 1739 3653 1789 καί
3701 1745 3795 1796 τῆς

503 1855 608 1902 tem
639 1854 694 1902 et
720 1844 949 1916 epistola
981 1833 1211 1897 Nestorii
1234 1886 1248 1909 ,
1284 1857 1409 1912 qua:
1451 1840 1518 1896 ad
1564 1843 1738 1910 ipsum
1779 1839 1982 1909 scripta
2011 1847 2096 1893 est

507 1948 866 1994 memoratum
897 1935 1301 1991 sanctissimum
1344 1942 1402 1988 et
1442 1933 1947 1989 reverentissimum
1993 1933 2096 1985 ira-

505 2040 640 2086 trem
691 2041 934 2085 nostrum
983 2037 1038 2083 et
1085 2017 1527 2082 comministrum
1566 2037 1612 2093 ο,
1645 2025 1861 2082 censuit
1909 2034 2095 2081 sancta

505 2121 751 2195 synodus
788 2117 961 2176 aliena
989 2119 1212 2174 omnino
1253 2117 1319 2172 ab
1361 2117 1653 2186 apostolica
1696 2127 1750 2172 et
1787 2117 2096 2187 evangelica

505 2213 612 2269 ﬁde
638 2228 760 2270 esse
790 2228 908 2284 quae
941 2213 992 2267 in
1021 2227 1083 2267 ea
1132 2219 1288 2266 erant
1328 2209 1580 2280 dogmata
1609 2250 1623 2275 ,
1672 2210 1860 2263 multis
1902 2219 1956 2264 et
2000 2226 2102 2264 no-

505 2306 590 2362 vis
612 2303 639 2343 ά
665 2305 970 2375 languentia
1000 2301 1368 2374 blasphemiis.
1400 2302 1578 2356 Lectis
1607 2315 1736 2356 vero
1767 2301 2019 2356 similiter
2048 2311 2102 2356 et

507 2398 946 2467 expositionibus
1000 2395 1120 2464 ejus
1181 2394 1556 2464 impiissimis,
1618 2409 1718 2449 nec
1773 2408 1879 2448 non
1935 2393 2098 2448 etiam

507 2490 710 2558 scripta
741 2489 808 2543 ad
841 2503 965 2542 eum
996 2487 1227 2556 epistola
1259 2497 1281 2522 ε
1310 2501 1339 2540 a
1374 2494 1462 2540 tua
1491 2487 1780 2541 sanctitate
1811 2497 1906 2555 per
1937 2500 2100 2554 quam

510 2580 912 2638 rationabiliter
938 2578 1330 2634 condemnatus
1361 2587 1477 2644 est,
1509 2587 1700 2648 utpote
1729 2579 1821 2648 qui
1855 2579 2104 2646 blasphe-

509 2689 600 2732 ωε
624 2671 904 2744 scripserit
924 2680 978 2727 et
1000 2672 1331 2741 irreligiosas
1355 2686 1514 2726 voces
1537 2671 1653 2726 suis
1674 2671 2107 2740 expositionibus

511 2769 777 2833 inseruit,
833 2765 1102 2822 sententia
1154 2765 1362 2836 prolata
1421 2770 1504 2818 est
1553 2763 1697 2832 justa
1747 2763 2105 2832 depositionis

511 2861 662 2930 ejus;
689 2859 921 2915 maxime
947 2859 1069 2929 quia
1099 2859 1153 2913 in
1184 2867 1389 2912 tantum
1417 2855 1574 2925 longe
1599 2865 1683 2911 est
1708 2873 1736 2909 a
1763 2855 2103 2926 poenitentia,

512 2969 605 3014 aut
642 2947 659 2993 ί
696 2972 724 3009 a
758 2953 1132 3024 recognitione
1161 2966 1349 3006 eorum
1393 2951 1444 3004 in
1474 2949 1669 3020 quibus
1710 2949 2110 3019 blaspltetnavit

515 3049 693 3105 adhuc
732 3043 1392 3114 Cunstantinopolitanam
1436 3039 1642 3095 habens
1675 3038 1975 3094 Ecclesium
2000 3082 2014 3105 ,
2051 3050 2112 3094 ut

2197 1829 2465 1889 ἐπιστολῆς
2497 1829 2771 1898 Νεστορίου
2799 1834 2890 1886 τῆς
2912 1828 3043 1901 πρὸς
3067 1827 3215 1881 αὐτόν
3245 1831 3521 1901 γραφείσης
3553 1829 3636 1882 τόν
3665 1850 3760 1900 μνη
3778 1856 3789 1867 ·

2199 1921 2505 1993 μονευθέντα
2545 1922 2827 1990 ἁγιώτατον
2852 1923 2936 1972 καί
2966 1919 3364 1974 Θεοσεϐέστατον
3414 1917 3618 1992 ἀδελφὸν
3660 1923 3798 1992 ήμῶν

2200 2016 2288 2067 καί
2318 2012 2706 2086 συλλειτουργόν
2738 2012 2983 2088 Κύριλλον
3001 2052 3014 2074 ,
3046 2009 3334 2065 ἐδικαίωσεν
3363 2014 3391 2068 ἡ
3419 2010 3534 2082 ἀγία
3562 2009 3800 2077 σύνοδος,

2201 2104 2440 2178 ἀλλότρια
2486 2104 2744 2166 παντελῶς
2787 2114 2878 2165 τῆς
2909 2125 2962 2158 τε
3003 2103 3345 2163 ἀποστολικῆς
3372 2107 3451 2157 καί
3477 2104 3805 2176 εύαγγελικῆς

2201 2199 2427 2256 πίστεως
2474 2191 2595 2250 εἶναι
2637 2200 2702 2252 τά
2741 2198 2792 2250 ἐν
2836 2197 2965 2270 αὐτῇ
2997 2193 3222 2267 δόγματα
3251 2236 3262 2254 .
3296 2193 3532 2251 πλείστην
3559 2191 3685 2254 ὅσην
3720 2199 3803 2252 καὶ

2200 2291 2341 2353 ξένην
2365 2296 2613 2344 νοσοῦντα
2632 2294 2722 2347 τήν
2750 2288 3059 2362 δυσφημίαν.
3087 2287 3517 2360 Ἀναγνωσθεισῶν
3536 2285 3588 2342 δὲ
3612 2288 3806 2357 ὁμοίως

2203 2385 2411 2436 καὶτῶν
2440 2384 2722 2455 ἐξηγήσεων
2751 2384 2906 2437 αὐτοῦ
2941 2390 3039 2436 τῶν
3079 2379 3467 2446 ἀσεϐεστάτων,
3502 2379 3587 2435 ἔτι
3617 2403 3676 2454 γε
3706 2389 3808 2441 μήν

2203 2478 2283 2528 καί
2323 2485 2414 2536 τῆς
2442 2478 2722 2550 γραφείσης
2751 2477 2880 2552 πρός
2916 2476 3066 2531 αὐτόν
3111 2474 3381 2535 ἐπιστολῆς
3413 2477 3556 2550 παρά
3583 2485 3676 2538 τῆς
3707 2486 3808 2539 σῆς

2205 2566 2487 2629 ὁσιότητος,
2518 2565 2648 2630 δι’ἧς
2678 2570 2895 2640 εὐλόγως
2922 2570 3236 2644 κατεκρίνετο
3259 2571 3326 2628 ὡς
3349 2565 3591 2641 δύσφημα
3620 2591 3812 2645 γεγρα-

2206 2665 2330 2732 φὼς,
2355 2666 2434 2716 καί
2463 2663 2696 2722 ἀνοσίους
2724 2663 2888 2736 φωνάς
2918 2669 3032 2722 ταῖς
3078 2661 3228 2722 ἰδίαις
3276 2663 3576 2734 ἐξηγήσεσιν
3605 2663 3763 2724 ἐνθείς
3790 2704 3808 2729 ,

2207 2752 2372 2824 ψῆφος
2419 2753 2727 2817 ἐξενήνεκται
2771 2753 2941 2809 δικαία
2987 2756 3332 2832 καθαιρέσεως
3373 2755 3673 2810 κατάὺτοῦ·
3705 2759 3815 2828 μά-

2208 2844 2361 2900 λιστα
2389 2843 2465 2900 ὅτι
2494 2854 2739 2902 τοσοῦτον
2784 2849 3054 2920 ἀπέσχετο
3090 2854 3175 2903 τοῦ
3228 2857 3557 2920 μετανοῆσαι,
3587 2847 3617 2909 ἦ
3648 2871 3818 2922 μετα-

2209 2947 2396 3013 γνῶναι
2425 2940 2496 3011 ἐφ’
2509 2937 2581 3002 οἷς
2607 2939 3015 3013 δεδυσοήμηκεν,
3043 2940 3117 2997 ἔτι
3143 2947 3233 3001 τήν
3270 2950 3371 2996 τῶν
3411 2957 3822 2999 Κωνσταντινουο

2210 3035 2425 3089 πολιτῶν
2454 3032 2593 3106 ἔχων
2622 3033 2933 3094 Ἐκκλησίαν,
2970 3037 3100 3090 ὥστε
3133 3039 3214 3090 καί
3246 3037 3295 3088 ἐν
3323 3037 3447 3110 αὐτῇ
3559 3034 3824 3107 Ἐφεσίων

512 3143 675 3200 etiam
707 3145 758 3196 in
793 3141 910 3212 ipsa
942 3138 1343 3208 Ephesinorum
1377 3133 1662 3204 metropoli
1691 3149 1996 3189 sermonem
2028 3133 2101 3187 fa-

2211 3126 2516 3201 μητροπόλει
2556 3123 2879 3199 διαλέγεσθαι
2918 3125 3048 3200 πρός
3078 3148 3218 3186 τινας
3250 3134 3346 3180 τῶν
3373 3125 3522 3199 ἀγίων
3552 3147 3821 3199 μητροπο-

513 3243 663 3292 ceret
702 3233 769 3288 ad
821 3231 1082 3304 quosdam
1140 3228 1586 3298 metropolitanos
1645 3227 1937 3297 episcopos
1997 3241 2107 3280 non

517 3329 867 3398 ignorantes,
901 3324 997 3378 sed
1035 3323 1228 3378 doctos
1269 3331 1324 3376 et
1367 3320 1868 3386 reverentissimos,
1915 3329 1968 3375 et
2012 3333 2108 3374 au-

519 3421 676 3475 deret
721 3417 942 3481 dicere,
987 3415 1122 3481 Quia
1163 3428 1264 3483 ego
1313 3411 1337 3460 8
1378 3414 1729 3469 bimenstrem
1779 3421 1834 3468 et
1877 3412 2106 3468 trimen-

523 3519 691 3563 strem
724 3503 892 3560 Deum
934 3519 1040 3558 non
1071 3503 1354 3570 conliteor,
1390 3515 1444 3560 et
1490 3505 1592 3560 alia
1637 3507 1858 3577 insuper
1901 3506 2110 3562 diceret

519 3597 823 3654 acerbiora.

589 3685 644 3746 3.
675 3689 830 3745 Sicut
860 3685 1218 3758 irreligiosam
1253 3685 1411 3758 igitur
1447 3700 1500 3744 et
1540 3689 1954 3746 abominabilem
1998 3689 2110 3745 hae-

523 3783 687 3842 resim
728 3792 783 3839 et
823 3791 1226 3854 pervertenlem
1264 3779 1293 3818 ιι
1321 3785 1692 3855 evangelicum
1742 3795 1985 3841 nostram
2029 3799 2116 3839 se-

522 3888 704 3943 ctam,
736 3885 791 3932 et
817 3891 1032 3931 omnem
1081 3873 1322 3931 funditus
1365 3877 1606 3944 mysterii
1652 3877 2109 3948 dispensationem

521 3969 841 4029 evellentem
869 3968 1220 4039 deposuimus
1242 4011 1255 4034 ,
1285 3969 1422 4022 sicut
1446 3968 1695 4036 superius
1718 3967 1970 4020 diximus.
2002 3964 2110 4022 Sed

523 4079 629 4120 non
655 4071 869 4134 poterat
892 4059 1011 4115 ﬁeri
1033 4103 1047 4127 ,
1074 4069 1130 4113 ut
1159 4058 1393 4123 videtur,
1423 4059 1473 4111 in
1498 4057 1712 4112 Christo
1741 4056 2057 4112 charitatem
2090 4059 2104 4095 ί

522 4158 784 4216 habentes
815 4161 872 4210 et
899 4153 1074 4207 zelum
1109 4153 1162 4206 in
1194 4151 1419 4205 Domino
1441 4190 1456 4215 ,
1493 4165 1597 4204 non
1635 4150 1829 4204 multas
1869 4152 2108 4220 experiri

521 4250 896 4308 difﬁcultates.
955 4244 1310 4314 Speravimus
1367 4244 1552 4311 enim,
1613 4245 2108 4300 reverentissimum

593 4413 620 4449 ε
660 4411 715 4465 ln
747 4421 875 4464 mss.
927 4417 1040 4479 reg.
1093 4406 1476 4464 desiderantur
1520 4407 1635 4463 haec
1685 4408 1852 4479 verba
1897 4414 1984 4465 καὶ
2024 4414 2109 4466 οὐκ

526 4485 776 4554 ἠνέσχετο
822 4477 1010 4536 ἔαυτόν
1051 4479 1242 4554 {years-ri
1295 4489 1650 4554 καταστῆσαι,
1703 4477 1893 4535 οὔτε...
1944 4485 2112 4554 ⁸«αὐτοῦ

523 4551 848 4624 δνσῴήμιῶν,
892 4566 1012 4622 quas
1063 4551 1321 4624 Latinius
1349 4551 1430 4624 sic
1445 4551 1872 4624 redderentur:
1929 4551 2113 4620 Neque

2210 3219 2355 3274 λιτῶν
2394 3220 2711 3280 ἐπισκόπων,
2753 3218 2946 3294 ἀνδρων
2988 3220 3076 3271 οὐκ
3118 3219 3361 3289 ἀσήμων.
3405 3217 3508 3270 ἀλλ’
3533 3217 3820 3291 ἐλλογίμων

2209 3316 2296 3366 καί
2322 3312 2746 3374 θεοσεεεστάτων,
2775 3312 3022 3380 τολμῆσαί
3051 3331 3103 3365 τε
3133 3313 3312 3364 εἰπεῖν’
3341 3305 3454 3366 Ὀτι
3485 3312 3585 3382 ἐγὼ
3614 3312 3698 3365 τόν
3726 3307 3813 3366 δι-

2211 3412 2413 3473 μηναῖον
2444 3409 2530 3458 καί
2554 3413 2848 3480 τριμηναῐον
2885 3406 3004 3459 Θεὸν
3042 3406 3147 3474 οὐχ
3187 3402 3428 3476 όμολογνῖ)’
3465 3407 3549 3458 καί
3575 3401 3729 3480 ἕτερα
3760 3402 3815 3459 δέ

2211 3498 2340 3574 πρὸς
2371 3501 2570 3557 τούτοις
2598 3493 2704 3551 εἷπε
2735 3498 3078 3571 χαλεπώτερα

2289 3682 2375 3745 Ὦς
2403 3679 2488 3738 οὖν
2520 3687 2722 3738 ἀνοσίαν
2758 3687 2840 3736 καὶ
2879 3685 3204 3759 μιαρωτάτην
3233 3683 3448 3758 αἵρεσιν,
3483 3686 3571 3736 καί
3596 3684 3815 3759 ἀνατρέ·

2218 3797 2420 3832 πουσαν
2470 3783 2558 3836 τήν
2599 3777 2938 3849 εύαγεστάτην
2975 3777 3114 3847 ἡμῶν
3144 3777 3441 3850 θρησκείαν,
3485 3778 3567 3828 καὶ
3607 3773 3724 3833 olm

2217 3869 2416 3945 βάθρων
2446 3877 2534 3922 τοῦ
2567 3869 2851 3945 μυστηρίου
2880 3874 2966 3926 τήν
2996 3870 3275 3939 οἰκονομίαν
3303 3869 3615 3942 ἀφαιροῦσαν
3645 3869 3814 3923 καθεί-

2217 3962 2384 4033 λομεν,
2415 3965 2479 4021 ῶς
2509 3959 2602 4020 ήδη
2634 3962 2921 4036 φράσαντες
2951 3959 3176 4032 εἴπομεν.
3209 3958 3427 4014 Ἀλλόύκ
3456 3956 3532 4025 ήν,
3557 3962 3623 4020 ὡς
3653 3959 3808 4028 ἔοικε,

2217 4064 2307 4116 τῆς
2338 4058 2407 4115 εἰς
2447 4057 2664 4124 Χριστόν
2704 4057 2902 4129 ἀγάπης
2934 4055 2989 4108 τό
3023 4058 3224 4125 γνήσιον
3261 4051 3505 4124 ἔχοντας,
3540 4057 3626 4107 καὶ
3653 4056 3813 4118 ζηλω-

2218 4169 2411 4208 σαντας
2449 4155 2521 4218 τῷ
2567 4150 2747 4221 Κυρίῳ,
2779 4153 2848 4219 μή
2893 4146 3085 4203 πολλῶν
3113 4147 3413 4222 πειραθῆναι
3462 4149 3810 4224 πραγμάτων.

2218 4238 2676 4311 ιῐροσεδοκήσαμεν
2701 4243 2797 4314 γάρ
2834 4242 2919 4294 τόν
2957 4240 3332 4295 εύλαϐἐστατον
3375 4256 3466 4303 τῆς
3494 4246 3813 4315 (Αντιοχέων

2218 4411 2386 4481 gratia
2415 4417 2488 4463 ter
2521 4409 2708 4479 (Cori).
2742 4424 2896 4476 mss.,
2930 4425 3032 4480 qua
3060 4419 3271 4482 grater;
3304 4409 3441 4465 forte
3465 4413 3806 4480 quapropter)

2219 4482 2443 4534 mundus
2481 4497 2598 4552 sunt
2636 4498 2668 4534 a
2711 4484 2959 4552 sanguine
2991 4493 3157 4537 vestro
3177 4525 3192 4548 ,
3227 4493 3272 4537 et
3302 4483 3456 4536 modo
3484 4482 3552 4535 ad
3581 4498 3669 4536 vos
3707 4499 3814 4537 non

2221 4555 2399 4619 venio;
2431 4550 2688 4619 additque
2715 4550 3002 4608 Liberatus
3033 4571 3154 4609 eum
3185 4570 3306 4609 cum
3335 4553 3449 4608 suis
3478 4555 3807 4622 recessisse,

526 4622 749 4694 praesens
776 4624 956 4677 adesse
975 4665 990 4688 ,
1013 4638 1184 4695 neque
1214 4623 1278 4674 de
1307 4623 1482 4692 impiis
1523 4622 1855 4692 blasphemiis
1881 4626 1989 4679 suis
2019 4642 2108 4679 ra-
2138 4624 2188 4686 υ
2213 4635 2268 4679 et
2297 4639 2419 4678 cum
2449 4625 2666 4680 czeteris
2695 4625 2911 4680 concilii
2944 4625 3192 4680 Patribus
3227 4624 3484 4695 deinceps
3514 4623 3812 4682 convenire

527 4698 714 4765 tionem
743 4695 955 4747 reddere
986 4694 1231 4765 dignatas
1259 4703 1356 4748 est.

598 4764 623 4804 δ
666 4765 826 4819 Forte
847 4806 860 4828 ,
895 4764 1056 4820 [εοεαε.

601 4847 623 4906 '5'
666 4835 819 4891 Adde
849 4834 1125 4906 Cyrillum.

596 4905 624 4944 ἀ
665 4907 767 4963 Seu
790 4948 804 4970 ,
839 4905 902 4958 ac
931 4907 1107 4960 multis
1134 4915 1180 4959 et
1210 4907 1352 4960 novis
1382 4906 1614 4960 laborare
1645 4906 1998 4978 blasphemiis.

601 4988 624 5015 °
667 4978 838 5046 Supra
867 4979 1029 5046 epist.
1064 4978 1150 5032 15.

604 5049 620 5086 ῐ
665 5047 739 5102 Ita
769 5048 953 5102 Baluz.
982 5063 1103 5104 eum
1135 5047 1306 5103 tribus
1331 5061 1464 5102 mss.
1495 5047 1562 5104 At
1587 5048 1785 5106 Navar.
1814 5058 1868 5106 et
1889 5049 2106 5119 Camp.,

523 5120 920 5191 recogitationis.
950 5119 1146 5176 Neutra
1175 5135 1278 5174 vox
1306 5121 1481 5188 placet
1504 5162 1518 5185 ,
1549 5120 1736 5176 Graeca
1767 5123 1986 5191 proprie
2021 5138 2111 5178 so-

521 5200 617 5249 nat
638 5191 955 5264 resipiscere.
989 5191 1186 5264 Aptius
1216 5191 1378 5261 igitur
1406 5191 1520 5246 ham
1552 5193 1622 5246 ita
1657 5194 1847 5248 Latine
1874 5207 2104 5249 conver-

523 5261 809 5320 terentur:
844 5261 1062 5318 Tantum
1093 5263 1228 5316 abest
1271 5272 1326 5315 ut
1370 5265 1607 5326 paeniteat
1633 5311 1646 5332 ,
1689 5281 1749 5318 ac
1798 5265 2102 5332 resipiscens

521 5353 582 5393 ea
611 5347 804 5391 revocet
833 5351 974 5409 qtae,
1003 5351 1121 5409 eam
1147 5333 1318 5409 adhuc
1355 5333 1845 5409 genstantinopolit.
1893 5333 2101 5392 haberet

520 5409 815 5464 Ecclesium
831 5405 852 5476 ,“
878 5407 1279 5478 blasphemando
1309 5405 1381 5473 et]
1382 5407 1511 5460 adit.

595 5490 620 5527 8
661 5479 841 5534 Mallet
881 5477 1021 5534 forte
1059 5477 1183 5547 quis
1224 5477 1507 5532 bimestrem
1550 5490 1595 5532 et
1638 5480 1978 5544 trimestrem,
2009 5479 2104 5534 sed

523 5550 859 5621 refragantur
903 5565 1033 5621 mss.
1077 5550 1202 5604 Haec
1241 5548 1352 5621 ipsa
1398 5553 1559 5604 verba
1605 5550 1887 5606 Liberatus
1919 5566 2039 5620 cap.
2071 5553 2105 5608 5

523 5625 602 5702 sic
637 5618 807 5702 refert
833 5620 1018 5702 :nCum
1051 5618 1475 5702 plur-imiﬂbeam
1514 5618 2102 5702 conﬁterentur_lesum

525 5691 814 5764 Christum,
855 5691 1002 5762 Ego,
1046 5691 1210 5761 inquit
1259 5691 1564 5754 Nestoriur.
1605 5694 1696 5764 qui
1738 5695 1834 5762 fuit
1874 5694 2101 5748 duorum

526 5761 605 5824 vel
644 5761 796 5815 trium
836 5761 1086 5816 mensium
1133 5776 1410 5833 numquam
1455 5761 1700 5832 conﬁteor
1740 5761 1952 5822 Deum:
1999 5783 2102 5837 qua

2218 4696 2480 4750 noluisse.

2288 4765 2502 4842 hﬂLoco
2544 4767 2694 4822 verbi
2740 4765 3344 4842 Graecisin-nariam,
3390 4766 3534 4837 quod
3583 4779 3639 4842 ei
3668 4777 3805 4842 mss.

2216 4839 2382 4907 regiis
2424 4849 2732 4910 revocatur,
2765 4853 2887 4892 cum
2937 4839 2989 4893 in
3032 4839 3262 4910 vulgatis
3290 4839 3563 4894 obtineret
3594 4840 3809 4894 εὐσεϐε·

2215 4909 2582 4986 «remugit
2619 4909 2890 4986 interpres
2920 4921 3104 4986 noster
3133 4909 3488 4986 svia-pydiam.
3535 4910 3640 4964 Nec
3673 4911 3810 4965 satis

2217 4982 2467 5051 patefecit
2501 4981 2586 5035 hic
2618 4982 2938 5048 particulam
2970 4985 3038 5043 ὡς
3069 4981 3414 5052 explicandi,
3447 4995 3813 5052 nonicompa-

2218 5050 2371 5107 randi
2419 5052 2526 5106 vim
2575 5052 2793 5108 habere.
2832 5050 3164 5108 Vertendum
3204 5056 3250 5108 ei
3299 5054 3511 5109 fuerat:
3551 5050 3810 5106 (heresim

2216 5125 2372 5192 igitur
2413 5124 2548 5178 velut
2595 5125 2939 5194 irreligiosum
2981 5134 3030 5178 et
3069 5125 3453 5179 sanctissimam
3499 5123 3804 5196 religionem

2209 5205 2441 5249 nostram
2488 5205 2889 5262 perae-ﬂentem,
2937 5205 2984 5250 et
3024 5207 3227 5251 omnem
3264 5197 3492 5266 mysterii
3532 5195 3813 5266 dispensa-

2211 5267 2396 5320 tionem
2438 5267 2672 5337 funditus
2719 5273 3022 5321 avertentem
3068 5263 3475 5338 proﬂigavimus.
3517 5263 3684 5338 Quod
3714 5263 3813 5338 bie

2210 5335 2445 5408 mysterii
2486 5338 2834 5409 dispensatio,
2884 5347 2940 5394 et
2987 5339 3054 5392 ab
3102 5335 3303 5393 Hilario
3348 5338 3443 5392 lib.
3477 5353 3511 5393 ν
3538 5340 3609 5391 de
3645 5335 3806 5392 Trin.

2211 5424 2266 5481 ῃ.
2302 5410 2364 5464 17
2395 5409 2796 5478 dispensationis
2837 5409 3142 5481 evangeliea!
3183 5410 3516 5480 mysterium,
3558 5421 3811 5481 vocatur,

2211 5479 2519 5552 intelligere
2545 5489 2628 5536 est
2662 5479 3046 5536 incarnationis
3071 5479 3386 5552 mysterium
3407 5496 3430 5547 ;-
3457 5480 3611 5552 quod
3635 5490 3813 5552 totum

2213 5567 2272 5622 re
2303 5550 2418 5622 ipsa
2446 5561 2500 5607 et
2529 5567 2652 5607 eum
2684 5568 2751 5608 eo
2782 5553 2971 5622 religio
3002 5550 3188 5608 nostra
3224 5550 3537 5618 corruit,si
3570 5550 3814 5606 Verbum

2210 5621 2306 5677 Dei
2327 5621 2403 5680 eo
2435 5632 2644 5679 tantum
2687 5622 2848 5679 modo
2887 5621 2994 5692 quo
3039 5625 3091 5678 in
3137 5623 3418 5693 prophetis
3463 5622 3672 5679 exstitit
3755 5624 3816 5681 in

2209 5694 2426 5750 Christo
2459 5695 2739 5752 habitasse
2773 5696 3057 5752 sentiatur.

2288 5765 2301 5805 ί
2350 5765 2505 5825 Adde
2542 5769 2790 5824 sinceram
2812 5807 2828 5838 ,
2859 5775 2915 5825 et
2944 5782 3069 5825 mox
3101 5767 3202 5838 leg.
3235 5779 3328 5840 pro
3363 5766 3602 5823 Domine.
