3982 6182
512 212 619 271 519

1292 204 1351 269 S.
1403 198 1799 261 C(ELESTINI
1844 198 1860 255 Ι
1900 195 2107 256 ΡΑΡᾸΞ
2148 195 2506 256 EPISTOLE
2550 197 2636 254 ET
2674 193 3022 255 DECRETA.

3698 196 3789 255 510

515 344 668 393 nem,
691 340 850 397 quam
881 338 975 381 eos
1003 324 1093 395 qui
1118 337 1241 379 cum
1266 336 1333 377 eo
1358 322 1461 377 hoc
1487 330 1731 392 egerant,
1762 320 2096 385 obtulerunt,

2208 327 2359 375 τοῦτο
2382 318 2693 395 δράσαντας,
2712 323 3061 395 προσήγαγον,
3089 314 3356 390 ὁρκοῦντες
3376 317 3519 389 ἡμῶν
3545 320 3637 375 τὴν

514 421 858 490 conjurantes
889 427 1125 474 nostram
1153 424 1394 470 sanctam
1428 414 1694 485 synodum
1717 456 1730 477 ,
1767 422 1822 466 ut
1850 419 2102 467 evocaret

514 514 774 569 canonice
801 520 856 567 et
879 510 1055 579 ipsum
1083 509 1346 564 Joannem
1374 517 1428 562 et
1458 521 1551 561 eos
1580 506 1670 575 qui
1698 520 1819 559 cum
1845 520 1911 559 eo
1938 512 2095 567 sunt;

515 619 774 682 quatenus
801 606 1178 663 satisfacerent
1202 605 1268 659 de
1295 604 1489 674 quibus
1517 608 1980 671 praesumpserant
2004 616 2018 665 ;
2048 608 2102 653 et

513 702 561 759 si
588 702 804 772 quidem
842 713 1095 755 accusare
1138 697 1432 761 haberent,
1473 694 1518 749 si
1561 702 1812 763 possent,
1852 692 2101 747 dicerent

516 802 571 850 et
598 792 1002 848 convincerent.
1048 788 1103 843 In
1141 788 1326 843 charta
1366 786 1509 840 enim
1539 800 1660 855 qua:
1690 784 1891 854 scripta
1923 791 2006 836 est
2032 782 2102 836 ab

514 883 591 941 eis
619 883 971 952 depositaria,
998 880 1175 951 potius
1197 887 1376 932 autem
1401 876 1683 945 injuriosa,
1711 885 1736 912 ο
1763 875 2101 929 occasionem

514 976 897 1032 inseruerunt:
931 972 1067 1039 Quia
1093 968 1495 1039 Apollinaristzc
1523 975 1579 1021 et
1609 966 1793 1021 Ariani
1826 976 1882 1020 et
1925 967 2104 1019 Euno—

513 1068 675 1123 miani
706 1075 860 1131 sunt,
884 1074 937 1119 et
962 1071 1182 1134 propter
1210 1062 1313 1115 hoc
1340 1059 1571 1128 depositi
1602 1068 1729 1113 sunt
1759 1073 1787 1110 a
1816 1057 1992 1111 nobis.
2020 1056 2103 1109 ln-

515 1160 781 1215 stantibns
804 1158 967 1227 igitur
988 1156 1071 1209 his
1096 1155 1184 1225 qui
1212 1154 1460 1222 injuriam
1483 1152 1855 1206 sustinuerunt
1878 1151 1946 1203 ab
1971 1150 2097 1213 illis,

514 1254 707 1308 iterum
739 1265 839 1304 nos
870 1248 1182 1304 necessario
1212 1245 1525 1315 congregati
1571 1244 1623 1297 in
1656 1257 1848 1313 magna
1876 1241 2099 1296 ecclesia

515 1361 674 1413 supra
714 1344 978 1398 ducentos
1017 1342 1313 1395 existentes
1344 1338 1619 1408 episc0pi,
1654 1353 1756 1390 una
1785 1346 1839 1391 et
1869 1337 2101 1390 secunda

513 1447 567 1490 et
598 1436 753 1490 tertia
780 1434 1063 1488 vocatione
1091 1431 1254 1485 biduo
1281 1429 1628 1485 evocavimus
1658 1438 1713 1483 et
1738 1428 1914 1498 ipsum
1945 1428 2102 1483 Joan-

514 1540 639 1582 nem
669 1534 722 1580 et
749 1539 843 1579 eos
865 1525 959 1594 qui
988 1538 1108 1578 cum
1138 1538 1204 1577 eo
1230 1530 1386 1576 erant
1416 1522 1468 1576 in
1496 1522 1816 1587 concilium,
1840 1530 2103 1590 quatenus

515 1620 898 1676 convincerent
934 1618 1189 1687 injuriam
1235 1630 1457 1685 passos,
1503 1626 1559 1670 et
1598 1616 2009 1681 satisfacerent,
2049 1624 2103 1669 et

2205 411 2416 466 σύνοδον
2445 411 2883 483 μεταπέμψασθαι
2902 418 3171 469 κωονικῶς
3199 406 3348 464 αὐτόν
3371 430 3424 463 τε
3448 413 3699 474 Ἰωάννην,
3715 412 3793 466 καί

2205 508 2326 565 τοὺς
2357 507 2451 559 σὺν
2482 508 2653 575 αὐτῷ,
2688 507 2822 558 ὥστε
2857 503 3274 574 ἀπολογήσασθαι
3311 505 3431 575 περί
3461 495 3527 553 ὧν
3556 502 3794 571 ⁵τετολμή-

2206 621 2348 659 κασι,
2393 602 2475 652 καὶ
2506 596 2553 651 εἴ
2588 619 2636 651 τι
2677 598 2903 670 ἐγκαλεῖν
2934 595 3125 667 ἔχοιεν,
3160 598 3202 648 εἰ
3238 593 3499 658 δύνανται,
3534 595 3689 649 εἰπεῖν
3717 596 3799 651 καί

2206 688 2467 762 διελέγξαι.
2499 700 2573 744 Ἐν
2603 692 2700 764 γάρ
2728 698 2799 759 τῷ
2828 690 3066 763 γραφέντι
3102 677 3228 762 παρῆ
3251 689 3412 741 αὐτῶν
3441 688 3795 763 καθαιρετικῷ,

2206 784 2392 852 μᾶλλον
2414 782 2467 835 δὲ
2488 782 2777 854 ὑϐριστικῷ
2797 780 3280 855 χαρτίῳ,πρόφασιν
3302 778 3807 838 ἕθηκαν’⁷οτιἈπολ-

2203 874 2487 949 λιναρισταὶ
2528 876 2613 927 καὶ
2660 873 2903 949 ’Λρειανοὶ
2946 874 3030 925 καὶ
3074 874 3370 941 Εὐνομιανοί
3405 875 3534 935 εἰσι,
3587 876 3671 926 καὶ
3717 870 3813 931 διόε

2204 973 2355 1021 τοῦτο
2405 967 2711 1040 καθῄρηνται
2753 964 3050 1036 παρ’ήμὼν.
3089 966 3450 1032 Ἐνισταμὲνων
3487 966 3653 1017 τοίνυν
3700 971 3808 1018 τῶν

2205 1064 2293 1117 τήν
2330 1059 2477 1132 ὕϐριν
2517 1058 2899 1127 ὑπομεινάντων
2940 1061 3031 1113 τὴν
3070 1056 3424 1130 παρ’ὲκείνων,
3464 1055 3610 1109 πάλιν
3647 1056 3807 1126 ἡμεῖς

2205 1153 2488 1223 ἀναγκαίως
2514 1148 2949 1225 συνεδρεύσαντες
2991 1150 3038 1201 ἐν
3076 1156 3135 1221 τῇ
3158 1147 3349 1220 μεγάλῃ
3377 1146 3635 1219 ἐκκλησίᾳ,
3668 1146 3796 1219 ὑπὲρ

2205 1247 2327 1304 τοὺς
2363 1242 2651 1303 διακοσίους
2683 1243 2997 1301 ἐπισκόπους
3038 1239 3197 1306 ὄντες,
3231 1246 3325 1311 μιᾷ
3355 1242 3438 1293 καὶ
3474 1238 3690 1317 δευτέρᾳ
3716 1243 3799 1294 καὶ

2204 1341 2349 1412 τρίτῃ
2405 1340 2605 1397 κλήσει,
2662 1340 2711 1391 ἐν
2756 1339 2969 1412 ἡμέραις
3015 1335 3162 1396 δυσὶ,
3213 1336 3512 1405 κεκλήκαμεν
3556 1334 3705 1388 αὐτόν
3743 1354 3797 1388 τε

2202 1430 2434 1489 Ἰωάννην
2466 1434 2545 1484 καί
2587 1434 2707 1490 τοὺς
2739 1434 2833 1484 σὺν
2863 1433 3001 1500 αὐτῷ
3030 1431 3100 1489 εἰς
3125 1431 3183 1484 τὸ
3216 1426 3501 1502 συνέδριον,
3533 1430 3666 1483 ὥστε
3703 1427 3803 1483 διε·

2204 1523 2371 1595 λέγξαι
2410 1526 2529 1582 τοὺς
2570 1523 2941 1597 ὑϐρισμένους,
2980 1524 3062 1575 καὶ
3109 1522 3561 1592 ἀπολογήσασθαι,
3596 1523 3677 1574 καὶ
3707 1522 3801 1581 τάς

2204 1616 2373 1673 αἰτίας
2394 1618 2572 1679 εἰπεῖν,
2599 1614 2672 1684 ἐφ’
2692 1610 2768 1671 αἷς
2790 1614 2847 1667 τὸ
2872 1620 2964 1671 τῆς
2994 1613 3336 1687 καθαιρέσεως
3359 1613 3638 1669 συνέθηκαν
3659 1633 3808 1689 χαρ’

515 1725 704 1767 causas
742 1710 986 1764 dicerent
1020 1723 1118 1777 pro
1154 1708 1352 1777 quibus
1387 1708 1744 1777 depositionis
1782 1721 2096 1776 composue-

2204 1708 2327 1761 τίον’
2354 1709 2442 1760 καὶ
2481 1708 2571 1759 οὐκ
2603 1705 2625 1741 ι’
2654 1704 2951 1778 ἐθάρσησαν
2981 1706 3150 1759 ἐλθεῖν.
3193 1702 3332 1759 Ἐδει
3357 1703 3410 1759 δὲ
3440 1705 3625 1769 αὐτὸν,
3656 1704 3805 1779 εἴπερ

515 1814 641 1859 runt
670 1806 945 1857 chartam:
975 1808 1030 1855 et
1060 1817 1165 1853 non
1202 1811 1223 1838 ε
1260 1801 1600 1869 praasumpsit
1632 1799 1836 1855 venire.
1871 1798 2103 1867 Oporte-

520 1898 611 1951 bat
650 1906 831 1949 autem
861 1907 983 1948 cum
1006 1932 1021 1957 ,
1052 1894 1096 1945 si
1136 1906 1263 1946 vere
1294 1890 1619 1945 convincere
1648 1899 1859 1959 poterat
1892 1903 2100 1943 memo-

517 1998 664 2045 ratos
696 1986 1064 2043 sanctissimos
1098 1985 1243 2038 viros
1270 1983 1419 2052 quasi
1454 1983 1755 2037 existentes
1798 1983 2100 2045 haereticos,

517 2090 574 2138 et
597 2081 811 2145 venire,
843 2088 900 2134 et
928 2076 1221 2132 ostendere
1253 2074 1354 2129 hoc
1380 2089 1567 2128 verum
1601 2088 1754 2138 esse,
1791 2073 1934 2142 quod
1962 2072 2104 2126 acci-

520 2174 671 2244 piens
695 2180 751 2225 ut
772 2170 1006 2224 validum
1031 2178 1085 2223 et
1113 2166 1468 2221 indubitatum
1492 2164 1719 2228 crimen,
1756 2168 2099 2219 temerariam

516 2265 844 2321 sententiam
873 2269 1059 2316 contra
1088 2274 1180 2315 eos
1212 2258 1455 2328 protulit.
1488 2257 1591 2313 Sed
1621 2254 1647 2293 ἀ
1676 2272 1740 2312 ex
1770 2257 1943 2327 fragili
1974 2274 2105 2312 con-

515 2355 739 2412 scientia
773 2369 881 2409 non
927 2350 1182 2407 occurrit.
1231 2350 1385 2417 Quod
1432 2358 1610 2403 autem
1658 2349 2101 2417 construebatur,

518 2446 648 2501 illud
696 2453 851 2499 erat:
900 2443 1107 2512 putavit
1151 2440 1295 2496 enim
1334 2451 1355 2477 ο
1388 2440 1542 2511 quasi
1584 2441 1681 2495 hac
1711 2442 1892 2511 inepta
1931 2442 2103 2496 etin-

515 2537 660 2608 justa
709 2535 899 2605 injuria
949 2534 1161 2598 soluta,
1210 2533 1411 2602 pariter
1462 2533 1763 2588 solveretur
1812 2544 1867 2588 et
1910 2534 2105 2604 synodi

515 2629 658 2700 justa
696 2627 962 2681 sententia
1008 2640 1127 2694 qua:
1175 2625 1383 2695 prolata
1428 2635 1510 2680 est
1554 2636 1743 2680 contra
1786 2628 2104 2681 baereticum

518 2721 845 2778 Nestorium.
870 2718 1131 2788 Iudignati
1159 2716 1320 2786 igitur
1344 2718 1538 2771 merito
1569 2717 1585 2754 ί
1615 2719 1962 2772 tractavimus
1988 2720 2107 2788 qui-

515 2818 639 2873 dem
672 2829 881 2885 aequam
911 2821 1017 2867 tam
1047 2820 1234 2866 contra
1267 2812 1440 2880 ipsum
1468 2851 1480 2874 ,
1526 2826 1689 2879 quam
1733 2821 1921 2864 contra
1972 2811 2105 2866 alios

519 2905 842 2964 sententiam
872 2904 1113 2974 prolerre
1143 2901 1410 2971 legitime,
1444 2916 1603 2969 quam
1650 2902 1765 2970 ipse
1802 2909 1989 2955 contra
2022 2903 2103 2956 le-

518 3014 613 3072 ges
643 3000 695 3053 in
724 3013 819 3053 eos
849 2998 939 3066 qui
973 2998 1023 3049 in
1057 2994 1207 3049 nullo
1240 2992 1553 3062 reprehensi
1584 3002 1711 3046 sunt
1751 2993 1973 3061 protulit
2003 3012 2014 3046 :
2050 3002 2107 3048 ut

2202 1800 2394 1858 άληθῶς
2431 1800 2660 1870 ἐλέγχειν
2708 1796 2927 1855 ἠδύνατο
2975 1800 3095 1857 τοὺς
3146 1797 3579 1868 μνημονευθὲντας
3622 1794 3801 1856 ὁσίους

2204 1889 2409 1967 ἄνδρας,
2442 1893 2503 1949 ὡς
2540 1890 2820 1964 αἱρετικοὺς
2850 1884 2997 1946 ὄντας
3024 1928 3035 1947 ,
3071 1890 3155 1940 καὶ
3198 1888 3487 1945 ὑπαντῆσαι
3527 1890 3607 1941 καί
3644 1885 3800 1950 δεῖξαι

2204 1990 2354 2037 τοῦτο
2401 1982 2571 2039 άληθὲν
2620 1978 2701 2046 ὃν,
2737 1978 2763 2034 ὃ
2799 1982 2883 2032 καὶ
2918 1980 3085 2033 λαϐὼν
3117 1981 3183 2038 ὡς
3214 1980 3439 2053 ἰσχυρὸν
3470 1982 3552 2032 καὶ
3586 1982 3797 2052 ἀναμφί-

2208 2074 2351 2126 ϐολον
2372 2072 2614 2144 ἔγκλημα.
2630 2078 2719 2131 τήν
2740 2078 2973 2145 προπετῆ
2991 2069 3152 2142 ψῆφον
3173 2068 3282 2123 κατ’
3296 2072 3458 2123 αὐτῶν
3479 2072 3793 2142 ἐξηνέγκατο.

2206 2168 2425 2220 Λλλ“υπὸ
2454 2169 2638 2240 σαθροῦ
2671 2163 2962 2223 συνειδότος
3021 2165 3121 2233 οὐχ
3152 2164 3433 2220 ὑπήντησε.
3464 2162 3528 2215 Τὸ
3555 2161 3607 2217 δὲ
3633 2185 3792 2217 κατα·

2206 2258 2592 2327 σκευαζόμενον,
2609 2258 2761 2310 ἐκεῖνο
2782 2254 2856 2314 ἧν·
2884 2258 3016 2328 ᾠήθη
3039 2256 3134 2328 γὰρ
3150 2299 3157 2309 .
3176 2252 3254 2309 ὅτι
3274 2262 3365 2314 τῆς
3391 2254 3582 2308 ἀτόπου
3610 2257 3792 2314 ταύτης

2206 2353 2290 2404 καὶ
2340 2351 2683 2421 ἐκνομωτάτου
2732 2349 2931 2422 ὕϐρεως
2979 2348 3251 2417 λυομένης,
3281 2350 3792 2418 συνανατραπήσεται

2209 2449 2294 2499 καί
2320 2447 2349 2501 ἡ
2376 2443 2546 2498 δικαία
2576 2442 2738 2515 ψῆφος
2773 2451 2862 2501 τῆς
2890 2440 3104 2495 συνόδου
3134 2443 3162 2498 ἡ
3188 2442 3517 2509 ἐξενεχθεῖσα
3552 2440 3675 2494 κατὰ
3699 2443 3785 2494 τοῦ

2209 2539 2465 2611 αἱρετικοῦ
2517 2538 2810 2610 Νεστορίου.
2865 2532 3322 2607 Ἀγανακτήσαντες
3380 2536 3546 2585 τοίνυν
3598 2532 3792 2590 εἰκότως

2209 2628 2618 2699 ἐϐουλευσάμεθα
2664 2631 2753 2699 μὲν
2804 2634 2892 2687 τὴν
2930 2625 3047 2684 ἴσην
3085 2627 3366 2682 κατάὐτοῦ
3396 2630 3478 2680 καὶ
3512 2634 3607 2681 τῶν
3640 2624 3793 2679 ἄλλων

2208 2722 2369 2794 ψῆφον
2400 2724 2667 2794 ἐξενεγκεῖν
2696 2722 2928 2793 ἐννόμως.
2957 2722 3014 2780 ἣν
3034 2722 3178 2781 αὐτὸς
3202 2721 3513 2793 παρανόμως
3541 2725 3665 2777 κατὰ
3696 2726 3791 2775 τῶν

2209 2816 2285 2869 ἐπ’
2299 2814 2456 2870 οὐδενὶ
2486 2818 2909 2889 κατεγνωσμένων
2938 2812 3097 2868 ἴθετσ
3131 2814 3261 2889 ὕπερ
3294 2812 3346 2867 δέ
3376 2821 3469 2869 τοῦ
3498 2821 3585 2873 τήν
3610 2815 3792 2868 ἐκείνου

2208 2911 2514 2982 προπέτειαν
2550 2911 2872 2984 μακροθυμίᾳ
2910 2916 3137 2967 νικῆσαι,
3174 2910 3216 2960 εἰ
3243 2911 3324 2961 καὶ
3354 2906 3430 2962 ὅτι
3468 2909 3691 2978 μάλιστα
3720 2906 3793 2962 δι·

2208 3006 2360 3061 καίως
2386 2996 2443 3055 ἂν
2466 3000 2653 3055 ἔπαθεν
2676 3002 2795 3055 αὐτὸ
2816 3005 2895 3054 καὶ
2920 3001 3159 3071 ἐννόμως,
3182 3006 3518 3077 τετηρήκαμεν
3546 3008 3607 3074 τῇ
3627 3003 3793 3074 κρίσει

524 3103 704 3148 autem
761 3092 907 3145 illius
953 3087 1312 3143 temeritatem
1362 3084 1613 3153 patientia
1657 3086 1930 3151 vinceret,
1980 3086 2096 3139 licet

2209 3104 2298 3154 τῆς
2322 3104 2417 3153 σῆς
2444 3094 2730 3152 θεοσεϐείας
2757 3098 3031 3147 καὶτοῦτο·
3065 3093 3192 3153 τέως
3224 3089 3411 3152 αὖτοὺς
3433 3092 3792 3153 άκοινωνήτονς

514 3187 656 3257 iuste
695 3184 797 3239 hoc
829 3190 1105 3253 pateretur
1135 3189 1191 3235 et
1220 3177 1462 3247 legitime
1487 3217 1502 3242 ,
1530 3179 1866 3232 servavimus
1896 3178 2102 3247 judicio

516 3276 831 3334 reverentim
878 3284 980 3328 tua:
1020 3274 1139 3328 hoc.
1190 3271 1408 3327 Interim
1448 3286 1544 3327 eos
1569 3271 1686 3325 sine
1716 3273 2101 3327 communione

516 3370 748 3423 fecimus
772 3410 785 3433 ,
815 3373 1159 3434 amputantes
1192 3362 1301 3417 illis
1330 3378 1546 3418 omnem
1578 3370 1894 3432 potestatem
1925 3378 2105 3417 sacer-

520 3459 753 3513 dotalem
779 3497 793 3519 ,
826 3464 885 3509 ut
914 3455 1119 3508 nullum
1150 3455 1358 3523 possint
1388 3455 1585 3509 laedere
1612 3471 1707 3524 per
1733 3470 1857 3509 suas
1886 3462 2104 3509 sentcn-

518 3548 640 3603 tias.
678 3546 769 3599 Eis
798 3546 940 3598 enim
968 3545 1059 3613 qui
1090 3545 1159 3597 ita
1190 3543 1447 3598 ferociter
1473 3555 1527 3599 et
1556 3546 1849 3600 crudeliter
1888 3555 1941 3601 et
1966 3562 2098 3600 cou-

522 3651 600 3694 tra
623 3653 857 3693 canones
881 3638 1091 3692 irruere
1115 3636 1293 3691 solent
1314 3636 1379 3690 ad
1411 3636 1678 3708 pessimus
1699 3649 1752 3692 et
1774 3638 2099 3693 saevissimas

516 3746 632 3798 res,
674 3730 944 3802 quomodo
989 3746 1096 3784 non
1133 3740 1248 3785 erat
1289 3731 1689 3795 necessarium,
1724 3740 1747 3777 ε
1785 3747 1944 3797 quam
1991 3746 2095 3784 non

516 3824 858 3889 habuissent,
884 3822 1123 3878 adimere
1152 3822 1385 3877 laedendi
1411 3822 1779 3893 potestatem?

585 3918 637 3971 5.
670 3915 948 3971 Fratribus
975 3916 1136 3985 igitur
1168 3915 1368 3970 nostris
1398 3926 1452 3969 et
1480 3916 1871 3970 comministris
1892 3914 2098 3985 Cyrillo

513 4018 569 4067 et
596 4008 886 4075 Memnoni,
937 4014 1028 4077 qui
1075 4007 1143 4060 ab
1191 4007 1271 4061 eis
1318 4008 1693 4061 sustinuerunt
1738 4006 2010 4076 injuriam,
2044 4020 2097 4066 et

513 4099 998 4158 communicatores
1020 4111 1210 4152 omnes
1232 4112 1439 4163 sumus,
1463 4105 1518 4153 et
1538 4109 1657 4167 post
1686 4097 1903 4153 illorum
1930 4111 2097 4158 teme-

512 4194 725 4250 ritatem
759 4188 786 4228 ιι
817 4188 1239 4245 ministravimus
1265 4204 1387 4244 cum
1414 4190 1517 4255 eis,
1546 4198 1602 4245 et
1627 4189 1787 4244 simul
1813 4191 2095 4247 ministra-

2206 3191 2534 3251 ποιήσαντες,
2558 3188 2643 3239 καὶ
2674 3186 2987 3260 περιελόντες
3010 3186 3173 3238 αὐτῶν
3191 3190 3365 3239 πᾶσαν
3396 3186 3625 3248 ἐξουσίαν
3647 3184 3789 3259 ἱερα-

2202 3284 2365 3342 τικὴν,
2398 3280 2527 3331 ὥστε
2552 3283 2620 3348 μὴ
2644 3275 2889 3331 δύνασθαι
2910 3276 3152 3347 βλάπτειν
3176 3275 3241 3331 δι’
3254 3278 3443 3330 οἰκείων
3470 3279 3784 3350 ἀποφάσεων.

2203 3374 2331 3427 Τοὺς
2370 3376 2468 3443 γὰρ
2509 3368 2671 3428 οὕτως
2718 3369 2905 3439 ἀγρίως
2950 3372 3033 3421 καὶ
3074 3370 3277 3427 ἀπηνῶς
3323 3371 3408 3421 καὶ
3454 3371 3789 3427 ἀκανονίστως

2206 3469 2396 3535 χωρεῖν
2434 3461 2667 3519 εἰωθότας
2698 3462 2777 3514 ἐπὶ
2804 3462 2871 3514 τά
2900 3460 3033 3513 οὕτω
3064 3458 3199 3514 δεινά
3232 3464 3316 3512 καὶ
3353 3463 3663 3531 παγχάλεπα
3690 3467 3790 3514 τῶν

2203 3556 2574 3629 πεπραγμένων
2600 3596 2612 3616 ,
2655 3562 2762 3614 πῶς
2801 3556 2887 3607 οὐκ
2929 3551 2985 3612 ἦν
3025 3556 3289 3626 ἀναγκαῖον
3330 3557 3416 3607 καὶ
3456 3557 3554 3625 οὐχ
3594 3556 3789 3613 ἑκόντας

2203 3649 2508 3723 παρελέσθαι
2537 3657 2626 3707 τῆς
2649 3654 2737 3702 τοῦ
2768 3645 3009 3702 δύνασθαι
3036 3647 3280 3716 βλάπτειν
3308 3647 3573 3710 ἐξουσίας’

2271 3931 2388 3984 Τοῖς
2416 3927 2503 3995 μὲν
2532 3920 2621 3978 οὖν
2648 3923 2880 3999 ἀδελφοῖς
2908 3927 3050 3997 ὑμῶν
3096 3930 3177 3980 καὶ
3225 3925 3662 4003 συλλειτουργοῐς,
3696 3940 3787 3979 Ευ-

2198 4015 2348 4089 ρίλλῳ
2376 4036 2429 4070 τε
2459 4024 2531 4089 τῷ
2581 4017 2842 4088 ἐπισκόπῳ
2884 4021 2965 4072 καὶ
3018 4020 3247 4090 Μέμνονι,
3300 4028 3405 4079 τοῖς
3450 4020 3571 4093 παρ’
3618 4021 3789 4075 αὐτῶν

2198 4111 2531 4183 ὑπομείνασιν
2582 4111 2763 4186 ὕϐριν,
2822 4115 2901 4166 καὶ
2948 4117 3219 4167 κοινωνικοὶ
3266 4115 3452 4173 πάντες
3490 4115 3654 4182 ἐσμὲν,
3704 4114 3790 4165 καὶ

2199 4204 2327 4272 μετά
2364 4208 2454 4261 τήν
2504 4203 2701 4255 ἐκείνων
2750 4204 3060 4277 προπέτειαν
3109 4203 3662 4279 συνελειτουργήσαμεθ
3707 4205 3787 4256 καί

510 4301 652 4354 mus,
672 4280 1029 4340 communiter
1046 4296 1235 4337 omnes
1259 4282 1707 4353 congregationes
1729 4282 2090 4353 celebrantes;

2204 4294 2719 4371 συλλειτουργοῦμεν,
2776 4304 2912 4367 κοινῇ
2963 4297 3145 4355 πάντες
3203 4299 3297 4356 τάς
3346 4298 3577 4359 συνάξεις
3621 4293 3785 4350 ἔπιτε·

508 4388 829 4437 evacuantes
859 4394 922 4434 ex
955 4377 1157 4448 scripto
1204 4377 1417 4433 illorum
1464 4379 1668 4444 lusum,
1702 4393 1862 4449 quem
1895 4380 2091 4436 invali-

510 4475 635 4532 dum
666 4484 721 4530 et
746 4473 937 4529 effectu
958 4481 1233 4528 carentem
1257 4473 1693 4529 monstravimus.
1719 4472 1918 4543 Injuria
1940 4477 2083 4533 enim

584 4596 609 4624 ι
649 4585 867 4641 Rectius
888 4626 902 4650 ,
934 4584 989 4638 id
1016 4594 1411 4655 pratexuerunt.

580 4657 607 4695 δ
635 4659 764 4732 Ιέθε.
803 4657 1102 4732 ἐθάρσησεν.

582 4740 605 4769 ε
637 4727 902 4785 Grzecum'
930 4728 1154 4782 verbum
1203 4727 1435 4795 postulat
1479 4740 1914 4796 prasumpserunt
1942 4746 1961 4783 :
1991 4729 2088 4785 sed

510 4802 611 4857 hoc
634 4815 701 4856 ex
729 4800 1169 4868 interpretatione
1192 4799 1381 4854 Latina
1406 4799 1787 4869 corrigendum
1812 4814 1934 4856 esse
1965 4814 2087 4856 ora-

510 4873 671 4928 tionis
696 4871 865 4925 series
894 4870 1203 4938 persuadet.

579 4942 606 4979 ά
653 4942 801 4998 Seu:
861 4939 1032 4994 Praua
1082 4941 1387 4995 conscientia
1434 4941 1706 4995 deterritus
1757 4951 2085 5010 praesentiam

508 5029 668 5085 suam_
684 5013 900 5085 negavit.

581 5094 604 5122 ε
636 5082 765 5148 Seu,
789 5084 899 5153 {ore
924 5091 979 5137 ut
1007 5082 1127 5137 hac.

583 5156 603 5195 ί
631 5155 848 5211 Littera:
869 5155 994 5211 dum
1019 5154 1187 5210 haeret
1207 5154 1496 5225 interpres,
1520 5158 1736 5213 concilii
1760 5158 2088 5215 sententiam

507 5228 729 5285 involvit
769 5229 980 5296 penitus
1012 5241 1109 5280 nec
1147 5226 1281 5281 satis
1310 5227 1557 5297 explicat.
1604 5230 1716 5283 Hoc
1759 5239 1937 5282 autem
1985 5229 2087 5283 sibi

507 5302 662 5358 vult:
691 5298 858 5354 Nobis
905 5298 1071 5371 igitur
1106 5300 1180 5352 rei
1224 5298 1530 5369 indignitate
1569 5302 1856 5364 commotis,
1905 5301 2085 5353 merito

506 5373 710 5444 quidem
738 5370 999 5444 placuerat
1029 5370 1279 5444 ejusmodi
1300 5372 1353 5423 in
1384 5372 1542 5444 illurn
1555 5384 1606 5444 et
1636 5372 1766 5424 alios
1788 5370 2089 5444 sententiam

506 5439 784 5499 secundum
815 5441 949 5513 leges
979 5439 1237 5509 proferre,
1271 5441 1562 5513 cujusmadi
1598 5444 1704 5513 ipse
1735 5452 1913 5513 contra
1945 5443 2079 5512 leges

506 5516 563 5570 in
590 5532 673 5571 eos
700 5514 785 5584 qui
816 5512 1013 5584 nullius
1036 5513 1262 5565 criminis
1294 5512 1506 5584 convicti
1534 5512 1654 5566 sunt
1682 5512 1888 5566 tulerat.

578 5597 604 5635 ε
629 5588 685 5643 Si
711 5583 979 5655 vulgatam
1002 5583 1284 5638 lectionem
1306 5583 1548 5655 Graecam
1571 5599 1878 5651 sequamur,
1902 5585 2078 5654 legen-

508 5655 780 5726 dum_erit,
805 5654 882 5708 vel
910 5655 1347 5726 iiwitisgadimere.
1376 5654 1444 5726 ᾼι
1468 5671 1571 5726 non
1595 5657 1701 5726 ορχ
1728 5655 1955 5719 ἑκόντας,
1980 5654 2076 5709 sed

510 5728 604 5787 οὐκ
630 5723 847 5793 ἔχοντας
874 5732 1056 5779 noster
1086 5723 1351 5793 interpres
1377 5723 1524 5792 legit,
1548 5723 1874 5793 suliragante
1896 5728 1942 5781 ei
1968 5739 2075 5780 uno

2200 4388 2418 4447 λοῧντες”
2465 4391 2821 4464 ἀκυρώσαντες
2879 4389 3140 4461 ἐγγράφως
3194 4391 3259 4443 τά
3308 4392 3503 4443 ἐκείνων
3539 4392 3781 4462 παίγνια,

2191 4480 2457 4555 ἁνίσχυρά
2495 4500 2548 4535 τε
2579 4483 2659 4534 καί
2690 4478 2884 4555 ἀδρανῆ
2922 4489 3180 4541 παντελῶς
3211 4483 3577 4555 άποφῂναντες.
3608 4480 3784 4557 Ὕϐρις

2200 4605 2302 4643 ms.
2350 4588 2523 4661 regio,
2556 4589 2607 4643 in
2642 4605 2746 4656 quo
2775 4589 2963 4644 eadem
3000 4589 3158 4645 lectio
3199 4590 3326 4645 olim
3360 4608 3386 4644 a
3425 4593 3593 4661 prima
3624 4606 3782 4648 manu

2196 4659 2462 4732 exstabat.
2490 4660 2617 4732 Eam
2640 4661 2961 4732 confirmant
2980 4661 3312 4730 etsubjecta,
3335 4665 3385 4717 in
3404 4659 3593 4732 quibus
3620 4661 3782 4718 etfre-

2197 4731 2281 4785 nis
2301 4730 2612 4785 earumdem
2638 4731 2851 4786 licentia
2868 4733 2919 4785 in
2938 4734 3275 4799 proferendis
3292 4730 3575 4788 sententiis
3588 4736 3783 4789 adver-

2193 4817 2286 4874 sus
2311 4816 2405 4856 eos
2433 4803 2491 4874 in»
2511 4818 2638 4871 quos
2660 4819 2760 4856 non
2784 4802 2966 4856 habent
2999 4812 3292 4874 potestatem
3323 4805 3498 4859 denuo
3519 4806 3781 4874 carpitur.

2274 4870 2304 4909 ιι
2334 4872 2562 4942 Supple,
2609 4889 2734 4942 quos
2781 4870 3033 4943 deponere
3088 4876 3201 4929 ausi
3227 4883 3367 4928 sunt.
3416 4870 3630 4929 Deinde
3664 4885 3786 4944 post

2193 4945 2413 5000 verbum
2438 4944 3103 5009 ministravimus,subaudi
3124 4947 3173 4998 in
3196 4947 3425 4999 ecclesia.
3460 4947 3560 4999 Ista
3585 4947 3782 5005 clarius

2195 5016 2338 5070 omni
2369 5015 2716 5083 ambiguitate
2749 5027 2950 5070 remota
2977 5017 3055 5068 sic
3081 5016 3401 5070 elTerreutur
3436 5034 3448 5067 ι
3480 5017 3643 5071 sacris
3673 5035 3781 5073 una

2197 5103 2310 5140 cum
2338 5087 2407 5139 eis
2430 5087 2623 5155 operati
2645 5103 2843 5156 sumus,
2865 5096 2911 5139 et
2933 5085 3105 5138 adhuc
3124 5102 3415 5155 operantur,
3440 5090 3782 5144 communiter

2195 5157 2418 5211 universi
2440 5173 2660 5227 synaxes
2678 5159 2889 5227 (quibus
2912 5156 2975 5209 ad
2999 5156 3297 5212 fundendas
3320 5173 3506 5227 preces
3528 5167 3583 5212 et
3610 5161 3783 5214 sacri-

2197 5228 2376 5299 ﬁcium
2413 5226 2521 5282 Deo
2550 5226 2883 5299 offerendum
2917 5228 3194 5299 conveniri
3223 5226 3397 5299 solet)
3437 5229 3778 5297 celebrantes,

2195 5315 2308 5353 cum
2339 5298 2544 5352 ludicra
2564 5298 2774 5352 illorum
2800 5299 2991 5370 scripta
3013 5298 3424 5370 ubroyassemus,
3449 5300 3779 5370 invalidisque

2196 5387 2256 5424 ac
2275 5387 2486 5441 prorsus
2512 5370 2662 5441 irrita
2684 5378 2729 5423 et
2757 5368 2901 5423 nulla
2926 5368 3424 5441 pronuntiassemus.
3452 5369 3612 5425 Gesta
3654 5386 3777 5437 quae

2187 5440 2422 5512 synodus
2467 5440 2731 5510 Ephesiua
2779 5455 2919 5512 nunc
2965 5440 3175 5512 ludicra
3214 5452 3398 5509 vocat,
3447 5441 3497 5494 in
3546 5443 3776 5508 epistola

2186 5511 2251 5566 ad
2287 5516 2641 5580 imperatores
2672 5511 2906 5582 appellat
2936 5511 3210 5582 nugatoria
3229 5553 3255 5582 ,_
3273 5527 3586 5578 persuasum
3617 5513 3773 5569 vide-

2186 5584 2329 5710 licft.
2355 5583 2561 5639 habens
2609 5597 2672 5638 ea
2710 5580 2786 5637 ab
2815 5580 3083 5652 episcopis
3124 5580 3350 5637 minime
3399 5583 3540 5638 serio
3570 5583 3777 5654 patrari

2186 5669 2252 5712 DO
2281 5668 2450 5712 uisse.

2185 5669 2450 5724 pomisse.
