3982 6182
823 277 1040 335 EPIST.
1082 277 1201 333 XX.
1245 272 1491 333 SYNODI
1536 269 1895 328 EPIIESIN/E
1935 269 2027 323 AD
2062 261 2537 323 C(ELESTILVUM
2580 262 2827 318 PAPAM.

3374 262 3479 318 522

236 395 555 457 solummodo
568 401 706 459 erat,
731 402 784 447 et
806 391 950 446 aliud
974 390 1131 445 nihil.
1148 389 1261 444 Viri
1282 389 1425 443 enim
1451 383 1787 441 solummodo

1920 383 1987 457 sip
2018 381 2141 452 μόνη
2171 382 2256 433 καὶ
2281 379 2449 454 ἕτερον
2479 376 2615 430 οὐδὲν
2637 374 2789 434 ἦσαν.
2816 370 3023 449 ’Ἄνδρες
3044 379 3143 449 γὰρ
3166 378 3248 430 τὸν
3272 379 3482 450 ἀριθμόν

237 502 344 559 erat,
368 501 425 546 et
455 487 599 544 aliud
631 485 783 540 nihil.
810 483 920 539 Viri
941 484 1087 539 enim
1112 496 1337 536 numero
1361 480 1600 549 triginta,
1628 489 1680 533 et
1701 478 1789 531 alii

237 586 420 656 quidem
454 594 639 634 eorum
675 577 929 631 haeretica
956 575 1173 630 macula
1202 583 1228 611 ⁸
1264 572 1461 637 notati,
1496 573 1582 625 alii
1612 580 1792 625 autem

237 678 333 733 sine
356 673 656 731 civitatibus
686 680 741 727 et
766 670 949 739 ejecti,
972 668 1185 737 qualem
1210 665 1412 720 habent
1440 663 1630 733 synodi
1654 678 1785 732 per—

242 782 422 831 sonam,
450 774 539 820 aut
558 758 774 834 qualem
798 759 827 799 ιι
859 760 1113 814 virtutem
1146 766 1337 812 contra
1368 755 1634 827 synodum
1666 770 1795 810 con-

239 868 479 931 gregatam
519 873 583 912 ex
611 854 760 911 omni
788 853 919 907 orbe
948 852 1039 922 qui
1066 851 1168 905 sub
1196 850 1334 904 coelo
1362 849 1481 904 est?
1518 847 1798 904 Consede-

237 963 338 1008 runt
356 953 499 1009 enim
528 950 807 1005 nobiscum
836 956 890 1002 et
917 946 1007 1016 qui
1037 961 1066 998 a
1098 955 1185 999 tua
1215 942 1503 997 sanctitate
1529 941 1789 996 destinati

233 1052 340 1098 sunt
371 1039 788 1098 reverentissimi
828 1038 1067 1107 episcopi
1098 1034 1360 1091 Arcadius
1399 1043 1452 1089 et
1483 1034 1785 1104 Projectus,

234 1143 281 1191 et
311 1150 423 1191 cum
462 1136 540 1190 eis
576 1131 947 1188 sanctissimus
987 1128 1268 1199 presbyter
1300 1127 1575 1197 Philippus
1595 1168 1609 1192 ,
1639 1136 1781 1180 tuam

232 1228 367 1283 nobis
396 1226 731 1297 praesentiam
762 1239 859 1294 per
888 1237 949 1277 se
978 1221 1267 1289 donantes,
1294 1228 1350 1274 et
1370 1219 1679 1288 apostolica:
1704 1234 1789 1271 se-

232 1319 305 1374 dis
338 1321 502 1376 locum
540 1319 833 1388 replentes.
868 1314 1182 1384 Indiguetur
1211 1327 1340 1382 ergo
1364 1321 1451 1366 tua
1481 1323 1501 1349 ε
1534 1326 1789 1364 reveren-

231 1411 291 1466 tia
316 1421 679 1481 competenter
702 1422 803 1478 pro
831 1406 919 1462 bis
942 1422 1059 1475 qua:
1087 1406 1220 1459 facta
1249 1414 1394 1457 sunt.
1423 1403 1481 1458 Si
1506 1402 1646 1458 enim
1672 1402 1793 1456 data

230 1502 375 1559 fuerit
406 1500 718 1559 volentibus
748 1499 964 1555 licentia
1011 1506 1063 1553 et
1093 1497 1329 1565 majores
1369 1494 1528 1549 sedes
1586 1493 1797 1563 injuriis

223 1591 248 1633 ⁴¹
273 1594 504 1663 afﬁcere,
530 1604 585 1650 et.
606 1602 793 1648 contra
827 1591 1027 1646 eos°in
1054 1589 1249 1659 quibus
1282 1603 1388 1641 non
1416 1587 1617 1640 habent
1645 1593 1795 1655 pote-

225 1696 434 1755 statem,
461 1695 651 1742 contra
681 1684 828 1754 leges
849 1682 926 1736 sic
949 1690 1003 1737 et
1023 1690 1209 1736 contra
1232 1693 1471 1734 canones
1506 1676 1523 1715 ί
1553 1676 1796 1747 proferre

1894 479 2189 553 τριάκοντα.
2230 477 2313 527 καί
2356 474 2398 526 οἱ
2437 474 2527 540 μὲν
2581 471 2827 542 αἱρέσεως
2870 470 3034 540 σπί).ῳ
3079 474 3478 542 κατεστιγμένοι,

1895 570 1939 623 oi
1968 567 2020 623 δὲ
2049 566 2283 625 ἀπόλιδες
2322 568 2407 620 καί
2446 563 2813 634 ἐκϐεϐλημένοι,
2845 568 2989 613 ποῖον
3032 559 3224 630 ἔχουσι
3263 560 3482 615 συνόδου

1894 661 2200 736 πρόσωπον;
2227 658 2258 716 ἣ
2286 659 2433 710 ποίαν
2464 658 2629 725 ἰσχύν
2650 654 2783 709 κατὰ
2808 651 3022 706 συνόδου
3050 656 3484 727 συγκροτηθείσης

1894 751 1947 815 ἐξ
1989 752 2196 809 ἀπάσης
2224 757 2315 807 τῆς
2344 748 2427 801 ὑπ’
2458 746 2701 821 ούρανόνς
2745 742 3092 818 συνήδρευσαν
3121 746 3221 817 γὰρ
3250 748 3373 815 ἡμῖν
3400 748 3485 800 καί

1898 846 1944 898 oi
1982 846 2125 919 παρά
2177 851 2268 901 τῆς
2316 840 2576 899 ὁσιότητος
2618 848 2709 898 τῆς
2765 847 2860 898 σῆς
2902 839 3269 908 ἀπεσταλμένοι
3310 842 3484 894 θεοσε-

1900 937 2139 989 ϐέστατοι
2178 938 2463 995 ἐπίσκοποι,
2494 930 2753 1006 Ἀρκάὂιος
2800 934 2884 983 καί
2923 931 3221 1003 Προΐεκτος,
3269 935 3353 985 καὶ
3390 934 3484 986 σύν

1898 1030 2073 1087 αὐτοῖς
2104 1028 2129 1080 ό
2174 1026 2538 1082 congio-raro;
2581 1023 2935 1099 πρεσϐύτερος
2973 1024 3236 1088 Φίλιππος,
3268 1028 3360 1081 τὴν
3389 1027 3483 1081 σήν

1900 1126 2014 1193 ἡμῖν
2045 1122 2338 1196 παρουσίαν
2379 1116 2443 1171 δι’
2472 1117 2669 1171 ἑαυτῶν
2722 1116 3071 1191 χαριζόμενοι.
3121 1118 3205 1168 καὶ
3232 1123 3325 1174 τῆς
3355 1117 3483 1169 ἁπο-

1898 1217 2137 1274 στολικῆς
2168 1212 2407 1287 καθέδρας
2436 1213 2518 1267 τόν
2546 1211 2696 1266 τόπον
2733 1210 3155 1284 ἀναπληροῦντες.
3188 1218 3485 1280 ’Λγανακτη-

1899 1312 2040 1363 σάτω
2088 1312 2255 1362 τοίνυν
2294 1305 2591 1380 προσφόρως
2648 1305 2733 1357 ἐπί
2787 1310 2895 1361 τοῖς
2951 1304 3291 1374 γεγενημένοις
3346 1304 3375 1360 ἡ
3417 1308 3484 1359 σή

1898 1397 2121 1458 ὁσιότης.
2181 1401 2236 1451 Ei
2277 1399 2373 1469 γάρ
2417 1394 2578 1452 δοθείη
2620 1402 2726 1453 τοῖς
2770 1394 3014 1447 ἐθέλουσιν
3060 1390 3205 1446 ἄδεια
3254 1394 3336 1446 καί
3364 1396 3484 1451 τοὺς

1897 1494 2130 1562 μείζονας
2173 1489 2398 1564 ὑϐρίζειν
2439 1489 2665 1562 θρόνους,
2719 1490 2805 1540 καὶ
2861 1486 2967 1539 καθ’
3012 1482 3077 1539 ὧν
3122 1488 3213 1539 ούκ
3262 1483 3485 1555 ἔχουσιν

1901 1584 2157 1646 ἐξουσίαν.
2199 1581 2522 1652 παρανόμους
2565 1580 2700 1634 οὕτω
2748 1582 2830 1633 καὶ
2878 1582 3233 1641 ἀκανονίστους
3270 1581 3485 1655 ἐκφέρειν

1899 1674 2118 1745 ψήφους,
2154 1676 2339 1743 μᾶλλον
2370 1671 2421 1726 δὲ
2453 1673 2648 1745 ὕϐρεις,
2694 1675 2778 1725 καὶ
2815 1680 2919 1731 τοῖς
2949 1673 3081 1745 ύπέρ
3111 1681 3200 1731 τῆς
3231 1673 3485 1732 εὐσεϐείας

218 1780 534 1844 seritentias,
568 1776 737 1846 magis
764 1785 943 1828 autem
974 1772 1222 1843 injurias,
1256 1778 1309 1825 et
1340 1771 1421 1823 his
1442 1769 1532 1839 qui
1558 1784 1653 1839 pro
1685 1769 1795 1837 pie-

1920 1771 2182 1825 τοσούτους
2230 1764 2411 1819 ἆθ).ους
2453 1763 2902 1833 ύπομεμςνηκόσιν,
2945 1761 3009 1816 ὧν
3064 1764 3222 1817 ἕνεκεν
3277 1767 3363 1818 καὶ
3398 1770 3487 1817 νῦν

220 1879 331 1925 tate
369 1879 449 1925 tot
487 1869 778 1924 certamina
818 1865 1211 1929 sustinuerunt,
1247 1871 1272 1909 ε
1315 1872 1533 1931 pr0pter
1570 1874 1704 1931 quos
1744 1871 1797 1913 et

220 1977 365 2016 nunc
416 1960 583 2031 pietas
612 1974 705 2029 per
746 1967 939 2013 vestrae
975 1952 1298 2011 reverentia:
1339 1955 1610 2006 orationes
1640 1950 1795 2006 eil‘ul-

220 2055 327 2120 sit,
371 2053 526 2108 ibunt
564 2052 629 2106 ad
671 2051 909 2105 ultimam
949 2048 1324 2121 confusionem
1370 2044 1625 2099 Ecclesim
1688 2059 1795 2098 res.

210 2145 502 2217 Castigatis
538 2154 715 2199 autem
755 2142 1053 2199 secundum
1093 2153 1391 2209 congruum
1425 2136 1643 2189 modum
1674 2136 1796 2190 talia

212 2240 539 2295 audentibus
565 2238 778 2293 vacabit
807 2236 984 2291 omnis
1013 2233 1269 2297 turbatio,
1295 2241 1349 2286 et
1376 2230 1683 2286 condeceiis
1709 2244 1795 2285 ca-

209 2332 444 2387 nonibus
474 2330 775 2386 reverentia
809 2329 875 2382 ab
904 2327 1153 2382 omnibus
1182 2324 1509 2379 servabitur.

275 2423 331 2480 6.
364 2422 550 2477 Lectis
577 2437 706 2477 vero
736 2420 791 2474 in
822 2428 1006 2475 sancta
1037 2417 1244 2489 synodo
1281 2416 1447 2486 gestis
1488 2430 1609 2485 qua:
1649 2415 1794 2469 celer

207 2514 360 2570 brata
404 2522 537 2570 sunt
573 2513 628 2567 in
657 2510 1052 2582 depositionem
1094 2507 1521 2577 irreligiosorum
1552 2505 1801 2574 Pelagia-

211 2622 404 2662 norum
439 2616 498 2661 et
526 2603 942 2660 leestinorum
965 2642 978 2664 ,
1008 2598 1248 2655 leestii
1269 2639 1285 2665 ,
1320 2598 1549 2668 Pelagii,
1579 2596 1800 2664 Juliaiii,

212 2698 499 2762 Presidii,
528 2696 696 2762 Flori,
721 2693 1072 2756 Marcelliani,
1093 2688 1122 2728 ιι
1144 2691 1374 2757 Oroniii,
1406 2700 1459 2744 et
1494 2690 1685 2743 similia
1726 2690 1805 2743 eis

214 2791 230 2828 ί
254 2789 628 2860 sapientibus.
647 2800 933 2843 censemus
951 2794 1005 2840 et
1032 2800 1129 2839 nos
1150 2783 1325 2837 valida
1348 2792 1402 2837 ct
1427 2782 1580 2836 ﬁrma
1611 2779 1805 2849 perdu-

203 2896 334 2938 rare
366 2896 500 2951 quae
526 2879 744 2934 deﬁnita
776 2877 994 2933 fuerunt
1032 2891 1062 2931 a
1094 2887 1181 2931 tua
1219 2876 1553 2938 reverentia,
1585 2882 1641 2929 et
1672 2890 1804 2929 con-

204 2973 473 3030 sentanei
512 2985 698 3026 sumus
736 2972 787 3024 in
830 2970 1098 3025 sententia
1138 2982 1360 3031 omnes,
1399 2967 1675 3034 depositos
1713 2981 1808 3019 eos

200 3066 511 3124 habentes.
556 3066 625 3122 Ut
665 3075 846 3119 autem
885 3062 1097 3131 integre
1136 3062 1314 3115 omnia
1356 3073 1651 3128 cognoscas
1690 3073 1808 3126 qua:

1899 1864 1929 1919 ἡ
1960 1861 2187 1914 εὐσέϐεια
2218 1858 2300 1915 διὰ
2330 1866 2431 1911 τῶν
2461 1858 2629 1924 εὐχῶν
2652 1864 2742 1915 τῆς
2774 1864 2868 1915 σῆς
2897 1855 3157 1916 ὁσιότητος
3179 1856 3481 1928 ἀνέλαμψεν,

1901 1953 2178 2021 οἰχήσεται
2234 1951 2358 2026 πρὸς
2417 1949 2650 2015 ἐσχάτην
2706 1948 2913 2009 ἀταξίαν
2969 1949 3031 2000 τὰ
3071 1956 3160 2005 τῆς
3216 1949 3487 2009 ἐκκλησίας

1900 2044 2201 2117 πράγματα.
2235 2042 2663 2114 Σωφρονισθέντων
2695 2036 2747 2091 δὲ
2786 2039 2888 2091 καθ’
2928 2036 2981 2091 όν
3022 2045 3272 2111 προσήκει
3300 2038 3488 2113 τρόπον

1900 2138 1966 2191 τὰ
2014 2142 2224 2190 τοιαῦτα
2253 2133 2647 2203 τετο)μηκότων,
2695 2134 2909 2205 ἀργήσει
2936 2137 3040 2190 πᾶς
3071 2133 3313 2205 θόρυϐος,
3346 2136 3429 2186 καὶ
3459 2138 3489 2191 ri

1899 2232 2172 2305 πρέπουσα
2201 2237 2305 2288 τοῖς
2342 2228 2539 2282 κανόσιν
2570 2224 2723 2284 αἰδὼς
2770 2229 2913 2301 παρά
2944 2226 3145 2280 πάντων
3175 2227 3481 2284 σωθήσεται.

1974 2415 2415 2485 Ἀναγνωσθὲντων
2446 2411 2499 2467 δὲ
2529 2414 2576 2465 ἐν
2606 2419 2669 2487 τῇ
2699 2410 2820 2485 ἁγίᾳ
2848 2410 3040 2483 συνόδῳ
3068 2419 3168 2465 τῶν
3196 2412 3488 2485 ὑπομνημά-

1903 2532 2003 2563 των
2033 2516 2130 2562 τῶν
2159 2508 2529 2583 πεπραγμένων
2571 2509 2655 2559 ἐπί
2693 2513 2755 2575 τῇ
2804 2507 3093 2582 καθαιρέσει
3140 2514 3239 2561 τῶν
3278 2509 3491 2562 ἀνοσίων

1905 2603 2218 2672 Πελαγιανῶν
2249 2606 2333 2656 καὶ
2362 2602 2717 2665 Κελεστιανῶν,
2761 2602 3043 2659 Iuleo-rion.
3077 2601 3337 2672 Πελαγίου,
3367 2610 3493 2655 ἰου-

1904 2694 2092 2757 λιανοῦ,
2140 2692 2419 2765 Περσιόίου,
2452 2694 2684 2765 Φλώρου,
2725 2693 3077 2767 Μαρκελλίνου,
3123 2694 3377 2767 Ὀρεντίου
3408 2699 3494 2748 καὶ

1907 2796 2006 2843 τῶν
2025 2790 2090 2841 τὰ
2109 2791 2241 2843 αύτά
2262 2790 2458 2845 τούτοις
2482 2787 2813 2860 φρονούντων,
2847 2783 3210 2855 ὶδικαιὼσαμεν
3235 2788 3319 2839 καί
3345 2788 3497 2856 ἡμεῖς

1908 2883 2112 2954 ἰσχυρά
2142 2885 2227 2934 καὶ
2257 2881 2440 2949 βέϐαια
2472 2881 2631 2947 μένειν
2660 2878 2727 2930 τά
2770 2874 2849 2929 ἐπ’
2877 2879 3044 2937 αὐτοῖς
3075 2879 3327 2949 ὡρισμένα
3353 2882 3497 2954 παρὰ

1910 2982 2003 3033 τῆς
2045 2983 2138 3031 σῆς
2166 2972 2474 3029 θεοσεϐείας.
2512 2972 2597 3021 Καὶ
2638 2966 2900 3038 σύμψηφοι
2929 2969 3113 3026 πάντες
3140 2970 3310 3039 ἐσμὲν,
3343 2972 3497 3043 καθῃ-

1915 3064 2161 3133 ρημένους
2191 3061 2399 3131 ἔχοντες
2448 3056 2657 3117 αύτούς.
2698 3055 2853 3131 ⁶Υττέρ
2893 3056 2945 3111 δὲ
2984 3058 3225 3131 ἀκριϐοῦς
3255 3062 3500 3131 εύμαθίας

196 3171 326 3216 acta
362 3165 526 3222 sunt,
560 3154 948 3209 destinavimus
976 3154 990 3201 l
1028 3160 1200 3219 gesta.
1233 3148 1300 3201 Et
1328 3148 1656 3219 subscriptio.
1687 3146 1805 3200 Sal-

1920 3156 2143 3207 ἀπάντων
2183 3161 2282 3207 τῶν
2326 3152 2716 3221 πεπραγμένων,
2759 3150 3129 3220 ἀπεστείλαμεν
3158 3155 3240 3204 καὶ
3278 3154 3343 3207 τά
3371 3153 3499 3206 ύπο-

190 3263 328 3307 rum
368 3257 429 3300 te
458 3260 602 3305 csse.
636 3252 691 3299 ct
720 3252 777 3297 ut
809 3256 1014 3295 memor
1045 3240 1213 3293 nostri
1242 3240 1317 3292 sis
1348 3239 1401 3291 iii
1434 3238 1684 3302 Domino,
1715 3237 1810 3292 de—

183 3349 544 3412 precamur,
568 3331 917 3387 dilectissime
939 3340 990 3384 ct
1012 3328 1528 3384 desiderantissime.
1560 3328 1810 3384 Subscri-

184 3434 452 3487 nserunt
471 3433 531 3479 et
546 3424 798 3495 deinceps
815 3435 1003 3477 omnes
1017 3421 1253 3491 episcopi
1273 3420 1568 3475 secundum
1589 3437 1805 3479 nomen.

1916 3250 2149 3317 μνήματα
2180 3250 2262 3298 καὶ
2290 3248 2383 3303 τὰς
2411 3244 2705 3320 ὑπογραφάς
2745 3250 2835 3301 τῆς
2866 3240 3100 3296 συνόδου.
3133 3244 3413 3317 Ἐῥρῶσθαί
3440 3266 3498 3300 σε

1916 3341 2003 3391 καί
2032 3340 2353 3408 μνημονεύειν
2379 3339 2517 3406 ἡμῶν
2555 3342 2628 3407 τῷ
2669 3335 2826 3407 κυρίῳ
2856 3333 3126 3405 εὐχόμεθα,
3158 3336 3387 3409 ἀγαπητὶ
3416 3342 3502 3392 καὶ

1916 3431 2257 3485 ποθεινότατε.

1214 3515 1521 3572 MONITUM
1561 3516 1627 3572 IN
1667 3518 2048 3579 EPISTOLAM
2088 3522 2526 3591 SEQUENTEM,

1404 3604 1559 3651 ειρυε
1597 3605 1865 3649 δυιικειιε
1908 3608 2330 3651 AliCTORITA'I'ES.

270 3668 330 3723 1.
388 3663 481 3719 De
506 3662 729 3717 veritate
751 3660 993 3730 cpistola:
1021 3658 1165 3714 nulla
1187 3672 1268 3714 est
1294 3661 1815 3719 controversia.Non

273 3787 306 3817 ι
334 3774 519 3842 Scil.,
542 3771 825 3845 .Pelagiani
853 3779 900 3827 et
930 3770 1242 3828 Calestiam.

273 3848 306 3889 δ
342 3849 499 3915 Leg.
530 3854 848 3915 potestatem.

277 3930 303 3959 α
340 3914 855 3988 Apisticolaum,
887 3916 977 3984 qui
1029 3916 1171 3988 hunc
1198 3917 1373 3971 locum
1404 3918 1565 3985 epist.
1593 3914 1627 3970 8
1665 3916 1818 3987 citat,

202 3987 428 4062 religio,
470 3988 757 4062 nulloiilio
786 3988 842 4062 in
866 3989 1078 4042 cmteris
1108 3987 1439 4043 discrimine.

276 4057 326 4100 (Γ
347 4061 557 4122 Forte,
590 4057 858 4127 aﬂiciendi.

280 4144 306 4171 °
338 4133 492 4200 Leg.
530 4132 581 4180 in
608 4146 755 4192 quos.

280 4202 304 4243 ι
340 4198 495 4271 Leg.
540 4198 833 4277 proferendi
864 4202 1168 4277 sententias,
1194 4213 1279 4256 aut
1312 4204 1482 4269 potius
1511 4206 1751 4277 injurias.

276 4284 305 4351 ς
336 4268 586 4351 Ita-ms.
615 4270 819 4351 Bellog.
849 4268 951 4323 Alii
977 4284 1381 4351 veroquatuor,
1406 4268 1621 4344 quoriini
1646 4294 1824 4331 causa.

277 4344 309 4383 ὶι
335 4342 733 4421 Nostri_mss.,
760 4338 1207 4421 Laureiitii._Aliis
1231 4346 1280 4421 iii
1308 4338 1455 4399 libris
1479 4348 1543 4399 ad
1576 4350 1829 4402 imitatio-

204 4435 331 4476 nem
359 4413 794 4487 Grzt‘ci‘tex‘tus,
821 4412 1039 4487 Urentii.
1064 4415 1413 4487 Indiibitatuin
1437 4429 1520 4471 cst
1543 4419 1825 4487 legendum

205 4505 332 4544 esse
368 4483 625 4557 Ui-qntii,
651 4482 717 4535 de
743 4483 1161 4557 qiio_Nesto_r_ius
1181 4500 1339 4553 supra
1360 4482 1633 4557 scribebat
1666 4491 1822 4557 epist.

205 4560 238 4615 6
263 4579 319 4613 ii.
345 4560 373 4614 1
406 4576 420 4611 :
450 4555 718 4609 Julianus
742 4552 944 4621 quidem
962 4563 1008 4606 et
1036 4551 1613 4623 Florits,re10rontius,
1645 4551 1830 4611 et'Fa-

1924 3668 2098 3723 solum
2126 3676 2299 3721 exstat
2337 3665 2389 3719 in
2416 3664 2823 3719 collectionibus
2850 3664 3091 3735 Dionysii
3141 3663 3353 3735 Esigui,
3399 3665 3504 3721 lla-

1920 3782 2079 3851 epist.
2115 3782 2182 3835 I3
2226 3782 2435 3834 iteratis
2464 3779 2580 3846 ejus
2622 3777 2973 3851 petitionibus
3000 3780 3367 3851 satisfaciens.
3403 3784 3505 3839 hoc

1923 3848 2086 3907 unum
2116 3869 2169 3905 n.
2201 3853 2233 3905 8
2264 3850 2551 3918 respondet
2585 3869 2596 3901 :
2628 3848 2741 3901 Hos
2766 3864 2964 3916 quoque
2989 3848 3273 3914 hereticos,
3301 3852 3365 3904 de
3386 3856 3505 3919 qui.

1925 3923 2014 3975 bus
2038 3940 2150 3985 nos,
2182 3922 2312 3976 velut
2340 3938 2516 3975 eorum
2546 3936 2659 3987 qua:
2683 3928 2823 3989 gesta
2850 3930 2967 3970 sunt
2994 3920 3211 3981 nescius,
3244 3924 3509 3978 consulere

1923 3994 2148 4057 voluisti,
2168 3994 2370 4046 sedibus
2384 3994 2487 4045 suis
2502 3993 2694 4055 iniusta
2708 3990 2928 4041 dicentes
2941 3990 3282 4056 justaexpulit
3296 3990 3509 4048 damna-

1928 4066 2031 4129 tio;
2063 4068 2150 4118 tibi
2182 4066 2318 4117 sicut
2353 4072 2407 4117 et
2438 4065 2486 4116 iii
2516 4062 2799 4125 subncxis,
2833 4060 2965 4113 Iiiltil
2994 4059 3208 4129 quidem
3242 4063 3362 4115 novi
3389 4078 3417 4114 a
3450 4079 3509 4120 se

1931 4138 2195 4190 adversus
2227 4136 2541 4204 Pelagianos
2564 4143 2770 4203 gestum
2800 4135 2881 4185 vel
2904 4132 3178 4186 decretum
3219 4146 3507 4201 memorat,

1932 4209 2026 4260 sed
2052 4208 2182 4261 satis
2210 4207 2372 4259 habet
2402 4222 2462 4258 ea
2497 4206 2548 4258 iii
2581 4215 2813 4258 mentem
2841 4218 3092 4257 revocare
3121 4215 3267 4271 gesta
3298 4211 3507 4273 vetera,

1931 4293 2050 4346 quin
2106 4278 2351 4347 ignorare
2402 4276 2681 4330 Nestorius
2737 4276 3032 4343 nequibat,
3086 4290 3205 4347 qua:
3257 4274 3513 4332 decessor

1935 4348 2103 4413 ipsius
2155 4349 2383 4402 Sisiiiius
2414 4361 2657 4416 quaerere
2690 4360 2792 4397 non
2833 4350 3006 4413 eguit,
3039 4346 3242 4416 quibus
3273 4354 3327 4399 et
3351 4358 3513 4401 antea

1934 4419 2149 4472 Articus
2173 4414 2475 4471 assentieiis
2502 4417 2568 4469 de
2595 4416 2861 4469 damnatis
2892 4431 2919 4465 a
2946 4429 3005 4468 se
3038 4414 3335 4481 Pelagianis
3358 4429 3508 4486 gesta

1936 4487 2158 4541 Romam
2191 4489 2486 4541 direxerat.
2520 4486 2633 4539 Non
2666 4486 2766 4538 alio
2799 4486 2955 4553 igitur
2980 4487 3243 4540 adversus
3265 4486 3510 4555 Pelagia-

1936 4573 2035 4612 nos
2062 4570 2213 4627 geSia
2240 4559 2292 4611 iii
2319 4557 2581 4624 Eplicsina
2605 4560 2809 4625 synodo
2839 4559 2969 4627 lecta
2994 4555 3186 4627 merito
3210 4558 3509 4623 videantur,

206 4635 321 4685 bius
347 4672 364 4696 ,
434 4629 681 4698 dicentes
734 4602 789 4677 ἕο
835 4602 1246 4698 Οεείάεηιαιίιιηί
1286 4628 1507 4697 partium
1536 4602 1832 4698 episcopos;
1862 4602 1913 4661 D
1938 4602 2273 4697 quariivvqt-tze'
2304 4602 2655 4681 εὼιεέίίιῖίιζ

207 4713 263 4758 et
285 4694 464 4772 epist.
494 4698 533 4751 7
572 4694 763 4772 :_Stepe
784 4696 967 4765 scripsi
992 4694 1295 4772 beatitudini
1315 4711 1413 4772 tua;
1435 4694 1639 4772 propter
1661 4694 1834 4752 Julia-

206 4766 362 4832 nimi.
396 4767 699 4824 Urontium
728 4773 1033 4839 etcreteros.
1066 4766 1198 4839 Huic
1220 4768 1441 4839 Urontjo
1469 4766 1722 4839 iiiScripta
1752 4778 1836 4824 est

206 4842 485 4912 epistola,
549 4835 1046 4912 quam_Ai_iiiianns
1098 4838 1574 4912 insignis__PeIagii
1629 4835 1833 4894 assecla

206 4907 476 5040 Riiiiiiliis
538 4907 772 4963 Joannis
799 4907 1169 4980 Chrysostomi
1221 4910 1272 4963 in
1328 4909 1632 4963 Mattlneum
1697 4927 1834 4978 pra:-

251 4996 355 5039 sit.

251 4988 355 5039 sit.

291 5056 308 5129 ξ
346 5048 696 5129 Legendum
724 5059 797 5102 est
822 5050 1148 5119 sapientium,
1183 5049 1284 5105 nisi
1308 5051 1461 5105 malis
1483 5061 1530 5105 ct
1550 5068 1723 5106 eorum
1751 5054 1840 5121 qui

209 5128 405 5181 eadem
441 5128 710 5177 sentiunt.

286 5197 302 5247 i
349 5198 504 5264 Qua:
540 5193 659 5264 sint
684 5191 772 5243 illa
795 5189 862 5264 de
884 5190 1183 5264 Pelagianis
1210 5200 1379 5258 gesta,
1406 5207 1524 5258 qua:
1549 5194 1599 5247 in
1630 5193 1839 5261 synodo

206 5261 490 5327 recitata,
521 5262 682 5332 etab
712 5261 897 5315 eadem
924 5264 1127 5315 lirmaia
1157 5263 1238 5315 Isle
1261 5266 1530 5327 tIiCitttlnt‘,
1558 5267 1836 5332 qnznritiir.

206 5339 517 5394 Ηυητῆςιις
558 5330 828 5395 Νοτιδὶιιε,
860 5333 949 5383 lib.
990 5348 1024 5386 ιι
1067 5334 1204 5387 Ili-t.
1238 5332 1419 5401 Pelag.
1448 5350 1495 5388 c.
1528 5330 1587 5392 9.
1611 5334 1734 5387 inde
1766 5334 1845 5386 in-

207 5413 316 5464 Iert
348 5405 642 5461 nonnulla
669 5422 694 5453 a
725 5400 1017 5457 Caelestino
1041 5406 1305 5470 publicata
1332 5400 1498 5459 fuisse
1522 5414 1694 5474 gesta,
1720 5419 1841 5473 qua:

210 5490 564 5550 temporius}
596 5474 786 5533 injuria
812 5476 1199 5550 interciderunt.
1228 5482 1293 5527 At
1324 5476 1627 5543 hujusnioili
1652 5488 1837 5545 gesto-

208 5546 349 5605 rum'
382 5548 482 5603 vel
522 5546 869 5599 tiecreloruni
900 5546 1225 5599 Ilmlestiuus
1271 5563 1531 5614 nusquam
1572 5550 1838 5609 meminit,

207 5625 391 5676 etiam
441 5634 589 5673 cuin
622 5631 808 5668 eorum
858 5617 1057 5668 mentio
1103 5618 1199 5684 ipsi
1248 5618 1555 5672 necessario
1601 5620 1841 5672 laciciida

208 5694 572 5747 videbatur.
606 5686 817 5755 Quippe
844 5702 873 5755 ξι
908 5685 1154 5740 Nestorio
1180 5689 1344 5742 semel
1372 5700 1423 5740 et
1456 5693 1647 5742 iterum
1677 5690 1841 5741 immo

204 5776 270 5821 et
290 5778 453 5836 sape
488 5768 723 5826 rogatus
748 5754 816 5811 de
840 5754 1141 5827 Pelagianis
1161 5760 1289 5828 quid
1311 5760 1646 5814 sentiendum
1674 5769 1839 5822 esset,

538 5850 818 5913 Pas-non.
867 5851 936 5931 ξ..

1941 4696 2348 4753 commemorat.
2386 4698 2587 4751 Eodem
2633 4696 2822 4749 attinet
2863 4696 2991 4749 illud
3034 4696 3281 4765 Prosperi
3324 4709 3511 4753 contra

1941 4769 2135 4823 Collat.
2165 4786 2214 4822 ι’.
2246 4774 2306 4822 :.'l
2349 4786 2403 4822 ii.
2440 4768 2509 4840 5_8
2539 4785 2566 4840 :A
2586 4765 2691 4840 Per
2720 4767 2853 4840 hunc
2896 4768 3061 4819 virum
3088 4769 3510 4840 (Caelestinum)

1942 4843 2093 4893 etiam
2124 4839 2409 4892 Orientales
2442 4836 2689 4891 Ecclesia?
2722 4838 2925 4905 gemina
2958 4848 3095 4903 peste
3124 4851 3353 4905 purgata
3372 4836 3514 4905 sunt",

1943 4912 2148 4979 quando
2166 4907 2359 4980 Cyrillo
2376 4896 2745 4980 Alexandrini,
2758 4908 2893 4959 urbis
2914 4896 3133 4980 antistiti
3149 4896 3513 4980 gloriosissimo

1946 4982 2066 5049 ﬁdei
2095 4978 2361 5033 cat/(oliva:
2396 4980 2652 5047 defensori
2680 4979 2747 5029 ad
2774 4978 3109 5031 exsecandam
3156 4979 3207 5031 Ν
3212 4984 3515 5036 estori'anain

1946 5053 2253 5122 i_titpielalein
2280 5050 2563 5120 apostolico
2590 5050 2872 5122 aitxiliatiis
2899 5060 2970 5101 est
3010 5049 3202 5118 gladio,
3232 5069 3332 5122 quo
3364 5054 3518 5106 etiam

1947 5120 2251 5189 Pelagiani,
2285 5126 2409 5173 dum
2450 5123 2676 5187 cognatis
2722 5120 3188 5187 confwderarentur
3236 5120 3519 5189 erroribus,

1944 5195 2126 5246 iterum
2176 5202 2636 5258 prosternerentur.
2689 5190 2888 5243 Eodem
2940 5190 3134 5258 quippe
3183 5201 3425 5259 tempore
3464 5206 3522 5248 et.

1944 5265 2168 5331 epistola
2190 5265 2254 5315 ad
2274 5263 2530 5332 Cyrillum
2557 5278 2655 5330 qua
2687 5260 2913 5313 Nestorii
2935 5276 3147 5314 errores
3169 5262 3517 5331 damnantur,

1943 5347 1997 5387 et
2026 5336 2253 5403 epistola
2281 5338 2342 5385 ait
2371 5334 2513 5386 hunc
2538 5332 2948 5386 tiicrcsiarcliaio
2983 5348 3085 5398 qua
3111 5332 3521 5401 Pelagianorum

1945 5405 2219 5457 damnatio
2248 5406 2617 5464 coolirnizitur,
2647 5420 2674 5455 a
2707 5404 3001 5456 Ctelestiuo
3027 5406 3346 5471 censerime
3370 5414 3521 5459 sunt.

1946 5475 2323 5529 'fillemontiiis
2353 5486 2459 5527 toni
2495 5474 2638 5537 XIII,
2670 5490 2788 5541 pag.
2824 5473 2951 5537 752,
2984 5489 3087 5525 non
3121 5476 3219 5527 alia
3249 5477 3523 5541 existima,

1945 5558 2093 5616 gesta
2121 5546 2589 5616 Ephesirecitaia,
2612 5546 2708 5599 nisi
2732 5546 2851 5611 ejus
2873 5543 3063 5613 synodi
3092 5544 3370 5613 Romana),
3394 5558 3524 5614 quat

1949 5615 2271 5685 prirsidentc
2299 5615 2535 5680 Zosimo,
2592 5617 2832 5684 Pelagius
2878 5628 2931 5668 et
2972 5616 3258 5670 C(elcSIius
3303 5617 3528 5673 iterum!

1950 5704 2183 5756 cumque
2213 5691 2292 5742 eis
2323 5688 2567 5742 Julianus
2616 5699 2664 5740 et
2718 5688 2848 5742 socii
2898 5688 3133 5741 damnati
3164 5699 3217 5743 et
3246 5703 3275 5741 ι
3307 5690 3525 5758 sedibu,

1951 5760 2062 5815 suis
2094 5760 2265 5813 abacti
2300 5771 2443 5813 sunt.

3002 5856 3071 5919 17
