3982 6182
299 294 401 356 535

1272 298 1588 359 ΜΟΝΠὌΜ
1624 299 1695 358 ΙΝ
1733 297 2124 362 EPISTOLAM
2164 301 2604 371 SEQUENTEM.

301 418 351 471 in
383 413 642 490 confesso
668 422 770 484 est,
801 427 920 490 cum
953 413 1532 490 horumcapitulorum
1564 416 1885 490 compilatgr
1911 419 1960 478 Α
1991 426 2208 490 etiame
2238 415 2412 490 xcysto
2439 415 3014 490 pontificeﬁugustini
3043 417 3301 490 doctrina
3323 422 3581 490 probare-

300 486 590 558 postromis
640 486 880 555 opusculi
923 485 1005 540 sui
1046 486 1226 558 verbis
1271 493 1497 541 testetur
1543 502 1605 541 ac
1643 485 1787 550 velit,
1818 485 1886 543 Ut

298 556 507 629 prorsus
561 573 663 609 non
713 561 982 628 opinemur
1037 556 1346 610 catholicum
1396 558 1534 624 quod
1586 559 1886 629 apparuerit

300 631 526 699 pra-fixis
557 630 818 680 sententiis
841 645 952 699 esse
981 629 1314 699 contrarium.

369 698 422 754 ὓ.
470 699 793 752 Paschasius
824 697 1148 764 Qttesnellus
1182 697 1606 753 lucubrationem
1639 699 1885 755 eamdem

306 786 424 840 qua:
453 767 674 823 lndicnli
710 769 926 822 nomine
949 769 1015 840 ab
1047 784 1110 822 eo
1138 769 1368 840 donatur
1396 769 1562 824 Leoni
1587 769 1882 840 vindicans,

305 839 450 893 Suam
477 857 534 893 ea
566 840 633 893 de
667 856 720 893 re
743 839 1068 893 sententiam
1092 839 1308 908 exponit
1333 840 1412 894 his
1440 842 1701 894 verbiszA
1719 839 1886 908 Leone

303 919 619 979 compactum
651 927 757 964 esse
785 910 1200 978 compendiosum
1240 909 1376 963 hunc
1403 909 1697 964 [ridiculum
1740 927 1886 979 pror-

302 999 388 1034 sus
415 983 668 1046 existimo,
698 998 801 1053 non
832 996 895 1032 ex
918 997 1024 1053 quo
1053 981 1404 1053 ponti/iratum
1452 983 1622 1053 gessit,
1655 984 1743 1034 sed
1796 999 1888 1046 per

302 1053 356 1104 id
382 1062 578 1114 tempus
598 1069 700 1120 quo
725 1051 926 1104 diaconi
948 1051 1269 1105 solummodo
1300 1051 1515 1122 fungens
1539 1068 1760 1113 munere,
1777 1054 1886 1106 Coe-

304 1124 488 1200 lestino
510 1123 740 1200 pontiﬁci
770 1137 936 1200 rerum
967 1121 1424 1200 ecclesiasticarum
1456 1123 1682 1196 minister
1709 1123 1881 1189 olfuit.

307 1189 691 1282 ylerutti’si.re's
721 1189 877 1282 itanse
897 1191 1147 1282 haberet,
1180 1193 1308 1282 quid
1361 1193 1884 1282 vc‘taret‘quotninus

308 1263 445 1321 idem
488 1265 756 1319 lndiculus
795 1262 1090 1318 Ccelestino
1139 1263 1540 1318 ascriberetur?
1585 1262 1742 1318 Certe
1785 1279 1883 1319 usu

310 1335 449 1390 venit
477 1345 535 1390 ιιι
565 1336 814 1392 minister
840 1333 931 1400 qtti
961 1332 1158 1400 aliquid
1199 1338 1518 1388 auctoritate
1568 1334 1709 1389 illius
1759 1338 1883 1390 facit

304 1410 389 1460 cui
413 1407 857 1470 ministrat,opus
885 1403 1012 1457 illud
1035 1419 1141 1456 non
1170 1404 1401 1471 sibi,sed
1425 1406 1472 1459 ei
1505 1405 1595 1474 qui
1630 1407 1884 1473 praecepit

302 1479 584 1531 attribuat.
615 1477 886 1542 Quocirca
917 1486 969 1528 et
996 1476 1083 1544 qui
1113 1476 1270 1530 alicui
1299 1477 1364 1528 ab
1384 1476 1628 1544 epistolis
1659 1487 1760 1539 est,
1796 1477 1881 1530 lit-

303 1559 448 1602 teras
471 1564 605 1614 quas
630 1546 771 1600 illius
799 1545 949 1614 jussu
978 1547 1186 1610 scribit,
1221 1562 1325 1600 non
1357 1562 1478 1610 suo,
1513 1545 1606 1599 sed
1645 1548 1766 1613 eius
1797 1549 1883 1603 cui

302 1619 577 1672 tninistrat
603 1619 824 1671 nomine
855 1616 1114 1670 inscribit.
1147 1617 1220 1670 Ita
1247 1616 1410 1671 etiam
1455 1618 1740 1683 prmdietus
1799 1619 1882 1672 ln-

299 1688 536 1753 diculns,
572 1689 616 1741 si
640 1703 763 1742 eum
792 1687 898 1741 Leo
921 1695 1184 1756 tamquam
1209 1686 1485 1743 Caelestiui
1521 1689 1570 1740 in
1600 1689 1760 1743 rebus
1796 1703 1886 1744 ec-

303 1758 626 1850 lclesialsticis
663 1758 904 1850 minister
948 1774 1232 1850 aggressus
1279 1758 1556 1850 esu-huic
1587 1773 1736 1850 papm
1777 1759 1881 1839 'tri-
1915 1791 1960 1850 Β

307 1830 558 1884 buendus
604 1828 721 1884 ftiit.
773 1828 902 1882 llinc
947 1841 1002 1883 et
1048 1829 1304 1883 adversus
1353 1829 1509 1882 istam
1557 1831 1879 1884 sententiam

305 1900 537 1954 redeunt
566 1912 871 1970 argumenta
901 1903 1202 1967 superiora,
1239 1901 1432 1966 quibus
1456 1901 1592 1953 hanc
1633 1900 1887 1956 lucubra-

305 1971 510 2026 tionem
542 1987 709 2040 neque
730 1972 781 2024 in
810 1973 1159 2025 (Zmlestinum
1192 1986 1366 2032 neque
1395 1973 1445 2024 in
1495 1985 1611 2036 ειυς
1642 1980 1880 2040 tempora

301 2043 596 2098 canvenire
648 2043 1054 2110 comprobatum
1112 2049 1211 2095 est.
1263 2041 1375 2098 Hoc
1418 2043 1592 2110 ipsum
1624 2041 1884 2097 subnexis

295 2114 554 2168 contirma
565 2115 756 2168 bimus.

371 2184 425 2238 7.
475 2184 615 2240 Idem
646 2185 961 2250 opusculum
994 2183 1234 2250 plerique
1261 2183 1349 2236 alii
1375 2181 1644 2250 Prospero
1666 2183 1880 2253 adjudi-

292 2269 420 2310 cant
449 2256 653 2323 :primo
677 2258 797 2325 quia
833 2257 882 2308 iu
917 2269 982 2308 eo
1011 2255 1254 2322 quzedatn
1279 2256 1545 2308 sermonis
1573 2269 1633 2308 ac
1662 2268 1882 2308 senten-

299 2327 500 2382 tiarum
557 2341 678 2380 cum
723 2327 934 2380 caeteris
981 2325 1222 2393 ejusdem
1289 2325 1508 2389 scriptis
1560 2325 1882 2381 observatur

292 2398 606 2452 consensio.
632 2397 835 2451 Deinde
864 2395 1052 2451 eadem
1085 2410 1301 2462 prorsus
1320 2395 1636 2462 Innocentii,
1657 2396 1876 2463 Zosimi,

291 2466 780 2534 Africanorumqne
825 2468 1174 2521 conciliorum
1210 2469 1528 2530 testimonia,
1564 2469 1758 2536 quibus
1792 2469 1878 2522 tii-

291 2549 484 2594 tuntur
516 2538 734 2592 lndiculi
761 2539 997 2606 prtedicti
1031 2537 1336 2601 sementim,
1363 2539 1595 2607 Prosper
1636 2540 1687 2592 in
1739 2538 1878 2595 libro

288 2621 481 2665 contra
514 2611 834 2665 Collatorem
862 2609 1094 2678 profert;
1124 2609 1256 2680 adeo
1288 2619 1344 2662 tit
1381 2625 1501 2679 qua}
1548 2609 1791 2680 pluribus
1821 2611 1876 2666 in

290 2681 399 2737 hoc
422 2681 563 2736 libro
586 2681 970 2745 edisseruerat,
999 2682 1051 2732 in
1083 2685 1182 2733 isto
1227 2679 1466 2734 lndiculo
1507 2679 1688 2748 paucis
1748 2697 1875 2750 per-

288 2755 564 2821 stringere
592 2753 830 2806 voluisse
864 2751 1221 2804 videatur.Ad
1263 2752 1396 2819 lucc,
1431 2767 1496 2805 eo
1518 2753 1745 2806 consilio
1765 2753 1877 2806 col-

289 2822 468 2878 lectus
495 2830 580 2878 est
612 2823 881 2877 Intliculus
904 2825 1026 2887 iste,
1049 2831 1105 2875 ut
1131 2822 1389 2877 adversus
1420 2839 1514 2876 eos
1539 2825 1624 2891 qui
1655 2823 1876 2889 obloqui

288 2895 597 2965 Augustino
628 2911 734 2949 non
763 2895 1118 2958 desiStehant,
1144 2896 1272 2947 tanti
1305 2894 1561 2965 doetoris
1614 2895 1874 2965 memoria

288 2963 684 3020 vindicaretur.
721 2967 1000 3032 Augustini
1031 2976 1210 3017 autem
1249 2964 1508 3019 adversus
1558 2979 1728 3018 novos
1758 2963 1875 3030 ejus

285 3038 716 3108 reprehensores
767 3035 1087 3090 defendendi
1137 3049 1330 3108 curam
1370 3035 1588 3108 speciali
1644 3035 1872 3108 quadam

283 3102 505 3162 raiionc
556 3123 582 3159 a
617 3107 882 3175 Prospero
924 3114 1226 3175 susceptam
1261 3103 1424 3156 fuisse
1475 3104 1631 3175 [idem
1667 3102 1874 3175 faciunt

1993 497 2098 542 tur.
2134 486 2286 562 Unde
2310 497 2364 541 et
2394 488 2617 562 subjicit
2644 486 2832 562 (Numl
2865 488 2985 562 tiO):
3023 489 3172 562 Quod
3203 508 3260 544 ne
3282 486 3578 562 hgpocrita-

1991 576 2108 632 rum
2131 559 2416 632 obtineatur
2438 558 2758 632 _i_itsidiis'A(ut
2797 559 2920 613 scil.
2969 561 3249 632 novissimi
3289 558 3578 632 A'ugustini

1991 630 2121 704 libri
2145 630 2213 704 ab
2239 629 2540 704 apostolica
2583 628 2711 704 sede
2743 644 2847 704 non
2879 631 3085 699 probati
3129 628 3578 704 existimentur),

1989 699 2296 764 conﬁdimus
2335 701 2541 774 Domini
2571 699 2904 774 protectione
2930 703 3280 774 maritandum
3303 745 3318 770 ,
3353 714 3408 774 ut
3437 699 3578 774 quod

1991 783 2228 839 operatus
2253 782 2328 824 est
2357 775 2409 824 in
2433 769 2758 841 Innocentio,
2783 769 3008 834 Zosimo,
3032 769 3320 841 Bonifacio,
3349 769 3576 830 Caelesti~

1991 857 2074 930 no,
2097 854 2333 920 operetur
2353 839 2660 930 elﬁbelﬂq
2671 859 2693 909 ;
2709 852 2760 898 et
2782 845 2831 896 in
2855 842 3101 925 custodia.
3113 839 3389 930 ρριηὶηἱρί⁸
3405 848 3576 930 gregis

1989 911 2097 964 haec
2127 911 2187 970 sit
2217 930 2336 982 pars
2358 914 2537 982 gloria:
2560 911 2682 966 huic
2729 921 2930 967 servata
2959 913 3190 982 pontiﬁci
3206 955 3218 975 ,
3253 926 3310 968 ut
3345 911 3474 970 sicut
3493 911 3576 974 illi

1989 984 2139 1054 lupos
2180 983 2393 1053 abegere
2439 983 2768 1054 manifestos,
2807 984 2890 1054 ita
2930 985 3010 1036 hic
3057 985 3277 1054 depellat
3325 987 3576 1044 occultos.

1989 1052 2122 1124 Tum
2154 1052 2336 1124 igitur,
2366 1065 2421 1106 nt
2451 1053 2678 1124 Xystum
2707 1053 2772 1108 ad
2802 1053 2856 1108 id
2888 1052 3249 1124 praestandum
3295 1056 3576 1120 induceret

1988 1123 2217 1198 facilius,
2252 1122 2548 1198 lndiculurn
2581 1124 2816 1198 tesni~se
2846 1122 3042 1198 merito
3071 1126 3347 1198 credatur,
3381 1127 3435 1182 in
3466 1144 3574 1198 qun

1987 1192 2310 1270 doctrinam,
2340 1211 2500 1270 quam
2523 1194 2573 1248 in
2607 1195 2911 1270 novissimis
2941 1197 3164 1270 Augusti
3197 1192 3577 1270 librisargue-

1989 1264 2114 1338 bant
2146 1264 2462 1338 adversarii,
2489 1268 2883 1338 praeteritorum
2916 1264 3228 1334 apostolica:
3259 1269 3403 1323 sedis
3435 1264 3577 1338 firma

1986 1337 2160 1389 solum
2187 1337 2595 1391 deﬁnitionibus
2624 1347 3040 1392 consentaneam
3068 1353 3188 1392 esse
3223 1337 3577 1396 demonStra‘

1987 1414 2092 1478 tur.
2129 1409 2280 1462 lluoc
2312 1423 2471 1478 porro
2502 1407 2805 1462 lndicnlum
2832 1423 2862 1461 a
2895 1407 3064 1478 Xysto
3093 1409 3163 1463 ita
3194 1409 3576 1469 conﬁrmatum

1985 1474 2174 1549 fuisse,
2210 1477 2430 1549 utquod
2459 1478 2731 1549 expressis
2764 1478 2817 1532 in
2848 1494 2912 1533 eo
2943 1474 3193 1549 capitulis
3222 1479 3291 1535 de
3317 1482 3486 1547 gratia
3519 1489 3578 1542 et

1989 1546 2161 1620 libero
2199 1548 2422 1620 arbitrio
2479 1548 2704 1620 traditur
2745 1546 3023 1620 deinceps
3055 1551 3270 1620 propria
3317 1546 3578 1608 Ecclesia!

1988 1617 2519 1693 “Ullitiliie‘doﬂl‘illtt
2539 1611 2834 1693 evaderet;
2875 1611 3138 1693 adeoque
3154 1611 3486 1691 'Prosperum
3519 1623 3576 1681 id

1986 1689 2129 1756 quod
2158 1689 2225 1743 de
2254 1689 2345 1742 illo
2379 1690 2633 1758 pontiﬁce
2662 1689 2975 1758 speraverat
3003 1689 3232 1748 feliciter
3263 1689 3578 1750 assecutum

1988 1774 2131 1832 esse,
2166 1759 2366 1814 indicio
2415 1775 2538 1814 esse
2570 1769 2742 1832 potest
2772 1759 2914 1832 quod
2958 1761 3244 1832 iiormisda
3275 1765 3436 1832 epist.
3470 1764 3572 1819 122

1991 1829 2058 1882 ad
2092 1828 2465 1884 Possessorem
2513 1829 2699 1884 scribit
2730 1847 2741 1881 :
2789 1830 2870 1883 De
2899 1829 3107 1885 arbitrio
3140 1828 3494 1890 tamen-libero
3525 1846 3573 1889 et

1989 1901 2159 1970 gratia
2182 1898 2424 1972 _D_ei_quid
2458 1899 2713 1972 Romana,
2754 1900 2808 1952 id
2834 1911 2906 1955 est
2930 1903 3215 1971 catholica,
3249 1916 3490 1972 sequatur
3511 1919 3575 1959 ac

1989 1967 2145 2045 servet
2175 1967 2436 2045 Ecclesia,
2489 1969 2606 2024 licet
2651 1971 2704 2045 in
2749 1972 3090 2045 rarii_s__libris
3123 1967 3262 2045 beati
3296 1967 3572 2045 Augustini

1989 2041 2149 2108 possit
2179 2043 2516 2117 cognosc_i,_et
2538 2043 2754 2117 ntaxiute
2773 2043 2844 2117 ad
2864 2041 3130 2097 Hilarium
3162 2057 3206 2097 et
3231 2041 3571 2117 Prosperum,

1989 2122 2154 2166 tamen
2169 2121 2214 2167 et
2234 2115 2284 2166 in
2296 2112 2496 2166 scriniis
2515 2113 2870 2167 ecclesiasticis
2894 2129 3154 2169 sxrnesss
3171 2112 3426 2170 cart'ruu
3449 2112 3574 2169 con;

1985 2184 2226 2238 tinentur.
2257 2182 2371 2238 Non
2397 2184 2540 2238 enim
2567 2185 2664 2238 alia
2693 2184 2776 2238 hic
2802 2185 3032 2251 capitula
3062 2187 3238 2238 notari
3265 2187 3574 2253 intelligunt

1985 2255 2206 2322 eruditi,
2242 2256 2341 2310 nisi
2369 2271 2487 2323 quae
2534 2255 2584 2308 in
2615 2253 2856 2310 indiculo
2889 2267 3076 2309 nostro
3119 2270 3377 2325 expressa
3421 2267 3573 2314 sunt.

1985 2326 2128 2380 Sane
2155 2325 2557 2398 causamcujus
2588 2327 2975 2396 componendae
2998 2326 3170 2398 gratia
3211 2329 3575 2386 concinnatus

1985 2409 2067 2451 est
2098 2405 2281 2452 noster
2308 2395 2580 2452 lndiculus
2623 2413 2651 2451 a
2697 2395 3020 2454 Ctelestino'
3047 2398 3251 2452 linitatn
3301 2414 3406 2453 non
3447 2414 3571 2456 esse

1983 2476 2166 2536 aperte
2195 2468 2355 2524 docet
2401 2467 2634 2538 Prosper
2664 2469 2713 2522 in
2750 2471 2966 2524 laudato
2995 2468 3134 2525 libro
3164 2481 3350 2526 contra
3391 2470 3573 2526 Colla.

1985 2548 2153 2610 torem
2185 2556 2303 2607 cap.
2344 2539 2452 2606 22,
2510 2540 2597 2594 ubi
2639 2540 2706 2593 de
2750 2542 3028 2610 Augustini
3081 2540 3570 2610 reprehensoribua

1982 2608 2123 2665 istud
2154 2611 2428 2682 adjungit:
2471 2611 2702 2682 Quorum
2730 2608 2919 2677 tamen,
2953 2613 3079 2666 dum
3106 2608 3277 2667 adhuc
3318 2631 3418 2667 non
3445 2620 3569 2668 sunt

1979 2698 2010 2732 (ι
2039 2685 2268 2754 fraterna
2289 2681 2528 2736 societate
2546 2681 2717 2745 divisi,
2738 2682 3005 2754 toleranda
3033 2684 3212 2754 magis
3225 2693 3297 2737 est
3325 2685 3568 2750 intentio,

1980 2769 2129 2822 quam
2159 2752 2478 2816 desperanda
2526 2753 2808 2806 correctio:
2858 2764 2912 2805 ut
2962 2751 3131 2805 donec
3178 2751 3429 2806 Dominus
3475 2769 3570 2822 per

1985 2817 2227 2894 Ecclesite
2258 2824 2509 2894 principes
2537 2834 2581 2876 et
2613 2823 2862 2892 legitimos
2878 2823 3198 2894 judiciorum
3239 2837 3448 2875 suorum
3471 2817 3568 2877 ini-

1979 2896 2165 2946 nistros
2187 2893 2316 2955 lucc,
2341 2892 2456 2961 qua:
2485 2908 2574 2960 per
2613 2892 2894 2962 paucorum
2932 2892 3227 2959 superbiam
3250 2902 3568 2958 etquorum‘

1981 2964 2100 3015 dam
2134 2965 2443 3029 imperitiam
2481 2971 2598 3016 sunt
2650 2963 2874 3027 turbata,
2902 2970 3214 3030 componat;
3259 2964 3423 3027 nobis,
3457 2963 3566 3018 Deo

1981 3036 2292 3102 adjuvante,
2319 3036 2383 3085 sit
2429 3035 2694 3096 s'udiuin,
2733 3034 2900 3102 quieta
2941 3031 3269 3102 modesteque
3315 3035 3566 3098 patientia

1980 3101 2109 3154 odiis
2143 3103 2465 3156 dilectionem
2508 3101 2735 3155 reddere.
2770 3101 2827 3155 Si
2863 3101 3008 3156 enim
3032 3101 3281 3168 princeps
3310 3103 3570 3164 Ecclesia:

283 3177 438 3231 illius
482 3187 674 3231 contra
713 3165 1038 3229 Collatoretn
1086 3165 1249 3234 liber,
1284 3187 1490 3225 necnon
1543 3173 1607 3224 ad
1640 3173 1874 3234 capitula
1902 3165 1946 3225 C
1980 3179 2035 3224 et
2059 3171 2387 3239 jndiciorum
2421 3172 2514 3226 Dei
2547 3169 2818 3241 legitimus
2866 3165 3109 3226 minister
3147 3165 3468 3229 leestinus
3495 3177 3566 3232 de

281 3246 593 3310 Gallorum,
626 3248 691 3300 ad
716 3254 939 3312 excepta
981 3241 1345 3298 Genucnsium
1375 3243 1512 3296 etad
1544 3241 1877 3312 objeCtiones

289 3316 678 3370 Vincentianas
728 3311 1004 3382 repensa.
1040 3314 1108 3368 Et
1141 3317 1274 3367 hanc
1305 3313 1520 3382 quidem
1546 3327 1731 3367 curam
1761 3311 1878 3380 ipse

280 3385 337 3440 in
376 3389 637 3453 postremi
673 3385 830 3454 hujus
859 3385 1038 3453 Operis
1084 3383 1398 3454 prmfatione
1439 3385 1539 3438 sibi
1572 3402 1596 3434 a
1636 3383 1876 3439 Romano

277 3455 550 3526 pontifice
579 3459 920 3510 commissam
953 3472 1014 3510 ac
1054 3456 1353 3522 delegatam
1385 3469 1504 3510 esse
1539 3455 1753 3520 indicat,
1783 3457 1875 3510 ubi

278 3529 448 3596 ﬁdem
466 3536 646 3600 contra
676 3527 990 3600 Pelagianos
1011 3545 1074 3582 ea:
1089 3528 1385 3600 apostolicte
1408 3527 1540 3580 sedis
1570 3526 1876 3600 auctoritate

280 3599 568 3670 defendere
597 3615 654 3655 se
699 3596 1038 3654 testificatur.
1078 3599 1211 3652 lliuc
1243 3597 1646 3670 etilliucmarus
1679 3596 1730 3650 in
1754 3598 1876 3670 epi-

280 3668 424 3725 Stola
485 3687 604 3742 quae
649 3672 822 3739 primo
871 3670 1036 3736 ipsius
1086 3670 1237 3737 operi
1287 3668 1874 3742 dePro-destinatione

280 3740 506 3810 praefixa
540 3752 644 3806 ρει,
682 3743 838 3810 paulo
883 3749 1006 3809 post
1049 3743 1278 3798 initium.
1308 3740 1372 3793 ad
1405 3741 1657 3793 Carolina
1692 3755 1871 3806 regem

279 3813 482 3867 scribit
511 3829 524 3863 :
562 3813 687 3884 Post
716 3817 832 3884 ejus
861 3810 1189 3882 (Augustini)
1219 3811 1434 3884 obitum,
1470 3811 1678 3881 quidam
1712 3811 1873 3864 invidi

283 3884 614 3955 capitulatim
645 3883 708 3950 de
738 3883 896 3951 ipsius
924 3885 1125 3955 scriptis
1146 3883 1382 3955 colligere
1420 3889 1869 3936 curaverunt......

288 3955 416 4020 Quae
447 3954 679 4008 videlicet
725 3953 1036 4009 tentulorum‘
1067 3953 1330 4007 mendacia
1380 3971 1443 4008 ex
1503 3967 1871 4008 DELEGA’I‘IONE

282 4029 429 4080 SEDIS
459 4025 705 4081 Bona-au;
734 4043 820 4095 per
847 4025 1166 4080 Ctelestinmn
1191 4041 1377 4094 papam
1407 4036 1611 4076 δειιιειηε
1646 4021 1872 4092 Prosper

281 4099 540 4150 catholico
568 4106 614 4150 et
639 4097 877 4166 prudenti
899 4100 1031 4167 stylo
1063 4098 1192 4151 falsa
1229 4107 1275 4148 et
1305 4097 1652 4166 imprudenter
1672 4095 1871 4166 objecta

281 4170 519 4224 ostendit.

350 4241 402 4308 8.
439 4237 742 4304 Caelestino
789 4238 1004 4308 quidem
1055 4238 1230 4294 adhuc
1274 4239 1586 4306 superstite,
1638 4237 1871 4306 Prosper

284 4307 536 4378 adjunctt.
574 4309 673 4363 sibi
699 4313 845 4363 socio
878 4309 1082 4363 Hilario
1115 4309 1334 4364 Romam
1378 4325 1436 4363 se
1462 4310 1787 4372 contulerat,
1814 4315 1870 4362 et

283 4383 573 4448 epismlatn
604 4380 910 4434 obtinuerat
939 4381 1005 4435 ad
1037 4382 1218 4436 Gallos
1259 4379 1452 4451 (Epist.
1489 4381 1553 4433 ‘21
1603 4397 1653 4432 τι.
1697 4380 1780 4451 2),
1812 4379 1867 4433 in

290 4466 381 4518 qua
402 4455 658 4508 laudatus
674 4452 910 4520 pontifex
928 4451 1207 4522 Augustini
1229 4449 1382 4516 τέω-«-
1394 4451 1653 4504 henstires
1667 4449 1868 4522 acriter

284 4519 800 4599 corripiens,_aiqne
825 4523 965 4599 hunc
995 4519 1274 4578 doctorem
1305 4524 1451 4574 ttulit)
1475 4519 1868 4599 utlttltttttil-dini-
1891 4539 1942 4599 ι)

286 4603 398 4647 stne
421 4588 736 4667 suspicionis
782 4596 961 4667 saltem
989 4609 1368 4667 rumoreasper
1399 4609 1513 4652 um,
1559 4593 1650 4644 sed
1685 4588 1866 4658 ubique

286 4667 468 4720 cunctis
497 4663 552 4720 et
580 4667 742 4717 amori
772 4665 930 4719 simul
959 4678 1003 4718 et
1026 4663 1209 4718 honori
1238 4663 1394 4732 fuisse
1421 4673 1668 4725 testatus,
1701 4676 1866 4732 remu-

285 4732 345 4786 lis
369 4739 482 4807 ejus
508 4735 655 4791 nihil
686 4737 972 4805 reliquisse
1011 4730 1310 4807 videbatur.
1361 4732 1632 4807 quoduipsi
1665 4730 1867 4807 objic_e_-

285 4803 420 4866 rent.
457 4808 676 4874 Verum,
711 4803 884 4875 inquit
913 4808 1144 4874 PrOSper
1171 4805 1307 4876 (Lib.
1332 4817 1465 4856 t‘ottt.
1487 4803 1687 4876 Cottat.
1717 4817 1767 4876 ρ.
1795 4803 1860 4858 2i

291 4889 340 4928 η.
371 4877 458 4948 59)
487 4921 499 4940 ,
533 4873 722 4933 contra
771 4873 922 4932 istam
965 4873 1259 4932 clarissima:
1298 4875 1608 4948 laudationis
1655 4873 1862 4948 tubam,

295 4944 460 5002 contra
482 4951 640 5003 istam
671 4951 1000 5002 sacratissimi
1033 4948 1302 5002 testimonii
1355 4947 1386 4996 d
1414 4948 1676 5011 quitatem,
1713 4944 1866 4996 audet
1906 5011 1913 5018 ο

296 5018 546 5087 quisquam
568 5021 814 5089 maligna:
834 5020 1270 5087 interpretationis
1291 5034 1388 5068 ηιιιι
1412 5033 1519 5089 .uuij
1548 5025 1790 5089 emittere,
1816 5025 1861 5068 et

287 5085 564 5156 perspicere
610 5085 1070 5158 sincerissiimegue
1121 5089 1381 5142 sententia:
1414 5087 1611 5158 nubent
1650 5085 1866 5152 obliqua:

301 5159 634 5231 qutbiguitatis
664 5163 951 5226 obtendere,
973 5157 1024 5216 ut
1045 5161 1234 5216 scilicet
1261 5160 1382 5229 quia
1405 5157 1459 5211 in
1485 5157 1702 5226 epistola
1720 5173 1867 5227 papa:

303 5223 613 5301 (catenati)
648 5233 894 5286 librorum
918 5223 979 5286 de
1006 5232 1185 5302 quibus
1223 5223 1392 5282 actum
1421 5239 1494 5281 est
1517 5223 1620 5302 non
1651 5223 1862 5302 erpres-

303 5309 382 5352 sus
401 5311 469 5355 est
491 5299 695 5370 titulus,
730 5305 846 5356 hinc
873 5320 956 5357 eos
982 5299 1170 5372 (libros
1193 5302 1282 5370 qui
1308 5303 1357 5355 in
1394 5299 1864 5372 reprehensionem

305 5374 912 5446 Yocahantur)appareat
933 5369 1032 5428 non
1059 5369 1316 5446 probatos,
1347 5381 1390 5425 et
1413 5373 1563 5424 istam
1591 5369 1868 5446 Augustini

305 5435 642 5512 laudationem
670 5435 763 5512 pro
791 5435 1108 5500 onterioruin
1135 5435 1442 5512 scriptorum
1486 5435 1691 5494 meritis
1709 5441 1865 5508 fuisse

307 5505 548 5572 collatam.
590 5505 720 5585 Quae
769 5519 987 5570 sinistra
1039 5505 1415 5585 interpretatio
1466 5528 1622 5582 quam
1682 5505 1861 5585 iniqua

307 5592 554 5655 gustuque
581 5584 784 5643 insulsa
818 5599 988 5648 esset.
1033 5602 1096 5642 ex
1130 5584 1544 5641 novissimorum
1580 5584 1864 5652 Augustini

309 5647 544 5713 librorum
576 5675 694 5713 cum
725 5647 1090 5714 anterioribus
1139 5671 1346 5712 summa
1375 5647 1732 5711 consensione
1771 5655 1869 5708 de-

312 5735 622 5800 monstrasse
646 5747 751 5800 pon
781 5739 1071 5800 contentus
1113 5729 1369 5800 PrOSper,
1412 5742 1479 5800 ne
1509 5726 1633 5800 quid
1667 5725 1862 5800 adver-

313 5795 452 5853 sariis
496 5795 803 5859 superesset
849 5799 1028 5871 eﬂugii
1056 5840 1072 5864 .
1120 5795 1386 5869 agendum
1426 5795 1528 5852 sibi
1578 5796 1774 5862 duxit,
1809 5803 1866 5850 ut

1983 3257 2041 3295 re
2080 3252 2426 3297 controversa
2456 3246 2777 3297 sententiam
2817 3243 2928 3312 jam
2975 3242 3224 3308 dixisset,
3257 3258 3321 3298 ac
3357 3244 3566 3302 diserte

1982 3313 2387 3382 pronuntiasset
2417 3331 2469 3367 se
2497 3329 2704 3380 prorsus
2732 3331 2830 3367 non
2852 3313 3056 3384 opinari
3083 3313 3389 3368 catholicum
3423 3317 3566 3385 quod

1979 3385 2282 3452 apparuerit
2310 3385 2538 3455 prd/imis
2567 3384 2640 3455 (in
2677 3385 2945 3454 lndiculo)
2980 3387 3245 3440 sententiis
3287 3402 3394 3440 esse
3439 3384 3564 3442 ean-

1979 3404 2282 3452 apparuerit
2347 3404 2538 3451 ra'pxts
2567 3404 2640 3455 (in
2677 3404 2945 3454 ltlUlCUlU)
2980 3404 3245 3440 sententiis
3287 3404 3394 3440 esse
3439 3405 3561 3442 con-

1979 3456 2215 3518 trarium,
2267 3404 2428 3523 itrjue
2459 3459 2509 3510 in
2539 3455 2728 3512 Galliis
2757 3457 3151 3527 promulgatum
3205 3467 3378 3523 esset;
3427 3459 3561 3514 nihil

1977 3535 2094 3581 erat
2119 3541 2217 3580 cur
2249 3526 2482 3596 Prosper
2507 3527 2574 3582 de
2606 3528 2670 3581 iis
2695 3530 2782 3652 qui
2816 3526 3007 3600 placita
3044 3528 3312 3596 przedictis
3343 3538 3561 3586 senten-

1978 3597 2066 3650 tiis
2095 3599 2366 3652 contraria
2396 3601 2529 3652 tueri
2560 3614 2664 3652 non
2733 3600 3014 3652 esinebant
3045 3609 3151 3652 tam
3199 3601 3335 3652 bene
3369 3616 3561 3652 snera-

1978 3597 2066 3650 tiis
2095 3599 2366 3652 contraria
2396 3601 2529 3671 tueri
2560 3614 2664 3652 non
2697 3597 3014 3655 desinebant
3045 3609 3151 3654 tam
3199 3601 3335 3655 bene
3369 3616 3561 3671 spera-

1977 3677 2077 3726 ret.
2109 3681 2195 3742 aut
2225 3677 2334 3742 tam
2366 3670 2609 3723 modeste
2638 3683 2758 3722 ctnn
2785 3671 2848 3742 iis
2872 3680 3072 3742 ageret.
3104 3672 3265 3727 Certe
3297 3670 3410 3742 hoc
3421 3673 3559 3742 posi-

1978 3750 2030 3791 to
2061 3740 2190 3792 nihil
2218 3738 2406 3794 fuisset
2433 3754 2528 3792 cur
2556 3739 2836 3807 Augustini
2858 3738 3035 3794 aemuli
3064 3741 3231 3796 libros
3261 3741 3374 3810 ejus
3407 3738 3560 3799 ante-

1976 3811 2146 3863 riores
2171 3818 2397 3872 tantum,
2431 3825 2534 3878 non
2547 3810 2905 3878 novissimos,
2929 3827 2955 3863 a
2979 3810 3273 3864 Caelestino
3304 3813 3558 3878 probatos

1975 3895 2094 3934 esse
2112 3881 2487 3935 obtenderent.
2516 3877 2670 3934 Unde
2702 3880 2856 3946 plane
2883 3881 3251 3950 confirmatur,
3282 3883 3424 3948 quod
3444 3885 3558 3950 jam

1973 3951 2274 4006 confectum
2296 3961 2434 4014 erat,
2456 3951 2651 4018 Saepius
2673 3950 2873 4004 dictum
2897 3949 3191 4004 ιηόὶιςυιυιη
3217 3949 3558 4020 nequaquam

1973 4023 2252 4079 Coalestini
2286 4022 2372 4078 vel
2400 4024 2722 4077 auctoritate
2757 4021 2844 4076 vel
2868 4020 3023 4092 jussu
3066 4021 3227 4076 fuisse
3260 4024 3554 4078 concinna-

1972 4103 2084 4148 tum

2045 4165 2096 4220 9.
2119 4167 2313 4220 Censet
2333 4165 2602 4222 Gerardus
2625 4163 2851 4220 Vossius
2878 4164 3204 4234 PFOSpCI‘IIm
3227 4165 3279 4220 in
3307 4165 3406 4219 hoc
3429 4180 3558 4236 ope-

1973 4252 2031 4291 re
2078 4236 2392 4291 adornando
2438 4253 2560 4292 cum
2597 4237 2891 4302 Hilarium,
2935 4246 3045 4291 tum
3088 4235 3222 4291 alios
3272 4235 3558 4305 Augustini

1971 4308 2285 4362 defensores
2312 4307 2410 4361 sibi
2431 4312 2608 4365 socios
2629 4308 2964 4376 adjunxisse.
2997 4306 3206 4362 Nullam
3235 4322 3364 4362 vero
3397 4308 3555 4374 hujus

1971 4379 2242 4444 Opinionis
2278 4379 2438 4432 aliam
2475 4381 2740 4435 rationem
2781 4378 3000 4446 profert,
3034 4379 3134 4433 nisi
3167 4379 3307 4446 quod
3360 4378 3558 4447 plurali

1971 4465 2197 4502 numero
2241 4456 2451 4514 utatur,
2496 4467 2558 4504 ac
2601 4449 2764 4512 dicat,
2789 4451 3149 4519 jungeremus,
3197 4450 3556 4520 compendiosa

1970 4520 2357 4588 manifestamus
2384 4520 2787 4592 intliculo,etc.,
2818 4534 2923 4572 non
2941 4523 3236 4592 jungerem,
3269 4531 3362 4573 aut
3391 4524 3557 4573 moni-

1972 4592 2122 4655 μέμυ,
2157 4600 2260 4643 etc.
2290 4593 2354 4642 At
2386 4589 2429 4642 si
2464 4592 2607 4643 valet
2634 4591 2748 4644 haec
2778 4592 2912 4642 ratio
2930 4589 2954 4653 ,ἡ
2975 4591 3134 4643 etiam
3181 4590 3414 4658 Prosper
3447 4608 3556 4648 non

1973 4661 2151 4726 Solus,
2185 4661 2278 4713 sed
2312 4675 2431 4714 cum
2479 4662 2641 4714 sociis
2671 4660 2736 4728 ad
2781 4660 3114 4728 olijectiones
3174 4661 3556 4716 Vincctitianae

1973 4729 2316 4800 respondisse
2363 4730 2622 4785 dicendus
2658 4739 2775 4793 est,
2809 4733 2850 4784 si
2898 4729 3112 4799 quidem
3148 4734 3198 4785 in
3235 4733 3388 4800 hujus
3433 4735 3555 4788 libri

1975 4801 2284 4870 praefatione
2307 4801 2555 4856 similiter
2579 4802 2764 4871 plurali
2794 4817 3016 4854 numero
3039 4813 3350 4857 constanter
3383 4807 3554 4872 loqui-

1975 4883 2078 4936 tur,
2114 4873 2755 4944 pandemus,judiciemtts,
2785 4873 3278 4944 defendimus,_tolin
3307 4876 3357 4926 in
3379 4886 3552 4927 nostra

1973 4941 2121 4996 sensu
2151 4959 2257 4996 esse
2285 4941 2461 5010 qualia
2489 4943 2741 4996 diabolico
2764 4947 3084 4996 continentur
3121 4942 3380 4998 Imlicitlo.

2050 5015 2131 5068 10.
2157 5015 2411 5078 Quamvis
2429 5025 2604 5068 autem
2628 5013 2910 5068 leestini
2933 5015 3209 5081 epistolam
3231 5017 3551 5069 Sttlmcnttn-

1971 5101 2073 5154 quc
2103 5085 2396 5139 Indiculum
2427 5085 2493 5138 ad
2525 5084 2769 5138 diversos
2799 5100 2971 5137 annos
3021 5085 3290 5150 pertinere
3320 5088 3551 5140 manife-

1971 5167 2110 5210 stum
2139 5159 2228 5219 sit,
2261 5156 2576 5209 alterutrum
2612 5164 2789 5210 tamen
2819 5156 3076 5220 scriptum
3109 5172 3370 5224 nusquam
3396 5174 3553 5224 rupe.

1974 5229 2139 5280 rimus
2164 5227 2391 5281 seorsim
2416 5225 2640 5280 editum.
2663 5227 2782 5280 .latn
2813 5226 3119 5280 abineunte
3150 5228 3348 5279 sarculo
3377 5242 3553 5290 sexto,

1973 5302 2046 5351 uti
2099 5298 2469 5368 prmdixitnus,
2505 5296 2621 5368 Afri
2650 5299 2888 5366 episcopi
2939 5311 3002 5349 ac
3037 5295 3236 5351 deinde
3268 5299 3554 5368 Dionysius

1976 5369 2209 5437 Exiguus
2239 5376 2294 5421 et
2320 5367 2585 5420 innumeri
2629 5368 2860 5437 ahipro
2892 5383 2999 5421 uno
3043 5368 3320 5422 leestiui
3348 5367 3554 5423 sci-into
3626 5395 3634 5412 ο

1973 5436 2259 5508 utrumque
2283 5438 2602 5492 habuerunt.
2635 5436 2785 5493 Unde
2807 5446 2862 5491 et
2887 5447 3171 5506 utrumque
3191 5439 3258 5491 ab
3279 5440 3392 5507 ipsn
3430 5440 3530 5491 l’m

1969 5525 2130 5578 spero
2159 5509 2211 5563 in
2244 5523 2404 5561 unum
2435 5509 2722 5562 conflatum
2746 5523 2867 5563 esse
2898 5508 3036 5562 haud
3066 5519 3267 5562 temere
3292 5510 3554 5575 eonjicia-

1974 5591 2077 5644 tur,
2109 5591 2163 5633 ut
2188 5578 2444 5633 libroruin
2475 5579 2754 5648 Augustini
2783 5594 2846 5632 ac
2867 5580 3123 5633 doctrina:
3155 5580 3203 5631 in
3235 5580 3311 5632 eis
3336 5589 3564 5633 asscito

1975 5653 2129 5721 plena
2154 5661 2207 5704 et
2239 5652 2442 5718 integra
2467 5651 2626 5703 simul
2653 5651 2940 5704 haberetur
2965 5666 3086 5705 cum
3113 5651 3390 5704 C(BIcstini
3423 5653 3561 5717 puli-

1970 5724 2074 5790 cio,
2111 5732 2222 5776 tum
2253 5721 2682 5776 antecedentium
2730 5722 2873 5776 sedis
2910 5723 3220 5791 apostolica:
3265 5724 3560 5790 prmsnlum

1970 5808 2261 5859 consensu,
2319 5793 2447 5846 fulta
2497 5791 2762 5848 defensio.
2795 5792 3059 5860 Quocirca
3111 5791 3356 5860 religioni
3408 5793 3562 5848 nobis

3476 305 3582 369 520

3587 347 3604 454 l

3591 457 3606 547 ἱ

3594 556 3602 581 i

3594 600 3601 621 ι

3591 635 3602 674 ε

3593 693 3602 734 i

3590 765 3609 885 l
