3982 6182
298 219 406 279 529

894 222 1112 283 EPIST.
1156 225 1294 282 XXI.
1341 228 1739 285 C(ELESTINI
1784 229 1990 287 PAPE
2029 232 2123 286 AD
2162 232 2526 289 EPISCOPOS
2564 232 2991 292 GALLIARUM.

3482 232 3589 289 550

295 337 637 402 docendum;
664 353 787 394 cum
809 346 901 406 sit,
925 338 1139 394 dicente
1164 340 1428 410 Apostolo
1450 341 1493 408 tl
1514 342 1631 396 Cor.
1658 360 1755 410 ιιι,
1780 345 1895 415 28),
1925 352 1975 408 Α
2008 346 2105 399 tris
2126 345 2340 399 Tuentii
2368 346 2617 401 dedimus
2637 350 2835 416 scripta
2861 362 3202 417 responsum.
3231 346 3383 405 Nunc
3406 358 3584 404 tamen

295 430 375 483 eis
407 430 604 484 tertius
629 439 654 466 ι
684 429 837 483 locus
866 429 1003 483 intra
1034 429 1334 487 Ecclesium
1366 433 1729 501 deputandus.
1755 436 1897 504 Quid

297 520 408 575 illic
436 521 552 588 Spei
579 531 685 585 eSt,
720 520 833 584 ubi,
866 520 1142 590 magistris
1176 523 1498 590 tacentibus,
1535 524 1570 577 ii
1610 525 1899 596 loquuntur

298 614 413 682 qui,
442 613 488 668 si
521 614 591 667 ita
623 622 727 678 est,
762 628 953 668 eorum
996 614 1248 683 discipuli
1284 630 1390 669 non
1424 614 1677 671 fuerunt?
1711 618 1898 676 Timeo

300 720 370 761 ne
395 706 684 762 connivere
728 705 822 771 sit,
865 706 973 762 hoc
1014 716 1216 762 tacere.
1266 706 1457 763 Timeo
1491 724 1559 765 ne
1592 711 1760 781 magis
1796 713 1899 783 ipsi

298 798 612 870 loquantur,
649 800 739 869 qui
772 799 1101 869 permittunt
1130 798 1239 855 illis
1268 800 1451 857 taliter
1478 801 1644 872 loqui.
1674 802 1729 857 lu
1760 806 1898 860 tali—

297 891 399 946 bus
442 891 628 946 causis
671 906 779 946 non
828 901 981 947 caret
1027 891 1341 962 suspicione
1372 895 1727 961 taciturnitas,
1770 898 1896 967 quia

294 994 616 1041 occurreret
670 983 907 1053 veritas,
959 987 1003 1041 si
1055 985 1262 1041 falsitas
1312 986 1645 1056 displiceret.
1704 989 1896 1046 Merito

295 1090 535 1149 namque
571 1092 731 1133 causa
774 1093 874 1134 nos
920 1079 1175 1148 respicit,
1225 1077 1272 1133 si
1316 1079 1534 1135 silentio
1560 1080 1587 1120 ιι
1617 1082 1893 1140 faveamus

297 1186 567 1227 errorem.
622 1172 763 1243 Ergo
801 1172 1166 1242 corripiantur
1204 1172 1533 1242 hujusmodi.
1564 1173 1680 1229 Non
1707 1177 1777 1231 sit
1808 1177 1891 1233 his

299 1272 322 1302 ⁸
354 1262 590 1318 liberum
619 1263 820 1319 habere
851 1278 947 1333 pro
986 1263 1263 1317 voluntate
1287 1279 1617 1320 sermonem.
1644 1266 1888 1336 Desinat,

291 1354 336 1409 si
367 1354 441 1410 ita
470 1371 559 1412 res
582 1367 733 1421 sunt,
756 1357 1035 1412 incessere
1063 1356 1270 1411 novitas
1291 1368 1652 1423 vetustatem;
1679 1359 1892 1416 desinat

290 1446 667 1505 Ecclesiarum
715 1449 954 1520 quietem
991 1449 1302 1518 inquietudo
1342 1453 1581 1508 turbare.
1615 1451 1891 1509 Conantur

288 1552 445 1610 scepe
484 1541 765 1611 naufragio
802 1554 1044 1610 mergere
1076 1555 1212 1609 quos
1244 1542 1381 1597 intra
1416 1552 1629 1614 portum
1678 1553 1890 1602 stantes

288 1633 465 1688 statio
495 1634 623 1689 facit
652 1634 757 1688 fida
780 1648 1022 1690 securos.
1042 1633 1171 1689 Fida
1196 1636 1394 1705 quippe
1410 1646 1496 1691 est
1517 1638 1756 1693 omnium
1785 1647 1889 1694 sta-

2003 447 2315 507 repetentes
2344 440 2542 507 saepius
2566 440 2920 493 admonemus
2952 456 2965 493 :
3010 442 3246 494 vitentur
3270 439 3582 508 huiusmodi

2000 530 2091 599 qui
2135 529 2381 584 laborant
2411 546 2505 599 per
2533 542 2704 585 terras
2734 531 2875 585 aliud
2906 546 3063 599 quam
3094 531 3185 585 ille
3214 538 3398 584 noster
3422 531 3583 600 jussit

2001 621 2233 690 agricola
2279 623 2568 677 seminare.
2604 622 2713 678 Nec
2762 632 2941 677 tamen
2975 623 3155 677 mirari
3205 637 3489 691 possumus
3534 623 3580 679 si

2002 710 2118 767 lucc
2146 728 2269 784 erga
2322 715 2562 769 viventes
2602 715 2655 767 hi
2687 731 2827 769 nunc
2871 723 3080 769 tentare
3110 714 3331 780 audent,
3362 714 3455 784 qui
3497 714 3581 769 ui-

2002 813 2185 860 tuutur
2214 806 2377 861 etiam
2408 806 2800 876 quiescentium
2842 805 3068 860 fratrum
3110 805 3426 860 memoriam
3464 804 3581 861 dis-

1998 897 2196 965 sipare.

2070 989 2199 1043 Car.
2232 987 2295 1042 ll.
2338 1018 2410 1029 --
2440 990 2492 1043 5.
2538 990 2894 1057 Augustinum
2944 995 3145 1043 sancte
3190 986 3582 1043 recordationis

1998 1082 2171 1137 virum
2211 1097 2309 1151 pro
2340 1082 2444 1136 vita
2478 1098 2572 1138 sua
2602 1095 2763 1153 atque
2794 1083 3002 1137 meritis
3032 1082 3084 1137 in
3119 1094 3303 1138 nostra
3333 1096 3578 1138 commu-

1998 1174 2157 1229 nione
2183 1190 2405 1245 semper
2436 1176 2741 1240 habuimus,
2767 1190 2865 1229 nec
2896 1190 3145 1245 umquam
3179 1175 3322 1229 hunc
3346 1174 3581 1229 sinistra

1995 1266 2320 1336 suspicionis
2370 1266 2562 1321 saltem
2612 1280 2797 1320 rumor
2844 1267 3078 1335 aspersit
3129 1284 3141 1319 :
3201 1280 3361 1335 quem
3416 1271 3581 1321 tanta

1994 1356 2240 1410 scientiae
2264 1356 2393 1411 olim
2429 1357 2591 1413 fuisse
2620 1356 2983 1421 meminimus,
3030 1364 3090 1411 ut
3120 1357 3260 1412 inter
3290 1356 3581 1425 magistros

1993 1449 2228 1519 optimos
2272 1451 2435 1505 etiam
2480 1459 2607 1505 ante
2644 1466 2674 1505 a
2716 1452 2853 1505 meis
2886 1448 2905 1487 ί
2951 1464 3168 1519 semper
3205 1449 3580 1504 decessoribus

1995 1540 2307 1597 haberetur.
2364 1542 2508 1596 Bene
2558 1556 2689 1612 ergo
2734 1543 2802 1597 de
2854 1556 2920 1597 eo
2968 1555 3160 1597 omnes
3205 1540 3258 1595 in
3304 1540 3578 1595 communi

1994 1644 2304 1698 senserunt,
2336 1642 2523 1701 utpote
2548 1634 2637 1701 qui
2670 1634 2873 1703 ubique
2901 1636 3111 1690 cunctis
3139 1643 3193 1689 et
3220 1633 3390 1687 amori
3420 1630 3579 1687 fuerit

290 1724 397 1790 tio,
424 1741 657 1796 quorum
692 1727 942 1795 perfectis
970 1727 1245 1797 gressibus
1274 1729 1501 1798 vestigia
1535 1746 1640 1785 non
1668 1746 1889 1787 moven-
1917 1726 1964 1785 B
1993 1736 2048 1781 et
2081 1727 2288 1782 honori.
2332 1726 2489 1783 Unde
2521 1726 2804 1780 resistatur
2850 1728 3067 1789 talibus.
3109 1742 3247 1797 quos
3277 1726 3420 1780 male
3460 1740 3575 1781 cre-

294 1824 413 1870 tur.
464 1816 829 1873 Recurrerunt
872 1818 937 1872 ad
984 1819 1337 1887 apostolicam
1383 1820 1625 1889 praedicti
1670 1822 1888 1891 sedem,

294 1906 419 1963 haec
452 1909 566 1978 ipsa
590 1910 741 1965 nobis
770 1926 888 1980 quae
910 1920 1079 1967 tentat
1104 1913 1443 1981 perturbatio
1467 1923 1885 1984 conquerentes.

291 1999 587 2065 Habetote,
628 2000 822 2056 fratres
865 2002 1197 2070 cbarissimi,
1238 2018 1336 2073 pro
1381 2004 1663 2060 catholica:
1716 2009 1890 2076 plebis

287 2094 431 2163 pace
456 2102 760 2151 tractatum.
791 2095 975 2151 Sciant
998 2111 1076 2163 se,
1107 2096 1151 2150 si
1181 2104 1362 2152 tamen
1390 2094 1417 2133 ά
1443 2108 1735 2155 censentur
1762 2116 1885 2171 pre-

283 2184 526 2257 shyteri,
562 2186 832 2257 dignitate
848 2187 1003 2241 vobis
1038 2202 1159 2242 esse
1194 2186 1486 2255 subjectos.
1520 2189 1705 2244 Sciant
1738 2191 1883 2260 quod

280 2274 390 2329 sibi
421 2290 617 2331 omnes
643 2278 735 2346 qui
767 2278 907 2333 male
934 2275 1158 2341 docent,
1183 2277 1395 2334 discere
1425 2280 1595 2351 magis
1618 2295 1683 2336 ae
1713 2284 1883 2352 magis

282 2376 566 2439 competat
598 2384 756 2439 quam
788 2369 1003 2425 docere.
1051 2369 1181 2424 Nam
1226 2370 1353 2441 quid
1400 2372 1451 2426 in
1496 2372 1743 2429 ecclesiis
1782 2388 1881 2429 vos

283 2461 476 2532 agitis,
506 2462 550 2517 si
571 2463 644 2517 illi
670 2479 935 2518 summam
960 2472 1180 2519 teneant
1208 2464 1536 2532 prtedicandi
1558 2467 1581 2521 ?
1602 2467 1717 2522 Nisi
1745 2466 1881 2523 forte

282 2552 423 2608 illud
454 2554 712 2623 obsistat,
746 2556 891 2627 quod
922 2571 1027 2611 non
1072 2559 1418 2624 auctoritate,
1452 2573 1558 2613 non
1589 2559 1766 2615 adhuc
1796 2576 1882 2615 ra-

284 2645 443 2701 tione
480 2646 772 2719 colligitur,
807 2658 863 2702 ut
904 2648 1067 2717 aliqui
1092 2663 1124 2703 e
1155 2648 1379 2704 fratrum
1428 2666 1677 2716 numero,
1711 2667 1881 2723 nuper

284 2736 354 2791 de
384 2738 655 2794 laicorum
681 2742 957 2795 consortio
985 2741 1037 2795 in
1061 2740 1347 2810 collegium
1372 2753 1616 2798 nostrum
1638 2742 1881 2799 fortassis

282 2830 541 2899 admissi,
572 2832 819 2887 nesciant
846 2833 976 2903 quid
999 2832 1101 2886 sibi
1131 2832 1677 2889 debeantvindicare.
1706 2834 1881 2901 Super

285 2918 378 2975 his
412 2930 439 2958 ο
464 2924 631 2978 multa
660 2922 769 2992 jam
798 2923 940 2979 dicta
967 2932 1095 2978 sunt
1138 2940 1205 2979 eo
1236 2936 1497 2997 tempore,
1532 2941 1641 2995 quo
1668 2927 1736 2981 ad
1765 2926 1873 2979 fra-

1991 1833 2145 1872 scere
2168 1817 2455 1872 videmus?
2480 1816 2646 1871 Nefas
2662 1828 2745 1872 est
2762 1818 2879 1871 bare
2902 1820 3010 1887 pati
3038 1820 3318 1889 religiosas
3342 1818 3574 1883 animas,

1989 1924 2215 1978 quarum
2257 1908 2574 1973 afﬂictione,
2607 1907 2729 1977 quia
2780 1909 3024 1963 membra
3070 1919 3253 1965 nostra
3296 1918 3446 1975 sunt,
3478 1925 3577 1965 nos

1988 2016 2199 2071 quoque
2251 1999 2507 2055 convenit
2563 2001 2856 2066 macerari,
2909 2002 3154 2069 quamvis
3205 2011 3421 2057 maneat
3474 1999 3573 2055 hos

1988 2093 2262 2148 beatitudo
2293 2093 2580 2161 promissa,
2614 2092 2941 2162 quicumque
2988 2093 3286 2161 probantur
3322 2106 3575 2163 persecu-

1988 2185 2194 2241 tionem
2227 2196 2447 2255 pr0pter
2491 2183 2762 2254 justitiam
2809 2184 3079 2239 sustinere
3129 2182 3344 2255 (Matth.
3375 2200 3429 2249 v,
3461 2182 3575 2253 10).

1988 2276 2193 2344 Quibus
2221 2276 2347 2347 quid
2372 2278 2653 2347 promittat
2678 2275 2939 2330 Dominus
2968 2276 3020 2329 in
3052 2274 3318 2339 futurum,
3342 2288 3577 2343 sequens

1988 2382 2169 2424 sermo
2198 2368 2458 2424 declarat.
2491 2368 2605 2423 Non
2640 2377 2723 2423 est
2753 2368 3024 2439 agentium
3056 2381 3219 2421 causa
3251 2375 3277 2414 s
3313 2366 3575 2427 solorum.

1991 2461 2321 2517 universalis
2353 2460 2594 2517 Ecclesia
2642 2477 2977 2531 quacumque
3021 2459 3257 2515 novitate
3309 2458 3573 2527 pulsatur.

1985 2556 2355 2625 intelligamus
2385 2556 2500 2609 hanc
2527 2556 2639 2623 ipsa
2674 2555 2847 2623 vobis,
2879 2570 3001 2626 qua:
3025 2555 3182 2609 nobis
3205 2570 3312 2608 non
3340 2554 3576 2622 placent,

1987 2647 2303 2718 diSplicere.
2338 2646 2490 2713 Quod
2524 2645 2595 2701 ita
2629 2645 2847 2701 demum
2879 2646 3111 2715 probare
3154 2644 3482 2714 poterimus,
3532 2642 3577 2697 si

1990 2740 2243 2805 imposito
2286 2740 2547 2808 improbis
2592 2738 2831 2805 silentio,
2874 2738 2943 2793 de
2987 2739 3081 2793 tali
3125 2752 3184 2791 rc
3216 2738 3268 2790 in
3300 2745 3576 2805 posterum

1989 2835 2208 2905 querela
2263 2832 2518 2888 cessabit.
2583 2833 2721 2886 Deus
2776 2846 2873 2885 vos
2921 2831 3221 2885 incolumes
3269 2827 3558 2885 custodiat.

1990 2929 2186 2979 fratres
2214 2923 2542 2977 charissimi.

365 3184 395 3210 ι
427 3173 485 3227 in
517 3190 618 3227 ms.
652 3174 783 3243 Reg.
807 3174 1144 3229 desideratur
1174 3178 1337 3229 locus.
1365 3173 1607 3243 Respicit
1634 3172 1880 3228 Caelesti-
1913 3171 1958 3233 C
1991 3172 2156 3243 fuisse
2200 3173 2540 3243 concederet.
2584 3169 2771 3243 Neque
2814 3170 2973 3243 facile
3012 3169 3422 3243 crediderimus
3444 3169 3571 3243 Vin.

288 3243 504 3316 n_us_ad
542 3242 674 3316 illud
705 3243 885 3306 Pauli,
923 3245 1185 3308 Quosdam
1221 3246 1430 3316 quidem
1477 3242 1647 3316 posuit
1679 3245 1732 3298 in
1786 3243 1886 3297 Ec-

288 3312 461 3435 ‘clles’ia
484 3354 498 3375 ,
533 3313 755 3382 primum
795 3315 1086 3385 apostolos,
1133 3312 1355 3370 secundo
1385 3314 1689 3387 prophetas,
1734 3316 1883 3369 tertio

330 3399 395 3435 oe
422 3398 552 3435 ores.

330 3392 552 3436 actores.

366 3451 399 3490 δ
443 3454 515 3507 ita
544 3455 799 3527 Dionysii
836 3456 1117 3527 exemplar
1156 3457 1384 3527 regium.
1416 3457 1527 3512 Nec
1555 3457 1715 3511 aliter
1758 3456 1884 3525 legit

291 3524 623 3579 Vincentius
653 3524 825 3582 Lirin.
853 3542 903 3582 c.
930 3524 1021 3580 45.
1066 3530 1132 3579 At
1162 3524 1379 3583 in'cull.
1419 3528 1581 3582 lladr.
1622 3524 1881 3581 substitu-

291 3604 416 3665 tum
441 3603 524 3649 est
545 3600 805 3665 faveamus
827 3599 989 3651 errori
1009 3614 1027 3662 ;
1049 3612 1207 3662 quam
1233 3599 1520 3653 lectionem
1544 3610 1732 3653 auctor
1751 3599 1878 3652 coll.

292 3664 454 3733 llisp.
485 3664 552 3719 et
572 3667 697 3722 Isid.
741 3669 973 3739 indeque
1002 3668 1243 3737 epistolae
1288 3669 1444 3740 hujus
1472 3668 1713 3724 editores
1743 3669 1881 3724 arri-

294 3746 553 3805 puerum.

374 3818 398 3846 α
441 3807 498 3862 in
554 3808 669 3865 haec
716 3809 879 3861 verba
936 3808 1252 3864 Vincentius
1303 3809 1473 3864 Lirin.
1529 3808 1879 3877 qumstionem

296 3877 778 3951 istamrttropouit:
813 3879 909 3932 llic
929 3882 1114 3951 aliquis
1146 3884 1362 3951 fortasse
1386 3881 1649 3934 addubitet
1675 3882 1881 3949 quinam

294 3948 401 4001 sint
441 3947 545 4012 illi,
574 3947 700 4020 quos
728 3949 914 4004 habere
952 3947 1214 4021 prohibeat
1260 3954 1474 4005 liberum
1503 3968 1597 4022 pro
1626 3947 1883 4006 voluntate

294 4034 607 4085 sermonem,
642 4022 905 4075 vetustatis
930 4023 1327 4093 praedicatores,
1361 4039 1427 4075 an
1464 4023 1703 4093 novitatis
1728 4024 1879 4076 adiu-

294 4099 570 4164 υοιιιονρε.Δ
598 4094 671 4164 Ac
709 4091 951 4164 proxime
982 4093 1222 4161 adjungit
1255 4112 1265 4144 :
1301 4091 1421 4158 Ipse
1448 4094 1582 4145 dicat
1613 4092 1882 4164 (Caelesti-

296 4164 447 4233 nuis),
470 4160 907 4233 et_dubitatiouem
929 4160 1201 4233 legentium
1222 4164 1330 4231 ipse
1351 4160 1884 4232 dissolvan'Sequitur

296 4232 433 4285 enim
460 4246 479 4283 :
510 4229 744 4292 Desinat,
785 4232 953 4302 inquit
974 4229 996 4298 ξ
1012 4235 1055 4287 si
1082 4234 1154 4286 ita
1183 4229 1265 4287 res
1293 4243 1390 4293 est.
1424 4235 1477 4286 id
1506 4243 1611 4299 est,
1636 4235 1680 4287 si
1704 4229 1779 4288 ita
1808 4243 1882 4287 est

297 4309 352 4353 ut
377 4301 527 4369 apud
557 4318 635 4355 me
660 4301 870 4370 quidam
896 4304 1043 4357 urbes
1082 4316 1129 4357 e.‘
1170 4304 1456 4371 provincias
1482 4312 1669 4357 vestras
1711 4304 1884 4357 crimi-

298 4372 714 4443 nantur,rquod
763 4388 848 4426 cas
893 4374 1196 4442 quibusdam
1244 4374 1552 4427 novitatibus
1600 4378 1884 4428 consentire

298 4444 460 4496 noxia
503 4442 910 4514 dissimulatione
957 4446 1195 4512 faciatis;
1241 4446 1461 4504 desinat,
1506 4445 1692 4514 inquit.
1721 4446 1767 4497 si
1809 4445 1883 4496 ita

300 4526 377 4565 res
404 4522 503 4577 est,
542 4513 791 4566 incessere
830 4515 1025 4567 novitas
1053 4523 1372 4568 vetustatem.
1406 4519 1446 4568 A
1482 4513 1763 4568 Vincentio
1788 4529 1883 4567 au-

301 4590 407 4636 tem
454 4584 523 4636 ibi
572 4583 846 4638 leestini
885 4583 1025 4638 dicta
1058 4585 1319 4639 adversus
1360 4585 1641 4651 Augustini
1682 4585 1883 4638 doctri-

302 4666 423 4723 nam
476 4653 701 4723 ejusque
747 4654 1060 4708 defensores
1116 4665 1232 4709 arte
1279 4664 1466 4722 arguta
1518 4655 1876 4723 detorquere.

303 4720 520 4779 Henrici
556 4720 798 4778 Nurisius
831 4724 926 4778 lib.
954 4739 992 4778 tt
1023 4723 1160 4778 llist.
1192 4720 1373 4793 Pelag.
1406 4739 1523 4793 pag.
1565 4722 1669 4779 429
1693 4720 1748 4778 et
1775 4722 1882 4779 250

304 4795 601 4848 contendit.
650 4793 997 4861 Perspicuum
1044 4803 1221 4849 tamen
1259 4807 1341 4848 ρει
1386 4795 1547 4853 illud.
1592 4796 1635 4847 si
1688 4795 1759 4848 ita
1803 4811 1881 4847 res

304 4874 440 4922 sunt.
472 4880 582 4919 nun
630 4865 751 4918 ideo
784 4881 811 4915 a
839 4862 1138 4920 Caelestino
1178 4864 1425 4933 proxime
1471 4864 1721 4933 adjungi,
1755 4868 1880 4931 quia

305 4935 409 4989 utri
434 4944 722 4990 novatores
747 4934 977 4989 habendi
996 4945 1198 4999 essent,
1231 4936 1514 5002 Augustini
1535 4951 1600 4988 ne
1620 4936 1881 4989 doctrinae

305 5003 628 5067 adversarii,
660 5019 726 5057 an
766 5005 881 5072 cjns
926 5005 1261 5070 defensores,
1305 5005 1599 5070 dubitaret;
1632 5005 1725 5058 sed
1757 5006 1879 5070 quia

308 5072 541 5146 dictabat
580 5077 863 5144 prudentia
904 5086 961 5129 ut
993 5075 1339 5146 presbyteros
1367 5075 1667 5146 illos‘qttos
1695 5074 1883 5128 Eccle-

308 5144 506 5200 siarum
536 5146 858 5206 dissensioni
891 5145 1110 5199 studere
1143 5144 1374 5213 Prosper
1396 5155 1450 5198 et
1476 5144 1705 5199 Hilarius
1732 5146 1886 5199 detu-

312 5214 506 5282 lerant,
537 5231 873 5287 nequaquam
905 5216 1205 5287 damnaret,
1233 5216 1334 5270 nisi
1368 5230 1478 5269 rem
1505 5216 1575 5287 ita
1606 5230 1754 5287 esse,
1782 5215 1888 5287 hoc

309 5298 384 5340 est
409 5302 596 5342 veram
628 5285 749 5341 esse
775 5288 989 5340 illorum
1021 5285 1371 5345 delationem.
1401 5286 1749 5339 constitisset.
1780 5285 1885 5340 Ne-

310 5370 411 5418 que
444 5359 621 5410 minus
650 5356 872 5411 evidens
904 5367 989 5411 est
1016 5356 1368 5411 Caelestinum
1399 5358 1725 5411 defensionis
1749 5356 1887 5409 anti-

311 5438 427 5490 qttze
468 5428 728 5482 doctrina:
775 5427 987 5481 laudem
1038 5428 1336 5496 Augustino
1385 5427 1652 5489 tribuere,
1704 5435 1887 5496 utpote

311 5508 453 5562 quem
491 5506 649 5551 tanta:
676 5497 799 5551 olim
824 5498 1048 5550 scientiae
1075 5498 1238 5566 fuisse
1257 5539 1272 5563 ,
1311 5498 1513 5563 inquit,
1544 5497 1883 5556 meminimus.

312 5578 361 5640 ut
391 5571 523 5621 inter
552 5569 827 5640 magistros
858 5568 1090 5640 optimos
1116 5569 1268 5621 etiam
1310 5578 1426 5621 ante
1462 5585 1494 5640 α
1529 5569 1651 5640 meis
1694 5582 1889 5635 semper

318 5637 658 5691 vnn-mum;
685 5637 978 5691 haberetur.
1013 5638 1223 5706 Alioqui
1257 5639 1507 5691 novitatis
1538 5639 1813 5691 doctorem
1858 5653 1886 5689 a

319 5709 689 5763 accessonbus
728 5710 843 5763 suis
882 5709 1019 5762 inter
1062 5710 1331 5768 maqistros
1378 5710 1600 5761 ovtimos
1650 5708 1886 5760 habitum

1915 4548 1963 4608 D

1990 3242 2227 3296 centium
2251 3258 2313 3295 ea
2345 3242 2509 3295 fuisse
2537 3240 2702 3294 animi
2730 3241 2972 3295 ctrcitate
2991 3281 3005 3303 ,
3043 3251 3099 3294 ut
3128 3240 3276 3294 illum
3307 3240 3577 3296 evidentia

1991 3322 2132 3366 tanta
2182 3312 2537 3381 fugeret;aut
2557 3326 2620 3367 ea
2661 3311 3037 3372 simulatione,
3073 3322 3126 3365 ut
3156 3311 3301 3365 aliud
3345 3322 3579 3367 tentaret

1987 3384 2243 3447 suadere;
2279 3383 2362 3436 vel
2390 3384 2549 3435 etiam
2579 3382 2645 3436 de
2680 3381 2799 3434 aliis
2829 3387 2901 3435 Ita
2936 3384 3074 3437 male
3098 3382 3354 3448 sensisse,
3398 3393 3452 3435 ut
3478 3383 3577 3437 hoc

1987 3454 2063 3507 eis
2087 3464 2271 3507 cnttlra
2299 3453 2640 3508 manife-tam
2670 3455 2955 3508 veritatem
2984 3453 3311 3523 persuadere
3334 3469 3393 3509 se
3418 3468 3580 3523 posse

1986 3526 2307 3579 Conlitleret.

2058 3594 2083 3631 ιι
2127 3596 2298 3670 Editi,
2325 3605 2622 3670 censeantur
2654 3598 2953 3667 presbyterii
2982 3598 3271 3670 dignitate;
3296 3596 3574 3665 corrigun-

1985 3673 2071 3720 tur
2096 3683 2162 3720 ex
2198 3666 2432 3731 scriptis.

2063 3746 2086 3773 ο
2132 3737 2318 3792 Utrum
2353 3753 2507 3801 super
2545 3736 2655 3799 his,
2685 3752 2824 3804 quos
2848 3754 2877 3789 e
2912 3739 3168 3793 laicorum
3211 3738 3488 3793 consortio
3518 3738 3570 3791 in

1986 3807 2272 3875 collegium
2305 3807 2615 3873 episcopale
2646 3808 2915 3860 admissos
2941 3811 3185 3875 proxime
3213 3821 3433 3875 questus
3463 3817 3570 3873 est,

1986 3894 2054 3931 an
2078 3895 2233 3945 super
2255 3880 2333 3930 Itis
2366 3892 2501 3945 quos
2524 3892 2659 3930 nova
2696 3877 2990 3944 praedicare
3021 3891 3328 3943 acceperat,
3363 3880 3573 3933 dederit

1986 3949 2113 4002 i‘lnd
2182 3950 2245 4000 ad
2299 3948 2510 4001 'l‘nentii
2570 3947 2767 4011 scripta
2826 3960 3175 4011 responsoin;
3232 3964 3357 4000 num
3405 3952 3568 4002 etiam

1986 4019 2252 4075 Tuentius
2297 4021 2339 4072 is
2371 4020 2549 4076 fuerit.
2582 4032 2741 4084 quem
2772 4015 3024 4070 Zozimus
3050 4018 3208 4083 epist.
3242 4015 3298 4078 4,
3328 4034 3379 4069 n.
3419 4016 3473 4083 ι,
3512 4028 3573 4073 ut

1989 4090 2265 4157 illegitime
2298 4106 2323 4141 a
2353 4088 2580 4161 Proculo
2607 4086 3568 4161 Massiliensi‘episcopqordinatum,

1989 4161 2041 4212 in
2074 4176 2415 4229 quocumque
2445 4159 2611 4227 gradu
2640 4158 3011 4229 ecclesiasuco
3031 4157 3229 4222 suscipi
3252 4157 3569 4229 v:-t:it,alio-

1986 4228 2105 4285 runt
2136 4234 2492 4295 permittimus
2512 4231 2734 4298 judicio.
2767 4228 3051 4284 Probabile
3078 4240 3253 4281 tamen
3280 4236 3364 4281 est
3389 4228 3568 4282 Τηρη-

1988 4303 2116 4354 lium
2153 4301 2294 4355 ltuuc
2324 4303 2392 4353 alt
2417 4303 2503 4354 illi
2537 4316 2640 4354 non
2665 4315 2785 4354 esse
2809 4300 3080 4354 diversum
3101 4340 3114 4358 ,
3145 4314 3245 4353 nec
3279 4314 3379 4348 nou
3409 4298 3475 4351 de
3501 4299 3566 4354 iis

1988 4376 2075 4437 qui
2120 4372 2543 4439 indisciplinatas
2580 4370 2908 4434 quaestiones
2940 4372 2989 4422 in
3034 4369 3264 4421 medium
3300 4371 3566 4423 vocabant

1989 4443 2053 4494 ad
2099 4442 2242 4494 illius
2272 4445 2469 4509 scripta
2504 4441 2668 4492 fuisse
2714 4455 3053 4507 responsum.
3092 4440 3201 4493 Hoc
3244 4454 3562 4504 responsum

1993 4528 2095 4564 non
2128 4521 2322 4565 cx-tat.
2358 4512 2621 4574 Deinceps
2650 4512 2766 4563 luce
2792 4512 2988 4563 clarius
3012 4520 3113 4573 eat,
3139 4525 3323 4562 eorum
3346 4511 3565 4563 nomine

1988 4582 2077 4647 qui
2116 4596 2286 4634 novas
2329 4585 2377 4631 in
2411 4580 2705 4633 Ecclesiam
2742 4580 3017 4632 doctrinas
3051 4580 3303 4633 inducere
3329 4582 3565 4635 moliun-

1988 4660 2092 4713 tnr,
2121 4668 2226 4703 non
2264 4650 2526 4704 llilarium
2568 4664 2595 4700 a
2637 4648 2930 4703 leesﬁno
2958 4650 3180 4708 intelligi
3210 4660 3297 4703 aut
3342 4655 3569 4719 Prospe-

1987 4736 2127 4784 rum,
2157 4721 2249 4774 sed
2278 4734 2373 4791 eos
2395 4722 2482 4791 qui
2508 4720 2749 4791 nituntur
2767 4721 2919 4772 etiam
2954 4721 3320 4787 quiescentium
3346 4722 3565 4790 fratrum

1986 4801 2075 4861 (ac
2104 4789 2419 4844 nominatim
2448 4790 2759 4855 Augustini)
2797 4794 3093 4843 memoriam
3123 4791 3379 4855 dissipare
3404 4801 3567 4861 atque

1988 4861 2247 4914 iniatnare

2063 4930 2082 4970 τ
2119 4932 2193 4985 Ex
2225 4930 2377 4985 Merl.
2402 4938 2456 4984 et
2478 4944 2610 4984 mss.
2635 4937 2917 5001 revocatur
2942 4947 3158 4998 semper,
3183 4930 3327 5001 quod
3350 4946 3380 4985 a
3407 4930 3570 4987 Crab.

1988 5017 2049 5055 ac
2075 5002 2330 5066 deinceps
2357 5002 2617 5055 omissum
2648 4999 2839 5053 fuerat.
3202 4999 3214 5001 “
3466 5040 3477 5053 .

2060 5082 2085 5119 s
2127 5072 2181 5125 In
2223 5087 2353 5125 mss.
2393 5071 2517 5124 coll.
2565 5070 2715 5132 lsid.,
2742 5069 2873 5122 sola.
2907 5071 3063 5139 Apud
3102 5070 3279 5135 Meti,
3314 5072 3572 5125 solarum.

1990 5142 2124 5197 Tum
2159 5143 2212 5196 iu
2244 5142 2363 5196 aliis
2406 5142 2565 5195 editis
2588 5140 2799 5194 additur
2827 5143 3052 5210 quando.
3087 5141 3210 5195 "me
3232 5158 3333 5195 vox
3362 5144 3518 5195 abest
3546 5159 3574 5195 a

1992 5230 2122 5267 mss.
2170 5212 2263 5267 sed
2305 5214 2354 5265 iu
2406 5227 2593 5264 eorum
2635 5226 2834 5275 unum,
2888 5213 3010 5264 loco
3058 5212 3310 5276 solorum,
3361 5212 3578 5278 irrepsit

1991 5284 2103 5338 sola
2132 5300 2267 5337 cum.
2304 5284 2377 5336 Ex
2423 5282 2524 5334 isto
2567 5293 2745 5335 autem
2778 5298 2894 5333 cum
2940 5281 3193 5351 pra-dicta
3241 5298 3340 5334 vox
3368 5282 3578 5349 quando

1992 5356 2253 5423 origini-tn
2309 5354 2560 5407 habuisse
2594 5351 2952 5423 probabiliter
2974 5352 3261 5423 credatur.
3292 5351 3576 5405 Cwlestim

1998 5421 2150 5478 mens
2181 5428 2281 5478 huc
2326 5424 2640 5494 syllogismo
2685 5423 2774 5474 fiet
2816 5421 3166 5476 manifesdor.
3206 5423 3573 5494 l'nivermh-m

1999 5495 2295 5548 Ecclesium
2327 5492 2502 5562 pulsat
2539 5507 2892 5560 qumcumque
2932 5494 3168 5545 novitas.
3214 5492 3376 5560 Atqui
3416 5508 3575 5543 causa

1996 5579 2116 5632 qua:
2157 5567 2362 5635 agitur,
2394 5565 2682 5616 novitatem
2713 5563 2882 5635 sapit.
2904 5562 3017 5616 Non
3046 5564 3316 5635 estigitur
3348 5578 3573 5615 ttuorum

1997 5632 2265 5705 agentitittt
2296 5650 2388 5689 seu
2417 5635 2760 5705 litigantium,
2793 5632 2885 5686 sed
2921 5635 3080 5687 totius
3111 5633 3367 5697 Ecclesiae
3390 5648 3573 5693 eausa.
