3982 6182
327 240 426 298 δὸΙ

1167 239 1559 299 C(ELESTINI
1602 239 1620 296 I
1659 241 1862 297 ΡΛΡᾸΞ
1905 241 2262 300 EPISTOL/E
2304 246 2389 302 ET
2434 245 2768 303 DECRETA.

3492 239 3602 300 53!

329 369 358 397 ⁸
395 359 666 429 Incipiunt
711 362 1087 431 prwteritorum
1131 361 1263 433 sedis
1305 360 1600 433 apostolica:
1639 361 1905 430 episcopo-
1937 361 1990 420 Α
2016 361 2119 416 tius
2143 364 2310 416 utitur
2333 363 2510 430 bonis,
2537 364 2735 418 cadens
2760 364 2810 418 in
2839 358 3303 433 praevaricationis
3333 358 3600 427 profunda

639 430 758 482 rum
785 433 1109 486 auctoritates
1136 432 1200 485 de
1225 431 1390 500 gratia
1420 430 1514 483 Dei
1543 430 1592 483 δ.

398 545 526 599 Car.
562 543 650 599 III.
698 574 768 586 -—
795 547 850 602 4.
881 545 1012 615 Quia
1062 546 1213 613 nulli,
1246 549 1337 617 qui
1375 547 1646 603 catholico
1695 550 1913 605 nomine

328 635 656 705 gloriantur,
690 637 742 690 in
788 636 1056 691 damnatis
1101 637 1484 694 haereticorum
1529 640 1778 694 sensibus
1815 657 1910 696 seu

327 730 591 796 pravitate
621 728 734 782 sive
760 729 1023 796 imperitia
1055 729 1422 798 demorantcs,
1452 730 1705 798 piissimis
1730 732 1914 803 dispu-

325 819 594 874 tatoribus
639 819 858 875 obviare
887 836 1010 890 prae.
1032 831 1259 887 utnunt;
1292 831 1346 876 et
1373 837 1495 877 cum
1525 821 1804 893 Pelagium
1833 833 1913 877 at-

327 927 434 980 que
463 909 778 965 CteleStium
825 911 1281 968 anathematizare
1313 928 1417 967 non
1449 913 1716 982 dubitent,
1750 925 1770 952 ε
1801 931 1912 968 ma—

327 1004 510 1070 gistris
544 1013 721 1072 tamen
753 1005 975 1072 nostris,
998 1015 1268 1075 tamquam
1301 1006 1662 1060 necessarium
1693 1005 1909 1060 modum

328 1097 683 1160 excesserint,
719 1096 1114 1166 obloquuntur,
1146 1113 1316 1167 eaque
1361 1098 1730 1152 tantummodo
1759 1099 1910 1169 sequi

325 1196 382 1240 et
413 1187 640 1256 probare
671 1187 994 1257 profitentur
1022 1204 1140 1260 qua:
1186 1189 1550 1242 sacratissima
1594 1189 1737 1242 beati
1775 1204 1908 1258 apo-

325 1280 448 1334 stoli
493 1279 648 1335 sedes
681 1279 821 1333 Petri
848 1289 1037 1334 contra
1069 1280 1316 1334 inimicos
1341 1282 1525 1350 gratim
1557 1280 1648 1334 Dei
1683 1297 1778 1350 per
1810 1281 1910 1335 mi-

325 1371 611 1426 nisterium
646 1373 936 1440 praesulum
984 1388 1203 1426 suorum
1237 1373 1414 1427 sanxit
1451 1385 1506 1428 et
1548 1374 1764 1435 docuit;
1817 1389 1911 1429 ne-

326 1461 624 1515 cessarium
652 1461 752 1514 fuit
777 1460 1059 1531 diligenter
1087 1462 1359 1531 inquirere
1387 1462 1511 1532 quid
1536 1475 1772 1518 rectores
1803 1463 1910 1517 Rn-

327 1570 499 1606 ιηειιιίιι
545 1553 800 1608 Ecclesim
833 1555 899 1609 de
949 1555 1140 1609 ltmresi
1187 1570 1305 1625 quae
1348 1571 1533 1609 eorum
1577 1557 1909 1625 temporibus

327 1657 521 1700 exorta
576 1649 750 1702 fuerat.
791 1648 1116 1717 judicarint,
1164 1657 1217 1702 et
1263 1659 1447 1701 eontra
1497 1648 1907 1703 nocentissimos

2015 455 2295 509 demersus
2327 463 2430 517 est,
2462 464 2516 508 et
2547 455 2677 509 nihil
2709 452 3156 525 quemadmodum
3185 451 3387 506 exinde
3424 448 3443 487 τ
3475 465 3599 506 sur-

2014 561 2141 617 gere
2189 560 2368 615 posset
2399 547 2632 612 invenit;
2679 563 2882 617 suaque
2932 548 2984 602 in
3029 556 3293 601 azternum
3343 545 3600 599 libertate

2014 637 2291 705 deceptus,
2318 635 2477 704 hujus
2505 637 2674 694 ruina:
2702 645 2725 683 8
2749 637 3006 705 jacuisset
3035 649 3321 705 Oppressu,
3348 634 3450 689 nisi
3476 650 3597 690 eum

2016 735 2136 797 post
2162 727 2358 782 Christi
2378 724 2405 763 δ
2426 744 2522 797 pro
2550 743 2642 781 sua
2675 729 2842 797 gratia
2876 729 3169 782 relevasset
3197 727 3482 793 adventus,
3506 728 3597 798 qui

2015 834 2110 888 per
2139 835 2290 872 novae
2338 820 2765 888 regenerationis
2798 817 3220 888 purificationem
3260 833 3417 874 Omne
3458 833 3594 887 pra}-

2016 913 2230 966 teritum
2262 911 2446 964 vitium
2471 916 2550 965 sui
2586 910 2922 980 baptismatis
2954 911 3168 963 lavacro
3200 911 3455 979 purgavit.
3494 928 3514 963 ι

2085 1002 2213 1058 Car.
2257 1004 2319 1057 γ.
2362 1034 2430 1044 —
2469 1003 2522 1059 6.
2585 1004 2866 1058 Neminem
2918 1017 3042 1058 esse
3089 1018 3184 1072 per
3239 1002 3587 1073 semetipsum

2015 1097 2213 1151 bonum
2234 1140 2248 1163 ,
2278 1097 2378 1152 nisi
2420 1096 2892 1166 participationem
2921 1095 3003 1150 sui
3042 1096 3130 1150 ille
3157 1094 3351 1163 donet,
3383 1095 3474 1163 qui
3503 1109 3592 1150 so-

2016 1188 2098 1241 lus
2123 1199 2201 1241 est
2224 1189 2414 1243 bonus.
2449 1189 2600 1256 Quod
2630 1188 2679 1242 in
2712 1188 2918 1242 eisdem
2949 1187 3168 1258 scriptis
3198 1187 3438 1256 ejusdem
3467 1202 3595 1255 pon-

2016 1280 2174 1335 tificis
2216 1282 2481 1336 sententia
2524 1288 2882 1349 protestatur,
2931 1278 3116 1333 dicens
3151 1296 3162 1330 :
3202 1298 3220 1330 ι
3265 1276 3281 1315 ί
3326 1277 3590 1348 Numquid

2013 1390 2112 1428 nos
2141 1375 2206 1427 de
2235 1390 2418 1428 eorum
2452 1374 2673 1441 posthac
2704 1384 2904 1427 rectum
2933 1372 3200 1427 mentibus
3235 1373 3588 1437 :estimemus,

2013 1468 2101 1536 qui
2133 1466 2230 1519 sibi
2261 1478 2320 1520 se
2353 1475 2539 1534 putant
2566 1466 2767 1520 debere
2798 1465 2939 1536 quod
2970 1466 3093 1519 boni
3129 1473 3274 1530 sunt,
3308 1480 3408 1520 nec
3438 1463 3587 1520 illum

2012 1559 2356 1612 eonsideram
2397 1557 2551 1624 cujus
2581 1555 2821 1626 quotidie
2854 1556 3076 1626 gratiam
3109 1565 3511 1625 consequuntur
3542 1554 3589 1621 i,

2013 1650 2100 1718 qui
2130 1651 2246 1702 sine
2281 1647 2373 1703 illo
2404 1657 2607 1701 tantum
2637 1664 2694 1701 se
2724 1648 2936 1714 assequl
2971 1661 3126 1715 posse
3155 1647 3471 1701 confidunt?
3498 1666 3517 1700 ι

327 1738 485 1791 liberi
517 1739 719 1792 arbitrii
751 1740 1065 1794 defensores
1095 1740 1218 1810 quid
1253 1739 1318 1794 de
1342 1739 1509 1810 gratia
1545 1738 1640 1795 Dei
1669 1741 1908 1795 sentien-
1937 1735 1986 1796 Β
2083 1739 2209 1796 Car.
2255 1740 2335 1795 VI.
2369 1770 2439 1782 —
2467 1740 2519 1795 7.
2562 1739 2838 1794 Neminem
2871 1739 3035 1793 etiam
3065 1740 3399 1808 baptismatis
3421 1742 3588 1809 gratia

326 1829 454 1881 dum
487 1842 606 1882 esse
631 1832 965 1896 censuerint;
997 1830 1064 1883 ita
1096 1839 1153 1884 ut
1183 1833 1341 1885 etiam
1371 1831 1749 1887 Africanorum
1778 1848 1909 1888 con-

325 1918 578 1974 ciliorum
638 1919 894 1988 quasdam
957 1925 1250 1976 sententias
1319 1923 1712 1994 jungeremus,
1773 1941 1909 1997 quas

324 2012 514 2079 utique
545 2025 670 2064 suas
703 2010 944 2066 fecerunt
983 2015 1263 2081 apostolici
1302 2017 1594 2083 antistites,
1629 2033 1750 2072 cum
1787 2034 1909 2087 pro-

325 2105 546 2160 barunt.
578 2102 648 2160 Ut
687 2119 815 2174 ergo
844 2106 1057 2176 plenius
1087 2109 1175 2182 qui
1232 2109 1283 2161 in
1331 2109 1509 2179 aliquo
1540 2109 1782 2163 dubitant
1829 2109 1910 2162 itt-

323 2206 625 2262 struantur,
651 2199 1063 2254 constitutiones
1082 2209 1386 2256 sanctorum
1414 2201 1630 2255 Patrum
1655 2217 1910 2271 compen-

323 2291 480 2344 dioso
507 2290 911 2346 manifestamus
936 2292 1191 2355 indiculo,
1215 2309 1320 2364 quo
1343 2296 1385 2347 si
1410 2296 1527 2364 quis
1556 2314 1658 2348 non
1684 2296 1904 2350 nimium

325 2391 410 2437 est
439 2385 833 2441 contentiosus.
882 2395 1136 2451 agnoscat
1190 2387 1428 2439 omnium
1480 2386 1903 2455 (Ιίςιιιιιιιιίιιιιιιιιι

323 2476 720 2530 eonnexionem
768 2491 832 2529 ex
868 2476 967 2529 hac
1009 2475 1345 2530 subditarum
1379 2483 1754 2532 auetoritatum
1787 2479 1908 2534 bre-

323 2567 491 2622 vitate
556 2567 828 2636 pendere,
908 2568 1215 2637 nullamque
1279 2568 1380 2622 sibi
1461 2571 1907 2626 eontradietionis

323 2673 610 2728 superesse
663 2659 960 2725 rationem,
1013 2660 1056 2714 si
1109 2675 1230 2713 cum
1281 2660 1568 2716 catholicis
1618 2663 1802 2717 credat
1851 2674 1906 2718 et

323 2750 485 2805 dieal.

394 2842 522 2897 Car.
555 2843 645 2898 IV.
678 2874 749 2884 —
775 2845 828 2900 5.
862 2843 921 2898 In
953 2845 1402 2914 praevaricatione
1435 2847 1561 2902 Adae
1591 2864 1781 2906 omnes
1811 2849 1908 2906 ho-

323 2935 500 2990 mines
534 2938 828 2992 naturalem
859 2937 1267 3006 possibilitatem
1299 2951 1354 2995 et
1391 2940 1752 2998 innocentiam
1786 2960 1906 3014 per-

323 3030 546 3095 didisse,
594 3040 648 3085 et
693 3033 961 3086 neminem
994 3031 1062 3087 de
1108 3033 1377 3102 profundo
1413 3035 1550 3090 illius
1590 3038 1761 3090 ruina!
1808 3053 1907 3107 per

2014 1843 2330 1889 reumatum
2379 1831 2630 1886 idoneum
2659 1846 2782 1884 esse
2813 1831 2876 1885 ad
2919 1829 3252 1898 superandas
3283 1830 3480 1885 diaboli
3514 1832 3592 1886 itt-

2013 1925 2175 1981 sidias
2209 1935 2262 1979 et
2299 1923 2362 1978 ad
2406 1924 2694 1978 vincendas
2731 1923 2908 1974 carnis
2953 1923 3454 1990 concupiscentias,
3492 1923 3588 1976 nisi

2012 2033 2108 2088 per
2158 2015 2526 2087 quotidianum
2589 2016 2911 2082 adjutorium
2973 2013 3068 2068 Dei
3132 2016 3588 2081 perseverantiam

2012 2109 2170 2163 bonze
2203 2107 2629 2162 conversationis
2658 2107 2946 2174 acceperit.
2977 2105 3131 2172 Quod
3167 2107 3409 2174 ejusdem
3449 2107 3587 2161 anti-

2011 2201 2152 2254 stitis
2191 2200 2242 2254 in
2286 2201 2528 2268 ejusdem
2576 2201 2780 2269 paginis
2810 2195 2835 2234 ¹ι
2867 2197 3110 2251 doctrina
3152 2198 3473 2264 confirmat,
3507 2197 3590 2252 di-

2009 2309 2139 2349 cens
2172 2310 2184 2347 :
2218 2312 2235 2343 ε
2272 2294 2400 2346 Nam
2434 2294 2676 2363 quamvis
2708 2292 2982 2346 hominem
3013 2290 3028 2327 ι
3055 2292 3373 2346 redemisset
3396 2307 3423 2345 a
3458 2307 3590 2361 prae-

2012 2386 2181 2440 teritis
2212 2386 2298 2440 ille.
2325 2389 2590 2454 peccatis;
2629 2396 2806 2440 tamen
2841 2387 3018 2440 sciens
3048 2386 3242 2439 iterum
3278 2400 3439 2456 posse
3471 2400 3590 2455 pec-

2010 2497 2134 2536 care
2156 2525 2170 2548 ,
2201 2481 2265 2534 ad
2311 2481 2704 2549 reparationem
2737 2479 2842 2533 sibi
2869 2521 2883 2546 ,
2927 2479 3380 2548 quemadmodum
3419 2489 3593 2548 posset

2010 2574 2156 2628 illum
2193 2583 2243 2627 et
2279 2582 2399 2641 post
2441 2573 2536 2626 ista
2566 2571 2869 2640 corrigere.
2907 2571 3071 2624 multa
3105 2571 3370 2636 servavit,
3421 2571 3594 2640 quoti-

2009 2671 2163 2722 diana
2199 2676 2459 2736 przestans
2494 2667 2565 2718 illi
2607 2665 2877 2728 remedia;
2913 2665 3107 2732 quibus
3143 2663 3240 2715 nisi
3275 2663 3392 2716 freti
3421 2663 3589 2717 confi-

2010 2763 2161 2828 sique
2197 2760 2456 2821 nitamur,
2491 2759 2793 2810 nullatenus
2841 2758 3102 2810 humanos
3145 2757 3359 2810 vincere
3391 2756 3592 2825 peteri-

2011 2868 2128 2908 mus
2171 2868 2403 2905 errores.
2449 2849 2678 2902 Necesse
2725 2859 2808 2902 est
2855 2850 2994 2901 enim
3047 2858 3105 2902 ιιι
3145 2863 3251 2916 quo
3298 2848 3595 2902 auxiliante

2010 2932 2299 2998 vincimus.
2333 2957 2397 2994 eo
2424 2941 2616 2992 iterum
2653 2953 2757 2990 non
2787 2937 3076 3006 adjuvante
3108 2939 3406 2991 vincamur.
3446 2956 3463 2988 ι

2081 3034 2212 3090 Car.
2255 3033 2364 3086 VII.
2401 3063 2465 3073 --
2490 3033 2542 3088 8.
2574 3030 2725 3098 Quod
2757 3046 2934 3091 nemo,
2969 3031 3069 3084 nisi
3100 3040 3138 3067 ιη
3172 3047 3264 3097 per
3292 3029 3587 3099 Christum,

324 3122 558 3176 liberum
592 3122 871 3178 arbitrium
904 3140 1066 3195 posse
1103 3140 1453 3196 consurgere,
1496 3127 1597 3182 nisi
1629 3144 1751 3182 eum
1783 3145 1906 3198 gra-
1931 3116 1978 3179 C
2011 3128 2187 3182 libero
2212 3127 2344 3179 bene
2369 3134 2549 3178 utatur
2572 3122 2813 3186 arbitrio,
2840 3121 2979 3176 idem
3005 3123 3258 3191 magister
3289 3126 3340 3174 in
3364 3122 3591 3190 epistola

323 3215 393 3265 tia
439 3213 533 3268 Dei
590 3216 902 3270 miserantis
958 3218 1228 3282 erexerit,
1297 3219 1679 3285 pronuntiante
1733 3221 1903 3276 beatae

323 3307 598 3359 memoria?
642 3307 954 3362 Innocentio
1001 3324 1167 3377 papa,
1226 3319 1385 3377 atque
1433 3311 1650 3366 dicente
1695 3313 1746 3367 in
1791 3316 1902 3382 epi-

322 3399 458 3452 stola
483 3397 508 3432 ἀ
537 3399 603 3450 ad
630 3398 1050 3466 Carthaginense
1077 3401 1362 3456 concilium
1393 3419 1406 3457 :
1435 3421 1454 3454 ‹
1476 3403 1728 3459 Liberum
1759 3408 1899 3461 enim

321 3487 603 3540 arbitrium
639 3497 662 3522 ο
691 3489 815 3541 olim
863 3487 956 3541 ille
989 3503 1294 3556 perpessus,
1328 3492 1452 3545 dum
1485 3495 1596 3548 suis
1627 3496 1902 3552 inconsul-

397 3677 423 3704 κ
460 3665 696 3745 _Verhum
720 3667 999 3745 incipiam,
1028 3685 1132 3745 quo
1159 3672 1386 3728 alterum
1417 3680 1674 3745 scriptum
1702 3683 1768 3734 ab
1794 3698 1894 3737 an-

324 3739 604 3814 tecedente
649 3738 874 3814 epis_t«.)la
911 3737 1226 3814 distinctum
1269 3737 1597 3814 designatur.
1628 3762 1803 3805 exstat
1842 3755 1894 3808 in

321 3809 568 3862 omnibus
593 3809 714 3861 coll.
748 3808 1017 3888 Dio_n.__aut
1044 3812 1204 3866 Iladr.
1232 3808 1648 3888 exemplaribus.
1678 3823 1896 3888 EXpun-

319 3890 467 3934 ctum
492 3892 573 3933 eSt
594 3890 772 3959 autem
803 3880 870 3934 ab
895 3882 1140 3948 Hispanae
1163 3880 1495 3942 collet-ttonis
1519 3880 1890 3959 eotnpilatore,

320 3965 477 4020 quem
512 3961 561 4002 et
604 3950 838 4004 Isidorus
875 3966 1091 4008 secutus
1126 3966 1226 4010 est.
1261 3960 1327 4011 At
1359 3961 1407 4012 in
1450 3950 1722 4015 veteribus
1758 3950 1888 4017 edit:

319 4021 513 4075 conciI.
546 4036 607 4075 ac
636 4022 795 4075 Rom.
829 4031 967 4077 lotus
998 4025 1084 4079 hic
1119 4027 1300 4081 titulus
1332 4031 1558 4083 Otltisstts
1593 4032 1708 4085 fuit.

390 4090 418 4162 β
458 4092 659 4158 Quesn.
695 4105 748 4145 et
775 4092 905 4145 Lab.
938 4107 1058 4162 post
1086 4097 1245 4150 Sirio.
1284 4099 1367 4151 hic
1394 4101 1624 4162 addunt,
1656 4114 1702 4156 et
1733 4103 1892 4161 libero

315 4161 594 4240 voluntatis
619 4162 865 4240 arbitrio,
893 4161 1034 4240 quod
1070 4182 1096 4240 ει
1130 4183 1256 4221 mss.
1290 4179 1397 4240 tum
1431 4169 1545 4236 hic,
1579 4161 1684 4225 tum
1712 4175 1765 4228 in
1797 4192 1890 4240 ge-

317 4232 492 4311 nerali
517 4235 791 4311 titulorum
821 4233 1012 4311 indice,
1041 4237 1215 4311 abest.
1246 4239 1322 4292 Ad
1358 4232 1765 4311 hujus'quidem
1797 4232 1895 4301 In-

316 4303 477 4356 diculi
508 4305 711 4383 calcem
737 4304 1007 4384 iniisdem
1036 4322 1164 4384 mss.
1207 4309 1382 4384 legere
1417 4303 1499 4364 est
1544 4303 1892 4384 εἘειςρΙὶεἰιιηι

315 4374 688 4445 prwteritorum
718 4375 855 4445 sedis
891 4375 1186 4445 apostolica,
1223 4374 1580 4445 episcoporum
1610 4374 1894 4441 auctorita—

316 4453 390 4519 {es
435 4444 497 4498 de
541 4446 708 4519 gratio
755 4444 851 4499 Dei
889 4444 934 4501 et
972 4452 1130 4502 libero
1169 4444 1419 4519 arbitrio;
1449 4456 1541 4507 Sed
1582 4458 1788 4510 titulun:
1841 4461 1892 4513 in

2010 3220 2078 3273 ad
2121 3218 2486 3273 Milevitanutn
2530 3214 2819 3268 concilium
2848 3213 2969 3266 data
3000 3222 3025 3248 υ
3058 3214 3316 3282 prazdicat
3359 3214 3544 3270 dicens
3580 3233 3595 3269 :

2013 3329 2031 3363 ι
2072 3309 2311 3363 Advorte
2345 3307 2582 3368 tandem,
2615 3321 2648 3358 o
2678 3306 3119 3374 pravissintarutn
3162 3306 3426 3360 mentium
3469 3323 3593 3376 per-

2007 3416 2159 3456 versa
2192 3399 2473 3461 doctrina,
2507 3397 2647 3465 quod
2695 3397 2923 3465 primum
2969 3397 3238 3450 hominem
3267 3396 3337 3450 ita
3369 3397 3596 3452 libertas

2008 3500 2119 3566 ipsa
2151 3493 2382 3562 decepit,
2417 3503 2471 3546 ut
2501 3490 2626 3544 dum
2661 3489 3028 3560 indulgentius
3055 3487 3221 3544 frenis
3245 3489 3360 3559 ejus
3395 3492 3590 3558 utitur,

2001 3699 2126 3740 sper
2153 3692 2340 3735 contra
2372 3680 2564 3734 Collat.
2596 3696 2643 3733 e.
2678 3681 2709 3732 5
2743 3697 2794 3733 ιι.
2830 3679 2927 3743 I5,
2963 3682 3291 3747 Augustinus
3320 3681 3411 3736 lib.
3458 3698 3493 3736 ιι
3522 3685 3593 3741 ad

2005 3754 2244 3808 Botnfae.
2274 3768 2322 3806 c.
2355 3752 2386 3804 4
2418 3769 2466 3805 ιι.
2503 3753 2556 3814 6,
2591 3761 2641 3804 ct
2673 3751 3036 3804 Innocentius.
3067 3753 3379 3805 concinttnt.

2076 3835 2100 3869 ε
2145 3825 2217 3877 Ιι;ι
2248 3824 2412 3876 nostri
2457 3839 2582 3876 mss.
2617 3822 2716 3874 nisi
2749 3821 2891 3887 quod
2930 3823 2979 3874 in
3006 3820 3107 3893 iis,
3135 3823 3406 3893 quomodo
3447 3826 3590 3893 apud

2002 3893 2328 3964 Prnsperum
2373 3905 2555 3946 contra
2599 3893 2796 3947 (tollat.
2832 3894 2879 3944 in
2922 3891 3106 3964 codice
3135 3894 3301 3946 Corb.
3337 3891 3585 3962 habetur,

2002 3975 2054 4018 et
2085 3962 2354 4033 quomodo
2383 3973 2434 4016 et
2474 3965 2611 4031 apud
2656 3965 3008 4031 Augustinum
3043 3962 3134 4016 lib.
3165 3979 3200 4016 ιι
3233 3965 3297 4016 ad
3343 3965 3584 4021 Bonifac.

2001 4036 2244 4104 pluribus
2293 4037 2341 4087 iit
2375 4051 2503 4087 mss;
2541 4035 2722 4087 haberi
2757 4036 3101 4087 obserVatuttt
3143 4045 3252 4097 est,
3287 4045 3461 4089 CXSIal
3505 4038 3585 4091 la-

2001 4109 2198 4162 tuisset.
2233 4108 2300 4160 At
2344 4105 2534 4170 legitur
2579 4105 2716 4169 apud
2761 4105 2936 4170 Merl.,
2966 4108 3118 4175 hujus
3164 4107 3314 4158 ruina
3354 4108 3584 4161 latuisset

2000 4179 2290 4245 Oppressis;
2328 4176 2466 4243 apud
2511 4177 2693 4240 tft'alu,
2726 4175 2881 4245 hujus
2915 4178 3065 4228 ruina
3091 4179 3338 4247 jacuisset
3370 4195 3583 4247 Oppres-

2000 4264 2122 4312 sus;
2172 4247 2221 4302 in
2256 4249 2404 4330 edit;
2433 4247 2609 4330 Itoni”
2641 4247 2758 4330 liuic
2786 4248 2950 4330 ruitur
2977 4249 3228 4330 jacuisset
3274 4263 3581 4330 oppressus;

2002 4333 2140 4385 aput.
2177 4319 2336 4371 Sirm.
2386 4317 2514 4372 Lab.
2559 4327 2610 4369 et
2641 4315 2866 4384 Quesn.,
2899 4315 3017 4370 huic
3049 4319 3214 4372 ruina:
3243 4315 3582 4390 subjucuisset

2002 4403 2286 4441 ουυιτδδιιδ.

2105 4406 2286 4441 νεεδιιδ.

2032 4406 2100 4493 ρξι
2143 4458 2214 4512 Ila
2251 4474 2378 4512 mss.
2412 4468 2723 4512 COIhlﬂlllt‘I‘
2767 4460 2880 4513 sive
2925 4459 3040 4526 hic,
3072 4458 3184 4513 sive
3215 4459 3268 4512 in
3302 4463 3432 4514 locis
3463 4462 3573 4515 Au-

313 4512 493 4599 fron'te
524 4512 858 4599 praemissum
888 4519 1236 4599 sinceriorem
1267 4512 1597 4599 rsseifidetn
1631 4528 1753 4583 facit
1785 4512 1899 4599 ipse
1926 4535 1980 4595 Ι)
2004 4530 2204 4596 gustini
2234 4540 2283 4583 et
2315 4529 2586 4598 Pt'ttSpCl'i,
2615 4530 2702 4583 ubi
2739 4512 3064 4599 ha‘eeadetit
3095 4512 3345 4592 citantur.
3367 4512 3571 4588 sive—in

314 4583 406 4652 qui
431 4583 896 4644 Itasanctoritatcs
919 4591 1152 4665 collegit.
1178 4592 1326 4648 ilanc
1352 4598 1494 4650 enim
1524 4612 1742 4665 operam
1776 4583 1896 4655 ideo

314 4670 372 4732 a__
393 4671 461 4732 se.
483 4667 788 4732 susceptam
821 4662 1165 4725 testificatur,
1198 4673 1250 4714 ut
1291 4677 1467 4720 contra
1511 4662 1894 4732 nocentissimos

314 4725 1023 4806 liberiuc‘trbitrii.de/rensores
1049 4734 1173 4800 quid
1198 4734 1262 4806 de
1283 4739 1448 4804 gratia
1481 4736 1573 4789 Dei
1595 4729 1718 4806 (nec
1747 4741 1895 4796 addit

311 4796 433 4877 etde
453 4795 614 4877 libero
637 4795 874 4868 arbitrio)
894 4795 1178 4856 censuerint
1202 4795 1442 4860 Romanis:
1465 4795 1705 4864 Ecclesia:
1729 4795 1894 4866 rectoé

311 4881 390 4920 res
422 4876 802 4923 tnnutesceret.

336 5015 352 5058 ι
385 4946 407 4974 ο
453 4935 507 4989 In
538 4939 727 5005 priSris
763 4939 889 4994 edit.
927 4953 982 4996 ut
1012 4944 1061 4996 in
1095 4959 1249 5007 mss.,
1284 4946 1552 5014 magistros
1590 4959 1754 5003 tamen
1800 4969 1891 5006 uo-

357 5022 460 5058 ros.

308 5021 460 5060 ειτοε.

379 5073 406 5112 ἀ
447 5075 617 5142 Epist.
646 5077 739 5143 29,
770 5097 918 5134 unm.
946 5084 998 5136 6.

384 5156 407 5183 ο
448 5145 569 5200 Vox
607 5148 729 5202 olim
767 5151 905 5217 apud
952 5153 1106 5207 Mer].
1151 5164 1205 5208 ct
1245 5157 1296 5209 i-n
1344 5174 1474 5212 mss.
1526 5161 1886 5218 desideratur.

305 5216 714 5299 ριιεεηηχιιίη
741 5216 969 5299 epistola
1001 5224 1316 5286 Innocentii.
1348 5229 1620 5286 substituit
1656 5251 1666 5284 ε
1703 5216 1886 5289 Libero

304 5289 680 5364 enim_arbitrio
706 5289 828 5346 olim
857 5293 944 5349 iﬂe
987 5312 1272 5364 perversus,
1307 5302 1370 5353 ita
1396 5313 1446 5353 et
1477 5302 1560 5356 hic
1592 5304 1881 5360 lectionem

302 5360 546 5445 eamdem
581 5365 821 5445 retinuit,
859 5360 994 5445 mss.
1037 5383 1141 5445 non
1177 5372 1350 5445 minus
1384 5371 1466 5445 hic
1495 5389 1650 5442 quam
1691 5378 1738 5427 in
1771 5378 1882 5445 cpi-

302 5431 443 5486 stola
476 5431 772 5510 Innocentii
807 5437 1215 5510 reluctantibus.
1249 5442 1304 5496 Si
1334 5442 1459 5510 quid
1501 5431 1626 5498 titini
1659 5446 1726 5500 de
1757 5431 1878 5501 m'eo

302 5510 513 5586 mutare
551 5503 769 5586 liceret,
817 5508 1030 5564 mallem
1052 5552 1069 5578 ,
1097 5525 1153 5566 ut
1195 5512 1303 5567 dixi
1324 5503 1554 5579 [Libero
1585 5519 1719 5570 enim
1745 5521 1879 5571 arbi-

298 5579 420 5643 trio.
433 5609 494 5643 ._..
508 5614 521 5627 .
562 5579 862 5643 permissus.

376 5639 598 5716 ‘_Sirui.
625 5644 761 5698 Lab.
797 5656 848 5700 et
874 5648 1074 5714 Quesn.
1109 5662 1226 5716 post
1265 5665 1472 5707 veteres
1503 5656 1633 5709 edit.
1681 5659 1876 5711 coneil.

295 5720 354 5771 οι
380 5710 539 5770 Rom.
576 5728 866 5784 resurgere,
897 5710 1290 5785 refragantibus
1337 5738 1464 5778 mss.
1510 5710 1704 5787 quibus
1749 5710 1878 5782 Pro-

2003 4599 2117 4666 ip~a
2161 4601 2454 4654 Innocentii
2498 4603 2744 4666 epistola.
2791 4603 2851 4654 At
2903 4597 3064 4655 Sirtn.
3111 4612 3160 4654 et
3196 4603 3402 4669 Quesn.
3452 4618 3571 4658 cum

2002 4672 2131 4743 edit.
2161 4673 2357 4725 coneil.
2391 4682 2439 4727 et
2470 4671 2651 4733 Rom,
2684 4688 2773 4741 per
2801 4688 2948 4724 suam
2977 4673 3213 4743 gratiam.

2080 4740 2092 4777 ί
2141 4743 2278 4796 Edil.
2306 4745 2498 4796 eoneil.
2532 4760 2626 4794 nec
2655 4740 2758 4814 non
2787 4743 2937 4795 Rom.
2970 4740 3024 4796 et
3054 4741 3242 4814 Sirtn.,
3269 4741 3572 4814 Numquid:

1998 4815 2337 4881 eort-iguutur
2365 4830 2427 4866 ex
2472 4815 2682 4866 sincero
2713 4813 2870 4866 Dion.
2899 4810 3192 4882 exemplari
3225 4815 3399 4884 regio,
3426 4810 3567 4882 quod

1998 4890 2052 4937 et
2093 4901 2212 4937 cum
2259 4885 2468 4937 laudata
2517 4885 2809 4938 Innocentii
2851 4884 3076 4953 epistola
3117 4888 3408 4939 consentit.
3450 4887 3569 4942 Mox

1998 4969 2098 5005 ms.
2131 4955 2352 5008 Coislin.
2385 4971 2504 5010 cum
2548 4971 2653 5007 uno
2703 4955 2931 5019 Ilarlzno,
2961 4957 3048 5022 qui
3079 4955 3174 5008 sibi
3214 4966 3451 5019 reputant
3477 4960 3564 5012 de-

2001 5023 2126 5076 beri.
2173 5025 2404 5080 Verbum
2451 5036 2628 5078 autcm
2679 5025 2847 5078 deberi
2888 5027 3048 5080 etiam
3097 5027 3148 5080 in
3199 5027 3387 5096 priscis
3434 5030 3563 5088 edit.

1997 5097 2192 5149 eoneil.
2221 5113 2280 5151 ac
2305 5097 2458 5150 Rom.
2496 5097 2627 5149 utin
2663 5096 2931 5164 plerisque
2957 5111 3083 5150 mss.
3121 5098 3346 5151 obtinet.

2072 5165 2086 5215 ι
2137 5166 2389 5234 ριιίιειΙειιιι
2415 5167 2501 5221 hic
2535 5170 3032 5233 prmtertnittuntut"
3055 5167 3346 5222 Innocentii
3383 5171 3560 5234 verba,

1993 5235 2114 5291 sive
2145 5237 2418 5292 bretitatis
2445 5253 2572 5306 ergo
2609 5240 2725 5291 data
2758 5240 3124 5306 opera.'sive,
3158 5251 3371 5308 propter
3407 5239 3566 5295 itera;

1993 5314 2103 5379 tutn
2129 5309 2352 5379 verbum
2383 5320 2781 5378 consequuntur,
2817 5309 3155 5365 librariorum
3189 5311 3359 5379 lapsu.

2061 5376 2083 5414 ¹ί
2127 5378 2295 5446 Epist.
2323 5381 2413 5445 ἓξ),
2447 5376 2594 5434 nutn.
2630 5379 2682 5434 6.

2065 5446 2080 5485 ι
2130 5451 2280 5517 Apud
2311 5450 2460 5504 Merl.
2495 5460 2548 5505 et
2577 5451 2758 5515 Crab.,
2795 5462 2851 5506 ιιι
2883 5451 2934 5504 in
2968 5466 3121 5515 mss.,
3162 5452 3436 5506 redimeret

2059 5527 2094 5554 ω
2135 5519 2277 5575 Edit.
2313 5521 2468 5575 Rom.
2498 5534 2619 5592 post
2647 5522 2796 5578 Mcrl.
2822 5533 2874 5579 et
2899 5521 3083 5590 Crab.,
3112 5539 3204 5592 per
3231 5525 3473 5592 gratiam,
3501 5522 3571 5580 li-

1983 5592 2124 5644 bero.

2059 5669 2084 5694 "
2129 5662 2295 5728 Epist.
2329 5663 2414 5726 5f,
2454 5679 2598 5716 num.
2633 5667 2685 5718 3.
