3982 6182
247 259 352 335 ἒᾱέ
839 289 1050 348 EPIST.
1091 295 1232 352 XXI.
1277 299 1669 360 COELESTINI
1714 303 1916 361 FAPE
1955 305 2048 361 AD
2087 306 2454 363 EPISCOPOS
2494 308 2914 366 GALLIARUM.
3401 306 3510 372 55d

341 397 840 496 praevaricatiOnem
887 410 1312 477 praesumptione
1355 413 1674 469 conciderit.
1718 415 1826 472 Nec
1851 422 1904 480 Α
1930 416 2278 487 loqueretur:
2336 436 2357 471 ε
2394 420 2550 485 Quod
2570 435 2730 490 ergo,
2762 421 2871 488 ait,
2923 431 3134 492 tempus
3182 424 3504 496 intervenit,

337 487 443 588 hac
471 493 647 588 potuit
679 495 824 588 erui,
846 496 950 552 nisi
974 501 1024 554 ei
1050 502 1382 570 providentia
1405 511 1828 575 regenerationis
1926 524 2034 579 quo
2079 513 2197 578 ejus
2234 527 2343 566 non
2387 487 2656 580 egeamus
2681 487 2916 570 auxilio?
2953 515 3012 570 In
3035 487 3298 572 omnibus
3342 487 3508 588 igitur

479 582 720 650 pristina:
761 585 1026 645 libertatis
1061 589 1261 650 Christi
1294 595 1508 652 Domini
1538 601 1829 655 reformas;
1926 600 2157 669 actibus,
2187 603 2395 666 causis,
2423 603 2862 673 cogitationibus,
2898 607 3153 673 motibus,
3185 582 3401 677 adiutor
3449 620 3505 666 et

248 667 634 770 S'éiha'dveottts.
670 693 690 725 ν
779 768 796 770 A
871 769 880 770 7
1927 667 2198 760 protector
2237 694 2476 749 orandus
2495 667 2609 750 est.
2641 695 2945 766 Superbum
2972 706 3054 752 est
3078 667 3220 753 enim
3254 667 3309 754 ut
3348 700 3505 770 quid-

316 757 446 864 Car.
478 761 614 862 \‘lll.
642 797 731 864 J—
770 768 824 822 9.
856 769 1007 837 Quod
1038 779 1062 809 ⁸
1097 775 1277 829 omnia
1322 779 1495 832 studia
1542 790 1595 834 et
1642 783 1823 838 omnia
1923 757 2084 854 quam
2136 787 2235 842 sibi
2303 787 2536 844 humana
2587 757 2777 844 natura
2825 801 3119 860 praesumat
3152 830 3166 855 ,
3236 757 3505 852 clanianle

244 859 408 920 opera
450 869 515 946 ac
546 859 731 914 merita
760 872 1074 919 sanctorum
1104 866 1170 922 ad
1205 868 1294 925 Dei
1323 873 1550 941 gloriam
1579 875 1819 931 laudem-
1922 873 2186 946 Apostolo
2221 895 2234 931 :
2263 877 2385 933 Non
2420 891 2495 934 est
2529 881 2675 934 nobis
2703 859 2999 937 colluctatio
3027 885 3266 938 adversus
3296 903 3502 942 carnem

389 945 674 1005 referenda
707 965 850 1050 sint;
898 958 1023 1050 quia
1068 973 1225 1015 nemo
1273 963 1488 1020 aliunde
1518 966 1569 1021 ei
1616 968 1816 1035 placet,
1919 945 1987 1022 et”
2007 972 2338 1043 sanguinem,
2382 973 2474 1026 sed
2496 980 2675 1027 contra
2701 974 2953 1044 principes
2977 981 3028 1028 et
3059 983 3332 1043 potestates
3365 980 3500 1034 aeris

239 1034 442 1142 ﬁsi-ex
487 1055 552 1142 eo
580 1045 720 1142 quod
764 1045 881 1117 ipse
913 1048 1193 1106 donaverit
1222 1070 1234 1106 :
1270 1055 1320 1108 in
1349 1063 1506 1126 quam
1549 1034 1646 1112 nos
1690 1075 1816 1115 sen~
1920 1034 2606 1132 hujusjcontra'spiritalia
2638 1034 2877 1135 nequitiis
2896 1067 2951 1120 in
2973 1034 3256 1123 calonibus
3279 1068 3495 1142 (Eplm.

503 1132 870 1233 dirigit-beatae
895 1143 1285 1200 recordationis
1314 1162 1468 1217 papa:
1497 1148 1701 1206 Zosimi
1735 1169 1818 1208 re-
1918 1128 1996 1218 Vt,
2028 1152 2139 1224 19).
2174 1155 2236 1209 Et
2262 1128 2400 1210 sicut
2426 1160 2539 1226 ipse
2559 1128 2754 1213 iterum
2781 1159 2914 1214 dicit
2945 1177 2958 1213 :
2989 1158 3185 1228 Infelix
3203 1128 3295 1233 ego
3320 1128 3495 1232 hante,

234 1218 450 1324 gelatis
502 1227 792 1324 auctoritas
812 1244 991 1324 ,hcum
1043 1233 1288 1290 scribens
1341 1237 1405 1292 ad
1459 1241 1620 1295 totius
1669 1243 1814 1299 orbis
1912 1247 2029 1315 quis
2055 1218 2135 1300 nte
2160 1248 2391 1302 liberabit
2420 1218 2484 1304 de
2507 1265 2720 1321 corpore
2750 1253 2930 1307 mortis
2960 1218 3154 1324 hujus?
3183 1218 3369 1308 Ciatia
3396 1218 3499 1310 Dei

234 1311 560 1417 dbiscopos,
597 1317 673 1417 ait
712 1337 726 1372 :
762 1337 780 1370 t
815 1319 921 1376 Nos
962 1333 1140 1380 autem
1176 1328 1432 1387 instinctu
1471 1333 1564 1388 Dei
1607 1335 1813 1406 (omnia
1915 1311 2007 1406 per
2035 1334 2216 1392 Iesum
2239 1337 2498 1394 Christum
2522 1311 2797 1396 Dominum
2813 1311 3043 1397 nostrum
3055 1343 3231 1414 (Rom.
3262 1361 3355 1410 vn,
3379 1345 3493 1417 24).

229 1409 375 1507 enim
409 1409 662 1507 bonaad
683 1422 956 1507 auctorem
989 1431 1141 1474 suum
1180 1422 1460 1479 referenda
1487 1435 1644 1494 sunt,
1672 1431 1811 1486 unde
1916 1427 1981 1483 Et
2008 1429 2204 1484 iterum
2245 1446 2261 1485 :
2293 1429 2481 1486 Gratia
2513 1431 2607 1486 Dei
2636 1450 2752 1488 sum
2795 1435 2850 1488 id
2883 1435 3022 1504 quod
3058 1409 3201 1503 sum,
3234 1446 3282 1491 et
3327 1409 3497 1507 gratia

226 1501 570 1602 nascuntur)
599 1503 664 1556 ad
697 1503 916 1602 fratrum
948 1518 1002 1563 et
1035 1513 1471 1584 coepiscoporum
1506 1530 1807 1577 nostrorum
1912 1522 2024 1590 ejus
2049 1523 2101 1575 in
2119 1539 2198 1576 me
2225 1540 2389 1577 vacua
2409 1541 2512 1579 non
2536 1526 2668 1594 fuit;
2694 1527 2782 1581 sed
2814 1501 2929 1594 plus
2955 1527 3060 1582 illis
3089 1501 3495 1584 omnibus'labo—

221 1592 621 1692 e‘ouscientiam
642 1595 902 1692 universa
933 1603 1229 1662 retulimus.
1261 1626 1280 1659 ι
1312 1609 1464 1666 llunc
1491 1622 1670 1668 autem
1694 1629 1808 1669 ser—
1910 1616 2040 1668 rari.
2075 1615 2200 1670 Non
2226 1633 2318 1688 ego
2360 1592 2558 1680 autem,
2603 1620 2694 1674 sed
2727 1592 2898 1691 gratia
2933 1621 3031 1675 Dei
3056 1637 3257 1678 mecum
3300 1623 3344 1692 (l
3372 1621 3492 1679 Cor.

218 1680 451 1777 mortem
495 1684 874 1744 sincerissima;
914 1693 1150 1751 veritatis
1191 1698 1308 1754 luce
1330 1701 1626 1758 radiantem
1661 1715 1804 1760 tanto
1911 1720 2000 1771 xv,
2043 1708 2152 1777 10).
2189 1727 2210 1760 t

215 1770 340 1871 diri
374 1777 618 1871 episcopi
659 1779 858 1837 honore
899 1785 1138 1843 venerati
1169 1801 1324 1859 sunt,
1358 1802 1414 1848 ut
1441 1793 1514 1849 ita
1545 1797 1614 1851 ad
1651 1811 1803 1853 eum-
1833 1794 1878 1854 Β
1976 1770 2208 1854 ΟΑΡίΧ.
2240 1830 2311 1840 -
2340 1802 2427 1855 11.
2468 1819 2488 1853 ι
2527 1799 2655 1855 Illud
2683 1802 2846 1856 etiam
2878 1805 3018 1871 quod
3048 1807 3182 1862 intra
3211 1817 3234 1845 ο
3263 1808 3491 1864 Cartha-

212 1862 347 1918 dem
382 1869 555 1924 virum
584 1870 610 1909 δ
640 1873 934 1933 scriberent
963 1896 976 1932 :
1012 1898 1033 1932 t
1066 1880 1201 1937 Illud
1233 1899 1394 1952 vero,
1418 1889 1558 1956 quod
1583 1891 1636 1944 in
1660 1890 1805 1947 litte-

209 1956 289 2011 ris
323 1974 468 2028 quas
490 1964 555 2018 ad
583 1968 852 2024 universas
882 1976 1189 2041 provincias
1214 1980 1412 2034 curasti
1444 1996 1563 2038 esse
1585 1983 1804 2040 mitten-

207 2047 329 2114 das,
367 2055 601 2120 posnisti
647 2058 869 2117 dicetis:
899 2080 919 2116 ι
947 2064 1057 2122 Nos
1104 2076 1278 2124 tamen
1315 2073 1570 2128 instinctu
1617 2076 1732 2142 Dei,
1775 2097 1793 2130 ι

207 2143 339 2235 etc”
373 2145 457 2200 sic
499 2153 800 2221 accepimus
827 2155 1051 2225 dictum,
1086 2171 1147 2216 ut
1175 2164 1329 2231 illos,
1363 2167 1451 2235 qui
1486 2179 1672 2224 contra
1704 2172 1796 2226 Dei

206 2229 546 2332 adjutorium
579 2251 602 2280 ο
630 2246 900 2302 extollunt
941 2250 1161 2308 humani
1210 2229 1418 2313 arbitrii
1466 2260 1792 2332 libertatem,

205 2323 462 2385 diali-icto
496 2333 674 2402 gladio
716 2340 958 2396 veritatis
986 2346 1133 2401 velut
1159 2351 1360 2403 cursim
1390 2354 1660 2411 transiens
1684 2323 1798 2412 am;

205 2425 450 2518 putares.
485 2424 626 2518 Quid
647 2430 788 2484 enim
813 2439 917 2486 tam
949 2434 1120 2490 libero
1149 2439 1350 2496 fecistis
1371 2444 1613 2514 arbitrio,
1635 2463 1793 2518 quam

202 2513 349 2580 quod
395 2516 654 2575 universa
702 2523 754 2577 in
808 2537 1005 2583 nostra:
1049 2530 1360 2592 humilitatis
1407 2513 1792 2598 cnnseien'tiam

202 2606 515 2702 retulistis?
545 2612 612 2666 Et
640 2623 816 2672 tamen
843 2619 1094 2677 instinctu
1123 2623 1213 2680 Dei
1243 2627 1441 2685 factum
1473 2647 1591 2688 esse
1623 2635 1795 2691 ﬁdeli-

315 2702 708 2798 sapienterque
737 2708 970 2776 vidistis,
1006 2718 1271 2774 veraciter
1292 2721 1626 2793 lldenterque
1652 2727 1794 2780 dixi-

201 2790 323 2886 stis.
350 2790 489 2847 ldeo
510 2797 714 2866 utique,
744 2802 863 2870 quia
893 2817 1220 2875 przepa'ratur
1245 2812 1492 2867 voluntas
1511 2790 1550 2868 at
1563 2816 1790 2871 Domino

201 2875 392 2948 (Prov.
425 2898 543 2951 vttt,
573 2887 665 2955 25,
688 2907 790 2945 sec.
821 2893 1016 2966 LXX),
1052 2909 1105 2954 et
1134 2911 1188 2954 ut
1220 2903 1344 2957 boni
1378 2905 1577 2974 aliquid
1608 2920 1789 2976 agant,

199 2977 458 3064 paternis
506 2977 948 3046 inSpirationibus
997 3005 1216 3047 suorum
1262 2995 1377 3061 ipse
1424 2998 1595 3064 tangit
1629 2999 1791 3052 corda

196 3055 523 3119 dliliorum.
552 3069 822 3141 Quotquot
849 3078 990 3130 enim
1009 3080 1199 3147 Spiritu
1232 3083 1326 3136 Dei
1346 3055 1594 3151 aguntur,
1623 3087 1675 3140 hi
1696 3086 1789 3141 lilii

1908 1889 2170 1960 giniensis
2197 1889 2389 1960 synodi
2420 1891 2633 1946 decreta
2661 1891 3012 1948 constitutum
3042 1905 3155 1965 est,
3189 1899 3340 1965 quasi
3369 1913 3492 1968 pro-

1907 1982 2085 2052 prium
2115 1983 2430 2050 apostolicte
2462 1981 2607 2036 sedis
2637 1982 3017 2052 amplectimur
3036 2026 3050 2051 ,
3086 1989 3229 2056 quod
3277 1989 3490 2046 scilicet

1908 2078 2068 2132 tertio
2094 2079 2328 2148 capitulo
2365 2077 2646 2134 deﬁnitum
2679 2088 2763 2134 est
2795 2097 2808 2132 :
2840 2078 2909 2134 Ut
2935 2080 3264 2151 quicumque
3294 2083 3491 2137 dixerit

1903 2173 2128 2243 gratiam
2171 2171 2263 2226 Dei
2293 2189 2396 2240 qua
2447 2172 2812 2243 justilicamur
2853 2188 2950 2242 per
2994 2173 3177 2228 Jesum
3219 2176 3488 2229 Christum

1904 2268 2186 2322 Dominum
2222 2275 2486 2332 nostrum,
2518 2267 2586 2321 ad
2617 2267 2789 2322 solam
2824 2267 3204 2322 remissionem
3235 2277 3488 2335 peccato-

1901 2375 2016 2414 rum
2047 2360 2228 2414 valere
2273 2374 2392 2429 qua:
2414 2359 2524 2428 jam
2575 2358 2863 2414 commissa
2894 2368 3018 2412 sunt
3040 2398 3053 2421 ,
3085 2373 3190 2422 non
3228 2360 3390 2414 etiam
3419 2360 3485 2413 ad

1900 2451 2228 2521 adjutorium
2257 2462 2314 2506 ut
2354 2468 2459 2506 nou
2487 2453 2892 2509 committantur
2915 2493 2929 2519 ,
2978 2453 3261 2508 anathema
3301 2452 3388 2508 sit.
3421 2454 3487 2510 Et

1899 2544 2094 2598 iterum
2127 2552 2318 2612 quarto
2345 2545 2620 2610 capitulo;
2652 2543 2721 2599 Ut
2760 2543 3003 2615 quisquis
3032 2543 3228 2599 dixerit
3255 2543 3484 2614 gratiam

1899 2636 1996 2692 Dei
2026 2653 2118 2706 per
2146 2637 2331 2692 Jesum
2363 2636 2634 2692 Christum
2663 2648 2880 2706 propter
2902 2637 3004 2692 hoc
3029 2646 3231 2694 tantum
3265 2651 3362 2691 nos
3385 2636 3484 2692 ad-

1892 2727 2086 2798 juvare
2108 2729 2174 2783 ad
2205 2745 2312 2784 non
2357 2730 2716 2798 peccandum,
2748 2732 2867 2798 quia
2897 2744 2992 2798 per
3041 2728 3056 2765 ί
3106 2731 3274 2798 ipsam
3326 2728 3481 2784 nobis

1897 2821 2168 2875 revelatur
2193 2833 2246 2876 et
2286 2824 2526 2889 aperitur
2564 2819 2920 2889 intelligentia
2967 2819 3377 2884 mandatorum,
3423 2829 3482 2873 ut

1895 2913 2126 2966 sciamus
2156 2913 2280 2981 quid
2307 2923 2562 2980 appetere
2592 2923 2644 2964 et
2676 2911 2804 2979 quid
2836 2911 3006 2964 vitare
3030 2911 3343 2974 debeamus,
3374 2925 3478 2964 non

1896 3013 2073 3055 autem
2107 3019 2202 3071 per
2228 3005 2369 3056 illam
2398 3004 2554 3056 nobis
2585 3003 2828 3070 prmstari
2856 3044 2870 3067 ,
2897 3013 2954 3056 ut
2996 3002 3138 3072 quod
3173 3001 3475 3058 faciendum

1895 3091 2262 3158 cognovimus,
2296 3093 2456 3145 etiam
2482 3093 2660 3146 facere
2682 3091 2965 3161 diligamus
2989 3103 3152 3161 atque
3181 3093 3476 3156 valeamus,

193 3151 294 3208 Dei
330 3164 485 3251 sunt
523 3159 700 3229 (Rom.
735 3177 860 3229 vui,
896 3167 1017 3233 M);
1067 3181 1120 3224 ut
1163 3187 1260 3226 nec
1307 3183 1548 3228 nostrum
1599 3177 1788 3233 deesse
1815 3175 1863 3240 C
1892 3183 2175 3236 anathema
2219 3184 2310 3236 sit.
2353 3182 2484 3236 Cum
2522 3183 2661 3238 enim
2695 3151 2840 3238 dicat
2891 3151 3212 3251 Apostolus,
3250 3184 3478 3238 Scientia

188 3245 516 3304 sentiamus
536 3253 842 3323 arbitrium,
874 3269 926 3312 et
953 3259 1003 3313 in
1036 3262 1192 3316 bonis
1219 3266 1514 3334 quibusque
1546 3271 1789 3325 volunta-

188 3338 263 3392 tis
298 3337 562 3398 humante
588 3345 812 3416 singulis
838 3352 1071 3407 motibus
1101 3357 1273 3426 magis
1296 3358 1440 3412 illius
1471 3361 1652 3418 valere
1679 3378 1785 3419 non

193 3431 520 3489 dubitemus
542 3439 819 3495 auxilium.
845 3461 865 3495 ι

267 3526 403 3581 Car.
435 3526 530 3583 IX.
565 3561 630 3574 -—
663 3533 748 3590 10.
783 3536 935 3604 Quod
964 3537 1034 3593 ita
1074 3540 1215 3597 Deus
1245 3542 1298 3599 in
1326 3546 1578 3602 cordibus
1609 3549 1783 3604 homi-

199 3632 327 3673 num
359 3631 528 3690 atque
562 3625 613 3678 in
644 3627 758 3693 ipso
778 3629 949 3684 libero
974 3643 1229 3701 operetur
1251 3637 1497 3702 arbitrio,
1524 3650 1579 3694 ut
1601 3651 1782 3696 sancta

201 3712 464 3798 cogitatio
487 3754 502 3780 ,
564 3718 709 3785 pittm
753 3723 1034 3776 consilium
1059 3766 1072 3789 ,
1122 3728 1402 3798 omnisque
1430 3741 1604 3787 motus
1634 3734 1787 3789 bona:

205 3803 498 3861 voluntatis
528 3824 587 3864 ex
633 3811 740 3867 Deo
769 3815 874 3879 sit,
921 3819 1044 3886 quia
1077 3835 1172 3888 per
1227 3821 1373 3876 illum
1412 3824 1612 3895 aliquid
1662 3827 1788 3882 boni

206 3907 493 3961 possumus
515 3940 531 3967 ,
573 3904 688 3959 sine
719 3922 823 3976 quo
855 3910 986 3963 nihil
1015 3928 1312 3980 possumus.
1355 3918 1433 3972 Ad
1478 3920 1615 3975 hanc
1643 3923 1782 3976 enim

207 4001 300 4043 nos
333 3993 726 4058 professionem
753 3999 893 4055 idem
938 4004 1126 4059 doctor
1153 4007 1413 4074 instituit,
1446 4014 1533 4080 qui
1567 4029 1687 4067 cum
1719 4016 1783 4070 ad

209 4081 362 4138 totius
390 4085 544 4140 orbis
574 4089 858 4162 epismpos
899 4099 964 4151 de
991 4097 1185 4154 divina:
1211 4104 1398 4172 gratim
1435 4107 1786 4174 epitulatione

273 4282 295 4311 ⁸
324 4277 536 4354 ⁸Ρβιιοιις)
565 4279 824 4354 diaconus
851 4285 1072 4354 aeseeii
1104 4285 1154 4338 in
1187 4286 1411 4354 epistola
1443 4287 1509 4341 ad
1542 4289 1700 4343 Afros
1726 4288 1776 4341 in

210 4341 450 4425 ﬁanlinia
489 4351 878 4425 exsulesgapnd
911 4341 1246 4423 Fulgentium
1284 4359 1441 4425 epist.
1480 4358 1544 4412 16
1573 4341 1624 4413 c.
1651 4341 1695 4413 8V
1723 4375 1776 4411 n.

209 4409 291 4496 g6.
329 4419 444 4475 haec
468 4422 648 4496 __verba
691 4409 788 4475 sic.
810 4409 1164 4493 accipientes,
1194 4409 1343 4495 quasi
1368 4409 1431 4480 ad
1476 4409 1779 4496 ﬁnisﬁnis

210 4481 504 4560 l_nnoeeutii
555 4495 726 4545 locmn
773 4481 1100 4560 attinerent,
1147 4481 1226 4549 ita.
1260 4497 1429 4550 citant
1475 4481 1490 4550 ἶ
1530 4481 1784 4553 Similiter

213 4550 876 4638 innocentiuiapostnlicm
917 4568 1054 4638 sedis
1089 4550 1309 4619 antistes
1355 4569 1406 4620 in
1457 4550 1668 4638 epistola
1717 4550 1782 4620 ad

213 4631 478 4684 concilium
503 4631 877 4696 Milevitanum,
902 4635 1110 4700 Omnia,
1139 4637 1320 4705 inquit,
1346 4631 1516 4690 studia
1541 4650 1586 4690 et
1613 4641 1784 4692 omnia

1891 3275 2076 3342 inﬂat,
2105 3274 2332 3329 citat-itas
2355 3289 2473 3328 vero
2519 3275 2743 3342 ludiﬁcat
2775 3275 2819 3343 (l
2849 3274 2970 3330 Cor.
3026 3291 3118 3331 vm
3144 3319 3156 3338 ,
3193 3277 3271 3347 1),
3323 3277 3478 3334 valde

1891 3366 2114 3436 impium
2135 3377 2216 3422 est
2248 3378 2302 3422 ut
2330 3367 2612 3422 credamus
2643 3369 2709 3423 ad
2750 3384 2866 3424 eam
2899 3385 3017 3440 quae
3053 3369 3203 3425 inﬂat
3247 3387 3344 3430 nos
3384 3370 3478 3424 ha-

1892 3457 2021 3514 bere
2056 3458 2282 3528 gratiam
2315 3457 2558 3526 Christi,
2593 3469 2646 3515 et
2687 3461 2752 3516 ad
2785 3476 2901 3516 eam
2933 3476 3053 3531 qua:
3096 3461 3323 3517 aediﬁcat
3369 3479 3473 3520 non

1893 3550 2114 3620 habere,
2144 3567 2262 3605 cum
2293 3553 2362 3606 sit
2395 3561 2677 3621 utrumque
2705 3553 2904 3608 donum
2933 3554 3058 3618 Dei,
3089 3564 3143 3608 et
3171 3555 3312 3608 seire
3346 3554 3472 3624 quid

1888 3644 2068 3699 facere
2116 3644 2408 3698 debeamus
2433 3686 2446 3709 ,
2475 3654 2527 3699 et
2555 3646 2778 3715 diligere
2822 3658 2881 3700 ut
2913 3648 3188 3717 iaciamus,
3218 3658 3276 3702 ut
3307 3647 3476 3702 aedili-

1888 3743 2046 3789 caute
2079 3735 2383 3798 charitale,
2428 3735 2649 3789 scientia
2699 3751 2804 3791 n0n
2853 3741 3024 3805 possit
3072 3739 3278 3793 inﬂare.
3324 3740 3473 3794 Sicut

1889 3840 2068 3884 autem
2123 3829 2190 3884 de
2243 3829 2351 3883 Deo
2380 3827 2640 3897 scriptum
2684 3837 2767 3882 est
2819 3846 2831 3879 :
2885 3828 2986 3891 Qui
3032 3832 3178 3882 (locet
3216 3832 3470 3886 hominem

1887 3921 2148 3975 scientiam
2188 3917 2360 3988 (Psal.
2395 3933 2542 3984 xcut,
2581 3915 2685 3988 lO),
2735 3917 2810 3972 ita
2855 3919 3110 3986 scriptum
3145 3930 3222 3972 est
3261 3924 3417 3975 etiam
3455 3941 3467 3975 :

1889 4011 2126 4066 Charitas
2152 4028 2214 4064 ex
2240 4009 2347 4063 Deo
2377 4021 2447 4064 est
2478 4010 2520 4081 (Ι
2545 4008 2707 4063 Joan.
2743 4025 2816 4074 tv,
2848 4006 2922 4076 7).
2951 4007 3080 4061 Item
3111 4009 3298 4077 quinto
3326 4013 3471 4080 capi-

1891 4105 2003 4160 tulo
2047 4121 2060 4159 :
2094 4104 2161 4160 Ut
2189 4103 2432 4174 quisquis
2461 4104 2660 4158 dixerit
2683 4103 2804 4158 ideo
2843 4104 2996 4158 nobis
3023 4103 3246 4172 gratiam
3277 4102 3474 4172 justiti-

1885 4287 1992 4341 M8
2037 4286 2280 4342 kalendis
2302 4285 2422 4341 Maii
2451 4286 2690 4342 habitum
2724 4301 2786 4340 ea
2812 4287 3096 4352 pertinere.
3126 4300 3244 4338 cum
3275 4298 3339 4338 ex
3370 4283 3472 4336 Cn-

1885 4359 2005 4412 dice
2025 4373 2290 4411 canonum
2314 4358 2567 4411 Ecclesia:
2589 4357 2856 4410 Africanae
2873 4373 2990 4425 cap.
3012 4356 3102 4408 111
3120 4397 3134 4416 ,
3159 4355 3257 4408 112
3279 4366 3329 4406 et
3345 4355 3367 4408 1
3384 4353 3468 4421 13,

1889 4437 2000 4481 tum
2035 4443 2102 4480 ex
2128 4426 2400 4481 veteribus
2439 4427 2840 4488 exemplaribus
2880 4425 3082 4478 codicis
3122 4441 3147 4474 a
3182 4426 3470 4488 Quesnello

1887 4497 2017 4550 editi
2046 4513 2164 4560 cap.
2199 4498 2283 4561 l3,
2312 4505 2452 4566 utex
2485 4497 2564 4548 his
2593 4495 2788 4549 Zosimi
2821 4496 2996 4549 verbis
3029 4497 3213 4566 liquet.
3241 4496 3473 4566 Prosper

1891 4585 2016 4619 vero
2048 4569 2140 4620 lib.
2171 4578 2355 4620 contra
2404 4565 2595 4620 Collat.
2647 4581 2695 4618 c.
2732 4567 2800 4630 5,
2830 4582 2858 4617 e
2892 4567 3060 4619 tribus
3088 4565 3191 4617 illis
3240 4565 3470 4621 decretis

1891 4638 2123 4691 medium
2140 4639 2217 4691 sic
2233 4636 2474 4690 oratorio
2488 4636 2736 4704 loquendi
2755 4636 2912 4688 modo
2927 4635 3104 4688 laudat
3123 4657 3133 4689 :
3149 4633 3470 4690 Erraverunt

215 4708 444 4776 ﬁlerunt:
476 4705 726 4756 merita...
757 4706 857 4758 nisi
884 4723 945 4757 ea:
965 4723 1023 4758 eo
1047 4699 1180 4774 quod
1200 4699 1307 4776 ipse
1337 4710 1622 4761 donaverit.
1651 4710 1782 4762 Tum
1817 4699 1864 4756 D
1892 4708 2140 4776 Africana
2186 4705 2436 4770 concilia,
2484 4699 2597 4774 qua:
2638 4708 2847 4760 decretis
2892 4707 2996 4758 suis
3045 4708 3416 4758 constituerunt
3450 4749 3464 4771 ,

216 4760 609 4847 hisladjuttguut
635 4791 648 4826 :
675 4777 825 4838 Quod
839 4760 1139 4847 dilijientius
1163 4760 1581 4847 manifestiusque
1607 4760 1786 4847 inieris

219 4836 338 4919 stola
359 4836 454 4919 sua
490 4836 566 4896 ad
609 4836 792 4919 papam
825 4837 1089 4919 Zrositnum
1112 4836 1410 4916 replicando
1440 4836 1602 4918 ipiius
1637 4836 1785 4919 papa:

219 4915 504 4966 sententiam
532 4917 804 4987 explicant
844 4918 1087 4986 Africana
1115 4915 1334 4972 camilla
1375 4915 1608 4985 dicendo,
1637 4915 1786 4973 Illud

221 4987 374 5052 autem
399 4985 540 5052 quod
569 4985 620 5038 in
654 4988 856 5051 litteris,
888 4985 1018 5048 etc.,
1053 5000 1107 5040 ut
1139 4988 1292 5041 inl'ra.

281 5047 308 5125 Ρ
343 5047 419 5107 ita
449 5070 579 5130 mss.
609 5061 677 5130 At
707 5047 863 5130 editi,
900 5047 1247 5112 rescriberem.
1274 5058 1343 5116 Ut
1374 5059 1605 5126 Zosimi,
1638 5059 1709 5114 ita
1732 5071 1783 5116 et

226 5113 478 5200 Afror_um,-
513 5121 725 5182 laudata
755 5113 952 5198 scripta
978 5130 1043 5181 ad
1076 5143 1174 5183 nos
1204 5113 1310 5184 non
1341 5113 1720 5200 pervenerunt.

287 5199 307 5264 ῗ
345 5192 475 5264 Reg.
509 5201 637 5258 ms.,
669 5192 964 5252 extendunt.

141 5313 154 5344 ,ι
229 5255 308 5344 ,μέ
336 5255 479 5344 ‘Edjvti
501 5309 514 5330 ,
560 5255 716 5321 corda
741 5270 992 5337 ﬁdelium.
1016 5271 1348 5344 Com-iunius
1379 5273 1430 5325 in
1460 5286 1614 5344 mss.,
1647 5283 1702 5326 ut
1731 5285 1786 5344 et

227 5332 750 5459 Egggugrosperum'
776 5349 962 5394 contra
1003 5342 1191 5395 Collat.
1245 5355 1294 5396 c.
1319 5343 1352 5397 5
1372 5386 1385 5407 ,
1415 5359 1470 5396 n.
1499 5332 1786 5408 “(corda

149 5415 152 5418 ’
229 5415 449 5459 tutorum.

147 5525 152 5538 ,
188 5517 197 5548 _.
241 5547 248 5548 ί
293 5477 313 5505 ⁶
341 5473 436 5539 Qui
471 5479 768 5534 Romanam
800 5483 1005 5536 curavit
1032 5483 1355 5548 editionem,
1390 5483 1665 5537 annotavit
1686 5483 1785 5538 de-

138 5555 158 5627 ll.
177 5542 195 5627 ᾖ
230 5547 540 5627 :{Numboc
559 5559 614 5627 et
635 5553 912 5627 sequentia
938 5553 987 5605 in
1015 5553 1315 5627 Milevitana
1341 5542 1551 5627 synodo
1575 5555 1781 5627 haberi.

232 5601 526 5694 Eiﬁ‘lidem
570 5622 622 5674 in
658 5601 980 5676 editionibus
1033 5601 1396 5694 conciliorum!
1431 5625 1531 5677 sub
1574 5626 1786 5679 nomine

235 5671 498 5791 ξὶιιιὶνὶιςιιιί
533 5706 570 5745 ll
598 5695 987 5791 conleilili‘anno
1014 5693 1115 5746 116
1142 5695 1397 5749 celebrati
1432 5710 1554 5791 cili].
1589 5697 1641 5761 5,
1673 5700 1704 5749 lt
1735 5705 1788 5751 et

271 5784 280 5791 .
357 5770 547 5791 nuntu-
598 5764 682 5791 um
736 5780 778 5791 ιι,
856 5765 948 5791 ἰι-ιι
977 5766 1205 5791 υιηζηζη..
1241 5780 1268 5791 Α
1313 5767 1458 5791 ,ιη-.-ζ
1488 5766 1593 5791 2η...
1648 5781 1784 5791 ...μαι

271 5750 566 5818 πιθειηιιυτ.
598 5764 701 5816 Sed
735 5767 798 5815 ad
829 5765 1269 5829 Carthaginiense
1311 5766 1594 5820 concilium
1632 5750 1786 5820 'annro

1894 4791 2162 4848 utrumque
2189 4780 2380 4848 donum
2425 4777 2520 4830 Dei
2539 4793 2676 4838 esse,
2713 4788 2761 4831 et
2803 4777 2934 4830 scire
2963 4776 3086 4848 quid
3116 4777 3387 4848 faciamus,
3422 4787 3468 4831 et

1893 4850 2108 4919 diligere
2136 4858 2190 4901 ut
2236 4847 2522 4920 faciamus.
2555 4848 2678 4920 llzrc
2716 4864 2876 4920 porro
2901 4847 3091 4920 vetita,
3134 4847 3469 4920 Illudgetiam

1891 4917 2029 4989 quod
2061 4920 2198 4973 intra
2227 4917 2663 4987 Carthaginiensis
2693 4918 2875 4988 synodi
2905 4917 3468 4989 decretagcomtitutum

1890 4987 2004 5051 est.
2047 5001 2176 5049 etc.,
2233 5004 2337 5042 non
2383 4987 2757 5042 auctoritatem
2808 4989 3016 5040 illarum
3051 4987 3328 5048 t'Oilt‘ClOl‘,
3376 4990 3468 5042 sed

1889 5059 2008 5126 ipse
2050 5060 2296 5114 Zositnus
2347 5058 2586 5128 proferre
2630 5075 2693 5113 ac
2726 5057 2970 5127 prosequi
3015 5059 3319 5112 censendus
3363 5068 3466 5113 est.

1889 5131 2074 5198 Neque
2115 5147 2244 5185 vero
2270 5132 2321 5183 in
2348 5130 2686 5184 enllectorem
2710 5175 2722 5196 ,
2752 5128 2844 5183 sed
2882 5129 2933 5181 in
2965 5129 3272 5194 apostolica:
3325 5129 3467 5184 sedis

1891 5205 2176 5271 pra-sulem
2217 5200 2544 5255 conveniunt
2584 5201 2681 5252 ista
2719 5218 2731 5252 :
2780 5199 2935 5264 Quasi
2968 5203 3470 5271 _pi'opri_utnaposto-

1889 5267 2003 5326 lica?
2032 5274 2165 5326 sedis
2197 5271 2573 5340 amplectimur.
2602 5271 2732 5335 Quae
2755 5281 2933 5340 autem
2966 5267 3100 5340 hicn
3129 5267 3469 5340 Zositnovo-

1893 5354 2084 5396 cantur
2113 5341 2166 5406 5,
2219 5343 2252 5395 4
2282 5337 2332 5395 et
2369 5341 2401 5394 5
2426 5341 2691 5410 capitula,
2725 5341 2777 5393 in
2823 5339 3100 5406 Quesnelli
3136 5339 3321 5392 codice
3348 5337 3404 5401 4,
3437 5340 3469 5393 5

1890 5423 1944 5468 et
1972 5416 2003 5467 ti
2032 5412 2389 5481 appellantur.

1969 5482 1988 5520 τ
2020 5478 2081 5538 lu
2103 5478 2364 5550 exemplis
2393 5481 2518 5537 coll.
2551 5479 2716 5536 Hadr.
2746 5489 2801 5535 ut
2833 5482 2882 5533 in
2933 5479 3117 5536 codice
3161 5478 3430 5550 Quesnelli
3452 5522 3466 5540 ,

1892 5571 1980 5625 per
2007 5556 2191 5624 ipsum.
2229 5548 2294 5607 At
2336 5553 2387 5606 in
2437 5553 2569 5607 Cod.
2627 5568 2748 5625 can.
2783 5551 3128 5625 _Ect;l._A_lric.
3178 5548 3367 5603 Latine
3415 5562 3467 5602 et

1891 5621 2099 5689 Graece,
2127 5641 2216 5694 per
2248 5625 2434 5690 ipsum,
2468 5624 2737 5691 quomodo
2782 5623 2908 5691 legit
2942 5621 3224 5694 Dionysius
3246 5662 3258 5680 ,
3307 5629 3467 5687 atque

1890 5691 2182 5750 etiamnum
2214 5697 2264 5750 in
2294 5697 2439 5764 regio
2463 5694 2751 5762 exemplari
2778 5691 3104 5748 collectionis
3128 5691 3245 5762 ejus
3271 5698 3462 5746 exstat.
