3982 6182
476 291 580 345 5ὗό

1296 282 1688 341 ωαειεειιΝι
1727 282 1746 336 ι
1784 280 1988 334 PAPAS
2034 276 2390 333 Ll’lSlOLxE
2436 277 2521 331 ΕΤ
2566 278 2909 333 DECRETA.

3637 273 3756 332 556

477 404 707 460 cantionis
746 401 862 456 dari
920 412 976 453 ut
1014 401 1155 469 quod
1199 398 1375 453 facere
1414 414 1508 467 per
1539 398 1765 451 liberum
1798 394 2053 463 jubemur
2079 397 2129 455 Α
2156 392 2437 447 cbaritatis
2465 406 2577 445 sua:
2616 392 2833 461 (Coloss.
2859 408 2875 447 ι
2897 432 2915 459 ,
2950 393 3063 461 {3),
3096 403 3148 445 et
3178 407 3245 446 ex
3278 389 3422 443 vasis
3451 388 3549 442 ira:
3582 388 3756 445 faciat

477 496 791 562 arbitrium,
836 494 1046 549 facilius
1086 492 1353 559 possimus
1394 491 1623 560 implere
1672 505 1766 558 per
1794 489 2053 557 gratiam,

478 596 774 657 tamquam,
798 588 897 642 etsi
920 588 1091 657 gratia
1115 602 1218 640 non
1242 587 1483 651 daretur,
1510 601 1614 639 non
1636 584 1852 654 quidem
1879 584 2055 649 facile,

477 681 573 737 sed
603 689 780 735 tamen
820 681 1089 750 possimus
1118 680 1282 735 etiam
1327 680 1445 733 sine
1480 679 1570 732 illa
1618 677 1841 742 implere
1870 676 2057 729 divina

474 772 752 838 mandata,
782 772 1063 826 anathema
1096 773 1184 825 sit.
1218 772 1293 825 De
1323 770 1583 824 fructibus
1603 768 1745 822 enim
1776 766 2058 821 mandato-

474 878 593 917 rum
626 864 885 918 Dominus
907 863 1249 933 loquebatur,
1283 862 1375 915 ubi
1404 876 1507 915 non
1540 862 1654 914 ait:
1688 859 1819 915 Sine
1845 874 1931 913 me
1955 857 2057 912 dif-

479 955 672 1010 [icilius
703 956 929 1023 potestis
957 954 1154 1019 facere,
1190 953 1285 1009 sed
1312 954 1389 1008 ait
1421 970 1434 1005 :
1469 953 1597 1007 Sine
1622 968 1701 1005 me
1738 952 1869 1004 nihil
1908 958 2056 1018 pote-

476 1046 568 1100 stis
596 1050 765 1115 facere
796 1046 839 1117 (Ι
862 1044 1019 1100 Ιοαη.
1054 1062 1143 1110 xv,
1173 1046 1250 1113 5).
1288 1064 1307 1097 ι

545 1137 677 1192 CAP.
710 1137 801 1191 Xl.
828 1139 1010 1192 -12,
1052 1138 1256 1192 Prmter
1285 1136 1381 1190 has
1426 1144 1603 1190 autem
1634 1134 1959 1189 beatissima:
2000 1142 2057 1189 et

475 1230 787 1297 apostolica:
823 1230 967 1284 sedis
999 1229 1336 1283 inviolabiles
1356 1228 1685 1288 sanctiones.
1712 1226 1907 1296 quibus
1955 1240 2055 1280 nos

476 1324 704 1392 piissimi
737 1333 942 1393 patres,
968 1322 1235 1393 pestifera:
1263 1322 1522 1375 novitatis
1544 1320 1802 1375 electione
1823 1319 2052 1387 dejecta,‘

475 1424 530 1469 et
566 1416 719 1469 bona:
750 1415 1045 1468 voluntatis
1074 1414 1298 1468 exordia
1322 1457 1335 1480 ,
1368 1424 1421 1468 et
1442 1415 1775 1467 incrementa
1805 1409 2059 1479 probabi-

476 1509 604 1563 lium
633 1510 955 1571 studiorum,
980 1520 1032 1562 et
1056 1509 1107 1561 in
1132 1509 1213 1562 eis
1239 1522 1407 1576 usque
1432 1508 1483 1561 in
1511 1506 1671 1561 tinem
1701 1518 2055 1575 persevcran-

477 1603 602 1655 tiam
634 1602 697 1655 ad
726 1599 926 1655 Christi
958 1602 1181 1671 gratiam
1213 1601 1419 1655 referre
1447 1601 1774 1664 docuerunt;
1807 1600 2058 1653 obsecra-

478 1692 683 1747 tionum
721 1708 933 1763 quoque
960 1694 1369 1748 sacerdotalium
1414 1703 1749 1747 sacramenta
1799 1692 2053 1759 respicia-

2161 499 2290 538 vasa
2333 482 2913 552 misericordiazmom.
2958 482 3168 552 tx,22).
3198 479 3354 549 Quod
3396 478 3534 535 adeo
3570 488 3749 537 totum

2160 577 2332 631 divini
2378 576 2560 645 operis
2607 590 2729 630 esse
2778 576 3043 639 sentitur,
3088 584 3143 628 ut
3175 574 3291 628 haec
3331 573 3590 628 efficienti
3633 572 3751 629 Deo

2160 670 2455 740 gratiarum
2501 683 2718 738 semper
2766 668 2908 723 actio
2964 667 3244 736 laudisque
3312 664 3586 720 confessio
3643 679 3749 737 pro

2162 763 2554 817 illuminatione
2582 762 2766 815 talium
2795 761 2879 814 vel
2910 759 3246 814 correctione
3276 758 3559 812 referatur.

2229 854 2358 909 CAP.
2396 854 2506 909 ΧΠ.
2540 883 2612 894 -
2645 854 2729 908 t3.
2762 852 2895 906 Illud
2935 853 3098 907 etiam
3123 850 3265 919 quod
3294 851 3434 905 circa
3464 850 3748 920 baptizan-

2159 946 2258 1000 dos
2289 947 2343 1000 in
2386 947 2641 1001 universo
2672 944 2870 999 mundo
2916 953 3103 997 sancta
3134 942 3371 996 Ecclesia
3402 942 3751 998 unilormitcr

2158 1039 2297 1107 agit,
2332 1053 2435 1091 non
2482 1038 2658 1091 otioso
2702 1035 3133 1103 contemplamur
3182 1033 3400 1087 intuitu.
3447 1031 3577 1087 Cum
3624 1034 3749 1089 sive

2161 1128 2389 1198 parvuli,
2415 1129 2531 1182 sive
2558 1127 2783 1196 juvenes
2825 1126 2892 1179 ad
2925 1124 3356 1195 regenerationis
3394 1124 3615 1178 veniunt
3657 1140 3748 1180 sa-

2159 1230 2527 1282 cramentum,
2576 1234 2683 1273 non
2718 1220 2865 1286 prius
2914 1216 3118 1271 fontem
3168 1216 3291 1269 vitae
3340 1214 3540 1270 adeunt
3583 1232 3743 1286 quam

2160 1312 2474 1366 exorcismis
2498 1322 2550 1364 et
2572 1309 3044 1365 exsufﬂationibus
3073 1308 3399 1363 clericorum
3423 1309 3644 1378 spiritus
3675 1314 3745 1365 ab

2159 1403 2238 1456 eis
2264 1401 2573 1455 immundus
2604 1402 2851 1469 abigatur
2886 1419 2898 1453 :
2927 1411 2981 1455 ut
3006 1411 3128 1455 tunc
3157 1415 3283 1456 vere
3303 1411 3581 1469 appareat,
3610 1417 3744 1473 quo-

2160 1496 2319 1549 modo
2338 1496 2586 1563 princeps
2605 1496 2785 1549 mundi
2817 1494 2974 1565 hujus
3001 1494 3244 1548 mittatur
3269 1494 3412 1548 foras
3435 1493 3616 1561 (Joan.
3644 1511 3740 1564 sit,

2159 1588 2271 1658 5t).
2293 1589 2634 1659 etquomodo
2660 1590 2807 1658 prius
2822 1590 3074 1658 alligetur
3092 1588 3244 1643 fortis
3266 1587 3479 1659 (Matth.
3508 1590 3739 1663 sic”),

2158 1693 2213 1737 et
2252 1682 2507 1750 deinceps
2528 1696 2651 1735 vasa
2675 1680 2795 1748 ejus
2828 1681 3155 1749 diripiantur
3187 1679 3379 1751 (Marc.
3425 1696 3503 1747 ut,
3532 1679 3655 1752 27);
3686 1684 3739 1738 in

477 1801 616 1851 mus,
643 1801 761 1854 quae
786 1785 855 1839 ab
880 1795 902 1821 α
930 1787 1184 1853 apostolis
1209 1786 1423 1846 tradita,
1458 1787 1511 1839 in
1538 1794 1649 1838 toto
1678 1784 1877 1838 mundo
1897 1795 2054 1853 atque

2158 1776 2559 1846 possessionem
2596 1776 2847 1829 translata
2879 1774 3130 1839 victoris,
3156 1774 3246 1842 qui
3292 1774 3558 1842 captivam
3597 1776 3741 1832 ducit

477 1879 529 1932 in
572 1879 719 1931 omni
755 1878 988 1931 Ecclesia
1015 1878 1282 1932 Catholica
1322 1878 1660 1931 uniformiter
1689 1877 2052 1941 celebrantur,

476 1980 533 2023 ut
564 1970 730 2040 legetn
754 1970 1007 2024 credendi
1039 1972 1121 2024 lex
1146 1980 1343 2025 statuat
1365 1962 1723 2039 supplicandi.
1749 1970 1883 2024 Cum
1912 1971 2052 2025 enim

475 2074 781 2117 sanctarum
816 2063 1047 2131 plebium
1082 2063 1339 2130 praesules
1367 2063 1614 2115 mandata
1648 2061 1862 2114 sibimet
1908 2062 2055 2130 lega-

477 2155 623 2209 tione
663 2155 985 2223 fungantur,
1014 2156 1151 2224 apud
1184 2156 1421 2209 divinam
1462 2155 1799 2208 clementiam
1835 2153 2055 2206 humani

473 2246 690 2313 generis
718 2254 880 2315 agunt
908 2260 1123 2299 causam
1145 2288 1159 2310 ,
1192 2256 1243 2300 et
1274 2256 1382 2299 tota
1430 2260 1611 2299 secum
1656 2245 1895 2298 Ecclesia
1926 2259 2055 2299 con-

474 2338 830 2406 gemiscente,
874 2339 1151 2407 postulant
1198 2348 1250 2392 et
1300 2347 1585 2406 precantur
1635 2346 1693 2391 ut
1746 2336 2054 2392 infidelibus

475 2430 706 2485 donetur
737 2432 867 2486 fides
890 2475 903 2499 ,
937 2443 993 2485 ut
1026 2432 1320 2486 idololatria
1366 2432 1433 2484 ab
1462 2432 1749 2501 impietatis
1780 2447 1889 2484 sutc
1922 2430 2055 2485 libe-

459 2534 664 2579 rentur
691 2526 991 2589 erroribus,
1026 2535 1080 2579 ut
1106 2525 1330 2589 Judaeis,
1355 2525 1537 2579 ablato
1559 2525 1736 2579 cordis
1764 2526 2049 2591 velamine,

475 2618 561 2672 lux
594 2618 837 2672 veritatis
882 2630 1159 2687 appareat,
1208 2626 1264 2671 ut
1314 2618 1551 2672 ltmretici
1604 2618 1882 2673 catholica:
1927 2618 2051 2673 fidei

476 2708 500 2746 δ
540 2710 881 2777 perceptione
926 2710 1281 2777 resipiscam,
1326 2719 1386 2762 ut
1430 2709 1760 2764 schismatici
1803 2710 2050 2775 spiritum

476 2799 727 2854 rediviva:
757 2800 1035 2853 cbaritatis
1075 2800 1371 2868 accipiant,
1405 2808 1462 2851 ut
1514 2800 1674 2868 lapsis
1723 2799 2052 2867 paenitentia:

480 2901 499 2927 ε
532 2888 767 2945 remedia
798 2890 1169 2953 conferantur,
1202 2899 1259 2942 ttt
1289 2891 1525 2955 denique
1556 2889 1958 2943 catechumenis
1985 2890 2053 2944 ad

476 2984 899 3052 regenerationis
920 2993 1260 3037 sacramenta
1283 2981 1556 3051 perductis
1572 2981 1808 3036 cmlestis
1837 2981 2050 3035 miseri-

477 3079 673 3132 cordia:
702 3078 821 3131 aula
862 3088 1155 3133 reseretur.
1191 3077 1315 3131 Haec
1345 3086 1524 3131 autem
1553 3090 1656 3129 non
1690 3076 2052 3144 perfunctorie

2158 1868 2533 1936 captivitatem
2583 1865 2803 1939 (Ep/tes.
2852 1882 2923 1933 tv,
2956 1865 3013 1935 8)
3046 1876 3099 1921 et
3129 1866 3221 1920 dat
3265 1866 3404 1921 dona
3437 1866 3742 1924 hominibus

2159 1959 2384 2028 (Psalnt.
2415 1976 2583 2027 uvn,
2613 1960 2724 2031 i9).

2232 2053 2318 2105 ll.
2358 2054 2445 2105 llis
2486 2067 2614 2122 ergo
2664 2052 3046 2107 ecclesiasticis
3076 2054 3315 2125 regulis,
3364 2062 3419 2109 et
3452 2069 3514 2107 ex
3555 2053 3738 2109 divina

2158 2146 2387 2213 sumptis
2416 2145 2737 2199 auctoritate
2780 2144 3156 2210 documentis,
3196 2145 3267 2199 ita
3300 2146 3582 2214 adiuvante
3627 2146 3741 2201 Do-

2159 2241 2303 2292 mino
2325 2237 2351 2275 d
2383 2238 2683 2293 confirmati
2713 2254 2919 2303 stimus,
2948 2249 3004 2292 ut
3034 2242 3272 2294 omnium
3305 2240 3567 2295 bonorum
3607 2237 3740 2296 alie-

2155 2342 2334 2385 ctnum
2359 2342 2518 2396 atque
2545 2346 2789 2402 Operum,
2807 2332 3111 2386 etomninm
3140 2332 3441 2387 studiorum
3466 2332 3737 2386 omnium-

2156 2438 2259 2491 que
2286 2424 2542 2479 virtutum
2566 2426 2758 2494 quibus
2779 2425 2846 2478 ab
2867 2424 3021 2478 initio
3045 2424 3166 2479 fidei
3189 2424 3255 2477 ad
3284 2423 3454 2479 Deum
3478 2423 3735 2490 tenditur,

2156 2517 2323 2571 Deum
2358 2517 2706 2586 profiteantur
2731 2526 3044 2582 auctorem;
3075 2528 3127 2571 et
3154 2531 3259 2571 non
3295 2516 3599 2571 dubitemus
3620 2556 3637 2581 ,
3668 2515 3737 2571 ab

2154 2608 2322 2677 ipsius
2346 2610 2513 2677 gratia
2545 2618 2567 2644 ο
2598 2608 2773 2662 omnia
2803 2609 3037 2663 hominis
3063 2609 3250 2663 merita
3290 2608 3604 2677 prmveniri,
3637 2622 3731 2677 per

2154 2718 2311 2771 quem
2343 2704 2401 2755 ﬁt
2427 2711 2482 2755 ut
2508 2702 2707 2771 aliquid
2733 2702 2856 2756 boni
2877 2712 2926 2757 et
2958 2703 3098 2758 velle
3126 2702 3444 2772 incipiamus
3474 2714 3528 2757 et
3560 2702 3737 2759 facere

2155 2793 2415 2865 (Philipp.
2441 2810 2507 2859 ιι,
2547 2796 2654 2862 l3).
2685 2794 2805 2860 Quo
2833 2796 3017 2863 utique
3059 2796 3258 2850 auxilio
3288 2806 3342 2850 et
3383 2809 3607 2850 munere
3639 2793 3734 2851 Dei

2154 2904 2261 2941 non
2283 2886 2526 2941 aufertur
2557 2888 2783 2942 liberum
2808 2890 3111 2955 arbitrium,
3134 2888 3231 2943 sed
3266 2888 3537 2951 liberatur,
3582 2896 3641 2941 ut
3664 2887 3735 2943 de

2157 2980 2446 3032 tenebroso
2477 2977 2741 3041 lucidum,
2776 2979 2844 3034 de
2881 2993 3049 3048 pravo
3091 2990 3327 3043 rectum,
3377 2980 3443 3034 de
3477 2978 3735 3048 languido

2155 3086 2367 3135 sanum,
2392 3070 2459 3125 de
2482 3071 2823 3137 imprudente
2844 3073 2911 3125 sit
2942 3071 3247 3140 providum.
3275 3071 3440 3125 Tanta
3468 3070 3613 3124 enim
3641 3079 3735 3127 est

477 3186 654 3240 neque
680 3170 912 3225 inaniter
940 3187 967 3223 a
1004 3171 1227 3226 Domino
1257 3171 1394 3238 peti,
1425 3186 1601 3223 rerum
1632 3170 1865 3237 ipsarum
1900 3184 2051 3224 mon-
2077 3152 2124 3215 C
2157 3178 2285 3233 erga
2310 3177 2499 3217 omnes
2522 3164 2765 3217 homines
2789 3164 2999 3217 bonitas
3024 3164 3137 3229 Dei,
3171 3172 3228 3217 ut
3252 3173 3431 3216 nostra
3452 3160 3582 3216 velit
3609 3175 3732 3217 esse

475 3271 612 3317 strat
640 3262 864 3317 elfcctus
900 3280 915 3316 :
948 3263 1380 3333 quandoquidem
1408 3278 1473 3316 ex
1501 3261 1645 3314 omni
1688 3276 1929 3315 errorum
1959 3277 2051 3330 ge-

475 3368 605 3407 nere
634 3354 888 3421 plurimos
916 3353 1058 3407 Deus
1086 3354 1340 3420 dignatur
1370 3354 1640 3405 attrahere
1660 3393 1672 3415 ,
1703 3367 1837 3421 quos
1867 3361 2051 3407 erutos

474 3444 542 3496 de
571 3451 834 3509 potestate
864 3443 1235 3505 tenebrarum,
1286 3444 1575 3497 transferat
1616 3442 1667 3496 in
1702 3459 1925 3513 regnum
1957 3444 2052 3499 lilii

543 3586 569 3614 ι
601 3575 1030 3650 Notninatitnque
1063 3592 1091 3629 a
1119 3577 1326 3631 Paulol
1356 3578 1491 3631 Tim.
1520 3596 1579 3645 tt,
1607 3581 1657 3638 1.
1683 3580 1835 3650 cujus
1864 3580 2043 3634 verbis

472 3651 521 3701 in
555 3647 785 3700 medium
816 3649 1040 3715 prolatis
1090 3651 1319 3715 scriptor
1372 3651 1625 3704 librorum
1656 3652 1721 3703 de
1747 3647 2038 3705 'Vocation.

470 3717 705 3783 gentium
731 3718 820 3771 lib.
840 3734 876 3771 ι.
905 3735 949 3775 c.
970 3717 1054 3781 12,
1069 3722 1271 3771 subdit:
1296 3718 1541 3788 Prtecepit
1562 3723 1729 3787 itaque
1744 3722 2040 3787 Apostolus,

473 3792 626 3841 immo
656 3805 744 3852 per
769 3789 1069 3855 Apostoltim
1104 3789 1351 3845 Dominus
1374 3794 1458 3858 qui
1488 3791 1782 3854 loquebatur
1824 3793 1875 3844 in
1903 3792 2041 3855 Apo-

469 3861 621 3923 stolo,
640 3860 1149 3925 fiei'iobsecrntiones,
1171 3866 1556 3925 postulationes,
1573 3866 1858 3932 gratiarum
1880 3862 2042 3914 actio-

471 3947 557 4003 nes
590 3947 682 4001 pro
709 3932 937 3985 omnibus
961 3934 1267 3993 hominibus,
1290 3950 1384 4003 pro
1417 3935 1639 4000 regibus,
1680 3948 1770 3990 pro
1794 3932 1853 3982 iis
1876 3933 1961 3998 qui
1988 3933 2039 3985 in

467 4002 919 4055 sublintitatesmtt.
940 4004 1107 4068 Quam
1132 4002 1296 4072 legent
1313 4004 1697 4069 supplicationis
1722 4007 1789 4052 ita
1812 4004 2038 4054 onmium

468 4074 789 4125 sacerdotum
819 4083 867 4125 et
888 4074 1113 4124 omnium
1144 4073 1371 4137 fidelium
1400 4075 1596 4124 devotio
1628 4082 1780 4133 tenet,
1810 4081 1864 4123 ut
1896 4073 2039 4125 nulla

472 4158 589 4202 pars
612 4144 789 4195 mundi
813 4146 875 4212 sit
898 4144 949 4193 in
970 4159 1070 4211 qun
1093 4141 1389 4212 hujusmudi
1412 4146 1663 4193 orationes
1684 4158 1779 4193 non
1796 4142 2042 4196 celebren-

470 4224 592 4283 tura
608 4212 809 4283 papulis
832 4211 1447 4283 Christianis.Supplifot
1471 4229 1588 4281 ergo
1609 4212 1792 4279 ubique
1810 4212 2039 4266 Ecclesia

474 4282 579 4335 Deo
608 4278 707 4337 non
728 4286 894 4336 solum
918 4285 1210 4350 prosanctis
1226 4278 1269 4333 et
1286 4283 1335 4332 in
1352 4278 1557 4335 Christo
1575 4285 1682 4347 jam
1706 4278 2036 4353 regeneratis,

470 4354 558 4424 sed
588 4356 740 4406 etiam
767 4371 859 4424 pro
887 4354 1117 4405 omnibus
1149 4354 1528 4419 inﬁdelibus....
1555 4372 1644 4423 pro
1692 4353 1912 4416 Juitwis,
1948 4371 2038 4421 pro

467 4422 717 4477 ha’reticis
737 4422 782 4476 et
809 4424 1161 4495 schismaticis.
1190 4422 1635 4495 Nitttiruutjustus
1670 4424 1917 4478 Dominus
1946 4443 2039 4495 pro

467 4497 693 4547 omnibus
715 4496 811 4547 sibi
831 4499 934 4548 vult
956 4494 1249 4549 holitinibus
1270 4494 1572 4563 supplicari,
1602 4507 1653 4547 ιιι
1675 4513 1793 4549 cum
1816 4494 2041 4549 videmus

466 4563 529 4634 de
552 4576 651 4617 tant
672 4568 940 4634 profundis
960 4567 1105 4619 ntalis
1136 4566 1426 4619 innumeros
1445 4567 1576 4630 erili,
1604 4584 1702 4619 non
1726 4568 2043 4634 antbigamus

470 4632 633 4687 Deum
660 4632 976 4706 prwslitisse.
1000 4638 1134 4704 qttod
1156 4647 1208 4689 ut
1234 4646 1497 4703 praestaret
1523 4650 1697 4689 oratus
1722 4650 1811 4689 est.
1841 4632 2039 4691 Eodem

467 4718 787 4773 argumento
839 4708 1161 4777 Augustinus
1200 4725 1301 4760 non
1347 4709 1511 4761 semel
1564 4712 1747 4760 utitur.
1804 4708 1932 4775 Ejus
1974 4725 2040 4763 ex

467 4778 989 4841 epistolalO'l,ohm
1015 4777 1141 4839 907,
1167 4779 1231 4830 ad
1264 4777 1485 4831 Vitalent
1515 4780 1678 4832 verba
1711 4780 1793 4829 hic
1839 4778 2041 4833 referre

469 4848 599 4899 satis
623 4857 705 4901 est
732 4865 744 4900 :
776 4846 988 4913 Exsere,
1023 4848 1193 4916 inquit
1227 4865 1279 4901 ιι.
1304 4850 1357 4912 2,
1383 4859 1559 4900 contra
1585 4850 1835 4901 orationes
1861 4848 2038 4902 Eccle-

464 4916 553 4987 sia:
595 4918 961 4984 disputationes
1003 4928 1161 4981 tuas;
1204 4929 1249 4971 et
1276 4921 1481 4987 quando
1531 4922 1679 4971 audis
1726 4920 2039 4973 sacerdotem

467 4984 581 5059 Dei_
600 4987 670 5059 ad
694 4990 857 5041 altare
886 4990 1234 5041 exhortantem
1264 4984 1511 5059 populum
1547 4989 1637 5042 Dei
1666 5006 1811 5041 orare
1841 5006 1931 5057 pro
1958 4993 2039 5042 in-

462 5056 703 5128 credulis,
730 5069 781 5109 ut
807 5075 890 5110 eos
913 5068 1169 5113 convertat
1188 5060 1254 5110 ad
1264 5056 1445 5126 fidem,
1464 5071 1509 5112 et
1532 5077 1623 5128 pro
1637 5059 2033 5126 catechumenis,

464 5136 517 5199 ut
545 5127 616 5180 eis
661 5126 968 5181 desiderium
994 5132 1386 5199 regenerationis
1414 5126 1654 5195 inspiret,
1679 5141 1724 5183 et
1750 5146 1844 5199 pro
1868 5130 2035 5195 ﬁdeli-

462 5198 580 5262 bus,
621 5208 674 5251 ut
718 5201 768 5252 in
788 5215 847 5253 eo
874 5201 1010 5267 quod
1035 5198 1141 5253 esse
1177 5210 1454 5269 coeperunt,
1488 5203 1597 5271 ejus
1616 5198 1834 5271 munere
1862 5217 2032 5269 perse-

458 5278 654 5335 verent,
689 5276 942 5341 subsanno
972 5272 1083 5341 pias
1108 5287 1269 5323 voces.
1303 5272 1367 5323 Et
1406 5269 1548 5324 nutu.
1602 5270 1673 5325 26
1720 5288 1731 5323 :
1770 5269 2034 5341 Numquid

456 5354 604 5411 orare
654 5339 939 5409 prohibebis
988 5340 1268 5394 Ecclesium
1312 5358 1403 5411 pro
1452 5342 1785 5408 inﬁdelibus,
1826 5349 1879 5393 ut
1923 5339 2032 5395 sint

456 5410 633 5475 fideles
653 5428 746 5481 pro
768 5412 829 5463 iis
849 5411 937 5481 qui
960 5412 1137 5465 nolunt
1158 5410 1382 5473 credere,
1412 5426 1465 5463 ut
1492 5415 1645 5465 velint
1672 5412 1896 5475 credere,
1921 5422 2027 5467 etc.

456 5482 658 5552 Qutth
692 5482 819 5535 locis
865 5482 997 5535 ritus
1042 5498 1199 5552 quem
1232 5486 1522 5535 etiamntnu
1562 5485 1794 5535 l-jcclesia
1848 5486 1898 5535 in
1944 5485 2031 5539 die

456 5550 779 5607 l’arasceves
811 5550 1099 5615 obseruit,
1134 5554 1423 5620 antiquitas
1452 5554 1880 5606 COllllthllliallll‘.

524 5621 547 5657 δ
576 5624 627 5676 lu
668 5640 796 5675 tttss.
844 5624 966 5675 coll.
1010 5624 1196 5687 llatlr.,
1240 5626 1561 5691 perfectione.
1602 5626 1815 5677 Rectius
1870 5624 2021 5677 Dion.

450 5691 617 5744 codex
653 5695 851 5760 regius,
884 5709 1011 5756 perc
1032 5696 1225 5762 ptione.

526 5770 547 5797 ⁸
573 5762 649 5817 Ita
681 5776 865 5816 omnes
895 5777 1024 5815 mss.
1056 5764 1287 5822 Atediti,
1318 5764 1597 5815 remedium
1632 5768 1947 5828 conferatur.

2162 3258 2349 3312 merita
2378 3274 2497 3327 quae
2526 3268 2649 3312 sunt
2673 3256 2837 3326 ipsius
2858 3257 3031 3322 dona;
3060 3267 3114 3312 et
3144 3272 3240 3326 pro
3266 3256 3350 3311 his
3372 3272 3490 3325 qum
3513 3255 3733 3326 largitus

2158 3362 2259 3418 est,
2294 3362 2494 3406 aeterna
2550 3350 2767 3421 prmmia
2798 3352 2869 3405 sit
2910 3352 3227 3405 donaturus.
3272 3351 3397 3420 Agit
3440 3350 3636 3420 quippe
3676 3350 3729 3405 in

2161 3443 2338 3509 nobis,
2371 3451 2428 3497 ut
2447 3442 2588 3513 quod
2618 3443 2730 3496 vult
2752 3450 2805 3497 et
2830 3443 3059 3498 velimus
3085 3451 3141 3497 et
3165 3456 3408 3512 agamus,
3438 3455 3539 3496 nec
3559 3441 3733 3498 otiosa

2226 3579 2251 3615 ά
2285 3580 2341 3633 In
2371 3596 2478 3633 uno
2521 3595 2622 3632 ms.
2668 3578 2877 3644 Remig.
2910 3588 2963 3633 et
2990 3579 3237 3640 Coislin.,
3289 3588 3349 3632 ut
3388 3579 3439 3632 itt
3472 3578 3730 3646 vulgatis,

2151 3652 2442 3718 confortati.
2462 3650 2518 3703 In
2544 3652 2683 3710 aliis,
2700 3651 3031 3718 conformati.
3051 3649 3388 3703 Prcheritnus
3406 3665 3525 3704 cum
3541 3648 3730 3718 Regio,

2150 3722 2457 3788 conﬁrmati,
2494 3721 2587 3774 llic
2630 3722 2778 3774 lucus
2823 3722 3106 3787 quamdam
3153 3720 3315 3773 Italici
3355 3723 3730 3789 cognationem

2149 3805 2267 3844 cum
2300 3808 2364 3843 eo
2392 3808 2497 3859 quo
2524 3793 2853 3859 Augustinus
2884 3793 3073 3845 librum
3099 3805 3250 3844 Suum
3274 3790 3341 3844 de
3371 3792 3520 3844 Dono
3549 3805 3731 3858 perse-

2146 3865 2407 3915 verantia:
2456 3862 2685 3923 claudtt,
2717 3862 2805 3914 ttlti
2836 3864 3013 3929 Opet'is
3045 3864 3125 3915 sui
3159 3876 3379 3928 scapum
3411 3864 3461 3914 in
3495 3871 3732 3916 mentem

2148 3942 2364 3986 revocat
2396 3932 2477 3985 his
2520 3934 2696 3985 verbis
2728 3950 2739 3983 :
2786 3932 2931 3987 Satis
2962 3933 3195 3985 docuisse
3230 3949 3307 3986 nte
3346 3933 3610 3996 existimo,
3651 3933 3732 3990 vel

2144 4004 2317 4072 potius
2360 4002 2478 4070 plus
2509 4019 2663 4070 quant
2714 4004 2871 4061 satis.
2913 4003 3048 4055 dona
3080 4001 3175 4057 Dei
3204 4019 3308 4055 esse
3335 4010 3382 4054 et
3421 4004 3646 4071 incipere
3675 4004 3732 4057 in

2149 4073 2421 4125 Dominum
2447 4074 2675 4135 cres’erc,
2696 4076 2915 4141 atquein
2940 4074 3087 4134 ﬁnem
3106 4076 3156 4125 in
3174 4072 3395 4144 Domino
3410 4088 3729 4144 permanere.

2145 4144 2336 4195 Cretera
2360 4160 2473 4196 vero
2495 4145 2623 4197 bona
2652 4146 2719 4195 ad
2750 4148 2907 4197 vitam
2931 4147 3063 4210 piam
3084 4160 3186 4214 qua
3221 4143 3356 4197 Deus
3376 4141 3511 4197 recte
3541 4141 3732 4214 colitur

2146 4215 2451 4278 pertinentia
2475 4256 2488 4274 ,
2520 4216 2673 4267 etiam
2712 4216 2812 4282 ipsi
2841 4225 3051 4285 propter
3073 4211 3200 4283 quos
3221 4215 3330 4267 Itwc
3357 4216 3559 4285 agimus
3581 4258 3595 4281 ,
3625 4211 3731 4269 Dei

2144 4284 2280 4336 dona
2307 4301 2415 4337 esse
2443 4288 2747 4339 concedunt.

2218 4364 2240 4390 ο
2272 4356 2425 4424 Apud
2454 4356 2618 4410 Sirtn.
2657 4366 2710 4410 et
2740 4355 2871 4409 Lab.
2913 4356 3253 4412 desideratur
3298 4355 3472 4408 omnia
3516 4370 3535 4408 :
3578 4355 3731 4423 quod

2147 4440 2265 4495 cum
2312 4427 2431 4479 aliis
2471 4428 2602 4480 edit.
2643 4441 2835 4479 omnes
2886 4428 3051 4480 nostri
3085 4442 3214 4479 mss.
3243 4428 3518 4481 exhibent.
3565 4426 3726 4495 Apud

2070 4460 2121 4519 ἶ)
2151 4494 2487 4563 Fulgentium
2541 4460 2602 4550 in.
2627 4497 2850 4564 epistola
2888 4460 2955 4551 ιὲ
2994 4460 3134 4551 Deiri
3168 4460 3382 4551 Diaetini
3413 4460 3474 4552 ei.
3508 4460 3726 4553 semita

2148 4566 2306 4619 Afros
2337 4583 2384 4619 e.
2419 4568 2452 4622 8
2489 4568 2700 4631 legitur,
2746 4567 2966 4620 hominis
2994 4569 3154 4621 omnis
3180 4568 3391 4631 merita;
3421 4582 3538 4635 quas
3565 4567 3729 4621 lectio

2148 4647 2327 4703 posset
2358 4637 2505 4701 ferri,
2545 4652 2810 4702 quatenus
2832 4641 3153 4692 sententiam
3181 4638 3435 4706 exprimit
3465 4639 3731 4707 primario

2144 4709 2387 4761 Cassiani
2437 4720 2743 4762 commento
2792 4710 3140 4763 contrariam.
3196 4708 3245 4762 ls
3292 4708 3525 4776 quippe,
3584 4718 3732 4765 teste

2146 4778 2410 4845 Prospero
2465 4779 2557 4833 lih.
2599 4788 2785 4833 contra
2838 4779 3011 4844 ipsum
3045 4779 3247 4834 definit.
3298 4779 3353 4841 5,
3382 4794 3479 4833 eos
3524 4778 3731 4847 pariter

2143 4863 2325 4902 errare
2357 4850 2593 4916 volebat,
2621 4861 2709 4903 aut
2738 4848 2828 4919 qui
2848 4865 2914 4903 ex
2936 4851 3103 4918 gratia
3132 4850 3278 4902 nasci
3308 4850 3503 4903 bonam
3534 4848 3732 4902 volun~

2143 4928 2338 4985 tatem;
2394 4929 2487 4973 aut
2519 4923 2605 4989 qui
2641 4932 2862 4987 grattant
2892 4935 2958 4973 ex
3008 4920 3146 4974 bona
3181 4920 3453 4973 voluntate
3483 4919 3727 4985 pendere

2142 5000 2361 5057 putant;
2394 4991 2823 5060 decernebatque
2847 4993 2918 5044 ita
2943 5000 3223 5059 utramque
3244 4994 3567 5046 sententiam
3598 5005 3734 5044 sus-

2139 5060 2479 5127 cipiendam.
2525 5072 2582 5116 ut
2630 5061 2894 5115 interdum
2934 5064 3103 5130 gratia
3156 5063 3351 5115 bonam
3388 5060 3732 5116 voluntatem

2140 5134 2452 5196 praeveniat,
2484 5129 3017 5202 quemadmodumiin
3048 5129 3215 5185 Paulo
3246 5145 3302 5187 et
3342 5130 3621 5202 Matthgco,
3673 5146 3737 5187 et

2139 5202 2407 5257 interdum
2439 5200 2514 5257 ρκ’
2535 5203 2672 5258 bona
2722 5204 2994 5257 voluntate
3038 5202 3298 5268 pendeat,
3326 5209 3385 5257 ut
3416 5203 3467 5256 in
3493 5200 3733 5257 Zachuo

2136 5283 2190 5326 et
2241 5274 2489 5328 Latrone.
2521 5274 2618 5328 Cui
2648 5280 2955 5327 commento
2986 5272 3142 5332 plane
3168 5273 3515 5330 adversatur.
3548 5271 3636 5339 qui
3695 5290 3729 5326 a

2134 5342 2229 5395 Dei
2260 5345 2428 5411 gratia
2463 5360 2566 5397 non
2618 5344 2773 5411 hujus
2806 5351 2901 5397 aut
2946 5344 3090 5397 illfus
3112 5385 3126 5404 .
3171 5342 3265 5411 sed
3296 5345 3458 5395 omnis
3496 5342 3733 5397 hominis

2132 5410 2318 5467 merita
2345 5414 2614 5482 praeveniri
2642 5410 2817 5467 docet.
2850 5412 3071 5478 Verum,
3101 5421 3159 5467 ut
3184 5410 3328 5477 dixi,
3361 5427 3552 5467 omnes
3582 5428 3730 5467 mss.

2131 5486 2301 5537 omnia
2362 5484 2579 5553 habent.
2630 5485 2736 5541 Sed
2789 5495 2841 5538 et
2894 5484 3129 5553 Prosper
3171 5483 3311 5548 apud
3353 5483 3727 5551 Augustinum

2129 5556 2288 5615 epist.
2318 5552 2424 5606 2:5
2449 5572 2543 5609 eos
2575 5565 2631 5607 ut
2667 5570 2769 5607 nou
2800 5567 2947 5610 recta
2982 5552 3274 5606 sentientes
3306 5564 3475 5610 notat.
3500 5554 3593 5622 qui
3622 5570 3725 5609 re-

2128 5623 2336 5693 fugiunt
2365 5632 2538 5687 lateri,
2573 5626 2635 5678 ab
2663 5643 2725 5679 ea
2753 5627 2965 5694 (gratia)
3004 5624 3171 5677 omnia
3200 5626 3333 5676 bona
3360 5626 3538 5678 merita
3581 5640 3728 5693 pra»

2127 5698 2309 5761 veniri,
2333 5708 2380 5749 et
2412 5696 2473 5748 ab
2496 5699 2629 5762 ipsa,
2664 5706 2718 5751 ut
2746 5699 2941 5765 possint
2962 5711 3100 5757 esse,
3133 5694 3341 5748 donari.
