3982 6182
224 306 319 363 537

815 311 1033 368 EPIST.
1076 311 1237 369 XXII.
1281 314 1680 371 C(ELESTINI
1720 316 1925 373 PAPE
1964 315 2055 370 AD
2095 312 2421 372 SYNODUM
2463 314 2878 373 EPIIESINAM.

3378 320 3483 379 558

223 420 270 474 in
300 418 446 474 nobis
476 432 601 474 esse
626 420 843 490 patitur,
873 436 993 490 qua:
1044 423 1383 490 exercenda,
1415 432 1442 460 ⁸
1489 439 1595 479 non
1626 425 1794 496 negli-
1819 430 1872 487 Α
1898 427 1987 496 qui
2010 426 2397 480 convenientes
2430 428 2480 480 in
2516 443 2700 492 unum,
2733 438 2786 480 et
2813 427 3112 483 secundum
3141 427 3480 504 Apostolum,

218 511 401 583 genda,
428 512 668 583 donavit,
701 524 759 567 ut
785 526 838 569 et
868 531 965 569 nos
997 514 1023 554 δ
1055 527 1442 587 cooperatores
1472 520 1643 574 simus
1672 536 1794 591 gra-

220 606 301 658 tize
348 605 461 659 Dei.
507 606 585 660 Ac
622 606 666 660 si
716 606 844 676 quid
898 608 950 662 in
980 608 1137 663 nobis
1179 624 1244 663 ex
1285 619 1469 665 nostra
1500 612 1795 667 viderimus

220 697 527 753 remissione
562 698 913 768 languescere
940 741 955 763 ,
1002 700 1067 754 ad
1093 701 1242 755 illum
1274 702 1506 758 sollicite
1543 721 1794 760 recurra-

219 802 350 851 mus,
377 788 462 857 qui
510 800 663 842 sanat
687 803 882 844 omnes
917 790 1205 860 languores
1232 802 1449 847 nostros
1480 807 1535 849 et
1577 796 1793 851 redimit

217 882 281 936 de
322 882 533 937 interitu
580 885 743 936 vitam
794 894 1031 937 nostram
1082 884 1252 956 (Psal.
1290 900 1390 949 ett,
1418 885 1471 951 ὅ,
1508 886 1589 957 4),
1627 898 1681 943 et
1705 891 1790 944 cui

218 975 444 1042 quotidie
470 973 704 1029 dicimus
735 991 749 1029 :
778 974 860 1029 Ne
889 976 1103 1029 inducas
1127 993 1220 1031 nos
1252 978 1302 1029 in
1327 980 1675 1045 tentationem,
1701 983 1791 1036 sed

216 1067 365 1119 libera
393 1083 486 1119 nos
511 1084 543 1120 a
562 1069 697 1120 malo
726 1066 945 1138 (Matth.
978 1084 1051 1133 vl,
1086 1068 1201 1139 15).

278 1158 409 1214 Car.
432 1160 565 1215 XIII.
587 1190 657 1201 —
674 1160 761 1214 15.
790 1160 1177 1216 Prolundiores
1202 1178 1328 1218 vero
1349 1164 1791 1237 diliicilioresque

216 1260 391 1315 partes
426 1262 446 1289 ο
490 1251 875 1306 incurrentium
904 1252 1286 1320 qumstionum,
1313 1270 1447 1324 quas
1483 1256 1640 1312 latius
1672 1275 1792 1327 per-

214 1350 501 1395 tractarunt
528 1342 617 1412 qtti
648 1343 923 1396 haereticis
950 1343 1288 1409 restiterunt,
1322 1345 1460 1400 sicut
1488 1364 1595 1399 non
1628 1350 1792 1404 aude—

215 1447 328 1486 mus
357 1443 709 1487 contemnere
727 1474 741 1498 ,
763 1434 835 1486 ita
861 1449 967 1487 non
989 1449 1209 1488 necesse
1237 1436 1493 1491 habemus
1512 1449 1786 1508 astruere,

211 1524 329 1593 quia
357 1525 425 1578 ad
455 1524 825 1581 conﬁtendum
847 1526 1071 1594 gratiant
1098 1526 1228 1593 Dei,
1254 1529 1411 1597 cujus
1440 1530 1590 1599 operi
1620 1548 1681 1585 ac
1710 1532 1793 1587 di-

208 1617 445 1683 gnationi
492 1616 629 1672 nihil
654 1616 865 1686 penitus
887 1616 1306 1674 subtrahendum
1331 1630 1408 1675 est
1437 1663 1452 1687 ,
1480 1623 1613 1677 satis
1642 1624 1791 1679 sul‘li-

205 1726 325 1766 cere
352 1712 647 1773 credimus,
672 1713 924 1783 quidquid
951 1715 1243 1770 secundum
1269 1718 1553 1785 [medietas
1576 1724 1789 1791 regulas

1893 534 2000 573 non
2051 535 2169 587 qua:
2212 530 2388 572 vestra
2432 528 2560 573 sunt
2596 529 2906 588 quterentes
2931 558 2947 584 ,
2990 521 3087 575 sed
3116 536 3238 590 qua:
3277 520 3482 580 Christi

1892 609 2017 665 Jesu
2058 610 2312 683 (Philipp.
2344 626 2400 674 tt,
2429 610 2522 680 2i)
2551 654 2564 678 ,
2600 610 2873 680 negetium
2916 610 3129 666 Domini
3176 612 3481 667 communis

1894 703 2100 772 egistis.
2134 702 2284 771 Apud
2309 716 2403 756 vos
2428 716 2557 771 ergo
2582 700 2650 756 de
2675 714 2853 755 vestra
2877 700 3148 771 loquimur
3168 704 3477 770 sanctitate,

1892 810 2125 865 quorum
2174 795 2226 849 in
2258 810 2473 849 omnem
2508 804 2706 848 terram
2729 809 2922 849 sonum
2954 794 3250 864 gaudemus
3275 798 3476 866 exisse,

1892 902 2015 942 eum
2044 896 2098 941 et
2127 888 2179 942 in
2212 886 2368 942 tinem
2409 886 2656 955 ejusdem
2694 887 2844 941 orbis
2875 887 3148 955 praedicta:
3176 890 3419 943 veritatis
3446 905 3477 945 a

1891 980 2047 1034 vobis
2075 980 2241 1034 verba
2269 987 2531 1035 venerunt
2557 978 2678 1051 (Ps.
2705 995 2852 1041 xvut,
2878 981 2955 1048 5).
2981 980 3123 1035 Deus
3150 992 3343 1035 noster
3369 995 3475 1037 non

1894 1071 2095 1141 patitur
2122 1070 2293 1125 latere
2322 1070 2465 1140 quod
2515 1069 2801 1138 praestitit,
2835 1071 2958 1138 quia
2989 1086 3280 1140 numquam
3310 1071 3477 1127 bene-

1893 1164 2009 1219 llcia
2038 1179 2270 1233 superna
2300 1165 2563 1218 celantur.
2615 1164 2685 1217 Ita
2729 1179 2962 1233 namque
3007 1164 3064 1218 lit
3091 1176 3147 1219 ut
3181 1174 3329 1220 tanto
3356 1181 3476 1221 mu-

1893 1272 2021 1312 nere
2071 1258 2448 1312 innoteseente
2488 1257 2738 1321 caelesti,
2790 1271 2888 1327 pro
2935 1258 3217 1314 voluntate
3267 1258 3474 1329 divina,

1892 1350 2029 1403 sicut
2051 1349 2307 1417 scriptum
2337 1360 2439 1413 est,
2470 1351 2642 1406 omnis
2670 1350 2834 1405 homo
2865 1350 3041 1405 salvus
3072 1348 3184 1416 ﬂat,
3216 1361 3272 1406 et
3300 1350 3478 1407 veniat

1892 1440 1958 1493 ad
2008 1442 2289 1495 scientiam
2340 1442 2581 1496 veritatis
2629 1442 2672 1513 (Ι
2704 1440 2834 1494 Tim.
2868 1457 2931 1507 tt,
2959 1440 3037 1512 5).
3090 1441 3305 1512 Loquor
3347 1457 3478 1513 ergo

1893 1532 2184 1587 victoribus
2210 1573 2225 1599 ,
2256 1543 2310 1587 et
2345 1533 2433 1603 qui
2481 1534 2531 1587 in
2562 1532 2806 1602 praelium
2845 1533 3017 1588 solam
3046 1543 3234 1587 contra
3267 1539 3476 1590 hostem

1892 1636 2241 1694 portaverunt
2266 1625 2449 1693 ﬁdem,
2481 1641 2619 1693 qum,
2651 1635 2703 1679 et
2733 1626 2940 1680 Joanne
2968 1627 3213 1692 apostolo
3239 1626 3476 1691 dicente,

1894 1717 2021 1770 vicit
2052 1725 2106 1771 et
2134 1716 2390 1770 mundum
2422 1715 2467 1786 (I
2486 1714 2643 1770 Joan.
2675 1732 2727 1778 v,
2756 1715 2815 1785 ι)
2850 1735 2861 1768 :
2896 1716 3048 1773 vobis
3072 1717 3318 1787 ejusdem
3349 1731 3477 1787 pro-

204 1805 525 1870 aposmlieae
554 1805 697 1859 sedis
723 1821 819 1860 nos
847 1807 1042 1876 scripta
1074 1808 1379 1865 docuerunt
1430 1830 1443 1863 ε
1479 1823 1534 1866 ιιι
1572 1830 1790 1881 prorsus
1823 1800 1867 1859 B
1898 1812 2011 1877 prie
2038 1809 2217 1863 scribo
2248 1809 2619 1871 sertuOuibns,
2651 1808 2737 1876 qui
2770 1808 3066 1862 secundum
3103 1809 3344 1863 divinam
3384 1823 3479 1880 pa.

203 1907 311 1946 non
334 1894 976 1961 opinemurcatholicum,
1000 1899 1143 1968 quod
1169 1897 1195 1936 ά
1220 1904 1530 1970 apparuerit
1560 1906 1792 1962 orarlixis

202 1987 494 2042 sententiis
521 2003 638 2044 esse
660 1992 1010 2045 contrarium.

693 2092 716 2118 °
762 2081 1090 2139 EPISTOLA
1133 2083 1303 2139 XXII.

204 2184 502 2227 εωιεετιιιι
538 2188 684 2229 ΡΑΡΕ
711 2190 840 2229 1⁵05⁸1⁸
870 2191 1252 2231 ΒΔΙΝΛΤΙΟΝΕΙΙ
1294 2192 1543 2233 Νεετοιιιι
1570 2195 1638 2235 ΑΙ)
1668 2195 1790 2236 SAN-

497 2279 637 2320 ετλιι
665 2281 907 2322 εἰκοιιυιι
938 2284 1230 2324 ΕΡΠΕΕΙΝᾹΙΙ
1266 2286 1503 2325 SCRIPTA.

208 2354 518 2434 Maximiani
531 2358 583 2408 in
597 2357 1008 2434 locuntNestorii
1021 2362 1396 2416 ordinationem
1409 2362 1587 2415 laudat
1599 2373 1648 2417 et
1670 2381 1792 2434 pro-

269 2429 370 2502 bat.
408 2428 712 2502 lyestorium
741 2429 1027 2502 Antiocltite
1053 2434 1235 2502 procul
1264 2434 1647 2487 amandandum
1670 2428 1792 2490 sua-

269 2499 377 2573 det._
409 2497 490 2550 De
506 2501 568 2552 iis
585 2502 803 2573 quicum
829 2500 921 2553 illo
935 2497 1174 2573 societate
1195 2506 1454 2573 coajuncti
1471 2516 1609 2565 stmt.
1629 2510 1792 2561 nomi-

270 2569 536 2645 natinoque
575 2572 638 2623 tle
665 2568 877 2645 Joanne
916 2572 1230 2645 Antioclteno
1273 2568 1399 2645 quid
1438 2582 1787 2644 statuendum,

271 2639 458 2705 quidve
486 2641 805 2711 sequendum
832 2640 899 2694 sit
922 2683 937 2708 ,
970 2644 1219 2699 decernit.

205 2724 566 2787 CmLes'rnvus
613 2734 900 2803 episcOpus
939 2746 1139 2791 sanetae
1182 2738 1390 2810 synodo
1428 2740 1569 2811 apud
1606 2739 1790 2811 Ephe-

728 2839 845 2879 sum
883 2824 902 2864 τ
934 2832 1261 2883 constitutm.

272 2914 324 2969 1.
357 2915 603 2972 Tandem
636 2920 897 2974 malorum
934 2920 1036 2976 line
1064 2921 1403 2990 gaudendum
1435 2932 1548 2989 est,
1576 2926 1789 2981 tandem

204 3005 357 3061 nobis
384 3010 640 3063 omnibus
667 3010 719 3063 in
744 3026 1031 3067 commune
1057 3014 1349 3070 dicendum
1383 3031 1395 3066 :
1435 3014 1653 3069 Dextera
1681 3025 1788 3083 tua,

198 3097 440 3161 Domine,
478 3102 770 3171 gloriﬁcata
799 3113 873 3156 est
911 3106 961 3156 in
986 3106 1207 3170 virtute;
1245 3106 1455 3159 dextera
1484 3123 1665 3159 manus
1694 3115 1794 3160 tua:

1899 1902 2081 1970 ginatn
2106 1940 2121 1964 ,
2162 1909 2217 1954 ut
2248 1908 2426 1967 patres
2454 1898 2781 1967 cognovistis
2808 1898 2950 1968 quod
2983 1900 3051 1954 ab
3091 1901 3246 1955 initio
3275 1912 3359 1956 est
3379 1940 3395 1966 ,
3423 1910 3478 1958 et

1899 2004 1955 2046 ut
1977 1992 2203 2060 juvenes
2230 2035 2243 2056 ,
2279 1990 2405 2043 dum
2451 1988 2619 2043 fortes
2645 1990 2774 2043 estis
2799 2031 2815 2056 ,
2846 1999 2899 2045 et
2927 1990 3148 2045 verbum
3182 1992 3391 2047 Domini
3420 1996 3478 2052 in

1897 2085 2048 2139 vobis
2077 2093 2290 2148 manet,
2318 2083 2523 2137 vicistis
2559 2082 2846 2152 malignum
2895 2081 2939 2153 (I
2962 2080 3121 2136 Joan.
3154 2099 3213 2150 ιι,
3241 2085 3330 2151 13,
3365 2083 3477 2154 ﬂ).

1895 2178 1951 2234 In
1982 2178 2181 2232 talibus
2208 2176 2370 2231 sociis
2398 2177 2731 2246 gratulantes
2757 2220 2772 2246 ,
2803 2176 2872 2232 de
2903 2176 3005 2231 hoc
3035 2188 3230 2231 eventu
3256 2179 3479 2234 minime

1893 2270 2298 2327 dubitabamus.
2323 2269 2770 2324 Ilabuitanimum
2800 2279 3039 2323 nostrum
3061 2268 3252 2324 lldueia
3278 2266 3293 2307 ί
3316 2283 3477 2339 supe-

1894 2362 2071 2427 randi,
2096 2363 2183 2431 qui
2213 2362 2367 2415 vobis
2394 2360 2701 2415 videremus
2731 2359 2924 2414 divina:
2952 2374 3131 2414 causa:
3161 2359 3367 2427 pondus
3398 2359 3479 2416 in-

1894 2454 2169 2514 cumbere.
2196 2467 2330 2518 quos
2355 2453 2491 2507 bene
2514 2451 2800 2506 admodum
2823 2466 3165 2519 noveramus,
3185 2452 3479 2509 secundum

1895 2547 2027 2602 illud
2062 2545 2471 2616 propheticum,
2504 2544 2686 2600 odisse
2712 2547 3183 2617 congregationem
3216 2546 3478 2617 maligno-

1895 2658 2012 2697 rum
2043 2650 2097 2694 et
2124 2655 2247 2696 cum
2291 2640 2468 2707 impiis
2502 2654 2604 2693 non
2635 2654 2754 2693 esse
2785 2654 3035 2694 sessuros
3084 2638 3203 2704 (Ps.
3239 2655 3367 2706 xxv,
3396 2638 3478 2711 5).

1899 2734 1913 2784 i
1961 2732 2178 2788 Obtinui
2219 2746 2354 2801 ergo
2394 2730 2536 2801 quod
2564 2730 2801 2795 credidi,
2843 2732 2965 2801 quia
2996 2739 3184 2785 contra
3222 2740 3480 2788 nocentes

1894 2833 2054 2894 atque
2089 2839 2391 2890 perversos,
2427 2823 2569 2876 sicut
2592 2836 2750 2890 supra
2778 2822 2953 2877 dictus
2979 2821 3053 2875 ait
3073 2837 3088 2874 :
3109 2819 3413 2875 lnnocentes
3434 2830 3482 2876 et

1894 2918 2020 2970 recti
2045 2919 2370 2970 adhaeserunt
2395 2913 2518 2966 mihi
2555 2912 2673 2983 (Ps.
2702 2928 2848 2976 xxxv,
2870 2912 2987 2980 2|).

1967 3009 2021 3062 “2.
2061 3009 2168 3064 Utta
2193 3008 2354 3076 igitur
2374 3005 2669 3073 eademque
2695 3005 2955 3058 relatione
2988 3017 3081 3071 per
3104 3001 3242 3057 ﬁlios
3268 3010 3482 3061 nostros

1900 3102 2183 3168 religiosos
2212 3113 2266 3154 et
2298 3100 2406 3152 Deo
2444 3097 2705 3152 amabiles
2742 3096 2887 3150 viros
2912 3095 3171 3150 Joannem
3206 3095 3484 3168 presbyte.

196 3191 459 3261 confregit
484 3193 723 3246 inimicos
753 3193 949 3261 (Exod.
975 3212 1062 3258 xv,
1085 3196 1165 3265 6).
1196 3196 1418 3265 Proprie
1443 3212 1674 3266 namque
1694 3198 1793 3265 ipsi
1822 3175 1869 3239 Ο
1901 3208 2020 3249 rum
2051 3206 2102 3246 et
2135 3192 2435 3259 Epictetum
2467 3188 2749 3243 diaconum
2780 3188 3135 3257 dejectionem
3162 3186 3396 3255 justam,
3429 3198 3486 3244 et

189 3280 470 3336 confracti
524 3290 685 3349 sunt,
717 3284 930 3352 quando
962 3285 1143 3355 iniqua
1175 3287 1506 3354 loquentium
1533 3328 1548 3353 ,
1580 3287 1794 3344 dicente

195 3373 398 3437 David,
427 3387 498 3427 os
518 3373 791 3429 videamus
814 3391 936 3431 esse
962 3377 1296 3433 obstructum
1328 3378 1447 3447 (Ps.
1479 3396 1651 3442 Lxxtt.
1680 3382 1791 3453 1‘2).

200 3466 441 3536 Hujusce
472 3475 654 3523 tamen
690 3476 796 3522 tam
829 3469 1060 3524 ﬁdeliter
1086 3479 1318 3539 peractae
1348 3471 1425 3526 rei
1458 3488 1550 3527 vos
1579 3483 1605 3521 ε
1634 3490 1791 3531 exse-

205 3568 427 3615 cutores
456 3560 737 3617 nobiscum
766 3561 1011 3618 videmus
1042 3563 1225 3628 fuisse,
1263 3565 1356 3621 Dei
1388 3564 1416 3602 ιι
1444 3568 1791 3633 sacerdotes;

285 3757 310 3819 fl
338 3746 397 3801 In
423 3759 528 3799 ms.
563 3744 705 3819 Reg.
722 3745 877 3819 deest
900 3763 997 3799 non
1022 3747 1349 3819 negligenda.

283 3817 311 3856 δ
343 3819 477 3871 Lab.
509 3826 634 3886 post
677 3817 863 3881 Siron,
912 3817 1222 3887 aperawres.
1274 3819 1630 3873 Retinendum
1677 3836 1800 3875 cum

220 3888 530 3951 aliislibris,
565 3898 940 3958 cooperatores.
973 3888 1208 3943 Primum
1240 3893 1380 3943 enim
1414 3891 1481 3945 de
1522 3892 1690 3955 gratia
1721 3892 1804 3945 di-

220 3960 370 4022 citur,
399 3959 521 4028 Agit
552 3959 604 4011 in
635 3958 813 4023 nobis;
844 3969 954 4012 tum
981 3960 1046 4013 de
1072 3960 1186 4027 ejus
1213 3960 1371 4015 donis
1404 3964 1669 4027 sequitur,
1698 3979 1803 4015 non

220 4032 373 4083 otiosa
388 4032 443 4083 in
469 4029 617 4083 nobis
631 4046 757 4089 esse.
774 4032 866 4103 sed
885 4031 1164 4085 exercenda
1179 4040 1234 4085 et
1246 4049 1345 4084 non
1367 4033 1693 4103 negligenda.
1722 4032 1801 4086 Ex

221 4115 316 4169 quo
337 4113 389 4154 et
424 4108 556 4173 apte
594 4101 966 4173 consequitur,
1014 4109 1078 4173 ut
1104 4101 1455 4168 cooperatores
1486 4101 1667 4173 gratia:
1712 4104 1803 4155 Dei

224 4173 392 4226 simus.
446 4169 607 4242 Quod
656 4187 763 4239 quo
816 4179 971 4238 pacto
1002 4172 1124 4234 ﬂat,
1171 4173 1410 4242 episcopi
1457 4169 1508 4225 in
1556 4173 1803 4228 Sardinia

225 4243 426 4298 exsules
456 4241 601 4312 apud
627 4243 977 4310 Augustinum
1002 4245 1237 4312 append.
1266 4241 1397 4298 tom.
1420 4244 1471 4298 Χ
1498 4259 1617 4310 pag.
1662 4246 1798 4312 154,

225 4321 271 4365 et
293 4314 430 4380 apud
463 4311 808 4381 Fulgentinm
836 4313 994 4381 epist.
1032 4311 1096 4368 15
1126 4330 1179 4367 n.
1222 4314 1277 4368 11
1304 4356 1318 4379 ,
1349 4315 1413 4368 ad
1460 4314 1721 4371 Joannem
1752 4326 1805 4370 et

228 4384 389 4439 socio;
434 4384 808 4438 rescriheutes
836 4383 1107 4449 explicant
1136 4426 1151 4451 ,
1202 4385 1407 4440 scilicet
1437 4397 1492 4439 ut
1541 4387 1657 4440 sola
1706 4384 1805 4440 Dei

230 4454 579 4509 misericordia
597 4454 803 4506 initium
834 4453 1017 4508 salutis
1039 4459 1288 4521 conferat.
1315 4456 1397 4509 cui
1426 4456 1607 4510 deinde
1625 4460 1806 4510 volun-

231 4532 297 4596 tas
320 4525 494 4579 homin
511 4525 552 4576 is
579 4525 901 4596 coeperatrix
929 4540 1037 4578 sua:
1077 4527 1261 4596 salutis
1295 4528 1513 4590 existat;
1560 4536 1616 4580 ut
1656 4528 1807 4580 mise-

231 4595 433 4649 ricordia
457 4595 779 4665 prtevenieus
802 4596 1077 4649 voluntatis
1100 4595 1337 4651 humana:
1356 4596 1547 4665 dirigat
1572 4612 1801 4661 cursum,

233 4675 270 4714 et
291 4665 522 4721 humana
548 4668 783 4719 voluntas
800 4665 1066 4729 obediens,
1092 4668 1267 4720 eadem
1295 4666 1649 4721 misericordia
1688 4668 1809 4720 sub-

234 4748 470 4804 sequente,
510 4736 788 4789 secundum
812 4736 1142 4789 intentionem
1171 4748 1345 4790 currat
1382 4737 1449 4789 ad
1479 4736 1733 4791 bravium.

300 4816 318 4844 ε
351 4810 481 4862 ιθῖιιίι.
520 4807 675 4860 Ilom.
708 4820 770 4860 ac
793 4815 1001 4860 veteres
1029 4807 1247 4869 concil.,
1272 4808 1672 4861 occurrentium.
1704 4806 1809 4862 Alii

236 4887 348 4947 vero
377 4878 527 4937 libri.
556 4893 655 4933 nec
685 4893 791 4930 non
814 4875 954 4930 Crab
1000 4879 1064 4930 ad
1091 4893 1282 4947 marg,
1309 4879 1698 4931 incurrentium.

300 4945 324 4983 ἀ
353 4948 477 5006 Lab.
515 4957 567 5002 et
614 4948 779 5004 Sirm.
817 4956 953 5014 post.
982 4949 1140 5003 Crab.
1178 4945 1232 5003 et
1271 4949 1403 5003 edit.
1448 4947 1634 5012 Rom.,
1673 4948 1813 5017 quod

244 5021 478 5086 apparuit.
530 5018 784 5086 Exempla
804 5018 934 5090 coll.
963 5018 1156 5085 IIaer,
1183 5020 1321 5087 quod
1348 5020 1649 5090 Oportuerit.
1680 5020 1810 5090 Reg.

248 5101 335 5160 ins.
362 5105 418 5145 ac
438 5090 650 5149 creteri.
674 5088 811 5157 quod
832 5090 1155 5160 apparuerit.
1184 5091 1242 5145 In
1269 5088 1517 5143 omnibus
1541 5098 1717 5142 autem
1747 5088 1815 5142 ad

250 5158 434 5213 calcem
468 5160 785 5227 subjicitur.
824 5157 1130 5231 Erpliciunt
1164 5163 1505 5231 auctoritates
1536 5160 1820 5231 prwterito-

254 5241 352 5301 turn
379 5233 508 5285 sedis
533 5231 834 5300 apostolica:
872 5230 1227 5301 episcoporum
1269 5232 1333 5285 de
1374 5230 1539 5301 gratia
1571 5239 1617 5284 et
1665 5230 1822 5284 libero

256 5298 462 5356 arbitrio.

388 5371 677 5442 Epistolam
723 5371 862 5425 hanc
897 5380 1113 5439 tresque
1140 5372 1531 5442 subsequentes
1560 5374 1629 5427 ab
1658 5375 1826 5442 Αηιοτ

262 5442 338 5487 nio
371 5441 435 5494 de
476 5442 682 5510 Aquino
712 5452 960 5510 acceptas
1007 5444 1265 5498 Baronius
1317 5441 1367 5498 in
1413 5445 1715 5499 Annalibus
1759 5441 1826 5496 ad

263 5517 371 5561 ann.
418 5510 519 5566 452
552 5514 753 5578 primus
783 5514 834 5565 in
867 5514 1039 5567 lucem
1071 5514 1272 5569 emisit.
1306 5515 1533 5570 Easdem
1573 5514 1820 5569 Labbeus

265 5582 360 5651 {1m
387 5589 510 5635 tum.
544 5598 579 5636 tt
612 5583 750 5637 inter
779 5584 1033 5651 epistolas
1063 5584 1341 5639 Caelestiui
1366 5586 1430 5637 ad
1463 5587 1816 5639 imitationem

269 5643 303 5697 Β
327 5651 386 5703 uii
415 5662 464 5705 et
485 5653 720 5711 Baronii.
748 5643 857 5708 tum
883 5667 1009 5708 tom.
1041 5655 1104 5709 Ill
1138 5668 1271 5721 part.
1296 5671 1353 5709 ιιι
1379 5656 1583 5710 Coneil.
1618 5655 1816 5721 Epltes.

271 5729 371 5780 Citp.
402 5726 485 5783 ευ,
508 5727 565 5776 “2|
597 5735 644 5778 et
672 5723 763 5788 Ἡ,
791 5726 1141 5779 eorrcctiorcs
1170 5727 1349 5780 recudi
1375 5730 1596 5780 curavit.
1629 5727 1730 5780 Eas
1751 5724 1818 5777 ad

276 5792 619 5857 Deran’iquum
672 5796 911 5851 codicem
958 5796 1363 5859 Colbcrtinum.
1399 5799 1485 5862 qui
1518 5804 1816 5861 temporum

1831 4564 1886 4624 D

1901 3284 2280 3342 exaltationem
2302 3282 2584 3337 didicimus
2600 3281 2879 3350 justiorem
2900 3296 2914 3345 ;
2937 3278 3068 3334 illud
3082 3280 3222 3349 quod
3249 3282 3300 3336 in
3318 3281 3485 3337 Evan-

1900 3379 2042 3453 gelio
2068 3378 2294 3448 legimus
2335 3376 2715 3445 approbantes,
2756 3375 2879 3444 quia
2913 3374 3054 3429 Deus
3079 3381 3263 3431 noster
3285 3374 3487 3430 exaltat

1904 3471 2155 3535 humiles,
2183 3479 2237 3524 et
2267 3478 2512 3539 potentes
2540 3468 2608 3522 de
2632 3466 2760 3524 sede
2783 3466 3006 3538 deponit
3034 3465 3186 3540 (Luc.
3218 3483 3258 3535 ι,
3291 3464 3406 3538 5‘3).
3438 3469 3484 3524 Α

1901 3580 2004 3636 qua
2032 3562 2300 3618 sententia
2331 3560 2427 3616 ille
2466 3573 2651 3616 noster
2680 3560 3111 3632 sapientissimus
3143 3561 3365 3617 minime
3392 3558 3488 3616 de-

1905 3749 2117 3818 injuria
2143 3747 2195 3800 in
2239 3744 2462 3818 summis
2513 3742 2653 3796 foliis
2694 3758 2949 3818 corrosus
2984 3754 3065 3799 est
3095 3786 3111 3811 ,
3144 3753 3400 3818 quantum
3431 3742 3488 3818 in

1906 3813 2060 3874 nobis
2102 3817 2199 3871 fuit
2230 3858 2243 3877 ,
2291 3814 2567 3877 exegimus
2605 3822 2659 3866 et
2697 3815 3099 3880 castigavimus.
3152 3816 3306 3877 Apud
3355 3813 3485 3868 Lab.

1905 3900 2096 3944 sanctae
2116 3889 2373 3941 memor-iw
2397 3884 2652 3939 Ctelestini
2676 3884 2787 3936 lure
2812 3884 3137 3945 inseribitur,
3168 3884 3305 3936 baud
3328 3883 3489 3939 dubie

1906 3962 2026 4029 quia
2050 3976 2114 4013 ex
2142 3960 2324 4025 aliquo
2356 3957 2686 4029 monimento
2714 3962 2797 4029 est
2817 3952 3110 4029 descripta,
3144 3952 3196 4006 in
3228 3965 3334 4020 quo
3360 3966 3485 4021 pro-

1908 4024 2015 4085 lata
2049 4032 2131 4084 vel
2165 4024 2373 4082 laudata
2403 4043 2466 4081 eo
2492 4027 2599 4091 jam
2629 4027 2735 4077 vita
2766 4028 2943 4077 iuncto
2969 4024 3157 4077 fuerat.

1982 4100 2002 4139 ί
2048 4101 2157 4154 Ινιοε
2180 4110 2283 4161 est,
2316 4113 2429 4168 qua:
2463 4097 2734 4168 constituta
2766 4096 2969 4168 fuerat;
3002 4094 3109 4168 jam
3144 4091 3286 4147 enim
3318 4091 3487 4146 soluta

1908 4181 2025 4225 erat
2081 4164 2338 4254 synodus.
2400 4167 2662 4254 Quocirca
2723 4164 2833 4219 tres
2880 4164 3489 4254 epistolreﬂsequentes,

1909 4259 2095 4313 quarm
2108 4234 2151 4295 is
2173 4241 2363 4313 eodem
2384 4240 2472 4313 die
2495 4239 2653 4313 datae,
2680 4248 2792 4306 post
2806 4236 3067 4313 synodum
3095 4234 3333 4313 etiam-in
3352 4247 3488 4313 mss.

1909 4302 2292 4386 inscribuntur.
2340 4310 2544 4386 Idcirco
2572 4302 3072 4386 autemnEpliesing
3112 4306 3312 4386 synodo
3336 4302 3491 4386 .hanc

1908 4383 2231 4439 leestinus
2261 4380 2542 4443 inscribit;
2593 4380 2713 4446 quia
2749 4378 2784 4433 ii
2814 4375 3051 4445 episcopi
3081 4375 3169 4443 qui
3213 4375 3493 4446 Maximia-

1910 4470 2036 4509 num
2079 4453 2397 4506 ordinarant
2423 4490 2438 4513 ,
2479 4450 2547 4502 ab
2593 4445 2692 4502 bac
2737 4448 2946 4518 synodo
2986 4448 3038 4500 in
3071 4447 3269 4514 regiam
3301 4445 3490 4500 urbem

1910 4524 2065 4593 legati
2091 4538 2210 4577 eam
2236 4519 2669 4576 reorcesentabant
2691 4559 2708 4581 .
2738 4516 2893 4587 cujus
2918 4516 3132 4572 decreta
3159 4518 3370 4572 fuerant
3396 4531 3491 4572 ex-

1911 4597 2099 4648 SecutL

1986 4674 2011 4710 s
2058 4662 2208 4732 Apud
2235 4661 2461 4720 θαι-οη..
2492 4658 2806 4732 defensores.
2833 4657 3050 4732 Rectius
3079 4656 3405 4732 apud‘La_b.,
3435 4664 3496 4714 ut

1915 4737 1969 4789 in
1994 4727 2300 4796 Ins.'CoIb.,
2333 4740 2671 4784 exsecuturos.
2698 4728 2815 4782 Jam
2843 4731 2894 4783 in
2929 4731 3043 4799 ipsa
3071 4728 3277 4799 synodo
3305 4727 3487 4797 Ephe—

1915 4807 2053 4869 sina,
2072 4804 2143 4858 La
2154 4804 2204 4855 b.
2231 4812 2362 4856 tom.
2389 4799 2453 4855 Ill
2478 4815 2596 4867 pag.
2620 4799 2746 4861 618.
2770 4796 2985 4854 Firmus
3006 4796 3267 4854 Casareat
3288 4796 3498 4867 episco-

1921 4892 2017 4941 pus
2045 4876 2253 4929 dixerat
2276 4871 2623 4927 leestinum
2664 4870 2856 4941 litteris
2891 4870 3117 4923 formam
3150 4871 3500 4941 regulamque

1918 4939 2335 5016 praescripsisse,
2358 4958 2514 5016 quam
2542 4958 2653 5007 nos,
2678 4940 2868 5011 inquit,
2898 4941 3079 5009 secuti,
3104 4940 3323 4996 formam
3351 4939 3500 4994 illam

1920 5012 2226 5071 exsecutioni
2259 5012 2626 5066 mandavimus.

1994 5084 2021 5122 ¹³
2066 5086 2223 5146 Lab..
2264 5084 2382 5147 fidei
2410 5082 2717 5149 defensores.
2769 5081 2836 5135 At
2878 5081 3074 5135 Daren.
3106 5090 3154 5136 et
3187 5094 3289 5136 ms.
3317 5080 3500 5145 Colb.,

1921 5158 2044 5236 fidei
2062 5155 2365 5211 sacerdotes.
2391 5152 2712 5236 Legendum
2723 5166 2840 5236 esse
2980 5151 3116 5223 (seu,
3141 5168 3185 5236 ς’
3196 5150 3314 5236 Dei)
3333 5166 3502 5236 saces?

1925 5220 2088 5287 dotes.
2120 5240 2425 5295 persuasum
2459 5220 2616 5295 nobis
2644 5222 2735 5276 fuit
2770 5239 2833 5295 ex
2864 5223 2946 5276 bis
2977 5220 3122 5295 num.
3153 5221 3187 5274 ὅ
3220 5240 3231 5274 :
3266 5220 3392 5274 Cum
3421 5220 3502 5273 his

1925 5291 2159 5363 senserit,
2184 5310 2310 5367 quos
2337 5298 2449 5367 ejus
2480 5291 2625 5363 (Dei)
2654 5294 2846 5367 noverit
2867 5293 3172 5367 sacerdotes.

2008 5367 2023 5405 ί
2067 5361 2218 5436 Apud
2246 5361 2462 5436 Baron.,
2482 5361 2741 5436 sperandi.
2770 5363 2983 5418 Rectius
3003 5362 3145 5436 apud
3157 5361 3321 5436 _Lab.,
3346 5375 3501 5436 stipe.

1931 5439 2101 5493 randi.
2118 5431 2339 5506 'Qttippe
2366 5431 2691 5491 leestinus
2724 5435 2947 5506 loquens
2972 5433 3240 5486 victoribus
3264 5473 3279 5495 ,
3312 5431 3504 5496 quibus

1929 5504 2172 5578 proxime
2197 5508 2371 5571 dixit,
2414 5506 2606 5578 vicistis
2637 5504 2919 5578 malignum
2946 5544 2959 5565 ,
2990 5518 3219 5571 eumque
3255 5510 3502 5555 eventum

1928 5573 2026 5635 sibi
2051 5581 2210 5635 etiam
2238 5587 2389 5631 antea
2420 5576 2641 5631 dubium
2671 5573 2774 5628 nou
2799 5573 2964 5628 inisse
2998 5582 3222 5629 testatus
3273 5587 3368 5628 cur
3398 5586 3503 5633 non

1927 5652 2119 5707 dubius
2148 5648 2327 5710 fuerit,
2354 5664 2494 5702 nunc
2520 5647 2782 5700 rationem
2808 5646 2981 5699 retbli‘

2002 5725 2018 5771 i
2070 5721 2262 5776 Baron.
2292 5737 2303 5771 :
2332 5718 2533 5789 Optime
2563 5734 2683 5787 ergo
2713 5718 2929 5772 credidi.
