  <div class='ocr_page' id='page_1' title='image "/cluster/home/n/w/nwhite01/storage/ocr_20150623/50/uva.x000827094/279.png"; bbox 0 0 3982 6182; ppageno 0'>
   <div class='ocr_carea' id='block_1_1' title="bbox 499 357 603 414">
    <p class='ocr_par' dir='ltr' id='par_1_1' title="bbox 499 357 603 414">
     <span class='ocr_line' id='line_1_1' title="bbox 499 357 603 414; baseline 0.01 -2"><span class='ocrx_word' id='word_1_1' title='bbox 499 357 603 414; x_wconf 53' lang='grc' dir='ltr'>εὕει</span> 
     </span>
    </p>
   </div>
   <div class='ocr_carea' id='block_1_2' title="bbox 1335 335 2940 404">
    <p class='ocr_par' dir='ltr' id='par_1_2' title="bbox 1335 335 2940 404">
     <span class='ocr_line' id='line_1_2' title="bbox 1335 335 2940 404; baseline -0.004 0"><span class='ocrx_word' id='word_1_2' title='bbox 1335 343 1726 404; x_wconf 77' lang='lat' dir='ltr'><strong>C(ELESTINI</strong></span> <span class='ocrx_word' id='word_1_3' title='bbox 1766 345 1784 398; x_wconf 95' lang='lat' dir='ltr'><strong>l</strong></span> <span class='ocrx_word' id='word_1_4' title='bbox 1824 339 2025 397; x_wconf 65' lang='grc' dir='ltr'><strong>ΡΑΙδίΕ</strong></span> <span class='ocrx_word' id='word_1_5' title='bbox 2067 335 2427 397; x_wconf 64' lang='lat' dir='ltr'><strong>EPISTOLE</strong></span> <span class='ocrx_word' id='word_1_6' title='bbox 2467 339 2555 396; x_wconf 84' lang='lat' dir='ltr'><strong>ET</strong></span> <span class='ocrx_word' id='word_1_7' title='bbox 2593 339 2940 398; x_wconf 80' lang='lat' dir='ltr'><strong>DECRETA.</strong></span> 
     </span>
    </p>
   </div>
   <div class='ocr_carea' id='block_1_3' title="bbox 3663 334 3768 400">
    <p class='ocr_par' dir='ltr' id='par_1_3' title="bbox 3663 334 3768 400">
     <span class='ocr_line' id='line_1_3' title="bbox 3663 334 3768 400; baseline 0 -1"><span class='ocrx_word' id='word_1_8' title='bbox 3663 334 3768 400; x_wconf 71' lang='grc' dir='ltr'><strong>διο</strong></span> 
     </span>
    </p>
   </div>
   <div class='ocr_carea' id='block_1_4' title="bbox 500 451 3770 535">
    <p class='ocr_par' dir='ltr' id='par_1_4' title="bbox 500 451 3770 535">
     <span class='ocr_line' id='line_1_4' title="bbox 500 451 3770 535; baseline 0 -19"><span class='ocrx_word' id='word_1_9' title='bbox 500 465 689 532; x_wconf 66' lang='lat' dir='ltr'><strong>\‘iavit,</strong></span> <span class='ocrx_word' id='word_1_10' title='bbox 718 463 809 535; x_wconf 86' lang='lat' dir='ltr'><strong>qui</strong></span> <span class='ocrx_word' id='word_1_11' title='bbox 831 465 927 530; x_wconf 89' lang='lat' dir='ltr'><strong>ait,</strong></span> <span class='ocrx_word' id='word_1_12' title='bbox 954 479 983 516; x_wconf 90' lang='lat' dir='ltr'><strong>a</strong></span> <span class='ocrx_word' id='word_1_13' title='bbox 1009 461 1120 516; x_wconf 85' lang='lat' dir='ltr'><strong>Deo</strong></span> <span class='ocrx_word' id='word_1_14' title='bbox 1141 469 1322 514; x_wconf 67' lang='lat' dir='ltr'><strong>nostra</strong></span> <span class='ocrx_word' id='word_1_15' title='bbox 1353 458 1632 512; x_wconf 78' lang='lat' dir='ltr'><strong>humilium</strong></span> <span class='ocrx_word' id='word_1_16' title='bbox 1665 464 1936 512; x_wconf 75' lang='lat' dir='ltr'><strong>servatam</strong></span> <span class='ocrx_word' id='word_1_17' title='bbox 1969 469 2083 507; x_wconf 67' lang='lat' dir='ltr'><strong>meo</strong></span> <span class='ocrx_word' id='word_1_18' title='bbox 2111 451 2164 512; x_wconf 74' lang='grc' dir='ltr'><strong>Α</strong></span> <span class='ocrx_word' id='word_1_19' title='bbox 2189 453 2496 508; x_wconf 77' lang='lat' dir='ltr'><strong>dilectionis</strong></span> <span class='ocrx_word' id='word_1_20' title='bbox 2538 463 2731 508; x_wconf 67' lang='lat' dir='ltr'><strong>vestra:</strong></span> <span class='ocrx_word' id='word_1_21' title='bbox 2771 455 2891 524; x_wconf 87' lang='lat' dir='ltr'><strong>ejus</strong></span> <span class='ocrx_word' id='word_1_22' title='bbox 2931 452 3250 510; x_wconf 88' lang='lat' dir='ltr'><strong>sententiam</strong></span> <span class='ocrx_word' id='word_1_23' title='bbox 3300 455 3610 512; x_wconf 82' lang='lat' dir='ltr'><strong>videremus</strong></span> <span class='ocrx_word' id='word_1_24' title='bbox 3651 472 3770 517; x_wconf 81' lang='lat' dir='ltr'><strong>esse</strong></span> 
     </span>
    </p>
   </div>
   <div class='ocr_carea' id='block_1_5' title="bbox 502 541 2090 624">
    <p class='ocr_par' dir='ltr' id='par_1_5' title="bbox 502 541 2090 624">
     <span class='ocr_line' id='line_1_5' title="bbox 502 541 2090 624; baseline -0.005 -16"><span class='ocrx_word' id='word_1_25' title='bbox 502 558 755 622; x_wconf 76' lang='lat' dir='ltr'><strong>muriam,</strong></span> <span class='ocrx_word' id='word_1_26' title='bbox 779 564 835 610; x_wconf 90' lang='lat' dir='ltr'><strong>et</strong></span> <span class='ocrx_word' id='word_1_27' title='bbox 852 541 1111 624; x_wconf 85' lang='lat' dir='ltr'><strong>perditam</strong></span> <span class='ocrx_word' id='word_1_28' title='bbox 1135 551 1487 620; x_wconf 88' lang='lat' dir='ltr'><strong>superborum</strong></span> <span class='ocrx_word' id='word_1_29' title='bbox 1512 548 1698 620; x_wconf 86' lang='lat' dir='ltr'><strong>(Eccli.</strong></span> <span class='ocrx_word' id='word_1_30' title='bbox 1723 564 1778 616; x_wconf 91' lang='lat' dir='ltr'><strong>x,</strong></span> <span class='ocrx_word' id='word_1_31' title='bbox 1797 545 1911 617; x_wconf 70' lang='lat' dir='ltr'><strong>2f).</strong></span> <span class='ocrx_word' id='word_1_32' title='bbox 1937 544 2090 612; x_wconf 87' lang='lat' dir='ltr'><strong>Quod</strong></span> 
     </span>
    </p>
   </div>
   <div class='ocr_carea' id='block_1_6' title="bbox 499 629 2088 717">
    <p class='ocr_par' dir='ltr' id='par_1_6' title="bbox 499 629 2088 717">
     <span class='ocr_line' id='line_1_6' title="bbox 499 629 2088 717; baseline -0.005 -17"><span class='ocrx_word' id='word_1_33' title='bbox 499 645 717 717; x_wconf 80' lang='lat' dir='ltr'><strong>quando</strong></span> <span class='ocrx_word' id='word_1_34' title='bbox 751 631 919 715; x_wconf 82' lang='lat' dir='ltr'><strong>magis</strong></span> <span class='ocrx_word' id='word_1_35' title='bbox 948 629 1193 698; x_wconf 88' lang='lat' dir='ltr'><strong>videatur</strong></span> <span class='ocrx_word' id='word_1_36' title='bbox 1225 641 1502 712; x_wconf 79' lang='lat' dir='ltr'><strong>impletum</strong></span> <span class='ocrx_word' id='word_1_37' title='bbox 1526 680 1540 703; x_wconf 86' lang='lat'><strong>,</strong></span> <span class='ocrx_word' id='word_1_38' title='bbox 1572 654 1733 709; x_wconf 89' lang='lat' dir='ltr'><strong>quam</strong></span> <span class='ocrx_word' id='word_1_39' title='bbox 1768 653 1938 705; x_wconf 90' lang='lat' dir='ltr'><strong>nunc,</strong></span> <span class='ocrx_word' id='word_1_40' title='bbox 1967 653 2088 693; x_wconf 92' lang='lat' dir='ltr'><strong>cum</strong></span> 
     </span>
    </p>
   </div>
   <div class='ocr_carea' id='block_1_7' title="bbox 449 733 2089 807">
    <p class='ocr_par' dir='ltr' id='par_1_7' title="bbox 449 733 2089 807">
     <span class='ocr_line' id='line_1_7' title="bbox 449 733 2089 807; baseline -0.006 -11"><span class='ocrx_word' id='word_1_41' title='bbox 449 781 455 788; x_wconf 79' lang='grc'><strong><em>.</em></strong></span> <span class='ocrx_word' id='word_1_42' title='bbox 500 735 752 796; x_wconf 60' lang='lat' dir='ltr'><strong>Salvator</strong></span> <span class='ocrx_word' id='word_1_43' title='bbox 783 749 971 793; x_wconf 83' lang='lat' dir='ltr'><strong>noster</strong></span> <span class='ocrx_word' id='word_1_44' title='bbox 999 749 1194 807; x_wconf 84' lang='lat' dir='ltr'><strong>parans</strong></span> <span class='ocrx_word' id='word_1_45' title='bbox 1227 733 1366 790; x_wconf 86' lang='lat' dir='ltr'><strong>bene</strong></span> <span class='ocrx_word' id='word_1_46' title='bbox 1393 735 1615 789; x_wconf 91' lang='lat' dir='ltr'><strong>meritos</strong></span> <span class='ocrx_word' id='word_1_47' title='bbox 1651 735 1934 798; x_wconf 88' lang='lat' dir='ltr'><strong>honorare,</strong></span> <span class='ocrx_word' id='word_1_48' title='bbox 1967 747 2089 786; x_wconf 89' lang='lat' dir='ltr'><strong>ossa</strong></span> 
     </span>
    </p>
   </div>
   <div class='ocr_carea' id='block_1_8' title="bbox 503 824 2091 901">
    <p class='ocr_par' dir='ltr' id='par_1_8' title="bbox 503 824 2091 901">
     <span class='ocr_line' id='line_1_8' title="bbox 503 824 2091 901; baseline -0.003 -16"><span class='ocrx_word' id='word_1_49' title='bbox 503 833 781 887; x_wconf 72' lang='lat' dir='ltr'><strong>hominum</strong></span> <span class='ocrx_word' id='word_1_50' title='bbox 813 833 909 885; x_wconf 65' lang='lat' dir='ltr'><strong>sibi</strong></span> <span class='ocrx_word' id='word_1_51' title='bbox 945 828 1266 901; x_wconf 80' lang='lat' dir='ltr'><strong>placentium</strong></span> <span class='ocrx_word' id='word_1_52' title='bbox 1308 826 1587 897; x_wconf 76' lang='lat' dir='ltr'><strong>dissipavit</strong></span> <span class='ocrx_word' id='word_1_53' title='bbox 1632 825 1746 896; x_wconf 82' lang='lat' dir='ltr'><strong>(Ps.</strong></span> <span class='ocrx_word' id='word_1_54' title='bbox 1780 842 1881 889; x_wconf 81' lang='grc' dir='ltr'>ιιι,</span> <span class='ocrx_word' id='word_1_55' title='bbox 1913 824 2003 894; x_wconf 84' lang='grc'><strong>6),</strong></span> <span class='ocrx_word' id='word_1_56' title='bbox 2038 833 2091 880; x_wconf 90' lang='lat' dir='ltr'><strong>et</strong></span> 
     </span>
    </p>
   </div>
   <div class='ocr_carea' id='block_1_9' title="bbox 505 919 2089 996">
    <p class='ocr_par' dir='ltr' id='par_1_9' title="bbox 505 919 2089 996">
     <span class='ocr_line' id='line_1_9' title="bbox 505 919 2089 996; baseline -0.003 -20"><span class='ocrx_word' id='word_1_57' title='bbox 505 929 721 993; x_wconf 78' lang='lat' dir='ltr'><strong>proviso</strong></span> <span class='ocrx_word' id='word_1_58' title='bbox 762 934 983 996; x_wconf 76' lang='lat' dir='ltr'><strong>pastore</strong></span> <span class='ocrx_word' id='word_1_59' title='bbox 1030 922 1342 992; x_wconf 85' lang='lat' dir='ltr'><strong>dignissimo</strong></span> <span class='ocrx_word' id='word_1_60' title='bbox 1392 920 1816 991; x_wconf 75' lang='lat' dir='ltr'><strong>(Maximiano),</strong></span> <span class='ocrx_word' id='word_1_61' title='bbox 1873 919 2089 973; x_wconf 89' lang='lat' dir='ltr'><strong>feralem</strong></span> 
     </span>
    </p>
   </div>
   <div class='ocr_carea' id='block_1_10' title="bbox 505 1007 2092 1086">
    <p class='ocr_par' dir='ltr' id='par_1_10' title="bbox 505 1007 2092 1086">
     <span class='ocr_line' id='line_1_10' title="bbox 505 1007 2092 1086; baseline -0.004 -17"><span class='ocrx_word' id='word_1_62' title='bbox 505 1009 686 1086; x_wconf 81' lang='lat' dir='ltr'><strong>lupum</strong></span> <span class='ocrx_word' id='word_1_63' title='bbox 715 1017 782 1072; x_wconf 90' lang='lat' dir='ltr'><strong>de</strong></span> <span class='ocrx_word' id='word_1_64' title='bbox 811 1015 1040 1070; x_wconf 76' lang='lat' dir='ltr'><strong>ovilibus</strong></span> <span class='ocrx_word' id='word_1_65' title='bbox 1087 1013 1200 1067; x_wconf 84' lang='lat' dir='ltr'><strong>suis</strong></span> <span class='ocrx_word' id='word_1_66' title='bbox 1245 1011 1617 1066; x_wconf 85' lang='lat' dir='ltr'><strong>immaculatus</strong></span> <span class='ocrx_word' id='word_1_67' title='bbox 1665 1010 1848 1079; x_wconf 78' lang='lat' dir='ltr'><strong>Agnus</strong></span> <span class='ocrx_word' id='word_1_68' title='bbox 1893 1007 2092 1078; x_wconf 75' lang='lat' dir='ltr'><strong>eiecit?</strong></span> 
     </span>
    </p>
   </div>
   <div class='ocr_carea' id='block_1_11' title="bbox 504 1089 2094 1180">
    <p class='ocr_par' dir='ltr' id='par_1_11' title="bbox 504 1089 2094 1180">
     <span class='ocr_line' id='line_1_11' title="bbox 504 1089 2094 1180; baseline -0.006 -18"><span class='ocrx_word' id='word_1_69' title='bbox 504 1089 756 1180; x_wconf 78' lang='lat' dir='ltr'><strong>Legimus</strong></span> <span class='ocrx_word' id='word_1_70' title='bbox 794 1106 911 1176; x_wconf 85' lang='lat' dir='ltr'><strong>ejus</strong></span> <span class='ocrx_word' id='word_1_71' title='bbox 941 1120 970 1159; x_wconf 90' lang='lat' dir='ltr'><strong>a</strong></span> <span class='ocrx_word' id='word_1_72' title='bbox 997 1114 1176 1159; x_wconf 90' lang='lat' dir='ltr'><strong>vestra</strong></span> <span class='ocrx_word' id='word_1_73' title='bbox 1207 1101 1546 1156; x_wconf 82' lang='lat' dir='ltr'><strong>fraternitate</strong></span> <span class='ocrx_word' id='word_1_74' title='bbox 1585 1103 1782 1169; x_wconf 82' lang='lat' dir='ltr'><strong>scripta</strong></span> <span class='ocrx_word' id='word_1_75' title='bbox 1823 1110 1848 1137; x_wconf 76' lang='grc' dir='ltr'><strong>ι</strong></span> <span class='ocrx_word' id='word_1_76' title='bbox 1887 1114 2094 1169; x_wconf 70' lang='lat' dir='ltr'><strong>prmco-</strong></span> 
     </span>
    </p>
   </div>
   <div class='ocr_carea' id='block_1_12' title="bbox 509 1191 2089 1268">
    <p class='ocr_par' dir='ltr' id='par_1_12' title="bbox 509 1191 2089 1268">
     <span class='ocr_line' id='line_1_12' title="bbox 509 1191 2089 1268; baseline -0.005 -16"><span class='ocrx_word' id='word_1_77' title='bbox 509 1200 634 1264; x_wconf 88' lang='lat' dir='ltr'><strong>nia;</strong></span> <span class='ocrx_word' id='word_1_78' title='bbox 669 1213 768 1254; x_wconf 90' lang='lat' dir='ltr'><strong>nec</strong></span> <span class='ocrx_word' id='word_1_79' title='bbox 789 1195 1068 1268; x_wconf 86' lang='lat' dir='ltr'><strong>quisquam</strong></span> <span class='ocrx_word' id='word_1_80' title='bbox 1101 1204 1341 1248; x_wconf 87' lang='lat' dir='ltr'><strong>nostrum</strong></span> <span class='ocrx_word' id='word_1_81' title='bbox 1375 1191 1554 1244; x_wconf 87' lang='lat' dir='ltr'><strong>mirari</strong></span> <span class='ocrx_word' id='word_1_82' title='bbox 1593 1192 1787 1260; x_wconf 81' lang='lat' dir='ltr'><strong>potuit,</strong></span> <span class='ocrx_word' id='word_1_83' title='bbox 1813 1191 1936 1260; x_wconf 87' lang='lat' dir='ltr'><strong>quia</strong></span> <span class='ocrx_word' id='word_1_84' title='bbox 1966 1199 2089 1244; x_wconf 91' lang='lat' dir='ltr'><strong>nota</strong></span> 
     </span>
    </p>
   </div>
   <div class='ocr_carea' id='block_1_13' title="bbox 501 1281 2087 1352">
    <p class='ocr_par' dir='ltr' id='par_1_13' title="bbox 501 1281 2087 1352">
     <span class='ocr_line' id='line_1_13' title="bbox 501 1281 2087 1352; baseline -0.006 -8"><span class='ocrx_word' id='word_1_85' title='bbox 501 1290 742 1344; x_wconf 78' lang='lat' dir='ltr'><strong>dixistis.</strong></span> <span class='ocrx_word' id='word_1_86' title='bbox 782 1287 1026 1343; x_wconf 80' lang='lat' dir='ltr'><strong>Assertio</strong></span> <span class='ocrx_word' id='word_1_87' title='bbox 1056 1283 1399 1352; x_wconf 84' lang='lat' dir='ltr'><strong>impendatur</strong></span> <span class='ocrx_word' id='word_1_88' title='bbox 1431 1282 1652 1335; x_wconf 85' lang='lat' dir='ltr'><strong>incertis</strong></span> <span class='ocrx_word' id='word_1_89' title='bbox 1679 1322 1693 1344; x_wconf 92' lang='lat'><strong>,</strong></span> <span class='ocrx_word' id='word_1_90' title='bbox 1728 1281 2087 1335; x_wconf 89' lang='lat' dir='ltr'><strong>testimonium</strong></span> 
     </span>
    </p>
   </div>
   <div class='ocr_carea' id='block_1_14' title="bbox 501 1357 2091 1452">
    <p class='ocr_par' dir='ltr' id='par_1_14' title="bbox 501 1357 2091 1452">
     <span class='ocr_line' id='line_1_14' title="bbox 501 1357 2091 1452; baseline -0.007 -15"><span class='ocrx_word' id='word_1_91' title='bbox 501 1357 787 1452; x_wconf 78' lang='lat' dir='ltr'><strong>comperta</strong></span> <span class='ocrx_word' id='word_1_92' title='bbox 817 1394 922 1434; x_wconf 92' lang='lat' dir='ltr'><strong>non</strong></span> <span class='ocrx_word' id='word_1_93' title='bbox 944 1387 1208 1448; x_wconf 63' lang='lat' dir='ltr'><strong>qumrnnt.</strong></span> <span class='ocrx_word' id='word_1_94' title='bbox 1242 1377 1509 1430; x_wconf 85' lang='lat' dir='ltr'><strong>Bonorum</strong></span> <span class='ocrx_word' id='word_1_95' title='bbox 1534 1374 1670 1428; x_wconf 89' lang='lat' dir='ltr'><strong>hunc</strong></span> <span class='ocrx_word' id='word_1_96' title='bbox 1697 1382 1906 1428; x_wconf 86' lang='lat' dir='ltr'><strong>actuum</strong></span> <span class='ocrx_word' id='word_1_97' title='bbox 1932 1375 2091 1443; x_wconf 65' lang='lat' dir='ltr'><strong>palae-</strong></span> 
     </span>
    </p>
   </div>
   <div class='ocr_carea' id='block_1_15' title="bbox 499 1465 2088 1541">
    <p class='ocr_par' dir='ltr' id='par_1_15' title="bbox 499 1465 2088 1541">
     <span class='ocr_line' id='line_1_15' title="bbox 499 1465 2088 1541; baseline -0.003 -16"><span class='ocrx_word' id='word_1_98' title='bbox 499 1475 613 1528; x_wconf 86' lang='lat' dir='ltr'><strong>stra</strong></span> <span class='ocrx_word' id='word_1_99' title='bbox 641 1485 856 1541; x_wconf 85' lang='lat' dir='ltr'><strong>semper</strong></span> <span class='ocrx_word' id='word_1_100' title='bbox 881 1469 1118 1524; x_wconf 89' lang='lat' dir='ltr'><strong>exercuit</strong></span> <span class='ocrx_word' id='word_1_101' title='bbox 1151 1487 1165 1520; x_wconf 86' lang='lat'><strong>:</strong></span> <span class='ocrx_word' id='word_1_102' title='bbox 1195 1468 1354 1522; x_wconf 91' lang='lat' dir='ltr'><strong>talem</strong></span> <span class='ocrx_word' id='word_1_103' title='bbox 1382 1466 1519 1520; x_wconf 93' lang='lat' dir='ltr'><strong>hunc</strong></span> <span class='ocrx_word' id='word_1_104' title='bbox 1548 1465 1850 1532; x_wconf 85' lang='lat' dir='ltr'><strong>didicimus,</strong></span> <span class='ocrx_word' id='word_1_105' title='bbox 1877 1466 2088 1536; x_wconf 88' lang='lat' dir='ltr'><strong>qualem</strong></span> 
     </span>
    </p>
   </div>
   <div class='ocr_carea' id='block_1_16' title="bbox 505 1560 2089 1636">
    <p class='ocr_par' dir='ltr' id='par_1_16' title="bbox 505 1560 2089 1636">
     <span class='ocr_line' id='line_1_16' title="bbox 505 1560 2089 1636; baseline -0.002 -19"><span class='ocrx_word' id='word_1_106' title='bbox 505 1565 561 1618; x_wconf 83' lang='lat' dir='ltr'><strong>in</strong></span> <span class='ocrx_word' id='word_1_107' title='bbox 592 1564 790 1636; x_wconf 86' lang='lat' dir='ltr'><strong>litteris</strong></span> <span class='ocrx_word' id='word_1_108' title='bbox 815 1564 1144 1628; x_wconf 86' lang='lat' dir='ltr'><strong>invenimus;</strong></span> <span class='ocrx_word' id='word_1_109' title='bbox 1177 1565 1339 1618; x_wconf 86' lang='lat' dir='ltr'><strong>talem</strong></span> <span class='ocrx_word' id='word_1_110' title='bbox 1361 1571 1530 1625; x_wconf 82' lang='lat' dir='ltr'><strong>certe,</strong></span> <span class='ocrx_word' id='word_1_111' title='bbox 1556 1573 1611 1616; x_wconf 92' lang='lat' dir='ltr'><strong>ut</strong></span> <span class='ocrx_word' id='word_1_112' title='bbox 1639 1560 1873 1615; x_wconf 84' lang='lat' dir='ltr'><strong>breviter</strong></span> <span class='ocrx_word' id='word_1_113' title='bbox 1895 1560 2089 1628; x_wconf 90' lang='lat' dir='ltr'><strong>dicam,</strong></span> 
     </span>
    </p>
   </div>
   <div class='ocr_carea' id='block_1_17' title="bbox 499 1651 2091 1723">
    <p class='ocr_par' dir='ltr' id='par_1_17' title="bbox 499 1651 2091 1723">
     <span class='ocr_line' id='line_1_17' title="bbox 499 1651 2091 1723; baseline 0.001 -19"><span class='ocrx_word' id='word_1_114' title='bbox 499 1652 715 1722; x_wconf 84' lang='lat' dir='ltr'><strong>qualem</strong></span> <span class='ocrx_word' id='word_1_115' title='bbox 748 1654 949 1710; x_wconf 88' lang='lat' dir='ltr'><strong>Doctor</strong></span> <span class='ocrx_word' id='word_1_116' title='bbox 976 1664 1157 1708; x_wconf 80' lang='lat' dir='ltr'><strong>noster</strong></span> <span class='ocrx_word' id='word_1_117' title='bbox 1183 1669 1304 1708; x_wconf 89' lang='lat' dir='ltr'><strong>esse</strong></span> <span class='ocrx_word' id='word_1_118' title='bbox 1336 1655 1590 1723; x_wconf 63' lang='lat' dir='ltr'><strong>praecepit</strong></span> <span class='ocrx_word' id='word_1_119' title='bbox 1633 1651 2000 1718; x_wconf 88' lang='lat' dir='ltr'><strong>sacerdotem,</strong></span> <span class='ocrx_word' id='word_1_120' title='bbox 2035 1659 2091 1706; x_wconf 89' lang='lat' dir='ltr'><strong>ut</strong></span> 
     </span>
    </p>
   </div>
   <div class='ocr_carea' id='block_1_18' title="bbox 504 1733 2090 1814">
    <p class='ocr_par' dir='ltr' id='par_1_18' title="bbox 504 1733 2090 1814">
     <span class='ocr_line' id='line_1_18' title="bbox 504 1733 2090 1814; baseline -0.001 -17"><span class='ocrx_word' id='word_1_121' title='bbox 504 1733 896 1800; x_wconf 80' lang='lat' dir='ltr'><strong>convenienter</strong></span> <span class='ocrx_word' id='word_1_122' title='bbox 923 1746 1161 1800; x_wconf 92' lang='lat' dir='ltr'><strong>omnium</strong></span> <span class='ocrx_word' id='word_1_123' title='bbox 1182 1744 1385 1814; x_wconf 90' lang='lat' dir='ltr'><strong>judicio</strong></span> <span class='ocrx_word' id='word_1_124' title='bbox 1408 1756 1677 1798; x_wconf 86' lang='lat' dir='ltr'><strong>mereatur</strong></span> <span class='ocrx_word' id='word_1_125' title='bbox 1697 1741 1884 1798; x_wconf 86' lang='lat' dir='ltr'><strong>audire</strong></span> <span class='ocrx_word' id='word_1_126' title='bbox 1912 1761 1926 1798; x_wconf 90' lang='lat'><strong>:</strong></span> <span class='ocrx_word' id='word_1_127' title='bbox 1955 1743 2090 1797; x_wconf 84' lang='lat' dir='ltr'><strong>Ecce</strong></span> 
     </span>
    </p>
   </div>
   <div class='ocr_carea' id='block_1_19' title="bbox 2193 543 3769 616">
    <p class='ocr_par' dir='ltr' id='par_1_19' title="bbox 2193 543 3769 616">
     <span class='ocr_line' id='line_1_19' title="bbox 2193 543 3769 616; baseline 0.005 -19"><span class='ocrx_word' id='word_1_128' title='bbox 2193 544 2533 598; x_wconf 79' lang='lat' dir='ltr'><strong>Concordem.</strong></span> <span class='ocrx_word' id='word_1_129' title='bbox 2577 543 2685 598; x_wconf 85' lang='lat' dir='ltr'><strong>Nec</strong></span> <span class='ocrx_word' id='word_1_130' title='bbox 2720 545 2914 599; x_wconf 91' lang='lat' dir='ltr'><strong>mirum</strong></span> <span class='ocrx_word' id='word_1_131' title='bbox 2943 553 3056 610; x_wconf 88' lang='lat' dir='ltr'><strong>est,</strong></span> <span class='ocrx_word' id='word_1_132' title='bbox 3081 545 3125 599; x_wconf 93' lang='lat' dir='ltr'><strong>si</strong></span> <span class='ocrx_word' id='word_1_133' title='bbox 3154 560 3248 600; x_wconf 91' lang='lat' dir='ltr'><strong>cor</strong></span> <span class='ocrx_word' id='word_1_134' title='bbox 3274 547 3417 616; x_wconf 86' lang='lat' dir='ltr'><strong>regis</strong></span> <span class='ocrx_word' id='word_1_135' title='bbox 3439 547 3578 616; x_wconf 91' lang='lat' dir='ltr'><strong>quod</strong></span> <span class='ocrx_word' id='word_1_136' title='bbox 3605 559 3685 604; x_wconf 79' lang='lat' dir='ltr'><strong>est</strong></span> <span class='ocrx_word' id='word_1_137' title='bbox 3715 548 3769 606; x_wconf 89' lang='lat' dir='ltr'><strong>in</strong></span> 
     </span>
    </p>
   </div>
   <div class='ocr_carea' id='block_1_20' title="bbox 2195 636 3771 714">
    <p class='ocr_par' dir='ltr' id='par_1_20' title="bbox 2195 636 3771 714">
     <span class='ocr_line' id='line_1_20' title="bbox 2195 636 3771 714; baseline 0.005 -23"><span class='ocrx_word' id='word_1_138' title='bbox 2195 653 2355 691; x_wconf 91' lang='lat' dir='ltr'><strong>manu</strong></span> <span class='ocrx_word' id='word_1_139' title='bbox 2389 637 2488 694; x_wconf 87' lang='lat' dir='ltr'><strong>Dei</strong></span> <span class='ocrx_word' id='word_1_140' title='bbox 2530 636 2715 709; x_wconf 84' lang='lat' dir='ltr'><strong>(Prov.</strong></span> <span class='ocrx_word' id='word_1_141' title='bbox 2741 653 2852 702; x_wconf 74' lang='lat' dir='ltr'><strong>xxx,</strong></span> <span class='ocrx_word' id='word_1_142' title='bbox 2879 638 2956 706; x_wconf 81' lang='lat' dir='ltr'><strong>i),</strong></span> <span class='ocrx_word' id='word_1_143' title='bbox 2978 652 3099 692; x_wconf 90' lang='lat' dir='ltr'><strong>cum</strong></span> <span class='ocrx_word' id='word_1_144' title='bbox 3124 637 3211 692; x_wconf 89' lang='lat' dir='ltr'><strong>bis</strong></span> <span class='ocrx_word' id='word_1_145' title='bbox 3246 639 3480 695; x_wconf 79' lang='lat' dir='ltr'><strong>senserit</strong></span> <span class='ocrx_word' id='word_1_146' title='bbox 3504 656 3640 711; x_wconf 87' lang='lat' dir='ltr'><strong>quos</strong></span> <span class='ocrx_word' id='word_1_147' title='bbox 3657 642 3771 714; x_wconf 82' lang='lat' dir='ltr'><strong>ejus</strong></span> 
     </span>
    </p>
   </div>
   <div class='ocr_carea' id='block_1_21' title="bbox 2194 728 3772 800">
    <p class='ocr_par' dir='ltr' id='par_1_21' title="bbox 2194 728 3772 800">
     <span class='ocr_line' id='line_1_21' title="bbox 2194 728 3772 800; baseline 0.004 -18"><span class='ocrx_word' id='word_1_148' title='bbox 2194 729 2402 784; x_wconf 90' lang='lat' dir='ltr'><strong>noverit</strong></span> <span class='ocrx_word' id='word_1_149' title='bbox 2428 728 2758 785; x_wconf 84' lang='lat' dir='ltr'><strong>sacerdotes.</strong></span> <span class='ocrx_word' id='word_1_150' title='bbox 2795 728 2978 798; x_wconf 86' lang='lat' dir='ltr'><strong>Itaque</strong></span> <span class='ocrx_word' id='word_1_151' title='bbox 3008 745 3187 784; x_wconf 83' lang='lat' dir='ltr'><strong>sermo</strong></span> <span class='ocrx_word' id='word_1_152' title='bbox 3225 731 3421 800; x_wconf 82' lang='lat' dir='ltr'><strong>regalis</strong></span> <span class='ocrx_word' id='word_1_153' title='bbox 3451 731 3659 787; x_wconf 88' lang='lat' dir='ltr'><strong>divinas</strong></span> <span class='ocrx_word' id='word_1_154' title='bbox 3685 748 3772 790; x_wconf 84' lang='lat' dir='ltr'><strong>res</strong></span> 
     </span>
    </p>
   </div>
   <div class='ocr_carea' id='block_1_22' title="bbox 2193 817 3773 894">
    <p class='ocr_par' dir='ltr' id='par_1_22' title="bbox 2193 817 3773 894">
     <span class='ocr_line' id='line_1_22' title="bbox 2193 817 3773 894; baseline 0.003 -18"><span class='ocrx_word' id='word_1_155' title='bbox 2193 820 2538 889; x_wconf 82' lang='lat' dir='ltr'><strong>exsequendo</strong></span> <span class='ocrx_word' id='word_1_156' title='bbox 2565 817 2593 858; x_wconf 73' lang='grc' dir='ltr'><em>δ</em></span> <span class='ocrx_word' id='word_1_157' title='bbox 2637 820 2885 875; x_wconf 87' lang='lat' dir='ltr'><strong>militavit</strong></span> <span class='ocrx_word' id='word_1_158' title='bbox 2909 820 3170 892; x_wconf 85' lang='lat' dir='ltr'><strong>Augusto.</strong></span> <span class='ocrx_word' id='word_1_159' title='bbox 3197 821 3350 877; x_wconf 81' lang='lat' dir='ltr'><strong>Felix</strong></span> <span class='ocrx_word' id='word_1_160' title='bbox 3372 823 3656 894; x_wconf 91' lang='lat' dir='ltr'><strong>imperium</strong></span> <span class='ocrx_word' id='word_1_161' title='bbox 3685 827 3773 880; x_wconf 91' lang='lat' dir='ltr'><strong>cui</strong></span> 
     </span>
    </p>
   </div>
   <div class='ocr_carea' id='block_1_23' title="bbox 2194 914 3773 990">
    <p class='ocr_par' dir='ltr' id='par_1_23' title="bbox 2194 914 3773 990">
     <span class='ocr_line' id='line_1_23' title="bbox 2194 914 3773 990; baseline 0.003 -21"><span class='ocrx_word' id='word_1_162' title='bbox 2194 915 2380 969; x_wconf 85' lang='lat' dir='ltr'><strong>militat</strong></span> <span class='ocrx_word' id='word_1_163' title='bbox 2403 915 2679 969; x_wconf 79' lang='lat' dir='ltr'><strong>exsecutio</strong></span> <span class='ocrx_word' id='word_1_164' title='bbox 2701 915 3026 981; x_wconf 79' lang='lat' dir='ltr'><strong>divinorum,</strong></span> <span class='ocrx_word' id='word_1_165' title='bbox 3043 930 3140 969; x_wconf 91' lang='lat' dir='ltr'><strong>nec</strong></span> <span class='ocrx_word' id='word_1_166' title='bbox 3165 914 3250 969; x_wconf 85' lang='lat' dir='ltr'><strong>hic</strong></span> <span class='ocrx_word' id='word_1_167' title='bbox 3271 915 3444 971; x_wconf 91' lang='lat' dir='ltr'><strong>minus</strong></span> <span class='ocrx_word' id='word_1_168' title='bbox 3466 915 3590 972; x_wconf 89' lang='lat' dir='ltr'><strong>felix</strong></span> <span class='ocrx_word' id='word_1_169' title='bbox 3611 933 3773 990; x_wconf 87' lang='lat' dir='ltr'><strong>quem</strong></span> 
     </span>
    </p>
   </div>
   <div class='ocr_carea' id='block_1_24' title="bbox 2193 1007 3772 1077">
    <p class='ocr_par' dir='ltr' id='par_1_24' title="bbox 2193 1007 3772 1077">
     <span class='ocr_line' id='line_1_24' title="bbox 2193 1007 3772 1077; baseline 0.003 -15"><span class='ocrx_word' id='word_1_170' title='bbox 2193 1007 2448 1077; x_wconf 68' lang='lat' dir='ltr'><strong>praedicat</strong></span> <span class='ocrx_word' id='word_1_171' title='bbox 2495 1007 2792 1061; x_wconf 86' lang='lat' dir='ltr'><strong>dominatio</strong></span> <span class='ocrx_word' id='word_1_172' title='bbox 2844 1007 3257 1063; x_wconf 89' lang='lat' dir='ltr'><strong>mundanorum.</strong></span> <span class='ocrx_word' id='word_1_173' title='bbox 3311 1008 3424 1064; x_wconf 85' lang='lat' dir='ltr'><strong>Hoc</strong></span> <span class='ocrx_word' id='word_1_174' title='bbox 3465 1011 3772 1066; x_wconf 88' lang='lat' dir='ltr'><strong>testimonio</strong></span> 
     </span>
    </p>
   </div>
   <div class='ocr_carea' id='block_1_25' title="bbox 2192 1098 3776 1171">
    <p class='ocr_par' dir='ltr' id='par_1_25' title="bbox 2192 1098 3776 1171">
     <span class='ocr_line' id='line_1_25' title="bbox 2192 1098 3776 1171; baseline 0.004 -20"><span class='ocrx_word' id='word_1_175' title='bbox 2192 1098 2382 1168; x_wconf 88' lang='lat' dir='ltr'><strong>dignus</strong></span> <span class='ocrx_word' id='word_1_176' title='bbox 2411 1105 2497 1152; x_wconf 88' lang='lat' dir='ltr'><strong>est</strong></span> <span class='ocrx_word' id='word_1_177' title='bbox 2537 1098 2628 1167; x_wconf 91' lang='lat' dir='ltr'><strong>qui</strong></span> <span class='ocrx_word' id='word_1_178' title='bbox 2670 1099 2999 1153; x_wconf 88' lang='lat' dir='ltr'><strong>ordinandus</strong></span> <span class='ocrx_word' id='word_1_179' title='bbox 3031 1099 3267 1168; x_wconf 86' lang='lat' dir='ltr'><strong>probari,</strong></span> <span class='ocrx_word' id='word_1_180' title='bbox 3307 1113 3416 1154; x_wconf 88' lang='lat' dir='ltr'><strong>non</strong></span> <span class='ocrx_word' id='word_1_181' title='bbox 3455 1099 3546 1170; x_wconf 90' lang='lat' dir='ltr'><strong>qui</strong></span> <span class='ocrx_word' id='word_1_182' title='bbox 3583 1101 3776 1171; x_wconf 90' lang='lat' dir='ltr'><strong>impro-</strong></span> 
     </span>
    </p>
   </div>
   <div class='ocr_carea' id='block_1_26' title="bbox 2193 1189 2885 1258">
    <p class='ocr_par' dir='ltr' id='par_1_26' title="bbox 2193 1189 2885 1258">
     <span class='ocr_line' id='line_1_26' title="bbox 2193 1189 2885 1258; baseline -0.001 -13"><span class='ocrx_word' id='word_1_183' title='bbox 2193 1190 2308 1245; x_wconf 87' lang='lat' dir='ltr'><strong>bari</strong></span> <span class='ocrx_word' id='word_1_184' title='bbox 2335 1191 2503 1258; x_wconf 83' lang='lat' dir='ltr'><strong>potuit</strong></span> <span class='ocrx_word' id='word_1_185' title='bbox 2531 1199 2554 1227; x_wconf 77' lang='grc' dir='ltr'>θ</span> <span class='ocrx_word' id='word_1_186' title='bbox 2583 1189 2885 1246; x_wconf 89' lang='lat' dir='ltr'><strong>ordinatus.</strong></span> 
     </span>
    </p>
   </div>
   <div class='ocr_carea' id='block_1_27' title="bbox 2262 1281 3774 1357">
    <p class='ocr_par' dir='ltr' id='par_1_27' title="bbox 2262 1281 3774 1357">
     <span class='ocr_line' id='line_1_27' title="bbox 2262 1281 3774 1357; baseline 0.005 -23"><span class='ocrx_word' id='word_1_187' title='bbox 2262 1281 2316 1334; x_wconf 76' lang='grc'><strong>4.</strong></span> <span class='ocrx_word' id='word_1_188' title='bbox 2343 1281 2551 1337; x_wconf 85' lang='lat' dir='ltr'><strong>Scimus</strong></span> <span class='ocrx_word' id='word_1_189' title='bbox 2575 1299 2680 1352; x_wconf 91' lang='lat' dir='ltr'><strong>quo</strong></span> <span class='ocrx_word' id='word_1_190' title='bbox 2703 1283 2897 1339; x_wconf 90' lang='lat' dir='ltr'><strong>itinere</strong></span> <span class='ocrx_word' id='word_1_191' title='bbox 2919 1291 3141 1340; x_wconf 88' lang='lat' dir='ltr'><strong>sanctus</strong></span> <span class='ocrx_word' id='word_1_192' title='bbox 3164 1283 3330 1340; x_wconf 83' lang='lat' dir='ltr'><strong>frater</strong></span> <span class='ocrx_word' id='word_1_193' title='bbox 3350 1292 3406 1339; x_wconf 87' lang='lat' dir='ltr'><strong>et</strong></span> <span class='ocrx_word' id='word_1_194' title='bbox 3426 1286 3774 1357; x_wconf 86' lang='lat' dir='ltr'><strong>coepiscopus</strong></span> 
     </span>
    </p>
   </div>
   <div class='ocr_carea' id='block_1_28' title="bbox 2194 1373 3775 1446">
    <p class='ocr_par' dir='ltr' id='par_1_28' title="bbox 2194 1373 3775 1446">
     <span class='ocr_line' id='line_1_28' title="bbox 2194 1373 3775 1446; baseline 0.003 -19"><span class='ocrx_word' id='word_1_195' title='bbox 2194 1385 2375 1429; x_wconf 88' lang='lat' dir='ltr'><strong>noster</strong></span> <span class='ocrx_word' id='word_1_196' title='bbox 2417 1373 2804 1439; x_wconf 83' lang='lat' dir='ltr'><strong>Maximianus,</strong></span> <span class='ocrx_word' id='word_1_197' title='bbox 2835 1376 3030 1444; x_wconf 86' lang='lat' dir='ltr'><strong>quibus</strong></span> <span class='ocrx_word' id='word_1_198' title='bbox 3068 1375 3330 1446; x_wconf 83' lang='lat' dir='ltr'><strong>gradatim</strong></span> <span class='ocrx_word' id='word_1_199' title='bbox 3385 1375 3669 1446; x_wconf 90' lang='lat' dir='ltr'><strong>stipendiis</strong></span> <span class='ocrx_word' id='word_1_200' title='bbox 3710 1377 3775 1432; x_wconf 89' lang='lat' dir='ltr'><strong>ad</strong></span> 
     </span>
    </p>
   </div>
   <div class='ocr_carea' id='block_1_29' title="bbox 2195 1464 3775 1536">
    <p class='ocr_par' dir='ltr' id='par_1_29' title="bbox 2195 1464 3775 1536">
     <span class='ocr_line' id='line_1_29' title="bbox 2195 1464 3775 1536; baseline 0.004 -19"><span class='ocrx_word' id='word_1_201' title='bbox 2195 1464 2458 1534; x_wconf 79' lang='lat' dir='ltr'><strong>fastigium</strong></span> <span class='ocrx_word' id='word_1_202' title='bbox 2488 1465 2821 1520; x_wconf 87' lang='lat' dir='ltr'><strong>sacerdotale</strong></span> <span class='ocrx_word' id='word_1_203' title='bbox 2851 1467 3114 1536; x_wconf 83' lang='lat' dir='ltr'><strong>pervenit.</strong></span> <span class='ocrx_word' id='word_1_204' title='bbox 3144 1465 3260 1520; x_wconf 82' lang='lat' dir='ltr'><strong>Non</strong></span> <span class='ocrx_word' id='word_1_205' title='bbox 3294 1466 3437 1523; x_wconf 88' lang='lat' dir='ltr'><strong>hunc</strong></span> <span class='ocrx_word' id='word_1_206' title='bbox 3471 1465 3775 1523; x_wconf 83' lang='lat' dir='ltr'><strong>divitiarum</strong></span> 
     </span>
    </p>
   </div>
   <div class='ocr_carea' id='block_1_30' title="bbox 2190 1555 3778 1629">
    <p class='ocr_par' dir='ltr' id='par_1_30' title="bbox 2190 1555 3778 1629">
     <span class='ocr_line' id='line_1_30' title="bbox 2190 1555 3778 1629; baseline 0.004 -19"><span class='ocrx_word' id='word_1_207' title='bbox 2190 1555 2384 1626; x_wconf 80' lang='lat' dir='ltr'><strong>gloria,</strong></span> <span class='ocrx_word' id='word_1_208' title='bbox 2417 1572 2520 1610; x_wconf 93' lang='lat' dir='ltr'><strong>non</strong></span> <span class='ocrx_word' id='word_1_209' title='bbox 2544 1558 2693 1612; x_wconf 84' lang='lat' dir='ltr'><strong>velut</strong></span> <span class='ocrx_word' id='word_1_210' title='bbox 2733 1556 2787 1612; x_wconf 93' lang='lat' dir='ltr'><strong>in</strong></span> <span class='ocrx_word' id='word_1_211' title='bbox 2831 1559 3070 1626; x_wconf 89' lang='lat' dir='ltr'><strong>potentia</strong></span> <span class='ocrx_word' id='word_1_212' title='bbox 3120 1561 3140 1600; x_wconf 79' lang='grc' dir='ltr'><strong><em>ΐ</em></strong></span> <span class='ocrx_word' id='word_1_213' title='bbox 3182 1558 3470 1628; x_wconf 91' lang='lat' dir='ltr'><strong>cupidum,</strong></span> <span class='ocrx_word' id='word_1_214' title='bbox 3519 1561 3606 1629; x_wconf 93' lang='lat' dir='ltr'><strong>qui</strong></span> <span class='ocrx_word' id='word_1_215' title='bbox 3643 1561 3778 1617; x_wconf 81' lang='lat' dir='ltr'><strong>solet</strong></span> 
     </span>
    </p>
   </div>
   <div class='ocr_carea' id='block_1_31' title="bbox 2192 1645 3778 1718">
    <p class='ocr_par' dir='ltr' id='par_1_31' title="bbox 2192 1645 3778 1718">
     <span class='ocr_line' id='line_1_31' title="bbox 2192 1645 3778 1718; baseline 0.004 -18"><span class='ocrx_word' id='word_1_216' title='bbox 2192 1645 2370 1700; x_wconf 87' lang='lat' dir='ltr'><strong>inesse</strong></span> <span class='ocrx_word' id='word_1_217' title='bbox 2397 1647 2754 1702; x_wconf 88' lang='lat' dir='ltr'><strong>ambientibus</strong></span> <span class='ocrx_word' id='word_1_218' title='bbox 2781 1648 3067 1715; x_wconf 91' lang='lat' dir='ltr'><strong>honorum,</strong></span> <span class='ocrx_word' id='word_1_219' title='bbox 3100 1649 3296 1718; x_wconf 90' lang='lat' dir='ltr'><strong>quibus</strong></span> <span class='ocrx_word' id='word_1_220' title='bbox 3329 1658 3354 1696; x_wconf 82' lang='lat'><strong>8</strong></span> <span class='ocrx_word' id='word_1_221' title='bbox 3391 1649 3567 1704; x_wconf 87' lang='lat' dir='ltr'><strong>ﬁdelis</strong></span> <span class='ocrx_word' id='word_1_222' title='bbox 3592 1666 3778 1707; x_wconf 85' lang='lat' dir='ltr'><strong>servus</strong></span> 
     </span>
    </p>
   </div>
   <div class='ocr_carea' id='block_1_32' title="bbox 2194 1739 3779 1810">
    <p class='ocr_par' dir='ltr' id='par_1_32' title="bbox 2194 1739 3779 1810">
     <span class='ocr_line' id='line_1_32' title="bbox 2194 1739 3779 1810; baseline 0.004 -19"><span class='ocrx_word' id='word_1_223' title='bbox 2194 1749 2246 1792; x_wconf 90' lang='lat' dir='ltr'><strong>et</strong></span> <span class='ocrx_word' id='word_1_224' title='bbox 2271 1739 2503 1806; x_wconf 85' lang='lat' dir='ltr'><strong>prudens</strong></span> <span class='ocrx_word' id='word_1_225' title='bbox 2527 1740 2701 1793; x_wconf 87' lang='lat' dir='ltr'><strong>cibum</strong></span> <span class='ocrx_word' id='word_1_226' title='bbox 2726 1740 2888 1794; x_wconf 88' lang='lat' dir='ltr'><strong>dabat</strong></span> <span class='ocrx_word' id='word_1_227' title='bbox 2917 1742 2968 1794; x_wconf 90' lang='lat' dir='ltr'><strong>in</strong></span> <span class='ocrx_word' id='word_1_228' title='bbox 2995 1750 3256 1810; x_wconf 88' lang='lat' dir='ltr'><strong>tempore,</strong></span> <span class='ocrx_word' id='word_1_229' title='bbox 3291 1756 3452 1810; x_wconf 90' lang='lat' dir='ltr'><strong>super</strong></span> <span class='ocrx_word' id='word_1_230' title='bbox 3470 1743 3646 1797; x_wconf 88' lang='lat' dir='ltr'><strong>omnia</strong></span> <span class='ocrx_word' id='word_1_231' title='bbox 3675 1740 3779 1797; x_wconf 83' lang='lat' dir='ltr'><strong>Do-</strong></span> 
     </span>
    </p>
   </div>
   <div class='ocr_carea' id='block_1_33' title="bbox 504 1823 3778 1905">
    <p class='ocr_par' dir='ltr' id='par_1_33' title="bbox 504 1823 3778 1905">
     <span class='ocr_line' id='line_1_33' title="bbox 504 1823 3778 1905; baseline 0.001 -17"><span class='ocrx_word' id='word_1_232' title='bbox 504 1827 619 1889; x_wconf 71' lang='lat' dir='ltr'><strong>itere</strong></span> <span class='ocrx_word' id='word_1_233' title='bbox 665 1835 818 1888; x_wconf 78' lang='lat' dir='ltr'><strong>homo</strong></span> <span class='ocrx_word' id='word_1_234' title='bbox 869 1832 1144 1904; x_wconf 80' lang='lat' dir='ltr'><strong>Israelita,</strong></span> <span class='ocrx_word' id='word_1_235' title='bbox 1192 1836 1247 1888; x_wconf 87' lang='lat' dir='ltr'><strong>in</strong></span> <span class='ocrx_word' id='word_1_236' title='bbox 1297 1851 1397 1905; x_wconf 88' lang='lat' dir='ltr'><strong>quo</strong></span> <span class='ocrx_word' id='word_1_237' title='bbox 1447 1835 1596 1888; x_wconf 82' lang='lat' dir='ltr'><strong>dolus</strong></span> <span class='ocrx_word' id='word_1_238' title='bbox 1631 1851 1732 1888; x_wconf 89' lang='lat' dir='ltr'><strong>non</strong></span> <span class='ocrx_word' id='word_1_239' title='bbox 1779 1844 1852 1888; x_wconf 85' lang='lat' dir='ltr'><strong>est</strong></span> <span class='ocrx_word' id='word_1_240' title='bbox 1908 1833 2086 1905; x_wconf 82' lang='lat' dir='ltr'><strong>(Joan.</strong></span> <span class='ocrx_word' id='word_1_241' title='bbox 2121 1823 2167 1886; x_wconf 82' lang='lat' dir='ltr'><strong>B</strong></span> <span class='ocrx_word' id='word_1_242' title='bbox 2196 1831 2325 1884; x_wconf 92' lang='lat' dir='ltr'><strong>mini</strong></span> <span class='ocrx_word' id='word_1_243' title='bbox 2356 1833 2436 1884; x_wconf 90' lang='lat' dir='ltr'><strong>sui</strong></span> <span class='ocrx_word' id='word_1_244' title='bbox 2464 1832 2789 1886; x_wconf 86' lang='lat' dir='ltr'><strong>constitutus</strong></span> <span class='ocrx_word' id='word_1_245' title='bbox 2825 1841 2907 1886; x_wconf 91' lang='lat' dir='ltr'><strong>est</strong></span> <span class='ocrx_word' id='word_1_246' title='bbox 2937 1834 3073 1886; x_wconf 81' lang='lat' dir='ltr'><strong>boiia</strong></span> <span class='ocrx_word' id='word_1_247' title='bbox 3109 1832 3318 1902; x_wconf 82' lang='lat' dir='ltr'><strong>(Matth.</strong></span> <span class='ocrx_word' id='word_1_248' title='bbox 3344 1848 3490 1902; x_wconf 84' lang='lat' dir='ltr'><strong>xxtv,</strong></span> <span class='ocrx_word' id='word_1_249' title='bbox 3523 1835 3612 1900; x_wconf 74' lang='lat'><strong>45,</strong></span> <span class='ocrx_word' id='word_1_250' title='bbox 3636 1832 3732 1905; x_wconf 71' lang='grc'><strong>47)</strong></span> <span class='ocrx_word' id='word_1_251' title='bbox 3761 1850 3778 1890; x_wconf 88' lang='lat'><strong>:</strong></span> 
     </span>
    </p>
   </div>
   <div class='ocr_carea' id='block_1_34' title="bbox 504 1923 2093 1994">
    <p class='ocr_par' dir='ltr' id='par_1_34' title="bbox 504 1923 2093 1994">
     <span class='ocr_line' id='line_1_34' title="bbox 504 1923 2093 1994; baseline 0.003 -17"><span class='ocrx_word' id='word_1_252' title='bbox 504 1927 544 1990; x_wconf 78' lang='grc' dir='ltr'>ι,</span> <span class='ocrx_word' id='word_1_253' title='bbox 563 1923 676 1994; x_wconf 72' lang='grc'><strong>47).</strong></span> <span class='ocrx_word' id='word_1_254' title='bbox 698 1923 885 1980; x_wconf 81' lang='lat' dir='ltr'><strong>Nonne</strong></span> <span class='ocrx_word' id='word_1_255' title='bbox 909 1925 1154 1978; x_wconf 88' lang='lat' dir='ltr'><strong>laudibus</strong></span> <span class='ocrx_word' id='word_1_256' title='bbox 1178 1925 1229 1979; x_wconf 92' lang='lat' dir='ltr'><strong>in</strong></span> <span class='ocrx_word' id='word_1_257' title='bbox 1252 1939 1373 1979; x_wconf 93' lang='lat' dir='ltr'><strong>eum</strong></span> <span class='ocrx_word' id='word_1_258' title='bbox 1391 1926 1586 1980; x_wconf 90' lang='lat' dir='ltr'><strong>vestris</strong></span> <span class='ocrx_word' id='word_1_259' title='bbox 1610 1924 1708 1979; x_wconf 87' lang='lat' dir='ltr'><strong>ista</strong></span> <span class='ocrx_word' id='word_1_260' title='bbox 1733 1927 2093 1982; x_wconf 85' lang='lat' dir='ltr'><strong>conveniunt?</strong></span> 
     </span>
    </p>
   </div>
   <div class='ocr_carea' id='block_1_35' title="bbox 506 2002 2093 2086">
    <p class='ocr_par' dir='ltr' id='par_1_35' title="bbox 506 2002 2093 2086">
     <span class='ocr_line' id='line_1_35' title="bbox 506 2002 2093 2086; baseline 0.003 -18"><span class='ocrx_word' id='word_1_261' title='bbox 506 2002 712 2070; x_wconf 74' lang='lat' dir='ltr'><strong>Taliter</strong></span> <span class='ocrx_word' id='word_1_262' title='bbox 740 2015 970 2086; x_wconf 88' lang='lat' dir='ltr'><strong>denique</strong></span> <span class='ocrx_word' id='word_1_263' title='bbox 991 2032 1108 2086; x_wconf 70' lang='lat' dir='ltr'><strong>qua:</strong></span> <span class='ocrx_word' id='word_1_264' title='bbox 1140 2015 1377 2081; x_wconf 87' lang='lat' dir='ltr'><strong>dixistis,</strong></span> <span class='ocrx_word' id='word_1_265' title='bbox 1402 2016 1647 2071; x_wconf 88' lang='lat' dir='ltr'><strong>audistis.</strong></span> <span class='ocrx_word' id='word_1_266' title='bbox 1676 2015 1855 2072; x_wconf 87' lang='lat' dir='ltr'><strong>Talem</strong></span> <span class='ocrx_word' id='word_1_267' title='bbox 1879 2033 2093 2073; x_wconf 83' lang='lat' dir='ltr'><strong>succes-</strong></span> 
     </span>
    </p>
   </div>
   <div class='ocr_carea' id='block_1_36' title="bbox 509 2106 2094 2174">
    <p class='ocr_par' dir='ltr' id='par_1_36' title="bbox 509 2106 2094 2174">
     <span class='ocr_line' id='line_1_36' title="bbox 509 2106 2094 2174; baseline 0.003 -16"><span class='ocrx_word' id='word_1_268' title='bbox 509 2111 692 2160; x_wconf 81' lang='lat' dir='ltr'><strong>sorem</strong></span> <span class='ocrx_word' id='word_1_269' title='bbox 720 2107 993 2174; x_wconf 75' lang='lat' dir='ltr'><strong>quzerebat</strong></span> <span class='ocrx_word' id='word_1_270' title='bbox 1018 2114 1221 2160; x_wconf 76' lang='lat' dir='ltr'><strong>sanctae</strong></span> <span class='ocrx_word' id='word_1_271' title='bbox 1259 2107 1532 2160; x_wconf 64' lang='lat' dir='ltr'><strong>memoria:</strong></span> <span class='ocrx_word' id='word_1_272' title='bbox 1569 2106 1750 2161; x_wconf 89' lang='lat' dir='ltr'><strong>Sisinii</strong></span> <span class='ocrx_word' id='word_1_273' title='bbox 1783 2108 1940 2163; x_wconf 90' lang='lat' dir='ltr'><strong>beata</strong></span> <span class='ocrx_word' id='word_1_274' title='bbox 1964 2109 2094 2163; x_wconf 88' lang='lat' dir='ltr'><strong>sim-</strong></span> 
     </span>
    </p>
   </div>
   <div class='ocr_carea' id='block_1_37' title="bbox 508 2197 2085 2264">
    <p class='ocr_par' dir='ltr' id='par_1_37' title="bbox 508 2197 2085 2264">
     <span class='ocr_line' id='line_1_37' title="bbox 508 2197 2085 2264; baseline 0.006 -17"><span class='ocrx_word' id='word_1_275' title='bbox 508 2197 743 2264; x_wconf 84' lang='lat' dir='ltr'><strong>plicitas,</strong></span> <span class='ocrx_word' id='word_1_276' title='bbox 772 2206 830 2252; x_wconf 91' lang='lat' dir='ltr'><strong>ut</strong></span> <span class='ocrx_word' id='word_1_277' title='bbox 853 2199 1027 2253; x_wconf 91' lang='lat' dir='ltr'><strong>locum</strong></span> <span class='ocrx_word' id='word_1_278' title='bbox 1055 2214 1206 2252; x_wconf 74' lang='lat' dir='ltr'><strong>suum</strong></span> <span class='ocrx_word' id='word_1_279' title='bbox 1241 2199 1455 2253; x_wconf 91' lang='lat' dir='ltr'><strong>nonnisi</strong></span> <span class='ocrx_word' id='word_1_280' title='bbox 1481 2199 1560 2253; x_wconf 90' lang='lat' dir='ltr'><strong>sui</strong></span> <span class='ocrx_word' id='word_1_281' title='bbox 1583 2199 1771 2253; x_wconf 88' lang='lat' dir='ltr'><strong>similis</strong></span> <span class='ocrx_word' id='word_1_282' title='bbox 1802 2201 2085 2256; x_wconf 84' lang='lat' dir='ltr'><strong>obtineret.</strong></span> 
     </span>
    </p>
   </div>
   <div class='ocr_carea' id='block_1_38' title="bbox 508 2286 2093 2360">
    <p class='ocr_par' dir='ltr' id='par_1_38' title="bbox 508 2286 2093 2360">
     <span class='ocr_line' id='line_1_38' title="bbox 508 2286 2093 2360; baseline 0.004 -19"><span class='ocrx_word' id='word_1_283' title='bbox 508 2286 716 2343; x_wconf 81' lang='lat' dir='ltr'><strong>Etenim</strong></span> <span class='ocrx_word' id='word_1_284' title='bbox 745 2290 938 2345; x_wconf 81' lang='lat' dir='ltr'><strong>melius</strong></span> <span class='ocrx_word' id='word_1_285' title='bbox 978 2291 1206 2360; x_wconf 78' lang='lat' dir='ltr'><strong>agimus,</strong></span> <span class='ocrx_word' id='word_1_286' title='bbox 1243 2291 1286 2343; x_wconf 91' lang='lat' dir='ltr'><strong>si</strong></span> <span class='ocrx_word' id='word_1_287' title='bbox 1327 2290 1666 2345; x_wconf 88' lang='lat' dir='ltr'><strong>abstinentes</strong></span> <span class='ocrx_word' id='word_1_288' title='bbox 1700 2291 1810 2359; x_wconf 90' lang='lat' dir='ltr'><strong>jam</strong></span> <span class='ocrx_word' id='word_1_289' title='bbox 1856 2293 2093 2347; x_wconf 89' lang='lat' dir='ltr'><strong>abillius</strong></span> 
     </span>
    </p>
   </div>
   <div class='ocr_carea' id='block_1_39' title="bbox 506 2381 2089 2453">
    <p class='ocr_par' dir='ltr' id='par_1_39' title="bbox 506 2381 2089 2453">
     <span class='ocr_line' id='line_1_39' title="bbox 506 2381 2089 2453; baseline 0.003 -20"><span class='ocrx_word' id='word_1_290' title='bbox 506 2381 757 2452; x_wconf 82' lang='lat' dir='ltr'><strong>sacrilegi</strong></span> <span class='ocrx_word' id='word_1_291' title='bbox 780 2381 1063 2453; x_wconf 87' lang='lat' dir='ltr'><strong>(Nestorii)</strong></span> <span class='ocrx_word' id='word_1_292' title='bbox 1088 2383 1328 2447; x_wconf 89' lang='lat' dir='ltr'><strong>nomine,</strong></span> <span class='ocrx_word' id='word_1_293' title='bbox 1365 2382 1546 2437; x_wconf 89' lang='lat' dir='ltr'><strong>sedem</strong></span> <span class='ocrx_word' id='word_1_294' title='bbox 1585 2398 1806 2438; x_wconf 89' lang='lat' dir='ltr'><strong>vacasse</strong></span> <span class='ocrx_word' id='word_1_295' title='bbox 1827 2383 2089 2439; x_wconf 90' lang='lat' dir='ltr'><strong>dicamus.</strong></span> 
     </span>
    </p>
   </div>
   <div class='ocr_carea' id='block_1_40' title="bbox 506 2473 2090 2546">
    <p class='ocr_par' dir='ltr' id='par_1_40' title="bbox 506 2473 2090 2546">
     <span class='ocr_line' id='line_1_40' title="bbox 506 2473 2090 2546; baseline 0 -14"><span class='ocrx_word' id='word_1_296' title='bbox 506 2473 702 2532; x_wconf 75' lang='lat' dir='ltr'><strong>Actum</strong></span> <span class='ocrx_word' id='word_1_297' title='bbox 729 2486 812 2532; x_wconf 88' lang='lat' dir='ltr'><strong>est</strong></span> <span class='ocrx_word' id='word_1_298' title='bbox 838 2475 1020 2531; x_wconf 89' lang='lat' dir='ltr'><strong>divino</strong></span> <span class='ocrx_word' id='word_1_299' title='bbox 1039 2476 1244 2546; x_wconf 86' lang='lat' dir='ltr'><strong>judicio</strong></span> <span class='ocrx_word' id='word_1_300' title='bbox 1275 2483 1333 2529; x_wconf 92' lang='lat' dir='ltr'><strong>ut</strong></span> <span class='ocrx_word' id='word_1_301' title='bbox 1366 2477 1504 2530; x_wconf 90' lang='lat' dir='ltr'><strong>hunc</strong></span> <span class='ocrx_word' id='word_1_302' title='bbox 1529 2475 1768 2530; x_wconf 87' lang='lat' dir='ltr'><strong>Ecclesia</strong></span> <span class='ocrx_word' id='word_1_303' title='bbox 1794 2493 1892 2546; x_wconf 90' lang='lat' dir='ltr'><strong>pro</strong></span> <span class='ocrx_word' id='word_1_304' title='bbox 1916 2492 2090 2532; x_wconf 87' lang='lat' dir='ltr'><strong>reme-</strong></span> 
     </span>
    </p>
   </div>
   <div class='ocr_carea' id='block_1_41' title="bbox 505 2570 2092 2638">
    <p class='ocr_par' dir='ltr' id='par_1_41' title="bbox 505 2570 2092 2638">
     <span class='ocr_line' id='line_1_41' title="bbox 505 2570 2092 2638; baseline -0.001 -13"><span class='ocrx_word' id='word_1_305' title='bbox 505 2571 598 2628; x_wconf 87' lang='lat' dir='ltr'><strong>dio</strong></span> <span class='ocrx_word' id='word_1_306' title='bbox 619 2581 940 2627; x_wconf 89' lang='lat' dir='ltr'><strong>mereretur.</strong></span> <span class='ocrx_word' id='word_1_307' title='bbox 984 2571 1223 2638; x_wconf 89' lang='lat' dir='ltr'><strong>Denique</strong></span> <span class='ocrx_word' id='word_1_308' title='bbox 1262 2570 1585 2626; x_wconf 90' lang='lat' dir='ltr'><strong>discordiam</strong></span> <span class='ocrx_word' id='word_1_309' title='bbox 1625 2571 1761 2634; x_wconf 90' lang='lat' dir='ltr'><strong>tulit,</strong></span> <span class='ocrx_word' id='word_1_310' title='bbox 1788 2578 1843 2625; x_wconf 89' lang='lat' dir='ltr'><strong>et</strong></span> <span class='ocrx_word' id='word_1_311' title='bbox 1865 2585 2092 2624; x_wconf 85' lang='lat' dir='ltr'><strong>concor-</strong></span> 
     </span>
    </p>
   </div>
   <div class='ocr_carea' id='block_1_42' title="bbox 505 2661 2093 2731">
    <p class='ocr_par' dir='ltr' id='par_1_42' title="bbox 505 2661 2093 2731">
     <span class='ocr_line' id='line_1_42' title="bbox 505 2661 2093 2731; baseline 0 -15"><span class='ocrx_word' id='word_1_312' title='bbox 505 2663 648 2717; x_wconf 86' lang='lat' dir='ltr'><strong>diam</strong></span> <span class='ocrx_word' id='word_1_313' title='bbox 675 2662 909 2718; x_wconf 92' lang='lat' dir='ltr'><strong>reddidit</strong></span> <span class='ocrx_word' id='word_1_314' title='bbox 938 2661 966 2701; x_wconf 74' lang='grc' dir='ltr'><strong>ιι</strong></span> <span class='ocrx_word' id='word_1_315' title='bbox 1005 2662 1302 2716; x_wconf 86' lang='lat' dir='ltr'><strong>ordinatus.</strong></span> <span class='ocrx_word' id='word_1_316' title='bbox 1328 2662 1464 2729; x_wconf 87' lang='lat' dir='ltr'><strong>Quid</strong></span> <span class='ocrx_word' id='word_1_317' title='bbox 1489 2678 1593 2716; x_wconf 93' lang='lat' dir='ltr'><strong>non</strong></span> <span class='ocrx_word' id='word_1_318' title='bbox 1620 2663 1811 2731; x_wconf 89' lang='lat' dir='ltr'><strong>poterit.</strong></span> <span class='ocrx_word' id='word_1_319' title='bbox 1839 2671 2093 2730; x_wconf 67' lang='lat' dir='ltr'><strong>praestare</strong></span> 
     </span>
    </p>
   </div>
   <div class='ocr_carea' id='block_1_43' title="bbox 507 2753 2092 2825">
    <p class='ocr_par' dir='ltr' id='par_1_43' title="bbox 507 2753 2092 2825">
     <span class='ocr_line' id='line_1_43' title="bbox 507 2753 2092 2825; baseline -0.001 -16"><span class='ocrx_word' id='word_1_320' title='bbox 507 2755 607 2825; x_wconf 80' lang='lat' dir='ltr'><strong>per</strong></span> <span class='ocrx_word' id='word_1_321' title='bbox 631 2762 896 2823; x_wconf 88' lang='lat' dir='ltr'><strong>tempora,</strong></span> <span class='ocrx_word' id='word_1_322' title='bbox 924 2754 1076 2822; x_wconf 84' lang='lat' dir='ltr'><strong>cujus</strong></span> <span class='ocrx_word' id='word_1_323' title='bbox 1099 2753 1202 2809; x_wconf 91' lang='lat' dir='ltr'><strong>hoc</strong></span> <span class='ocrx_word' id='word_1_324' title='bbox 1223 2753 1513 2824; x_wconf 88' lang='lat' dir='ltr'><strong>primordia</strong></span> <span class='ocrx_word' id='word_1_325' title='bbox 1543 2753 1937 2823; x_wconf 64' lang='lat' dir='ltr'><strong>praestiterunt?</strong></span> <span class='ocrx_word' id='word_1_326' title='bbox 1966 2753 2092 2808; x_wconf 65' lang='lat' dir='ltr'><strong>llaec</strong></span> 
     </span>
    </p>
   </div>
   <div class='ocr_carea' id='block_1_44' title="bbox 506 2837 2093 2918">
    <p class='ocr_par' dir='ltr' id='par_1_44' title="bbox 506 2837 2093 2918">
     <span class='ocr_line' id='line_1_44' title="bbox 506 2837 2093 2918; baseline 0 -16"><span class='ocrx_word' id='word_1_327' title='bbox 506 2837 574 2904; x_wconf 78' lang='lat' dir='ltr'><strong>de</strong></span> <span class='ocrx_word' id='word_1_328' title='bbox 604 2863 669 2903; x_wconf 91' lang='lat' dir='ltr'><strong>eo</strong></span> <span class='ocrx_word' id='word_1_329' title='bbox 704 2848 932 2903; x_wconf 87' lang='lat' dir='ltr'><strong>invicem</strong></span> <span class='ocrx_word' id='word_1_330' title='bbox 957 2847 1202 2915; x_wconf 91' lang='lat' dir='ltr'><strong>dicimus,</strong></span> <span class='ocrx_word' id='word_1_331' title='bbox 1229 2862 1385 2918; x_wconf 89' lang='lat' dir='ltr'><strong>quem</strong></span> <span class='ocrx_word' id='word_1_332' title='bbox 1416 2863 1514 2917; x_wconf 88' lang='lat' dir='ltr'><strong>pax</strong></span> <span class='ocrx_word' id='word_1_333' title='bbox 1548 2847 1852 2916; x_wconf 84' lang='lat' dir='ltr'><strong>reparanda</strong></span> <span class='ocrx_word' id='word_1_334' title='bbox 1883 2863 2093 2917; x_wconf 80' lang='lat' dir='ltr'><strong>quaere-</strong></span> 
     </span>
    </p>
   </div>
   <div class='ocr_carea' id='block_1_45' title="bbox 506 2935 2091 3005">
    <p class='ocr_par' dir='ltr' id='par_1_45' title="bbox 506 2935 2091 3005">
     <span class='ocr_line' id='line_1_45' title="bbox 506 2935 2091 3005; baseline -0.002 -10"><span class='ocrx_word' id='word_1_335' title='bbox 506 2939 620 2995; x_wconf 85' lang='lat' dir='ltr'><strong>bat.</strong></span> <span class='ocrx_word' id='word_1_336' title='bbox 658 2939 1023 3005; x_wconf 86' lang='lat' dir='ltr'><strong>lnterfuimus,</strong></span> <span class='ocrx_word' id='word_1_337' title='bbox 1062 2945 1160 2994; x_wconf 86' lang='lat' dir='ltr'><strong>nec</strong></span> <span class='ocrx_word' id='word_1_338' title='bbox 1204 2955 1303 2993; x_wconf 92' lang='lat' dir='ltr'><strong>nos</strong></span> <span class='ocrx_word' id='word_1_339' title='bbox 1337 2938 1632 2992; x_wconf 88' lang='lat' dir='ltr'><strong>dixerimus</strong></span> <span class='ocrx_word' id='word_1_340' title='bbox 1661 2935 1932 3004; x_wconf 87' lang='lat' dir='ltr'><strong>absentes,</strong></span> <span class='ocrx_word' id='word_1_341' title='bbox 1969 2952 2091 2992; x_wconf 92' lang='lat' dir='ltr'><strong>cum</strong></span> 
     </span>
    </p>
   </div>
   <div class='ocr_carea' id='block_1_46' title="bbox 507 3027 2094 3102">
    <p class='ocr_par' dir='ltr' id='par_1_46' title="bbox 507 3027 2094 3102">
     <span class='ocr_line' id='line_1_46' title="bbox 507 3027 2094 3102; baseline 0.001 -18"><span class='ocrx_word' id='word_1_342' title='bbox 507 3029 626 3099; x_wconf 86' lang='lat' dir='ltr'><strong>ejus</strong></span> <span class='ocrx_word' id='word_1_343' title='bbox 657 3032 818 3100; x_wconf 87' lang='lat' dir='ltr'><strong>capiti</strong></span> <span class='ocrx_word' id='word_1_344' title='bbox 845 3039 867 3069; x_wconf 74' lang='grc' dir='ltr'><strong><em>ο</em></strong></span> <span class='ocrx_word' id='word_1_345' title='bbox 895 3031 1060 3086; x_wconf 88' lang='lat' dir='ltr'><strong>verba</strong></span> <span class='ocrx_word' id='word_1_346' title='bbox 1082 3031 1308 3102; x_wconf 85' lang='lat' dir='ltr'><strong>mystica</strong></span> <span class='ocrx_word' id='word_1_347' title='bbox 1332 3027 1666 3094; x_wconf 87' lang='lat' dir='ltr'><strong>dicerentur,</strong></span> <span class='ocrx_word' id='word_1_348' title='bbox 1692 3044 1814 3082; x_wconf 92' lang='lat' dir='ltr'><strong>cum</strong></span> <span class='ocrx_word' id='word_1_349' title='bbox 1840 3029 2094 3085; x_wconf 86' lang='lat' dir='ltr'><strong>reddere-</strong></span> 
     </span>
    </p>
   </div>
   <div class='ocr_carea' id='block_1_47' title="bbox 506 3120 2092 3178">
    <p class='ocr_par' dir='ltr' id='par_1_47' title="bbox 506 3120 2092 3178">
     <span class='ocr_line' id='line_1_47' title="bbox 506 3120 2092 3178; baseline 0 -1"><span class='ocrx_word' id='word_1_350' title='bbox 506 3132 593 3177; x_wconf 89' lang='lat' dir='ltr'><strong>tur</strong></span> <span class='ocrx_word' id='word_1_351' title='bbox 613 3123 861 3178; x_wconf 89' lang='lat' dir='ltr'><strong>omnibns</strong></span> <span class='ocrx_word' id='word_1_352' title='bbox 884 3121 1060 3177; x_wconf 90' lang='lat' dir='ltr'><strong>divina</strong></span> <span class='ocrx_word' id='word_1_353' title='bbox 1098 3122 1281 3177; x_wconf 60' lang='lat' dir='ltr'><strong>laetitia</strong></span> <span class='ocrx_word' id='word_1_354' title='bbox 1309 3122 1586 3176; x_wconf 87' lang='lat' dir='ltr'><strong>salutaris.</strong></span> <span class='ocrx_word' id='word_1_355' title='bbox 1614 3120 1893 3176; x_wconf 86' lang='lat' dir='ltr'><strong>Postremo</strong></span> <span class='ocrx_word' id='word_1_356' title='bbox 1931 3137 2092 3177; x_wconf 91' lang='lat' dir='ltr'><strong>nemo</strong></span> 
     </span>
    </p>
   </div>
   <div class='ocr_carea' id='block_1_48' title="bbox 505 3191 2164 3284">
    <p class='ocr_par' dir='ltr' id='par_1_48' title="bbox 505 3191 2164 3284">
     <span class='ocr_line' id='line_1_48' title="bbox 505 3191 2164 3284; baseline 0.001 -16"><span class='ocrx_word' id='word_1_357' title='bbox 505 3209 614 3268; x_wconf 87' lang='lat' dir='ltr'><strong>illic</strong></span> <span class='ocrx_word' id='word_1_358' title='bbox 637 3212 1022 3270; x_wconf 86' lang='lat' dir='ltr'><strong>catholicorqu</strong></span> <span class='ocrx_word' id='word_1_359' title='bbox 1056 3211 1246 3284; x_wconf 85' lang='lat' dir='ltr'><strong>defuit,</strong></span> <span class='ocrx_word' id='word_1_360' title='bbox 1273 3213 1364 3269; x_wconf 91' lang='lat' dir='ltr'><strong>ubi</strong></span> <span class='ocrx_word' id='word_1_361' title='bbox 1399 3227 1587 3268; x_wconf 89' lang='lat' dir='ltr'><strong>omnes</strong></span> <span class='ocrx_word' id='word_1_362' title='bbox 1617 3214 1669 3267; x_wconf 90' lang='lat' dir='ltr'><strong>in</strong></span> <span class='ocrx_word' id='word_1_363' title='bbox 1697 3227 1982 3270; x_wconf 89' lang='lat' dir='ltr'><strong>commune</strong></span> <span class='ocrx_word' id='word_1_364' title='bbox 2015 3215 2093 3270; x_wconf 90' lang='lat' dir='ltr'><strong>vi-</strong></span> <span class='ocrx_word' id='word_1_365' title='bbox 2117 3191 2164 3269; x_wconf 73' lang='lat' dir='ltr'><strong>d</strong></span> 
     </span>
    </p>
   </div>
   <div class='ocr_carea' id='block_1_49' title="bbox 505 3313 716 3360">
    <p class='ocr_par' dir='ltr' id='par_1_49' title="bbox 505 3313 716 3360">
     <span class='ocr_line' id='line_1_49' title="bbox 505 3313 716 3360; baseline -0.005 -1"><span class='ocrx_word' id='word_1_366' title='bbox 505 3313 716 3360; x_wconf 90' lang='lat' dir='ltr'><strong>cerunt.</strong></span> 
     </span>
    </p>
   </div>
   <div class='ocr_carea' id='block_1_50' title="bbox 577 3395 2089 3467">
    <p class='ocr_par' dir='ltr' id='par_1_50' title="bbox 577 3395 2089 3467">
     <span class='ocr_line' id='line_1_50' title="bbox 577 3395 2089 3467; baseline 0.001 -15"><span class='ocrx_word' id='word_1_367' title='bbox 577 3399 630 3452; x_wconf 80' lang='grc'><strong>5.</strong></span> <span class='ocrx_word' id='word_1_368' title='bbox 675 3395 860 3464; x_wconf 70' lang='lat' dir='ltr'><strong>Laetati</strong></span> <span class='ocrx_word' id='word_1_369' title='bbox 894 3405 1154 3467; x_wconf 83' lang='lat' dir='ltr'><strong>praeterea</strong></span> <span class='ocrx_word' id='word_1_370' title='bbox 1185 3409 1370 3451; x_wconf 87' lang='lat' dir='ltr'><strong>sumus</strong></span> <span class='ocrx_word' id='word_1_371' title='bbox 1390 3397 1457 3452; x_wconf 90' lang='lat' dir='ltr'><strong>de</strong></span> <span class='ocrx_word' id='word_1_372' title='bbox 1488 3397 1588 3452; x_wconf 93' lang='lat' dir='ltr'><strong>hoc</strong></span> <span class='ocrx_word' id='word_1_373' title='bbox 1608 3399 2012 3455; x_wconf 87' lang='lat' dir='ltr'><strong>clementissimi</strong></span> <span class='ocrx_word' id='word_1_374' title='bbox 2035 3407 2089 3454; x_wconf 88' lang='lat' dir='ltr'><strong>ct</strong></span> 
     </span>
    </p>
   </div>
   <div class='ocr_carea' id='block_1_51' title="bbox 505 3490 2088 3562">
    <p class='ocr_par' dir='ltr' id='par_1_51' title="bbox 505 3490 2088 3562">
     <span class='ocr_line' id='line_1_51' title="bbox 505 3490 2088 3562; baseline 0.003 -18"><span class='ocrx_word' id='word_1_375' title='bbox 505 3490 944 3545; x_wconf 82' lang='lat' dir='ltr'><strong>christianissimi</strong></span> <span class='ocrx_word' id='word_1_376' title='bbox 976 3490 1235 3560; x_wconf 87' lang='lat' dir='ltr'><strong>principis</strong></span> <span class='ocrx_word' id='word_1_377' title='bbox 1280 3491 1624 3558; x_wconf 89' lang='lat' dir='ltr'><strong>testimonio,</strong></span> <span class='ocrx_word' id='word_1_378' title='bbox 1672 3507 1792 3548; x_wconf 90' lang='lat' dir='ltr'><strong>cum</strong></span> <span class='ocrx_word' id='word_1_379' title='bbox 1843 3494 2088 3562; x_wconf 84' lang='lat' dir='ltr'><strong>epistolis</strong></span> 
     </span>
    </p>
   </div>
   <div class='ocr_carea' id='block_1_52' title="bbox 575 3624 2091 3702">
    <p class='ocr_par' dir='ltr' id='par_1_52' title="bbox 575 3624 2091 3702">
     <span class='ocr_line' id='line_1_52' title="bbox 575 3624 2091 3702; baseline 0.003 -23"><span class='ocrx_word' id='word_1_380' title='bbox 575 3633 605 3662; x_wconf 80' lang='grc' dir='ltr'><strong>ι</strong></span> <span class='ocrx_word' id='word_1_381' title='bbox 640 3624 824 3702; x_wconf 46' lang='lat' dir='ltr'><strong>Meque</strong></span> <span class='ocrx_word' id='word_1_382' title='bbox 845 3624 931 3680; x_wconf 92' lang='lat' dir='ltr'><strong>hic</strong></span> <span class='ocrx_word' id='word_1_383' title='bbox 959 3625 1134 3692; x_wconf 88' lang='lat' dir='ltr'><strong>placet</strong></span> <span class='ocrx_word' id='word_1_384' title='bbox 1153 3626 1298 3694; x_wconf 90' lang='lat' dir='ltr'><strong>quod</strong></span> <span class='ocrx_word' id='word_1_385' title='bbox 1324 3627 1463 3695; x_wconf 90' lang='lat' dir='ltr'><strong>apud</strong></span> <span class='ocrx_word' id='word_1_386' title='bbox 1492 3627 1686 3702; x_wconf 75' lang='lat' dir='ltr'><strong>Baron.</strong></span> <span class='ocrx_word' id='word_1_387' title='bbox 1716 3647 1728 3682; x_wconf 92' lang='lat'>:</span> <span class='ocrx_word' id='word_1_388' title='bbox 1755 3630 1961 3702; x_wconf 88' lang='lat' dir='ltr'><strong>Scripta</strong></span> <span class='ocrx_word' id='word_1_389' title='bbox 1985 3633 2091 3701; x_wconf 82' lang='lat' dir='ltr'><strong>pri-</strong></span> 
     </span>
    </p>
   </div>
   <div class='ocr_carea' id='block_1_53' title="bbox 505 3695 2090 3772">
    <p class='ocr_par' dir='ltr' id='par_1_53' title="bbox 505 3695 2090 3772">
     <span class='ocr_line' id='line_1_53' title="bbox 505 3695 2090 3772; baseline 0.001 -20"><span class='ocrx_word' id='word_1_390' title='bbox 505 3695 728 3772; x_wconf 77' lang='lat' dir='ltr'><strong>mordia.</strong></span> <span class='ocrx_word' id='word_1_391' title='bbox 764 3695 860 3772; x_wconf 65' lang='lat' dir='ltr'><strong>ilic</strong></span> <span class='ocrx_word' id='word_1_392' title='bbox 887 3706 1253 3772; x_wconf 65' lang='lat' dir='ltr'><strong>memorantur</strong></span> <span class='ocrx_word' id='word_1_393' title='bbox 1282 3699 1549 3772; x_wconf 47' lang='lat' dir='ltr'><strong>praeconia</strong></span> <span class='ocrx_word' id='word_1_394' title='bbox 1576 3701 1769 3772; x_wconf 91' lang='lat' dir='ltr'><strong>quibus</strong></span> <span class='ocrx_word' id='word_1_395' title='bbox 1811 3695 2090 3756; x_wconf 80' lang='lat' dir='ltr'><strong>Maximia-</strong></span> 
     </span>
    </p>
   </div>
   <div class='ocr_carea' id='block_1_54' title="bbox 505 3761 2091 3849">
    <p class='ocr_par' dir='ltr' id='par_1_54' title="bbox 505 3761 2091 3849">
     <span class='ocr_line' id='line_1_54' title="bbox 505 3761 2091 3849; baseline 0.006 -29"><span class='ocrx_word' id='word_1_396' title='bbox 505 3769 634 3826; x_wconf 82' lang='lat' dir='ltr'><strong>nuni</strong></span> <span class='ocrx_word' id='word_1_397' title='bbox 678 3761 948 3849; x_wconf 32' lang='lat' dir='ltr'><strong>inhlocum</strong></span> <span class='ocrx_word' id='word_1_398' title='bbox 989 3761 1223 3823; x_wconf 87' lang='lat' dir='ltr'><strong>Nestorii</strong></span> <span class='ocrx_word' id='word_1_399' title='bbox 1264 3761 1550 3826; x_wconf 71' lang='lat' dir='ltr'><strong>suﬂectum</strong></span> <span class='ocrx_word' id='word_1_400' title='bbox 1594 3761 1855 3841; x_wconf 74' lang='lat' dir='ltr'><strong>synodica</strong></span> <span class='ocrx_word' id='word_1_401' title='bbox 1899 3773 2091 3830; x_wconf 83' lang='lat' dir='ltr'><strong>relatio</strong></span> 
     </span>
    </p>
   </div>
   <div class='ocr_carea' id='block_1_55' title="bbox 503 3846 804 3904">
    <p class='ocr_par' dir='ltr' id='par_1_55' title="bbox 503 3846 804 3904">
     <span class='ocr_line' id='line_1_55' title="bbox 503 3846 804 3904; baseline -0.007 -13"><span class='ocrx_word' id='word_1_402' title='bbox 503 3846 804 3904; x_wconf 74' lang='lat' dir='ltr'><strong>exornarit.</strong></span> 
     </span>
    </p>
   </div>
   <div class='ocr_carea' id='block_1_56' title="bbox 573 3905 1218 3980">
    <p class='ocr_par' dir='ltr' id='par_1_56' title="bbox 573 3905 1218 3980">
     <span class='ocr_line' id='line_1_56' title="bbox 573 3905 1218 3980; baseline 0 -17"><span class='ocrx_word' id='word_1_403' title='bbox 573 3905 604 3980; x_wconf 64' lang='lat' dir='ltr'><strong>b_</strong></span> <span class='ocrx_word' id='word_1_404' title='bbox 642 3905 800 3980; x_wconf 67' lang='lat' dir='ltr'><strong>Cnlb.</strong></span> <span class='ocrx_word' id='word_1_405' title='bbox 830 3923 956 3980; x_wconf 78' lang='lat' dir='ltr'><strong>ms..</strong></span> <span class='ocrx_word' id='word_1_406' title='bbox 980 3916 1218 3980; x_wconf 81' lang='lat' dir='ltr'><strong>ornatus.</strong></span> 
     </span>
    </p>
   </div>
   <div class='ocr_carea' id='block_1_57' title="bbox 579 3973 2086 4048">
    <p class='ocr_par' dir='ltr' id='par_1_57' title="bbox 579 3973 2086 4048">
     <span class='ocr_line' id='line_1_57' title="bbox 579 3973 2086 4048; baseline 0.005 -16"><span class='ocrx_word' id='word_1_407' title='bbox 579 3975 604 4015; x_wconf 72' lang='grc' dir='ltr'><em>ε’</em></span> <span class='ocrx_word' id='word_1_408' title='bbox 645 3977 801 4048; x_wconf 87' lang='lat' dir='ltr'><strong>Apud</strong></span> <span class='ocrx_word' id='word_1_409' title='bbox 832 3977 1170 4034; x_wconf 87' lang='lat' dir='ltr'><strong>Edmundum</strong></span> <span class='ocrx_word' id='word_1_410' title='bbox 1194 3973 1454 4043; x_wconf 83' lang='lat' dir='ltr'><strong>Martene,</strong></span> <span class='ocrx_word' id='word_1_411' title='bbox 1485 3983 1553 4035; x_wconf 88' lang='lat' dir='ltr'><strong>de</strong></span> <span class='ocrx_word' id='word_1_412' title='bbox 1586 3981 1764 4046; x_wconf 79' lang='lat' dir='ltr'><strong>Antiq.</strong></span> <span class='ocrx_word' id='word_1_413' title='bbox 1800 3980 1905 4035; x_wconf 79' lang='lat' dir='ltr'><strong>Rit.</strong></span> <span class='ocrx_word' id='word_1_414' title='bbox 1934 3981 2086 4040; x_wconf 83' lang='lat' dir='ltr'><strong>Eccl.</strong></span> 
     </span>
    </p>
   </div>
   <div class='ocr_carea' id='block_1_58' title="bbox 507 4049 2091 4122">
    <p class='ocr_par' dir='ltr' id='par_1_58' title="bbox 507 4049 2091 4122">
     <span class='ocr_line' id='line_1_58' title="bbox 507 4049 2091 4122; baseline 0.005 -21"><span class='ocrx_word' id='word_1_415' title='bbox 507 4058 642 4122; x_wconf 58' lang='lat' dir='ltr'><strong>toni.</strong></span> <span class='ocrx_word' id='word_1_416' title='bbox 670 4049 715 4106; x_wconf 89' lang='lat' dir='ltr'><strong>Il</strong></span> <span class='ocrx_word' id='word_1_417' title='bbox 745 4065 862 4117; x_wconf 87' lang='lat' dir='ltr'><strong>pag.</strong></span> <span class='ocrx_word' id='word_1_418' title='bbox 896 4049 1022 4113; x_wconf 72' lang='grc'><strong>540,</strong></span> <span class='ocrx_word' id='word_1_419' title='bbox 1048 4049 1093 4122; x_wconf 81' lang='lat' dir='ltr'><strong>is</strong></span> <span class='ocrx_word' id='word_1_420' title='bbox 1115 4051 1165 4122; x_wconf 79' lang='lat' dir='ltr'><strong>in</strong></span> <span class='ocrx_word' id='word_1_421' title='bbox 1189 4051 1525 4105; x_wconf 78' lang='lat' dir='ltr'><strong>ordinatione</strong></span> <span class='ocrx_word' id='word_1_422' title='bbox 1553 4052 1791 4122; x_wconf 76' lang='lat' dir='ltr'><strong>episcopi</strong></span> <span class='ocrx_word' id='word_1_423' title='bbox 1816 4068 1880 4106; x_wconf 89' lang='lat' dir='ltr'><strong>ex</strong></span> <span class='ocrx_word' id='word_1_424' title='bbox 1906 4053 2091 4109; x_wconf 88' lang='lat' dir='ltr'><strong>Ponti—</strong></span> 
     </span>
    </p>
   </div>
   <div class='ocr_carea' id='block_1_59' title="bbox 507 4107 2085 4189">
    <p class='ocr_par' dir='ltr' id='par_1_59' title="bbox 507 4107 2085 4189">
     <span class='ocr_line' id='line_1_59' title="bbox 507 4107 2085 4189; baseline 0.005 -16"><span class='ocrx_word' id='word_1_425' title='bbox 507 4107 644 4189; x_wconf 62' lang='lat' dir='ltr'><strong>licaii</strong></span> <span class='ocrx_word' id='word_1_426' title='bbox 687 4107 840 4174; x_wconf 48' lang='lat' dir='ltr'><strong>ante&quot;</strong></span> <span class='ocrx_word' id='word_1_427' title='bbox 859 4107 1027 4172; x_wconf 81' lang='lat' dir='ltr'><strong>annos</strong></span> <span class='ocrx_word' id='word_1_428' title='bbox 1067 4118 1172 4174; x_wconf 88' lang='lat'><strong>900</strong></span> <span class='ocrx_word' id='word_1_429' title='bbox 1217 4130 1438 4174; x_wconf 88' lang='lat' dir='ltr'><strong>exarato</strong></span> <span class='ocrx_word' id='word_1_430' title='bbox 1486 4107 1854 4189; x_wconf 60' lang='lat' dir='ltr'><strong>prte&#39;scribitur</strong></span> <span class='ocrx_word' id='word_1_431' title='bbox 1906 4107 2085 4181; x_wconf 60' lang='lat' dir='ltr'><strong>ritus:</strong></span> 
     </span>
    </p>
   </div>
   <div class='ocr_carea' id='block_1_60' title="bbox 505 4185 2089 4261">
    <p class='ocr_par' dir='ltr' id='par_1_60' title="bbox 505 4185 2089 4261">
     <span class='ocr_line' id='line_1_60' title="bbox 505 4185 2089 4261; baseline 0.005 -19"><span class='ocrx_word' id='word_1_432' title='bbox 505 4185 792 4261; x_wconf 65' lang='lat' dir='ltr'><strong>Episcoyus</strong></span> <span class='ocrx_word' id='word_1_433' title='bbox 809 4191 1231 4261; x_wconf 27' lang='lat' dir='ltr'><strong>cum‘ordinatur,</strong></span> <span class='ocrx_word' id='word_1_434' title='bbox 1249 4192 1354 4242; x_wconf 86' lang='lat' dir='ltr'><strong>dno</strong></span> <span class='ocrx_word' id='word_1_435' title='bbox 1373 4185 1594 4261; x_wconf 69' lang='lat' dir='ltr'><strong>episcopi</strong></span> <span class='ocrx_word' id='word_1_436' title='bbox 1614 4203 1803 4260; x_wconf 87' lang='lat' dir='ltr'><strong>ponant</strong></span> <span class='ocrx_word' id='word_1_437' title='bbox 1820 4204 1864 4246; x_wconf 87' lang='lat' dir='ltr'><strong>et</strong></span> <span class='ocrx_word' id='word_1_438' title='bbox 1886 4203 2089 4250; x_wconf 72' lang='lat' dir='ltr'><strong>teneant</strong></span> 
     </span>
    </p>
   </div>
   <div class='ocr_carea' id='block_1_61' title="bbox 505 4258 2090 4335">
    <p class='ocr_par' dir='ltr' id='par_1_61' title="bbox 505 4258 2090 4335">
     <span class='ocr_line' id='line_1_61' title="bbox 505 4258 2090 4335; baseline 0.004 -22"><span class='ocrx_word' id='word_1_439' title='bbox 505 4258 903 4335; x_wconf 54' lang='lat' dir='ltr'><strong>lt&#39;cangeliorum</strong></span> <span class='ocrx_word' id='word_1_440' title='bbox 925 4258 1284 4335; x_wconf 59' lang='lat' dir='ltr'><strong>librantsuper</strong></span> <span class='ocrx_word' id='word_1_441' title='bbox 1304 4258 1550 4323; x_wconf 64' lang='lat' dir='ltr'><strong>cervicent</strong></span> <span class='ocrx_word' id='word_1_442' title='bbox 1567 4258 1703 4335; x_wconf 78' lang='lat' dir='ltr'><strong>ejus,</strong></span> <span class='ocrx_word' id='word_1_443' title='bbox 1737 4272 1782 4315; x_wconf 84' lang='lat' dir='ltr'><strong>et</strong></span> <span class='ocrx_word' id='word_1_444' title='bbox 1809 4281 1942 4318; x_wconf 84' lang='lat' dir='ltr'><strong>unus</strong></span> <span class='ocrx_word' id='word_1_445' title='bbox 1971 4267 2090 4335; x_wconf 80' lang='lat' dir='ltr'><strong>fun-</strong></span> 
     </span>
    </p>
   </div>
   <div class='ocr_carea' id='block_1_62' title="bbox 505 4329 2088 4402">
    <p class='ocr_par' dir='ltr' id='par_1_62' title="bbox 505 4329 2088 4402">
     <span class='ocr_line' id='line_1_62' title="bbox 505 4329 2088 4402; baseline 0.006 -20"><span class='ocrx_word' id='word_1_446' title='bbox 505 4329 594 4402; x_wconf 81' lang='lat' dir='ltr'><strong>dat</strong></span> <span class='ocrx_word' id='word_1_447' title='bbox 625 4329 777 4401; x_wconf 79' lang='lat' dir='ltr'><strong>super</strong></span> <span class='ocrx_word' id='word_1_448' title='bbox 803 4346 920 4384; x_wconf 80' lang='lat' dir='ltr'><strong>eum</strong></span> <span class='ocrx_word' id='word_1_449' title='bbox 947 4329 1376 4402; x_wconf 77' lang='lat' dir='ltr'><strong>benedictionem;</strong></span> <span class='ocrx_word' id='word_1_450' title='bbox 1415 4341 1459 4386; x_wconf 80' lang='lat' dir='ltr'><strong>et</strong></span> <span class='ocrx_word' id='word_1_451' title='bbox 1480 4329 1654 4402; x_wconf 78' lang='lat' dir='ltr'><strong>postea</strong></span> <span class='ocrx_word' id='word_1_452' title='bbox 1683 4333 1808 4388; x_wconf 77' lang='lat' dir='ltr'><strong>istas</strong></span> <span class='ocrx_word' id='word_1_453' title='bbox 1839 4345 1940 4388; x_wconf 83' lang='lat' dir='ltr'><strong>tres</strong></span> <span class='ocrx_word' id='word_1_454' title='bbox 1970 4329 2088 4392; x_wconf 76' lang='lat' dir='ltr'><strong>ora-</strong></span> 
     </span>
    </p>
   </div>
   <div class='ocr_carea' id='block_1_63' title="bbox 505 4401 2085 4473">
    <p class='ocr_par' dir='ltr' id='par_1_63' title="bbox 505 4401 2085 4473">
     <span class='ocr_line' id='line_1_63' title="bbox 505 4401 2085 4473; baseline 0.004 -19"><span class='ocrx_word' id='word_1_455' title='bbox 505 4401 668 4473; x_wconf 75' lang='lat' dir='ltr'><strong>tiones</strong></span> <span class='ocrx_word' id='word_1_456' title='bbox 696 4417 868 4455; x_wconf 77' lang='lat' dir='ltr'><strong>omnes</strong></span> <span class='ocrx_word' id='word_1_457' title='bbox 909 4401 1132 4470; x_wconf 79' lang='lat' dir='ltr'><strong>episwpi</strong></span> <span class='ocrx_word' id='word_1_458' title='bbox 1161 4403 1249 4471; x_wconf 88' lang='lat' dir='ltr'><strong>qui</strong></span> <span class='ocrx_word' id='word_1_459' title='bbox 1296 4401 1487 4455; x_wconf 83' lang='lat' dir='ltr'><strong>adsunt</strong></span> <span class='ocrx_word' id='word_1_460' title='bbox 1523 4406 1735 4456; x_wconf 82' lang='lat' dir='ltr'><strong>recitare</strong></span> <span class='ocrx_word' id='word_1_461' title='bbox 1764 4406 1963 4473; x_wconf 84' lang='lat' dir='ltr'><strong>debent,</strong></span> <span class='ocrx_word' id='word_1_462' title='bbox 1998 4425 2085 4462; x_wconf 84' lang='lat' dir='ltr'><strong>re-</strong></span> 
     </span>
    </p>
   </div>
   <div class='ocr_carea' id='block_1_64' title="bbox 503 4469 2086 4546">
    <p class='ocr_par' dir='ltr' id='par_1_64' title="bbox 503 4469 2086 4546">
     <span class='ocr_line' id='line_1_64' title="bbox 503 4469 2086 4546; baseline 0.006 -22"><span class='ocrx_word' id='word_1_463' title='bbox 503 4469 640 4546; x_wconf 80' lang='lat' dir='ltr'><strong>liqui</strong></span> <span class='ocrx_word' id='word_1_464' title='bbox 658 4487 775 4546; x_wconf 70' lang='lat' dir='ltr'><strong>vero</strong></span> <span class='ocrx_word' id='word_1_465' title='bbox 808 4488 990 4546; x_wconf 58' lang='lat' dir='ltr'><strong>manus</strong></span> <span class='ocrx_word' id='word_1_466' title='bbox 1025 4469 1144 4546; x_wconf 72' lang='lat' dir='ltr'><strong>sitas</strong></span> <span class='ocrx_word' id='word_1_467' title='bbox 1173 4469 1325 4546; x_wconf 74' lang='lat' dir='ltr'><strong>super</strong></span> <span class='ocrx_word' id='word_1_468' title='bbox 1351 4481 1506 4545; x_wconf 84' lang='lat' dir='ltr'><strong>caput</strong></span> <span class='ocrx_word' id='word_1_469' title='bbox 1536 4476 1646 4546; x_wconf 75' lang='lat' dir='ltr'><strong>ejus</strong></span> <span class='ocrx_word' id='word_1_470' title='bbox 1689 4483 1921 4546; x_wconf 81' lang='lat' dir='ltr'><strong>tangant.</strong></span> <span class='ocrx_word' id='word_1_471' title='bbox 1954 4469 2086 4546; x_wconf 41' lang='lat' dir='ltr'><strong>&#39;Quo</strong></span> 
     </span>
    </p>
   </div>
   <div class='ocr_carea' id='block_1_65' title="bbox 502 4541 2084 4608">
    <p class='ocr_par' dir='ltr' id='par_1_65' title="bbox 502 4541 2084 4608">
     <span class='ocr_line' id='line_1_65' title="bbox 502 4541 2084 4608; baseline 0.008 -14"><span class='ocrx_word' id='word_1_472' title='bbox 502 4542 796 4608; x_wconf 81' lang='lat' dir='ltr'><strong>respiciens</strong></span> <span class='ocrx_word' id='word_1_473' title='bbox 836 4541 1160 4597; x_wconf 71' lang='lat' dir='ltr'><strong>leestinus</strong></span> <span class='ocrx_word' id='word_1_474' title='bbox 1185 4584 1199 4606; x_wconf 94' lang='lat'><strong>,</strong></span> <span class='ocrx_word' id='word_1_475' title='bbox 1239 4541 1343 4598; x_wconf 78' lang='lat' dir='ltr'><strong>hoc</strong></span> <span class='ocrx_word' id='word_1_476' title='bbox 1390 4541 1531 4598; x_wconf 82' lang='lat' dir='ltr'><strong>nunc</strong></span> <span class='ocrx_word' id='word_1_477' title='bbox 1555 4541 1657 4597; x_wconf 71' lang='lat' dir='ltr'><strong>Sibi</strong></span> <span class='ocrx_word' id='word_1_478' title='bbox 1690 4541 1802 4599; x_wconf 64' lang='lat' dir='ltr'><strong>vul&#39;t</strong></span> <span class='ocrx_word' id='word_1_479' title='bbox 1839 4563 1853 4598; x_wconf 91' lang='lat'><strong>:</strong></span> <span class='ocrx_word' id='word_1_480' title='bbox 1890 4548 1956 4602; x_wconf 88' lang='lat' dir='ltr'><strong>Et</strong></span> <span class='ocrx_word' id='word_1_481' title='bbox 1979 4541 2084 4607; x_wconf 67' lang='lat' dir='ltr'><strong>nos</strong></span> 
     </span>
    </p>
   </div>
   <div class='ocr_carea' id='block_1_66' title="bbox 503 4611 2084 4680">
    <p class='ocr_par' dir='ltr' id='par_1_66' title="bbox 503 4611 2084 4680">
     <span class='ocr_line' id='line_1_66' title="bbox 503 4611 2084 4680; baseline 0.005 -14"><span class='ocrx_word' id='word_1_482' title='bbox 503 4611 842 4680; x_wconf 82' lang='lat' dir='ltr'><strong>interfuimus</strong></span> <span class='ocrx_word' id='word_1_483' title='bbox 868 4612 1172 4668; x_wconf 85' lang='lat' dir='ltr'><strong>Maximiani</strong></span> <span class='ocrx_word' id='word_1_484' title='bbox 1201 4613 1550 4676; x_wconf 88' lang='lat' dir='ltr'><strong>ordinationi,</strong></span> <span class='ocrx_word' id='word_1_485' title='bbox 1579 4624 1634 4668; x_wconf 91' lang='lat' dir='ltr'><strong>et</strong></span> <span class='ocrx_word' id='word_1_486' title='bbox 1659 4617 1935 4672; x_wconf 87' lang='lat' dir='ltr'><strong>orationes</strong></span> <span class='ocrx_word' id='word_1_487' title='bbox 1965 4620 2084 4675; x_wconf 87' lang='lat' dir='ltr'><strong>illas</strong></span> 
     </span>
    </p>
   </div>
   <div class='ocr_carea' id='block_1_67' title="bbox 501 4682 2080 4759">
    <p class='ocr_par' dir='ltr' id='par_1_67' title="bbox 501 4682 2080 4759">
     <span class='ocr_line' id='line_1_67' title="bbox 501 4682 2080 4759; baseline 0.006 -23"><span class='ocrx_word' id='word_1_488' title='bbox 501 4682 849 4759; x_wconf 73' lang='lat' dir='ltr'><strong>I&#39;C_CilaVilllllS</strong></span> <span class='ocrx_word' id='word_1_489' title='bbox 876 4697 1004 4759; x_wconf 64' lang='lat' dir='ltr'><strong>quas</strong></span> <span class='ocrx_word' id='word_1_490' title='bbox 1033 4686 1254 4759; x_wconf 72' lang='lat' dir='ltr'><strong>recitare</strong></span> <span class='ocrx_word' id='word_1_491' title='bbox 1281 4685 1474 4740; x_wconf 77' lang='lat' dir='ltr'><strong>debent</strong></span> <span class='ocrx_word' id='word_1_492' title='bbox 1504 4700 1691 4740; x_wconf 81' lang='lat' dir='ltr'><strong>omnes</strong></span> <span class='ocrx_word' id='word_1_493' title='bbox 1721 4689 1958 4759; x_wconf 79' lang='lat' dir='ltr'><strong>episcopi</strong></span> <span class='ocrx_word' id='word_1_494' title='bbox 1991 4692 2080 4759; x_wconf 87' lang='lat' dir='ltr'><strong>qui</strong></span> 
     </span>
    </p>
   </div>
   <div class='ocr_carea' id='block_1_68' title="bbox 501 4749 2078 4826">
    <p class='ocr_par' dir='ltr' id='par_1_68' title="bbox 501 4749 2078 4826">
     <span class='ocr_line' id='line_1_68' title="bbox 501 4749 2078 4826; baseline 0.006 -19"><span class='ocrx_word' id='word_1_495' title='bbox 501 4749 872 4826; x_wconf 56' lang='lat' dir='ltr'><strong>adsugt,_cum‘</strong></span> <span class='ocrx_word' id='word_1_496' title='bbox 904 4749 1247 4826; x_wconf 31' lang='lat' dir='ltr'><strong>Eva‘ngi‘alium</strong></span> <span class='ocrx_word' id='word_1_497' title='bbox 1290 4769 1450 4826; x_wconf 85' lang='lat' dir='ltr'><strong>super</strong></span> <span class='ocrx_word' id='word_1_498' title='bbox 1479 4764 1637 4821; x_wconf 88' lang='lat' dir='ltr'><strong>caput</strong></span> <span class='ocrx_word' id='word_1_499' title='bbox 1663 4749 2078 4817; x_wconf 47' lang='lat' dir='ltr'><strong>o&#39;rd&#39;inati&#39;ten&#39;e-</strong></span> 
     </span>
    </p>
   </div>
   <div class='ocr_carea' id='block_1_69' title="bbox 501 4821 1782 4893">
    <p class='ocr_par' dir='ltr' id='par_1_69' title="bbox 501 4821 1782 4893">
     <span class='ocr_line' id='line_1_69' title="bbox 501 4821 1782 4893; baseline 0.004 -17"><span class='ocrx_word' id='word_1_500' title='bbox 501 4833 608 4893; x_wconf 78' lang='lat' dir='ltr'><strong>tur_.</strong></span> <span class='ocrx_word' id='word_1_501' title='bbox 636 4821 785 4880; x_wconf 82' lang='lat' dir='ltr'><strong>Unde</strong></span> <span class='ocrx_word' id='word_1_502' title='bbox 813 4821 976 4877; x_wconf 81' lang='lat' dir='ltr'><strong>tnnris</strong></span> <span class='ocrx_word' id='word_1_503' title='bbox 1007 4821 1166 4888; x_wconf 86' lang='lat' dir='ltr'><strong>hujus</strong></span> <span class='ocrx_word' id='word_1_504' title='bbox 1196 4821 1446 4892; x_wconf 65' lang='lat' dir='ltr'><strong>probatur</strong></span> <span class='ocrx_word' id='word_1_505' title='bbox 1475 4826 1782 4893; x_wconf 80' lang='lat' dir='ltr'><strong>antiquitas.</strong></span> 
     </span>
    </p>
   </div>
   <div class='ocr_carea' id='block_1_70' title="bbox 571 4891 2076 4970">
    <p class='ocr_par' dir='ltr' id='par_1_70' title="bbox 571 4891 2076 4970">
     <span class='ocr_line' id='line_1_70' title="bbox 571 4891 2076 4970; baseline 0.005 -22"><span class='ocrx_word' id='word_1_506' title='bbox 571 4891 854 4970; x_wconf 29' lang='grc' dir='ltr'><strong>εξΑΒειιγιιι.³</strong></span> <span class='ocrx_word' id='word_1_507' title='bbox 894 4891 1206 4970; x_wconf 55' lang='lat' dir='ltr'><strong>multiplicat</strong></span> <span class='ocrx_word' id='word_1_508' title='bbox 1257 4895 1308 4946; x_wconf 88' lang='lat' dir='ltr'><strong>in</strong></span> <span class='ocrx_word' id='word_1_509' title='bbox 1337 4891 1708 4970; x_wconf 27' lang='lat' dir='ltr'><strong>Attgustoj‘et</strong></span> <span class='ocrx_word' id='word_1_510' title='bbox 1754 4899 1819 4970; x_wconf 85' lang='lat' dir='ltr'><strong>ad</strong></span> <span class='ocrx_word' id='word_1_511' title='bbox 1881 4915 2076 4970; x_wconf 82' lang='lat' dir='ltr'><strong>marg.,</strong></span> 
     </span>
    </p>
   </div>
   <div class='ocr_carea' id='block_1_71' title="bbox 501 4963 2081 5031">
    <p class='ocr_par' dir='ltr' id='par_1_71' title="bbox 501 4963 2081 5031">
     <span class='ocr_line' id='line_1_71' title="bbox 501 4963 2081 5031; baseline 0.007 -15"><span class='ocrx_word' id='word_1_512' title='bbox 501 4963 689 5017; x_wconf 81' lang='lat' dir='ltr'><strong>militat</strong></span> <span class='ocrx_word' id='word_1_513' title='bbox 717 4966 848 5031; x_wconf 78' lang='lat' dir='ltr'><strong>Anq.</strong></span> <span class='ocrx_word' id='word_1_514' title='bbox 911 4963 1187 5018; x_wconf 87' lang='lat' dir='ltr'><strong>Mallemus</strong></span> <span class='ocrx_word' id='word_1_515' title='bbox 1217 4963 1518 5018; x_wconf 70' lang='lat' dir='ltr'><strong>exsecutum</strong></span> <span class='ocrx_word' id='word_1_516' title='bbox 1572 4965 1825 5030; x_wconf 83' lang='lat' dir='ltr'><strong>militavit.</strong></span> <span class='ocrx_word' id='word_1_517' title='bbox 1875 4963 2081 5028; x_wconf 46' lang='lat' dir='ltr'><strong>Deinvde</strong></span> 
     </span>
    </p>
   </div>
   <div class='ocr_carea' id='block_1_72' title="bbox 498 5033 2077 5116">
    <p class='ocr_par' dir='ltr' id='par_1_72' title="bbox 498 5033 2077 5116">
     <span class='ocr_line' id='line_1_72' title="bbox 498 5033 2077 5116; baseline 0.007 -30"><span class='ocrx_word' id='word_1_518' title='bbox 498 5035 698 5116; x_wconf 74' lang='lat' dir='ltr'><strong>aliquid</strong></span> <span class='ocrx_word' id='word_1_519' title='bbox 728 5035 1066 5116; x_wconf 74' lang='lat' dir='ltr'><strong>suspicamur</strong></span> <span class='ocrx_word' id='word_1_520' title='bbox 1116 5033 1620 5116; x_wconf 77' lang='lat' dir='ltr'><strong>omissttm;quo__ut</strong></span> <span class='ocrx_word' id='word_1_521' title='bbox 1669 5049 2077 5116; x_wconf 84' lang='lat' dir='ltr'><strong>regem_sacer-</strong></span> 
     </span>
    </p>
   </div>
   <div class='ocr_carea' id='block_1_73' title="bbox 498 5099 2076 5174">
    <p class='ocr_par' dir='ltr' id='par_1_73' title="bbox 498 5099 2076 5174">
     <span class='ocr_line' id='line_1_73' title="bbox 498 5099 2076 5174; baseline 0.006 -16"><span class='ocrx_word' id='word_1_522' title='bbox 498 5099 636 5171; x_wconf 82' lang='lat' dir='ltr'><strong>doti,</strong></span> <span class='ocrx_word' id='word_1_523' title='bbox 668 5104 739 5168; x_wconf 87' lang='lat' dir='ltr'><strong>ita</strong></span> <span class='ocrx_word' id='word_1_524' title='bbox 777 5099 1113 5174; x_wconf 81' lang='lat' dir='ltr'><strong>sacerdotem</strong></span> <span class='ocrx_word' id='word_1_525' title='bbox 1160 5099 1402 5174; x_wconf 81' lang='lat' dir='ltr'><strong>Augusto</strong></span> <span class='ocrx_word' id='word_1_526' title='bbox 1441 5099 1679 5160; x_wconf 57' lang='lat' dir='ltr'><strong>&#39;militare</strong></span> <span class='ocrx_word' id='word_1_527' title='bbox 1728 5099 2076 5174; x_wconf 72' lang='lat' dir='ltr'><strong>docebamur.</strong></span> 
     </span>
    </p>
   </div>
   <div class='ocr_carea' id='block_1_74' title="bbox 499 5171 2080 5250">
    <p class='ocr_par' dir='ltr' id='par_1_74' title="bbox 499 5171 2080 5250">
     <span class='ocr_line' id='line_1_74' title="bbox 499 5171 2080 5250; baseline 0.008 -24"><span class='ocrx_word' id='word_1_528' title='bbox 499 5173 651 5250; x_wconf 62' lang='lat' dir='ltr'><strong>llnde</strong></span> <span class='ocrx_word' id='word_1_529' title='bbox 673 5179 751 5230; x_wconf 89' lang='lat' dir='ltr'><strong>sic</strong></span> <span class='ocrx_word' id='word_1_530' title='bbox 781 5173 1190 5250; x_wconf 79' lang='lat' dir='ltr'><strong>intelligendum</strong></span> <span class='ocrx_word' id='word_1_531' title='bbox 1223 5171 1681 5250; x_wconf 69' lang='lat' dir='ltr'><strong>quod__sequitur_:</strong></span> <span class='ocrx_word' id='word_1_532' title='bbox 1724 5171 1870 5234; x_wconf 77' lang='lat' dir='ltr'><strong>Felix</strong></span> <span class='ocrx_word' id='word_1_533' title='bbox 1906 5181 2080 5250; x_wconf 88' lang='lat' dir='ltr'><strong>impe-</strong></span> 
     </span>
    </p>
   </div>
   <div class='ocr_carea' id='block_1_75' title="bbox 501 5246 2074 5315">
    <p class='ocr_par' dir='ltr' id='par_1_75' title="bbox 501 5246 2074 5315">
     <span class='ocr_line' id='line_1_75' title="bbox 501 5246 2074 5315; baseline 0.006 -19"><span class='ocrx_word' id='word_1_534' title='bbox 501 5247 636 5298; x_wconf 76' lang='lat' dir='ltr'><strong>rium</strong></span> <span class='ocrx_word' id='word_1_535' title='bbox 691 5261 787 5301; x_wconf 89' lang='lat' dir='ltr'><strong>seu</strong></span> <span class='ocrx_word' id='word_1_536' title='bbox 830 5246 1145 5315; x_wconf 86' lang='lat' dir='ltr'><strong>imperator,</strong></span> <span class='ocrx_word' id='word_1_537' title='bbox 1179 5248 1262 5300; x_wconf 89' lang='lat' dir='ltr'><strong>cui</strong></span> <span class='ocrx_word' id='word_1_538' title='bbox 1293 5247 1486 5301; x_wconf 86' lang='lat' dir='ltr'><strong>militat</strong></span> <span class='ocrx_word' id='word_1_539' title='bbox 1518 5249 1561 5302; x_wconf 88' lang='lat' dir='ltr'><strong>is</strong></span> <span class='ocrx_word' id='word_1_540' title='bbox 1591 5247 1743 5315; x_wconf 86' lang='lat' dir='ltr'><strong>enjus</strong></span> <span class='ocrx_word' id='word_1_541' title='bbox 1785 5259 1866 5304; x_wconf 89' lang='lat' dir='ltr'><strong>est</strong></span> <span class='ocrx_word' id='word_1_542' title='bbox 1895 5246 2074 5306; x_wconf 86' lang='lat' dir='ltr'><strong>divina</strong></span> 
     </span>
    </p>
   </div>
   <div class='ocr_carea' id='block_1_76' title="bbox 493 5314 2076 5393">
    <p class='ocr_par' dir='ltr' id='par_1_76' title="bbox 493 5314 2076 5393">
     <span class='ocr_line' id='line_1_76' title="bbox 493 5314 2076 5393; baseline 0.007 -26"><span class='ocrx_word' id='word_1_543' title='bbox 493 5318 738 5393; x_wconf 74' lang='lat' dir='ltr'><strong>exsequi;</strong></span> <span class='ocrx_word' id='word_1_544' title='bbox 770 5330 870 5372; x_wconf 91' lang='lat' dir='ltr'><strong>nec</strong></span> <span class='ocrx_word' id='word_1_545' title='bbox 899 5317 1075 5393; x_wconf 82' lang='lat' dir='ltr'><strong>minus</strong></span> <span class='ocrx_word' id='word_1_546' title='bbox 1095 5314 1220 5371; x_wconf 85' lang='lat' dir='ltr'><strong>felix</strong></span> <span class='ocrx_word' id='word_1_547' title='bbox 1249 5317 1476 5372; x_wconf 87' lang='lat' dir='ltr'><strong>antistes</strong></span> <span class='ocrx_word' id='word_1_548' title='bbox 1497 5314 1666 5387; x_wconf 88' lang='lat' dir='ltr'><strong>quem</strong></span> <span class='ocrx_word' id='word_1_549' title='bbox 1701 5322 1956 5389; x_wconf 68' lang='lat' dir='ltr'><strong>praedicat</strong></span> <span class='ocrx_word' id='word_1_550' title='bbox 1985 5324 2076 5393; x_wconf 92' lang='lat' dir='ltr'><strong>qui</strong></span> 
     </span>
    </p>
   </div>
   <div class='ocr_carea' id='block_1_77' title="bbox 496 5386 1241 5442">
    <p class='ocr_par' dir='ltr' id='par_1_77' title="bbox 496 5386 1241 5442">
     <span class='ocr_line' id='line_1_77' title="bbox 496 5386 1241 5442; baseline 0 -4"><span class='ocrx_word' id='word_1_551' title='bbox 496 5389 890 5442; x_wconf 80' lang='lat' dir='ltr'><strong>mundanorum</strong></span> <span class='ocrx_word' id='word_1_552' title='bbox 914 5386 1241 5440; x_wconf 85' lang='lat' dir='ltr'><strong>dominatur.</strong></span> 
     </span>
    </p>
   </div>
   <div class='ocr_carea' id='block_1_78' title="bbox 569 5455 2072 5527">
    <p class='ocr_par' dir='ltr' id='par_1_78' title="bbox 569 5455 2072 5527">
     <span class='ocr_line' id='line_1_78' title="bbox 569 5455 2072 5527; baseline 0.005 -16"><span class='ocrx_word' id='word_1_553' title='bbox 569 5467 592 5493; x_wconf 76' lang='grc' dir='ltr'><strong>ο</strong></span> <span class='ocrx_word' id='word_1_554' title='bbox 617 5455 924 5512; x_wconf 71' lang='lat' dir='ltr'><strong>Nemorium</strong></span> <span class='ocrx_word' id='word_1_555' title='bbox 977 5458 1138 5510; x_wconf 90' lang='lat' dir='ltr'><strong>tacite</strong></span> <span class='ocrx_word' id='word_1_556' title='bbox 1169 5465 1338 5527; x_wconf 87' lang='lat' dir='ltr'><strong>notat,</strong></span> <span class='ocrx_word' id='word_1_557' title='bbox 1381 5455 1472 5526; x_wconf 92' lang='lat' dir='ltr'><strong>qui</strong></span> <span class='ocrx_word' id='word_1_558' title='bbox 1521 5465 1641 5527; x_wconf 90' lang='lat' dir='ltr'><strong>post</strong></span> <span class='ocrx_word' id='word_1_559' title='bbox 1681 5457 2072 5518; x_wconf 87' lang='lat' dir='ltr'><strong>ordinationem</strong></span> 
     </span>
    </p>
   </div>
   <div class='ocr_carea' id='block_1_79' title="bbox 493 5527 1004 5596">
    <p class='ocr_par' dir='ltr' id='par_1_79' title="bbox 493 5527 1004 5596">
     <span class='ocr_line' id='line_1_79' title="bbox 493 5527 1004 5596; baseline -0.014 -11"><span class='ocrx_word' id='word_1_560' title='bbox 493 5529 661 5593; x_wconf 68' lang='lat' dir='ltr'><strong>coepit</strong></span> <span class='ocrx_word' id='word_1_561' title='bbox 692 5527 1004 5596; x_wconf 84' lang='lat' dir='ltr'><strong>improbari.</strong></span> 
     </span>
    </p>
   </div>
   <div class='ocr_carea' id='block_1_80' title="bbox 567 5595 2076 5668">
    <p class='ocr_par' dir='ltr' id='par_1_80' title="bbox 567 5595 2076 5668">
     <span class='ocr_line' id='line_1_80' title="bbox 567 5595 2076 5668; baseline 0.005 -15"><span class='ocrx_word' id='word_1_562' title='bbox 567 5596 587 5636; x_wconf 66' lang='grc' dir='ltr'>ί</span> <span class='ocrx_word' id='word_1_563' title='bbox 623 5597 828 5668; x_wconf 82' lang='lat' dir='ltr'><strong>Aliquis</strong></span> <span class='ocrx_word' id='word_1_564' title='bbox 857 5595 994 5650; x_wconf 90' lang='lat' dir='ltr'><strong>forte</strong></span> <span class='ocrx_word' id='word_1_565' title='bbox 1039 5595 1126 5650; x_wconf 86' lang='lat' dir='ltr'><strong>hic</strong></span> <span class='ocrx_word' id='word_1_566' title='bbox 1180 5597 1360 5651; x_wconf 87' lang='lat' dir='ltr'><strong>mallet</strong></span> <span class='ocrx_word' id='word_1_567' title='bbox 1395 5598 1689 5666; x_wconf 84' lang='lat' dir='ltr'><strong>tumidum;</strong></span> <span class='ocrx_word' id='word_1_568' title='bbox 1737 5600 1831 5654; x_wconf 87' lang='lat' dir='ltr'><strong>sed</strong></span> <span class='ocrx_word' id='word_1_569' title='bbox 1880 5616 1951 5656; x_wconf 88' lang='lat' dir='ltr'><strong>ex</strong></span> <span class='ocrx_word' id='word_1_570' title='bbox 2010 5619 2076 5659; x_wconf 90' lang='lat' dir='ltr'><strong>eo</strong></span> 
     </span>
    </p>
   </div>
   <div class='ocr_carea' id='block_1_81' title="bbox 494 5670 2074 5745">
    <p class='ocr_par' dir='ltr' id='par_1_81' title="bbox 494 5670 2074 5745">
     <span class='ocr_line' id='line_1_81' title="bbox 494 5670 2074 5745; baseline 0.001 -16"><span class='ocrx_word' id='word_1_571' title='bbox 494 5675 636 5745; x_wconf 90' lang='lat' dir='ltr'><strong>quod</strong></span> <span class='ocrx_word' id='word_1_572' title='bbox 689 5690 813 5745; x_wconf 88' lang='lat' dir='ltr'><strong>mox</strong></span> <span class='ocrx_word' id='word_1_573' title='bbox 844 5674 1158 5741; x_wconf 83' lang='lat' dir='ltr'><strong>assumitur,</strong></span> <span class='ocrx_word' id='word_1_574' title='bbox 1189 5683 1235 5728; x_wconf 85' lang='lat' dir='ltr'><strong>et</strong></span> <span class='ocrx_word' id='word_1_575' title='bbox 1281 5684 1451 5730; x_wconf 87' lang='lat' dir='ltr'><strong>tamen</strong></span> <span class='ocrx_word' id='word_1_576' title='bbox 1503 5672 1706 5745; x_wconf 81' lang='lat' dir='ltr'><strong>etiamsi</strong></span> <span class='ocrx_word' id='word_1_577' title='bbox 1763 5670 2074 5730; x_wconf 80' lang='lat' dir='ltr'><strong>desiderium</strong></span> 
     </span>
    </p>
   </div>
   <div class='ocr_carea' id='block_1_82' title="bbox 496 5744 2074 5812">
    <p class='ocr_par' dir='ltr' id='par_1_82' title="bbox 496 5744 2074 5812">
     <span class='ocr_line' id='line_1_82' title="bbox 496 5744 2074 5812; baseline 0.003 -16"><span class='ocrx_word' id='word_1_578' title='bbox 496 5745 598 5812; x_wconf 74' lang='lat' dir='ltr'><strong>fuit</strong></span> <span class='ocrx_word' id='word_1_579' title='bbox 619 5744 978 5812; x_wconf 54' lang='lat' dir='ltr'><strong>episcopatus,</strong></span> <span class='ocrx_word' id='word_1_580' title='bbox 1007 5745 1251 5812; x_wconf 85' lang='lat' dir='ltr'><strong>cupidum</strong></span> <span class='ocrx_word' id='word_1_581' title='bbox 1309 5744 1644 5799; x_wconf 89' lang='lat' dir='ltr'><strong>retinendum</strong></span> <span class='ocrx_word' id='word_1_582' title='bbox 1675 5759 1796 5800; x_wconf 89' lang='lat' dir='ltr'><strong>esse</strong></span> <span class='ocrx_word' id='word_1_583' title='bbox 1854 5751 2074 5802; x_wconf 87' lang='lat' dir='ltr'><strong>convin-</strong></span> 
     </span>
    </p>
   </div>
   <div class='ocr_carea' id='block_1_83' title="bbox 494 5810 2070 5881">
    <p class='ocr_par' dir='ltr' id='par_1_83' title="bbox 494 5810 2070 5881">
     <span class='ocr_line' id='line_1_83' title="bbox 494 5810 2070 5881; baseline 0.006 -17"><span class='ocrx_word' id='word_1_584' title='bbox 494 5810 667 5865; x_wconf 77' lang='lat' dir='ltr'><strong>cetur.</strong></span> <span class='ocrx_word' id='word_1_585' title='bbox 696 5810 900 5864; x_wconf 87' lang='lat' dir='ltr'><strong>Deinde</strong></span> <span class='ocrx_word' id='word_1_586' title='bbox 933 5813 1019 5865; x_wconf 92' lang='lat' dir='ltr'><strong>ubi</strong></span> <span class='ocrx_word' id='word_1_587' title='bbox 1043 5810 1318 5865; x_wconf 84' lang='lat' dir='ltr'><strong>obtinebat</strong></span> <span class='ocrx_word' id='word_1_588' title='bbox 1360 5811 1518 5865; x_wconf 79' lang='lat' dir='ltr'><strong>saltus</strong></span> <span class='ocrx_word' id='word_1_589' title='bbox 1549 5815 1732 5881; x_wconf 76' lang='lat' dir='ltr'><strong>evenit,</strong></span> <span class='ocrx_word' id='word_1_590' title='bbox 1782 5817 2070 5873; x_wconf 80' lang='lat' dir='ltr'><strong>restituen-</strong></span> 
     </span>
    </p>
   </div>
   <div class='ocr_carea' id='block_1_84' title="bbox 2114 4513 2168 4576">
    <p class='ocr_par' dir='ltr' id='par_1_84' title="bbox 2114 4513 2168 4576">
     <span class='ocr_line' id='line_1_84' title="bbox 2114 4513 2168 4576; baseline 0 -2"><span class='ocrx_word' id='word_1_591' title='bbox 2114 4513 2168 4576; x_wconf 89' lang='lat' dir='ltr'><strong>D</strong></span> 
     </span>
    </p>
   </div>
   <div class='ocr_carea' id='block_1_85' title="bbox 2197 1923 3780 1994">
    <p class='ocr_par' dir='ltr' id='par_1_85' title="bbox 2197 1923 3780 1994">
     <span class='ocr_line' id='line_1_85' title="bbox 2197 1923 3780 1994; baseline 0.004 -20"><span class='ocrx_word' id='word_1_592' title='bbox 2197 1932 2250 1974; x_wconf 86' lang='lat' dir='ltr'><strong>et</strong></span> <span class='ocrx_word' id='word_1_593' title='bbox 2282 1932 2457 1977; x_wconf 91' lang='lat' dir='ltr'><strong>tamen</strong></span> <span class='ocrx_word' id='word_1_594' title='bbox 2494 1923 2701 1977; x_wconf 89' lang='lat' dir='ltr'><strong>etiamsi</strong></span> <span class='ocrx_word' id='word_1_595' title='bbox 2732 1923 3054 1978; x_wconf 87' lang='lat' dir='ltr'><strong>desiderium</strong></span> <span class='ocrx_word' id='word_1_596' title='bbox 3112 1923 3206 1977; x_wconf 92' lang='lat' dir='ltr'><strong>fuit</strong></span> <span class='ocrx_word' id='word_1_597' title='bbox 3243 1925 3610 1994; x_wconf 88' lang='lat' dir='ltr'><strong>episcopatus,</strong></span> <span class='ocrx_word' id='word_1_598' title='bbox 3645 1941 3780 1981; x_wconf 87' lang='lat' dir='ltr'><strong>non-</strong></span> 
     </span>
    </p>
   </div>
   <div class='ocr_carea' id='block_1_86' title="bbox 2201 2014 3782 2086">
    <p class='ocr_par' dir='ltr' id='par_1_86' title="bbox 2201 2014 3782 2086">
     <span class='ocr_line' id='line_1_86' title="bbox 2201 2014 3782 2086; baseline 0.003 -19"><span class='ocrx_word' id='word_1_599' title='bbox 2201 2014 2302 2067; x_wconf 86' lang='lat' dir='ltr'><strong>nisi</strong></span> <span class='ocrx_word' id='word_1_600' title='bbox 2335 2023 2552 2084; x_wconf 90' lang='lat' dir='ltr'><strong>propter</strong></span> <span class='ocrx_word' id='word_1_601' title='bbox 2583 2031 2717 2085; x_wconf 86' lang='lat' dir='ltr'><strong>opus</strong></span> <span class='ocrx_word' id='word_1_602' title='bbox 2747 2016 2968 2079; x_wconf 82' lang='lat' dir='ltr'><strong>bonum,</strong></span> <span class='ocrx_word' id='word_1_603' title='bbox 2991 2016 3129 2070; x_wconf 89' lang='lat' dir='ltr'><strong>sicut</strong></span> <span class='ocrx_word' id='word_1_604' title='bbox 3149 2018 3223 2070; x_wconf 86' lang='lat' dir='ltr'><strong>ait</strong></span> <span class='ocrx_word' id='word_1_605' title='bbox 3245 2015 3554 2086; x_wconf 81' lang='lat' dir='ltr'><strong>Apostolus,</strong></span> <span class='ocrx_word' id='word_1_606' title='bbox 3577 2032 3782 2072; x_wconf 89' lang='lat' dir='ltr'><strong>concu-</strong></span> 
     </span>
    </p>
   </div>
   <div class='ocr_carea' id='block_1_87' title="bbox 2197 2107 3779 2178">
    <p class='ocr_par' dir='ltr' id='par_1_87' title="bbox 2197 2107 3779 2178">
     <span class='ocr_line' id='line_1_87' title="bbox 2197 2107 3779 2178; baseline 0.001 -16"><span class='ocrx_word' id='word_1_607' title='bbox 2197 2108 2326 2178; x_wconf 86' lang='lat' dir='ltr'><strong>pivit</strong></span> <span class='ocrx_word' id='word_1_608' title='bbox 2352 2109 2397 2174; x_wconf 90' lang='lat' dir='ltr'><strong>(l</strong></span> <span class='ocrx_word' id='word_1_609' title='bbox 2421 2107 2556 2162; x_wconf 89' lang='lat' dir='ltr'><strong>Tim.</strong></span> <span class='ocrx_word' id='word_1_610' title='bbox 2589 2124 2666 2174; x_wconf 87' lang='lat' dir='ltr'><strong>tu,</strong></span> <span class='ocrx_word' id='word_1_611' title='bbox 2699 2109 2776 2178; x_wconf 79' lang='grc'><strong>1).</strong></span> <span class='ocrx_word' id='word_1_612' title='bbox 2806 2107 2882 2161; x_wconf 86' lang='lat' dir='ltr'><strong>Ita</strong></span> <span class='ocrx_word' id='word_1_613' title='bbox 2911 2109 3048 2163; x_wconf 88' lang='lat' dir='ltr'><strong>Deus</strong></span> <span class='ocrx_word' id='word_1_614' title='bbox 3079 2118 3262 2163; x_wconf 89' lang='lat' dir='ltr'><strong>noster</strong></span> <span class='ocrx_word' id='word_1_615' title='bbox 3292 2116 3344 2162; x_wconf 89' lang='lat' dir='ltr'><strong>ct</strong></span> <span class='ocrx_word' id='word_1_616' title='bbox 3370 2108 3495 2177; x_wconf 91' lang='lat' dir='ltr'><strong>quid</strong></span> <span class='ocrx_word' id='word_1_617' title='bbox 3525 2107 3779 2178; x_wconf 88' lang='lat' dir='ltr'><strong>velimus,</strong></span> 
     </span>
    </p>
   </div>
   <div class='ocr_carea' id='block_1_88' title="bbox 2195 2187 3784 2271">
    <p class='ocr_par' dir='ltr' id='par_1_88' title="bbox 2195 2187 3784 2271">
     <span class='ocr_line' id='line_1_88' title="bbox 2195 2187 3784 2271; baseline 0.001 -17"><span class='ocrx_word' id='word_1_618' title='bbox 2195 2209 2251 2254; x_wconf 87' lang='lat' dir='ltr'><strong>et</strong></span> <span class='ocrx_word' id='word_1_619' title='bbox 2290 2215 2387 2255; x_wconf 88' lang='lat' dir='ltr'><strong>cur</strong></span> <span class='ocrx_word' id='word_1_620' title='bbox 2423 2200 2655 2255; x_wconf 91' lang='lat' dir='ltr'><strong>velimus</strong></span> <span class='ocrx_word' id='word_1_621' title='bbox 2697 2201 2946 2255; x_wconf 89' lang='lat' dir='ltr'><strong>attendit.</strong></span> <span class='ocrx_word' id='word_1_622' title='bbox 2989 2200 3120 2267; x_wconf 89' lang='lat' dir='ltr'><strong>Quis</strong></span> <span class='ocrx_word' id='word_1_623' title='bbox 3159 2200 3369 2255; x_wconf 88' lang='lat' dir='ltr'><strong>dubitet</strong></span> <span class='ocrx_word' id='word_1_624' title='bbox 3406 2213 3562 2267; x_wconf 90' lang='lat' dir='ltr'><strong>posse</strong></span> <span class='ocrx_word' id='word_1_625' title='bbox 3612 2187 3784 2271; x_wconf 83' lang='lat' dir='ltr'><strong>magis</strong></span> 
     </span>
    </p>
   </div>
   <div class='ocr_carea' id='block_1_89' title="bbox 2197 2291 3783 2364">
    <p class='ocr_par' dir='ltr' id='par_1_89' title="bbox 2197 2291 3783 2364">
     <span class='ocr_line' id='line_1_89' title="bbox 2197 2291 3783 2364; baseline 0.001 -17"><span class='ocrx_word' id='word_1_626' title='bbox 2197 2309 2356 2362; x_wconf 83' lang='lat' dir='ltr'><strong>agere</strong></span> <span class='ocrx_word' id='word_1_627' title='bbox 2385 2293 2783 2362; x_wconf 76' lang='lat' dir='ltr'><strong>praesidentem,</strong></span> <span class='ocrx_word' id='word_1_628' title='bbox 2809 2293 2952 2362; x_wconf 92' lang='lat' dir='ltr'><strong>quod</strong></span> <span class='ocrx_word' id='word_1_629' title='bbox 2985 2294 3156 2363; x_wconf 89' lang='lat' dir='ltr'><strong>potuit</strong></span> <span class='ocrx_word' id='word_1_630' title='bbox 3184 2309 3437 2349; x_wconf 87' lang='lat' dir='ltr'><strong>exercere</strong></span> <span class='ocrx_word' id='word_1_631' title='bbox 3465 2291 3783 2364; x_wconf 69' lang='lat' dir='ltr'><strong>subjectus?</strong></span> 
     </span>
    </p>
   </div>
   <div class='ocr_carea' id='block_1_90' title="bbox 2196 2383 3784 2456">
    <p class='ocr_par' dir='ltr' id='par_1_90' title="bbox 2196 2383 3784 2456">
     <span class='ocr_line' id='line_1_90' title="bbox 2196 2383 3784 2456; baseline 0 -16"><span class='ocrx_word' id='word_1_632' title='bbox 2196 2384 2408 2440; x_wconf 89' lang='lat' dir='ltr'><strong>Exosus</strong></span> <span class='ocrx_word' id='word_1_633' title='bbox 2437 2395 2488 2438; x_wconf 90' lang='lat' dir='ltr'><strong>et</strong></span> <span class='ocrx_word' id='word_1_634' title='bbox 2512 2385 2857 2454; x_wconf 86' lang='lat' dir='ltr'><strong>blasphemus</strong></span> <span class='ocrx_word' id='word_1_635' title='bbox 2887 2384 3213 2456; x_wconf 79' lang='lat' dir='ltr'><strong>(Nestorius)</strong></span> <span class='ocrx_word' id='word_1_636' title='bbox 3243 2383 3383 2438; x_wconf 89' lang='lat' dir='ltr'><strong>istud</strong></span> <span class='ocrx_word' id='word_1_637' title='bbox 3407 2383 3645 2439; x_wconf 82' lang='lat' dir='ltr'><strong>officium</strong></span> <span class='ocrx_word' id='word_1_638' title='bbox 3680 2399 3784 2440; x_wconf 89' lang='lat' dir='ltr'><strong>non</strong></span> 
     </span>
    </p>
   </div>
   <div class='ocr_carea' id='block_1_91' title="bbox 2196 2475 3783 2546">
    <p class='ocr_par' dir='ltr' id='par_1_91' title="bbox 2196 2475 3783 2546">
     <span class='ocr_line' id='line_1_91' title="bbox 2196 2475 3783 2546; baseline 0.001 -17"><span class='ocrx_word' id='word_1_639' title='bbox 2196 2484 2409 2546; x_wconf 87' lang='lat' dir='ltr'><strong>poterat</strong></span> <span class='ocrx_word' id='word_1_640' title='bbox 2438 2475 2659 2540; x_wconf 84' lang='lat' dir='ltr'><strong>habere,</strong></span> <span class='ocrx_word' id='word_1_641' title='bbox 2685 2476 2737 2530; x_wconf 91' lang='lat' dir='ltr'><strong>id</strong></span> <span class='ocrx_word' id='word_1_642' title='bbox 2770 2484 2872 2541; x_wconf 90' lang='lat' dir='ltr'><strong>est,</strong></span> <span class='ocrx_word' id='word_1_643' title='bbox 2903 2492 3187 2545; x_wconf 87' lang='lat' dir='ltr'><strong>corporum</strong></span> <span class='ocrx_word' id='word_1_644' title='bbox 3218 2490 3426 2541; x_wconf 87' lang='lat' dir='ltr'><strong>curam,</strong></span> <span class='ocrx_word' id='word_1_645' title='bbox 3456 2477 3545 2546; x_wconf 89' lang='lat' dir='ltr'><strong>qui</strong></span> <span class='ocrx_word' id='word_1_646' title='bbox 3577 2476 3783 2532; x_wconf 82' lang='lat' dir='ltr'><strong>niteba-</strong></span> 
     </span>
    </p>
   </div>
   <div class='ocr_carea' id='block_1_92' title="bbox 2198 2568 3780 2639">
    <p class='ocr_par' dir='ltr' id='par_1_92' title="bbox 2198 2568 3780 2639">
     <span class='ocr_line' id='line_1_92' title="bbox 2198 2568 3780 2639; baseline 0 -16"><span class='ocrx_word' id='word_1_647' title='bbox 2198 2578 2288 2624; x_wconf 90' lang='lat' dir='ltr'><strong>tur</strong></span> <span class='ocrx_word' id='word_1_648' title='bbox 2325 2570 2537 2625; x_wconf 87' lang='lat' dir='ltr'><strong>animas</strong></span> <span class='ocrx_word' id='word_1_649' title='bbox 2576 2569 2879 2624; x_wconf 85' lang='lat' dir='ltr'><strong>vulnerare.</strong></span> <span class='ocrx_word' id='word_1_650' title='bbox 2914 2569 3075 2623; x_wconf 86' lang='lat' dir='ltr'><strong>Facta</strong></span> <span class='ocrx_word' id='word_1_651' title='bbox 3102 2576 3184 2624; x_wconf 90' lang='lat' dir='ltr'><strong>est</strong></span> <span class='ocrx_word' id='word_1_652' title='bbox 3213 2568 3366 2622; x_wconf 90' lang='lat' dir='ltr'><strong>ruina</strong></span> <span class='ocrx_word' id='word_1_653' title='bbox 3397 2569 3517 2638; x_wconf 87' lang='lat' dir='ltr'><strong>ejus</strong></span> <span class='ocrx_word' id='word_1_654' title='bbox 3547 2583 3780 2639; x_wconf 86' lang='lat' dir='ltr'><strong>magna;</strong></span> 
     </span>
    </p>
   </div>
   <div class='ocr_carea' id='block_1_93' title="bbox 2199 2664 3392 2734">
    <p class='ocr_par' dir='ltr' id='par_1_93' title="bbox 2199 2664 3392 2734">
     <span class='ocr_line' id='line_1_93' title="bbox 2199 2664 3392 2734; baseline -0.002 -16"><span class='ocrx_word' id='word_1_655' title='bbox 2199 2675 2303 2718; x_wconf 89' lang='lat' dir='ltr'><strong>tam</strong></span> <span class='ocrx_word' id='word_1_656' title='bbox 2329 2666 2479 2719; x_wconf 86' lang='lat' dir='ltr'><strong>ruina</strong></span> <span class='ocrx_word' id='word_1_657' title='bbox 2507 2679 2716 2733; x_wconf 86' lang='lat' dir='ltr'><strong>magna,</strong></span> <span class='ocrx_word' id='word_1_658' title='bbox 2746 2680 2906 2734; x_wconf 89' lang='lat' dir='ltr'><strong>quam</strong></span> <span class='ocrx_word' id='word_1_659' title='bbox 2932 2679 3092 2733; x_wconf 89' lang='lat' dir='ltr'><strong>prava</strong></span> <span class='ocrx_word' id='word_1_660' title='bbox 3125 2664 3392 2718; x_wconf 82' lang='lat' dir='ltr'><strong>doctrina.</strong></span> 
     </span>
    </p>
   </div>
   <div class='ocr_carea' id='block_1_94' title="bbox 2270 2754 3783 2827">
    <p class='ocr_par' dir='ltr' id='par_1_94' title="bbox 2270 2754 3783 2827">
     <span class='ocr_line' id='line_1_94' title="bbox 2270 2754 3783 2827; baseline 0.001 -17"><span class='ocrx_word' id='word_1_661' title='bbox 2270 2757 2326 2811; x_wconf 85' lang='lat'><strong>5.</strong></span> <span class='ocrx_word' id='word_1_662' title='bbox 2368 2758 2518 2812; x_wconf 83' lang='lat' dir='ltr'><strong>Nunc</strong></span> <span class='ocrx_word' id='word_1_663' title='bbox 2539 2757 2665 2827; x_wconf 90' lang='lat' dir='ltr'><strong>quia</strong></span> <span class='ocrx_word' id='word_1_664' title='bbox 2689 2756 2754 2811; x_wconf 91' lang='lat' dir='ltr'><strong>de</strong></span> <span class='ocrx_word' id='word_1_665' title='bbox 2779 2757 3039 2826; x_wconf 67' lang='lat' dir='ltr'><strong>przeteriti</strong></span> <span class='ocrx_word' id='word_1_666' title='bbox 3063 2756 3440 2812; x_wconf 89' lang='lat' dir='ltr'><strong>emendatione</strong></span> <span class='ocrx_word' id='word_1_667' title='bbox 3464 2754 3783 2826; x_wconf 88' lang='lat' dir='ltr'><strong>gaudemus,</strong></span> 
     </span>
    </p>
   </div>
   <div class='ocr_carea' id='block_1_95' title="bbox 2198 2847 3786 2918">
    <p class='ocr_par' dir='ltr' id='par_1_95' title="bbox 2198 2847 3786 2918">
     <span class='ocr_line' id='line_1_95' title="bbox 2198 2847 3786 2918; baseline 0 -14"><span class='ocrx_word' id='word_1_668' title='bbox 2198 2865 2390 2905; x_wconf 85' lang='lat' dir='ltr'><strong>cavere</strong></span> <span class='ocrx_word' id='word_1_669' title='bbox 2421 2865 2519 2904; x_wconf 90' lang='lat' dir='ltr'><strong>nos</strong></span> <span class='ocrx_word' id='word_1_670' title='bbox 2541 2849 2793 2905; x_wconf 91' lang='lat' dir='ltr'><strong>convenit</strong></span> <span class='ocrx_word' id='word_1_671' title='bbox 2822 2852 2873 2902; x_wconf 92' lang='lat' dir='ltr'><strong>in</strong></span> <span class='ocrx_word' id='word_1_672' title='bbox 2908 2849 3168 2914; x_wconf 87' lang='lat' dir='ltr'><strong>futurum,</strong></span> <span class='ocrx_word' id='word_1_673' title='bbox 3195 2865 3263 2904; x_wconf 90' lang='lat' dir='ltr'><strong>ne</strong></span> <span class='ocrx_word' id='word_1_674' title='bbox 3295 2849 3501 2918; x_wconf 86' lang='lat' dir='ltr'><strong>possint</strong></span> <span class='ocrx_word' id='word_1_675' title='bbox 3527 2847 3702 2918; x_wconf 85' lang='lat' dir='ltr'><strong>magis</strong></span> <span class='ocrx_word' id='word_1_676' title='bbox 3727 2863 3786 2904; x_wconf 83' lang='lat' dir='ltr'><strong>ac</strong></span> 
     </span>
    </p>
   </div>
   <div class='ocr_carea' id='block_1_96' title="bbox 2198 2942 3787 3013">
    <p class='ocr_par' dir='ltr' id='par_1_96' title="bbox 2198 2942 3787 3013">
     <span class='ocr_line' id='line_1_96' title="bbox 2198 2942 3787 3013; baseline -0.002 -14"><span class='ocrx_word' id='word_1_677' title='bbox 2198 2944 2366 3013; x_wconf 82' lang='lat' dir='ltr'><strong>magis</strong></span> <span class='ocrx_word' id='word_1_678' title='bbox 2389 2958 2506 3009; x_wconf 75' lang='lat' dir='ltr'><strong>qua:</strong></span> <span class='ocrx_word' id='word_1_679' title='bbox 2534 2943 2771 2997; x_wconf 89' lang='lat' dir='ltr'><strong>abscissa</strong></span> <span class='ocrx_word' id='word_1_680' title='bbox 2801 2951 2925 2998; x_wconf 88' lang='lat' dir='ltr'><strong>sunt</strong></span> <span class='ocrx_word' id='word_1_681' title='bbox 2952 2942 3214 3012; x_wconf 89' lang='lat' dir='ltr'><strong>pullulare</strong></span> <span class='ocrx_word' id='word_1_682' title='bbox 3249 2960 3263 2997; x_wconf 91' lang='lat'><strong>:</strong></span> <span class='ocrx_word' id='word_1_683' title='bbox 3296 2943 3418 3012; x_wconf 89' lang='lat' dir='ltr'><strong>quia</strong></span> <span class='ocrx_word' id='word_1_684' title='bbox 3448 2955 3674 2996; x_wconf 88' lang='lat' dir='ltr'><strong>necesse</strong></span> <span class='ocrx_word' id='word_1_685' title='bbox 3707 2950 3787 2996; x_wconf 91' lang='lat' dir='ltr'><strong>est</strong></span> 
     </span>
    </p>
   </div>
   <div class='ocr_carea' id='block_1_97' title="bbox 2199 3032 3785 3106">
    <p class='ocr_par' dir='ltr' id='par_1_97' title="bbox 2199 3032 3785 3106">
     <span class='ocr_line' id='line_1_97' title="bbox 2199 3032 3785 3106; baseline -0.001 -16"><span class='ocrx_word' id='word_1_686' title='bbox 2199 3051 2535 3105; x_wconf 89' lang='lat' dir='ltr'><strong>quocumque</strong></span> <span class='ocrx_word' id='word_1_687' title='bbox 2556 3036 2724 3106; x_wconf 86' lang='lat' dir='ltr'><strong>pestis</strong></span> <span class='ocrx_word' id='word_1_688' title='bbox 2747 3036 2862 3089; x_wconf 66' lang='lat' dir='ltr'><strong>liazc</strong></span> <span class='ocrx_word' id='word_1_689' title='bbox 2887 3036 2988 3089; x_wconf 92' lang='lat' dir='ltr'><strong>loci</strong></span> <span class='ocrx_word' id='word_1_690' title='bbox 3020 3036 3112 3099; x_wconf 91' lang='lat' dir='ltr'><strong>sit,</strong></span> <span class='ocrx_word' id='word_1_691' title='bbox 3138 3033 3308 3088; x_wconf 89' lang='lat' dir='ltr'><strong>nostri</strong></span> <span class='ocrx_word' id='word_1_692' title='bbox 3340 3032 3575 3103; x_wconf 90' lang='lat' dir='ltr'><strong>corporis</strong></span> <span class='ocrx_word' id='word_1_693' title='bbox 3601 3046 3785 3088; x_wconf 88' lang='lat' dir='ltr'><strong>mem-</strong></span> 
     </span>
    </p>
   </div>
   <div class='ocr_carea' id='block_1_98' title="bbox 2197 3126 3787 3198">
    <p class='ocr_par' dir='ltr' id='par_1_98' title="bbox 2197 3126 3787 3198">
     <span class='ocr_line' id='line_1_98' title="bbox 2197 3126 3787 3198; baseline 0.002 -16"><span class='ocrx_word' id='word_1_694' title='bbox 2197 3128 2289 3183; x_wconf 85' lang='lat' dir='ltr'><strong>bra</strong></span> <span class='ocrx_word' id='word_1_695' title='bbox 2323 3138 2606 3192; x_wconf 66' lang='lat' dir='ltr'><strong>vexentur,</strong></span> <span class='ocrx_word' id='word_1_696' title='bbox 2632 3137 2686 3183; x_wconf 87' lang='lat' dir='ltr'><strong>et</strong></span> <span class='ocrx_word' id='word_1_697' title='bbox 2708 3141 2804 3198; x_wconf 85' lang='lat' dir='ltr'><strong>per</strong></span> <span class='ocrx_word' id='word_1_698' title='bbox 2829 3128 3139 3198; x_wconf 89' lang='lat' dir='ltr'><strong>patientiam</strong></span> <span class='ocrx_word' id='word_1_699' title='bbox 3164 3140 3402 3183; x_wconf 70' lang='lat' dir='ltr'><strong>nostram</strong></span> <span class='ocrx_word' id='word_1_700' title='bbox 3433 3126 3612 3198; x_wconf 79' lang='lat' dir='ltr'><strong>pejora</strong></span> <span class='ocrx_word' id='word_1_701' title='bbox 3638 3129 3787 3198; x_wconf 86' lang='lat' dir='ltr'><strong>prio-</strong></span> 
     </span>
    </p>
   </div>
   <div class='ocr_carea' id='block_1_99' title="bbox 2197 3219 3784 3290">
    <p class='ocr_par' dir='ltr' id='par_1_99' title="bbox 2197 3219 3784 3290">
     <span class='ocr_line' id='line_1_99' title="bbox 2197 3219 3784 3290; baseline 0.001 -14"><span class='ocrx_word' id='word_1_702' title='bbox 2197 3220 2349 3276; x_wconf 87' lang='lat' dir='ltr'><strong>ribus</strong></span> <span class='ocrx_word' id='word_1_703' title='bbox 2382 3222 2578 3274; x_wconf 87' lang='lat' dir='ltr'><strong>nutrita</strong></span> <span class='ocrx_word' id='word_1_704' title='bbox 2607 3220 2910 3275; x_wconf 86' lang='lat' dir='ltr'><strong>videantur.</strong></span> <span class='ocrx_word' id='word_1_705' title='bbox 2945 3220 3274 3290; x_wconf 86' lang='lat' dir='ltr'><strong>Scripsimus</strong></span> <span class='ocrx_word' id='word_1_706' title='bbox 3297 3219 3596 3274; x_wconf 69' lang='lat' dir='ltr'><strong>clementiae</strong></span> <span class='ocrx_word' id='word_1_707' title='bbox 3630 3222 3784 3290; x_wconf 63' lang='lat' dir='ltr'><strong>prin~</strong></span> 
     </span>
    </p>
   </div>
   <div class='ocr_carea' id='block_1_100' title="bbox 2197 3311 3786 3384">
    <p class='ocr_par' dir='ltr' id='par_1_100' title="bbox 2197 3311 3786 3384">
     <span class='ocr_line' id='line_1_100' title="bbox 2197 3311 3786 3384; baseline 0.003 -18"><span class='ocrx_word' id='word_1_708' title='bbox 2197 3313 2379 3382; x_wconf 82' lang='lat' dir='ltr'><strong>cipali,</strong></span> <span class='ocrx_word' id='word_1_709' title='bbox 2410 3322 2466 3365; x_wconf 92' lang='lat' dir='ltr'><strong>ut</strong></span> <span class='ocrx_word' id='word_1_710' title='bbox 2495 3315 2563 3368; x_wconf 89' lang='lat' dir='ltr'><strong>de</strong></span> <span class='ocrx_word' id='word_1_711' title='bbox 2591 3313 2836 3369; x_wconf 88' lang='lat' dir='ltr'><strong>sanitatis</strong></span> <span class='ocrx_word' id='word_1_712' title='bbox 2862 3313 3041 3368; x_wconf 91' lang='lat' dir='ltr'><strong>medio</strong></span> <span class='ocrx_word' id='word_1_713' title='bbox 3070 3313 3278 3384; x_wconf 85' lang='lat' dir='ltr'><strong>longius</strong></span> <span class='ocrx_word' id='word_1_714' title='bbox 3311 3311 3599 3366; x_wconf 87' lang='lat' dir='ltr'><strong>infirmitas</strong></span> <span class='ocrx_word' id='word_1_715' title='bbox 3630 3313 3786 3370; x_wconf 82' lang='lat' dir='ltr'><strong>aufe-</strong></span> 
     </span>
    </p>
   </div>
   <div class='ocr_carea' id='block_1_101' title="bbox 2197 3399 3787 3473">
    <p class='ocr_par' dir='ltr' id='par_1_101' title="bbox 2197 3399 3787 3473">
     <span class='ocr_line' id='line_1_101' title="bbox 2197 3399 3787 3473; baseline 0.003 -17"><span class='ocrx_word' id='word_1_716' title='bbox 2197 3413 2365 3456; x_wconf 89' lang='lat' dir='ltr'><strong>ratur.</strong></span> <span class='ocrx_word' id='word_1_717' title='bbox 2418 3405 2708 3459; x_wconf 90' lang='lat' dir='ltr'><strong>Didicimus</strong></span> <span class='ocrx_word' id='word_1_718' title='bbox 2739 3419 2967 3473; x_wconf 90' lang='lat' dir='ltr'><strong>namque</strong></span> <span class='ocrx_word' id='word_1_719' title='bbox 2999 3402 3139 3458; x_wconf 81' lang='lat' dir='ltr'><strong>liunc</strong></span> <span class='ocrx_word' id='word_1_720' title='bbox 3173 3403 3516 3458; x_wconf 84' lang='lat' dir='ltr'><strong>Antiochiam</strong></span> <span class='ocrx_word' id='word_1_721' title='bbox 3548 3399 3574 3439; x_wconf 76' lang='grc' dir='ltr'><strong>ιι</strong></span> <span class='ocrx_word' id='word_1_722' title='bbox 3605 3418 3787 3461; x_wconf 85' lang='lat' dir='ltr'><strong>rever-</strong></span> 
     </span>
    </p>
   </div>
   <div class='ocr_carea' id='block_1_102' title="bbox 2197 3495 3786 3567">
    <p class='ocr_par' dir='ltr' id='par_1_102' title="bbox 2197 3495 3786 3567">
     <span class='ocr_line' id='line_1_102' title="bbox 2197 3495 3786 3567; baseline 0.003 -19"><span class='ocrx_word' id='word_1_723' title='bbox 2197 3497 2352 3563; x_wconf 83' lang='lat' dir='ltr'><strong>tisse,</strong></span> <span class='ocrx_word' id='word_1_724' title='bbox 2372 3505 2533 3566; x_wconf 89' lang='lat' dir='ltr'><strong>atque</strong></span> <span class='ocrx_word' id='word_1_725' title='bbox 2554 3498 2656 3552; x_wconf 90' lang='lat' dir='ltr'><strong>sibi</strong></span> <span class='ocrx_word' id='word_1_726' title='bbox 2676 3497 2805 3564; x_wconf 90' lang='lat' dir='ltr'><strong>illic,</strong></span> <span class='ocrx_word' id='word_1_727' title='bbox 2833 3497 2973 3552; x_wconf 89' lang='lat' dir='ltr'><strong>unde</strong></span> <span class='ocrx_word' id='word_1_728' title='bbox 2994 3503 3236 3563; x_wconf 85' lang='lat' dir='ltr'><strong>venerat,</strong></span> <span class='ocrx_word' id='word_1_729' title='bbox 3254 3495 3467 3551; x_wconf 86' lang='lat' dir='ltr'><strong>vivendi</strong></span> <span class='ocrx_word' id='word_1_730' title='bbox 3485 3497 3786 3567; x_wconf 66' lang='lat' dir='ltr'><strong>priestitam</strong></span> 
     </span>
    </p>
   </div>
   <div class='ocr_carea' id='block_1_103' title="bbox 2199 3635 3785 3709">
    <p class='ocr_par' dir='ltr' id='par_1_103' title="bbox 2199 3635 3785 3709">
     <span class='ocr_line' id='line_1_103' title="bbox 2199 3635 3785 3709; baseline 0.005 -21"><span class='ocrx_word' id='word_1_731' title='bbox 2199 3635 2335 3709; x_wconf 74' lang='lat' dir='ltr'><strong>dum</strong></span> <span class='ocrx_word' id='word_1_732' title='bbox 2354 3651 2474 3691; x_wconf 91' lang='lat' dir='ltr'><strong>esse</strong></span> <span class='ocrx_word' id='word_1_733' title='bbox 2503 3637 2757 3709; x_wconf 85' lang='lat' dir='ltr'><strong>duximus</strong></span> <span class='ocrx_word' id='word_1_734' title='bbox 2805 3641 2970 3692; x_wconf 81' lang='lat' dir='ltr'><strong>saltus</strong></span> <span class='ocrx_word' id='word_1_735' title='bbox 2999 3640 3182 3694; x_wconf 70' lang='lat' dir='ltr'><strong>evexit.</strong></span> <span class='ocrx_word' id='word_1_736' title='bbox 3213 3639 3417 3709; x_wconf 86' lang='lat' dir='ltr'><strong>Nempe</strong></span> <span class='ocrx_word' id='word_1_737' title='bbox 3454 3639 3785 3698; x_wconf 74' lang='lat' dir='ltr'><strong>Cmiestinus</strong></span> 
     </span>
    </p>
   </div>
   <div class='ocr_carea' id='block_1_104' title="bbox 2198 3706 3787 3776">
    <p class='ocr_par' dir='ltr' id='par_1_104' title="bbox 2198 3706 3787 3776">
     <span class='ocr_line' id='line_1_104' title="bbox 2198 3706 3787 3776; baseline 0.006 -16"><span class='ocrx_word' id='word_1_738' title='bbox 2198 3706 2582 3761; x_wconf 88' lang='lat' dir='ltr'><strong>Maximianum</strong></span> <span class='ocrx_word' id='word_1_739' title='bbox 2611 3723 2639 3760; x_wconf 91' lang='lat' dir='ltr'><strong>a</strong></span> <span class='ocrx_word' id='word_1_740' title='bbox 2665 3707 2813 3762; x_wconf 89' lang='lat' dir='ltr'><strong>vitiis</strong></span> <span class='ocrx_word' id='word_1_741' title='bbox 2847 3725 3033 3764; x_wconf 89' lang='lat' dir='ltr'><strong>eorum</strong></span> <span class='ocrx_word' id='word_1_742' title='bbox 3065 3711 3249 3776; x_wconf 90' lang='lat' dir='ltr'><strong>procul</strong></span> <span class='ocrx_word' id='word_1_743' title='bbox 3295 3706 3490 3765; x_wconf 84' lang='lat' dir='ltr'><strong>abesse</strong></span> <span class='ocrx_word' id='word_1_744' title='bbox 3530 3713 3787 3768; x_wconf 78' lang='lat' dir='ltr'><strong>testiﬁca-</strong></span> 
     </span>
    </p>
   </div>
   <div class='ocr_carea' id='block_1_105' title="bbox 2199 3780 3782 3851">
    <p class='ocr_par' dir='ltr' id='par_1_105' title="bbox 2199 3780 3782 3851">
     <span class='ocr_line' id='line_1_105' title="bbox 2199 3780 3782 3851; baseline 0.005 -21"><span class='ocrx_word' id='word_1_745' title='bbox 2199 3785 2289 3830; x_wconf 87' lang='lat' dir='ltr'><strong>tur</strong></span> <span class='ocrx_word' id='word_1_746' title='bbox 2319 3794 2453 3851; x_wconf 79' lang='lat' dir='ltr'><strong>quos</strong></span> <span class='ocrx_word' id='word_1_747' title='bbox 2474 3780 2635 3847; x_wconf 91' lang='lat' dir='ltr'><strong>epist.</strong></span> <span class='ocrx_word' id='word_1_748' title='bbox 2667 3780 2701 3834; x_wconf 85' lang='lat'><strong>5</strong></span> <span class='ocrx_word' id='word_1_749' title='bbox 2727 3795 2781 3832; x_wconf 87' lang='grc' dir='ltr'><strong>η.</strong></span> <span class='ocrx_word' id='word_1_750' title='bbox 2812 3780 2848 3833; x_wconf 75' lang='grc'>2</span> <span class='ocrx_word' id='word_1_751' title='bbox 2874 3781 3135 3848; x_wconf 87' lang='lat' dir='ltr'><strong>culparat,</strong></span> <span class='ocrx_word' id='word_1_752' title='bbox 3183 3783 3270 3851; x_wconf 86' lang='lat' dir='ltr'><strong>qui</strong></span> <span class='ocrx_word' id='word_1_753' title='bbox 3298 3782 3548 3838; x_wconf 84' lang='lat' dir='ltr'><strong>videlicet</strong></span> <span class='ocrx_word' id='word_1_754' title='bbox 3591 3800 3782 3838; x_wconf 81' lang='lat' dir='ltr'><strong>uacan-</strong></span> 
     </span>
    </p>
   </div>
   <div class='ocr_carea' id='block_1_106' title="bbox 2199 3848 3784 3913">
    <p class='ocr_par' dir='ltr' id='par_1_106' title="bbox 2199 3848 3784 3913">
     <span class='ocr_line' id='line_1_106' title="bbox 2199 3848 3784 3913; baseline 0.008 -14"><span class='ocrx_word' id='word_1_755' title='bbox 2199 3857 2273 3899; x_wconf 75' lang='grc' dir='ltr'>ιω</span> <span class='ocrx_word' id='word_1_756' title='bbox 2297 3848 2509 3913; x_wconf 74' lang='lat' dir='ltr'><strong>steculo,</strong></span> <span class='ocrx_word' id='word_1_757' title='bbox 2538 3860 2584 3903; x_wconf 88' lang='lat' dir='ltr'><strong>et</strong></span> <span class='ocrx_word' id='word_1_758' title='bbox 2607 3865 2805 3903; x_wconf 85' lang='lat' dir='ltr'><strong>onmem</strong></span> <span class='ocrx_word' id='word_1_759' title='bbox 2835 3848 3238 3905; x_wconf 78' lang='lat' dir='ltr'><strong>ecclesiasticum</strong></span> <span class='ocrx_word' id='word_1_760' title='bbox 3286 3853 3521 3906; x_wconf 82' lang='lat' dir='ltr'><strong>ordinem</strong></span> <span class='ocrx_word' id='word_1_761' title='bbox 3549 3857 3784 3910; x_wconf 80' lang='lat' dir='ltr'><strong>nescien-</strong></span> 
     </span>
    </p>
   </div>
   <div class='ocr_carea' id='block_1_107' title="bbox 2198 3919 3784 3991">
    <p class='ocr_par' dir='ltr' id='par_1_107' title="bbox 2198 3919 3784 3991">
     <span class='ocr_line' id='line_1_107' title="bbox 2198 3919 3784 3991; baseline 0.004 -20"><span class='ocrx_word' id='word_1_762' title='bbox 2198 3925 2292 3991; x_wconf 70' lang='lat' dir='ltr'><strong>tes,</strong></span> <span class='ocrx_word' id='word_1_763' title='bbox 2320 3919 2455 3991; x_wconf 85' lang='lat' dir='ltr'><strong>saltu</strong></span> <span class='ocrx_word' id='word_1_764' title='bbox 2508 3935 2832 3991; x_wconf 76' lang='lat' dir='ltr'><strong>prwpmpero</strong></span> <span class='ocrx_word' id='word_1_765' title='bbox 2881 3922 2935 3973; x_wconf 87' lang='lat' dir='ltr'><strong>in</strong></span> <span class='ocrx_word' id='word_1_766' title='bbox 2981 3922 3207 3975; x_wconf 83' lang='lat' dir='ltr'><strong>alienum</strong></span> <span class='ocrx_word' id='word_1_767' title='bbox 3261 3922 3506 3977; x_wconf 73' lang='lat' dir='ltr'><strong>honorem</strong></span> <span class='ocrx_word' id='word_1_768' title='bbox 3550 3923 3784 3980; x_wconf 83' lang='lat' dir='ltr'><strong>ambiunt</strong></span> 
     </span>
    </p>
   </div>
   <div class='ocr_carea' id='block_1_108' title="bbox 2196 3987 3784 4066">
    <p class='ocr_par' dir='ltr' id='par_1_108' title="bbox 2196 3987 3784 4066">
     <span class='ocr_line' id='line_1_108' title="bbox 2196 3987 3784 4066; baseline 0.008 -28"><span class='ocrx_word' id='word_1_769' title='bbox 2196 3987 2537 4066; x_wconf 68' lang='lat' dir='ltr'><strong>immoderata</strong></span> <span class='ocrx_word' id='word_1_770' title='bbox 2563 3987 2843 4056; x_wconf 82' lang='lat' dir='ltr'><strong>cupiditate</strong></span> <span class='ocrx_word' id='word_1_771' title='bbox 2875 3991 3252 4066; x_wconf 70' lang='lat' dir='ltr'><strong>transcendere.</strong></span> <span class='ocrx_word' id='word_1_772' title='bbox 3282 3993 3408 4048; x_wconf 83' lang='lat' dir='ltr'><strong>Inde</strong></span> <span class='ocrx_word' id='word_1_773' title='bbox 3436 4003 3492 4050; x_wconf 90' lang='lat' dir='ltr'><strong>et</strong></span> <span class='ocrx_word' id='word_1_774' title='bbox 3536 3997 3784 4066; x_wconf 72' lang='lat' dir='ltr'><strong>cupidum</strong></span> 
     </span>
    </p>
   </div>
   <div class='ocr_carea' id='block_1_109' title="bbox 2195 4055 3204 4118">
    <p class='ocr_par' dir='ltr' id='par_1_109' title="bbox 2195 4055 3204 4118">
     <span class='ocr_line' id='line_1_109' title="bbox 2195 4055 3204 4118; baseline 0.007 -7"><span class='ocrx_word' id='word_1_775' title='bbox 2195 4055 2286 4112; x_wconf 82' lang='lat' dir='ltr'><strong>hic</strong></span> <span class='ocrx_word' id='word_1_776' title='bbox 2317 4061 2630 4113; x_wconf 89' lang='lat' dir='ltr'><strong>mutandum</strong></span> <span class='ocrx_word' id='word_1_777' title='bbox 2665 4075 2768 4114; x_wconf 93' lang='lat' dir='ltr'><strong>non</strong></span> <span class='ocrx_word' id='word_1_778' title='bbox 2791 4076 2911 4116; x_wconf 91' lang='lat' dir='ltr'><strong>esse</strong></span> <span class='ocrx_word' id='word_1_779' title='bbox 2940 4060 3204 4118; x_wconf 88' lang='lat' dir='ltr'><strong>firmatur.</strong></span> 
     </span>
    </p>
   </div>
   <div class='ocr_carea' id='block_1_110' title="bbox 2271 4130 3783 4203">
    <p class='ocr_par' dir='ltr' id='par_1_110' title="bbox 2271 4130 3783 4203">
     <span class='ocr_line' id='line_1_110' title="bbox 2271 4130 3783 4203; baseline 0.009 -21"><span class='ocrx_word' id='word_1_780' title='bbox 2271 4137 2295 4203; x_wconf 67' lang='grc' dir='ltr'><strong><em>Β</em></strong></span> <span class='ocrx_word' id='word_1_781' title='bbox 2323 4130 2432 4203; x_wconf 73' lang='grc' dir='ltr'><strong>ῌυρ</strong></span> <span class='ocrx_word' id='word_1_782' title='bbox 2455 4131 2692 4203; x_wconf 0' lang='lat' dir='ltr'><strong>(videtur</strong></span> <span class='ocrx_word' id='word_1_783' title='bbox 2743 4131 2970 4203; x_wconf 79' lang='lat' dir='ltr'><strong>dictum,</strong></span> <span class='ocrx_word' id='word_1_784' title='bbox 3001 4136 3122 4203; x_wconf 88' lang='lat' dir='ltr'><strong>quia</strong></span> <span class='ocrx_word' id='word_1_785' title='bbox 3169 4149 3484 4198; x_wconf 78' lang='lat' dir='ltr'><strong>mconomus</strong></span> <span class='ocrx_word' id='word_1_786' title='bbox 3513 4133 3783 4194; x_wconf 62' lang='lat' dir='ltr'><strong>Ecclesia</strong></span> 
     </span>
    </p>
   </div>
   <div class='ocr_carea' id='block_1_111' title="bbox 2195 4195 3783 4266">
    <p class='ocr_par' dir='ltr' id='par_1_111' title="bbox 2195 4195 3783 4266">
     <span class='ocr_line' id='line_1_111' title="bbox 2195 4195 3783 4266; baseline 0.009 -15"><span class='ocrx_word' id='word_1_787' title='bbox 2195 4195 2302 4251; x_wconf 78' lang='lat' dir='ltr'><strong>Cl’.</strong></span> <span class='ocrx_word' id='word_1_788' title='bbox 2332 4200 2511 4254; x_wconf 89' lang='lat' dir='ltr'><strong>fuerit.</strong></span> <span class='ocrx_word' id='word_1_789' title='bbox 2545 4200 2699 4254; x_wconf 84' lang='lat' dir='ltr'><strong>Illum</strong></span> <span class='ocrx_word' id='word_1_790' title='bbox 2751 4195 3031 4258; x_wconf 42' lang='lat' dir='ltr'><strong>Socrates.</strong></span> <span class='ocrx_word' id='word_1_791' title='bbox 3055 4205 3148 4258; x_wconf 88' lang='lat' dir='ltr'><strong>lib.</strong></span> <span class='ocrx_word' id='word_1_792' title='bbox 3175 4221 3246 4259; x_wconf 85' lang='lat' dir='ltr'><strong>vtt</strong></span> <span class='ocrx_word' id='word_1_793' title='bbox 3275 4220 3325 4260; x_wconf 89' lang='lat' dir='ltr'><strong>c.</strong></span> <span class='ocrx_word' id='word_1_794' title='bbox 3363 4195 3433 4260; x_wconf 78' lang='lat'><strong>55</strong></span> <span class='ocrx_word' id='word_1_795' title='bbox 3473 4208 3783 4266; x_wconf 79' lang='lat' dir='ltr'><strong>sanctitatis</strong></span> 
     </span>
    </p>
   </div>
   <div class='ocr_carea' id='block_1_112' title="bbox 2195 4271 3778 4351">
    <p class='ocr_par' dir='ltr' id='par_1_112' title="bbox 2195 4271 3778 4351">
     <span class='ocr_line' id='line_1_112' title="bbox 2195 4271 3778 4351; baseline 0.009 -32"><span class='ocrx_word' id='word_1_796' title='bbox 2195 4271 2506 4351; x_wconf 79' lang='lat' dir='ltr'><strong>opinionem</strong></span> <span class='ocrx_word' id='word_1_797' title='bbox 2533 4286 2599 4323; x_wconf 90' lang='lat' dir='ltr'><strong>eo</strong></span> <span class='ocrx_word' id='word_1_798' title='bbox 2630 4275 2849 4351; x_wconf 73' lang='lat' dir='ltr'><strong>nomine</strong></span> <span class='ocrx_word' id='word_1_799' title='bbox 2896 4274 3148 4344; x_wconf 87' lang='lat' dir='ltr'><strong>adeptum</strong></span> <span class='ocrx_word' id='word_1_800' title='bbox 3177 4290 3298 4330; x_wconf 89' lang='lat' dir='ltr'><strong>esse</strong></span> <span class='ocrx_word' id='word_1_801' title='bbox 3328 4276 3605 4351; x_wconf 51' lang='lat' dir='ltr'><strong>praedicat,</strong></span> <span class='ocrx_word' id='word_1_802' title='bbox 3633 4282 3778 4351; x_wconf 79' lang='lat' dir='ltr'><strong>quod</strong></span> 
     </span>
    </p>
   </div>
   <div class='ocr_carea' id='block_1_113' title="bbox 2195 4341 3778 4419">
    <p class='ocr_par' dir='ltr' id='par_1_113' title="bbox 2195 4341 3778 4419">
     <span class='ocr_line' id='line_1_113' title="bbox 2195 4341 3778 4419; baseline 0.01 -29"><span class='ocrx_word' id='word_1_803' title='bbox 2195 4342 2418 4419; x_wconf 64' lang='lat' dir='ltr'><strong>propriis</strong></span> <span class='ocrx_word' id='word_1_804' title='bbox 2466 4341 2755 4419; x_wconf 72' lang='lat' dir='ltr'><strong>sumptibus</strong></span> <span class='ocrx_word' id='word_1_805' title='bbox 2778 4341 3116 4419; x_wconf 77' lang='lat' dir='ltr'><strong>_rnonuntenta</strong></span> <span class='ocrx_word' id='word_1_806' title='bbox 3151 4341 3540 4419; x_wconf 58' lang='lat' dir='ltr'><strong>construxisset,</strong></span> <span class='ocrx_word' id='word_1_807' title='bbox 3592 4341 3778 4419; x_wconf 59' lang='lat' dir='ltr'><strong>quibus</strong></span> 
     </span>
    </p>
   </div>
   <div class='ocr_carea' id='block_1_114' title="bbox 2191 4411 3775 4482">
    <p class='ocr_par' dir='ltr' id='par_1_114' title="bbox 2191 4411 3775 4482">
     <span class='ocr_line' id='line_1_114' title="bbox 2191 4411 3775 4482; baseline 0.009 -21"><span class='ocrx_word' id='word_1_808' title='bbox 2191 4411 2417 4480; x_wconf 79' lang='lat' dir='ltr'><strong>religiosi</strong></span> <span class='ocrx_word' id='word_1_809' title='bbox 2445 4414 2540 4465; x_wconf 81' lang='lat' dir='ltr'><strong>viri</strong></span> <span class='ocrx_word' id='word_1_810' title='bbox 2569 4421 2679 4478; x_wconf 80' lang='lat' dir='ltr'><strong>post</strong></span> <span class='ocrx_word' id='word_1_811' title='bbox 2707 4413 2900 4466; x_wconf 88' lang='lat' dir='ltr'><strong>obitum</strong></span> <span class='ocrx_word' id='word_1_812' title='bbox 2940 4416 3294 4482; x_wconf 82' lang='lat' dir='ltr'><strong>sepelirentur.</strong></span> <span class='ocrx_word' id='word_1_813' title='bbox 3329 4411 3617 4473; x_wconf 41' lang='lat' dir='ltr'><strong>Verum&#39;ex&#39;</strong></span> <span class='ocrx_word' id='word_1_814' title='bbox 3639 4421 3775 4476; x_wconf 84' lang='lat' dir='ltr'><strong>sub-</strong></span> 
     </span>
    </p>
   </div>
   <div class='ocr_carea' id='block_1_115' title="bbox 2196 4483 3768 4549">
    <p class='ocr_par' dir='ltr' id='par_1_115' title="bbox 2196 4483 3768 4549">
     <span class='ocr_line' id='line_1_115' title="bbox 2196 4483 3768 4549; baseline 0.01 -18"><span class='ocrx_word' id='word_1_815' title='bbox 2196 4485 2354 4533; x_wconf 84' lang='lat' dir='ltr'><strong>nexis</strong></span> <span class='ocrx_word' id='word_1_816' title='bbox 2406 4483 2620 4548; x_wconf 89' lang='lat' dir='ltr'><strong>planum</strong></span> <span class='ocrx_word' id='word_1_817' title='bbox 2650 4492 2753 4549; x_wconf 90' lang='lat' dir='ltr'><strong>est,</strong></span> <span class='ocrx_word' id='word_1_818' title='bbox 2783 4500 2904 4538; x_wconf 90' lang='lat' dir='ltr'><strong>eum</strong></span> <span class='ocrx_word' id='word_1_819' title='bbox 2950 4485 3274 4542; x_wconf 79' lang='lat' dir='ltr'><strong>demandata</strong></span> <span class='ocrx_word' id='word_1_820' title='bbox 3302 4487 3406 4542; x_wconf 85' lang='lat' dir='ltr'><strong>sibi</strong></span> <span class='ocrx_word' id='word_1_821' title='bbox 3436 4488 3611 4545; x_wconf 84' lang='lat' dir='ltr'><strong>ofﬁcio</strong></span> <span class='ocrx_word' id='word_1_822' title='bbox 3663 4506 3768 4547; x_wconf 90' lang='lat' dir='ltr'><strong>non</strong></span> 
     </span>
    </p>
   </div>
   <div class='ocr_carea' id='block_1_116' title="bbox 2191 4550 3770 4632">
    <p class='ocr_par' dir='ltr' id='par_1_116' title="bbox 2191 4550 3770 4632">
     <span class='ocr_line' id='line_1_116' title="bbox 2191 4550 3770 4632; baseline 0.01 -31"><span class='ocrx_word' id='word_1_823' title='bbox 2191 4550 2252 4632; x_wconf 67' lang='lat' dir='ltr'><strong>in</strong></span> <span class='ocrx_word' id='word_1_824' title='bbox 2291 4551 2666 4632; x_wconf 64' lang='lat' dir='ltr'><strong>defunctorum</strong></span> <span class='ocrx_word' id='word_1_825' title='bbox 2701 4565 2927 4632; x_wconf 77' lang='lat' dir='ltr'><strong>tantum,</strong></span> <span class='ocrx_word' id='word_1_826' title='bbox 2959 4557 3053 4632; x_wconf 68' lang='lat' dir='ltr'><strong>sed</strong></span> <span class='ocrx_word' id='word_1_827' title='bbox 3089 4571 3141 4632; x_wconf 79' lang='lat' dir='ltr'><strong>et</strong></span> <span class='ocrx_word' id='word_1_828' title='bbox 3171 4559 3222 4612; x_wconf 92' lang='lat' dir='ltr'><strong>in</strong></span> <span class='ocrx_word' id='word_1_829' title='bbox 3267 4560 3515 4632; x_wconf 67' lang='lat' dir='ltr'><strong>vivorum</strong></span> <span class='ocrx_word' id='word_1_830' title='bbox 3571 4576 3770 4632; x_wconf 84' lang='lat' dir='ltr'><strong>corpo-</strong></span> 
     </span>
    </p>
   </div>
   <div class='ocr_carea' id='block_1_117' title="bbox 2187 4621 3767 4697">
    <p class='ocr_par' dir='ltr' id='par_1_117' title="bbox 2187 4621 3767 4697">
     <span class='ocr_line' id='line_1_117' title="bbox 2187 4621 3767 4697; baseline 0.008 -23"><span class='ocrx_word' id='word_1_831' title='bbox 2187 4621 2337 4697; x_wconf 84' lang='lat' dir='ltr'><strong>_rih_us</strong></span> <span class='ocrx_word' id='word_1_832' title='bbox 2358 4624 2612 4676; x_wconf 90' lang='lat' dir='ltr'><strong>curandis</strong></span> <span class='ocrx_word' id='word_1_833' title='bbox 2641 4624 2945 4697; x_wconf 81' lang='lat' dir='ltr'><strong>emicuisse.</strong></span> <span class='ocrx_word' id='word_1_834' title='bbox 2968 4626 3081 4694; x_wconf 90' lang='lat' dir='ltr'><strong>Qua</strong></span> <span class='ocrx_word' id='word_1_835' title='bbox 3111 4628 3162 4684; x_wconf 92' lang='lat' dir='ltr'><strong>in</strong></span> <span class='ocrx_word' id='word_1_836' title='bbox 3200 4644 3256 4683; x_wconf 90' lang='lat' dir='ltr'><strong>re</strong></span> <span class='ocrx_word' id='word_1_837' title='bbox 3277 4629 3495 4697; x_wconf 88' lang='lat' dir='ltr'><strong>dignum</strong></span> <span class='ocrx_word' id='word_1_838' title='bbox 3523 4645 3582 4684; x_wconf 89' lang='lat' dir='ltr'><strong>se</strong></span> <span class='ocrx_word' id='word_1_839' title='bbox 3612 4621 3767 4687; x_wconf 56' lang='lat' dir='ltr'><strong>ex&#39;bi—</strong></span> 
     </span>
    </p>
   </div>
   <div class='ocr_carea' id='block_1_118' title="bbox 2184 4688 3764 4768">
    <p class='ocr_par' dir='ltr' id='par_1_118' title="bbox 2184 4688 3764 4768">
     <span class='ocr_line' id='line_1_118' title="bbox 2184 4688 3764 4768; baseline 0.009 -25"><span class='ocrx_word' id='word_1_840' title='bbox 2184 4688 2702 4768; x_wconf 65' lang='lat' dir='ltr'><strong>bnitsuccessorcm</strong></span> <span class='ocrx_word' id='word_1_841' title='bbox 2745 4688 3150 4768; x_wconf 61' lang='lat' dir='ltr'><strong>Sisinii.quem</strong></span> <span class='ocrx_word' id='word_1_842' title='bbox 3182 4688 3434 4755; x_wconf 52' lang='lat' dir='ltr'><strong>Socrates</strong></span> <span class='ocrx_word' id='word_1_843' title='bbox 3479 4701 3575 4754; x_wconf 89' lang='lat' dir='ltr'><strong>lib.</strong></span> <span class='ocrx_word' id='word_1_844' title='bbox 3616 4719 3689 4758; x_wconf 87' lang='lat' dir='ltr'><strong>vn</strong></span> <span class='ocrx_word' id='word_1_845' title='bbox 3715 4717 3764 4757; x_wconf 91' lang='lat' dir='ltr'><strong>c.</strong></span> 
     </span>
    </p>
   </div>
   <div class='ocr_carea' id='block_1_119' title="bbox 2185 4758 3767 4838">
    <p class='ocr_par' dir='ltr' id='par_1_119' title="bbox 2185 4758 3767 4838">
     <span class='ocr_line' id='line_1_119' title="bbox 2185 4758 3767 4838; baseline 0.01 -26"><span class='ocrx_word' id='word_1_846' title='bbox 2185 4758 2258 4814; x_wconf 76' lang='grc'>26</span> <span class='ocrx_word' id='word_1_847' title='bbox 2308 4763 2358 4838; x_wconf 82' lang='lat' dir='ltr'><strong>in</strong></span> <span class='ocrx_word' id='word_1_848' title='bbox 2403 4763 2651 4818; x_wconf 83' lang='lat' dir='ltr'><strong>eamdem</strong></span> <span class='ocrx_word' id='word_1_849' title='bbox 2693 4758 3088 4838; x_wconf 26' lang='lat' dir='ltr'><strong>sedetn‘totius</strong></span> <span class='ocrx_word' id='word_1_850' title='bbox 3135 4771 3312 4838; x_wconf 91' lang='lat' dir='ltr'><strong>populi</strong></span> <span class='ocrx_word' id='word_1_851' title='bbox 3353 4773 3490 4824; x_wconf 85' lang='lat' dir='ltr'><strong>votis</strong></span> <span class='ocrx_word' id='word_1_852' title='bbox 3544 4773 3614 4826; x_wconf 91' lang='lat' dir='ltr'><strong>ob</strong></span> <span class='ocrx_word' id='word_1_853' title='bbox 3667 4773 3767 4828; x_wconf 88' lang='lat' dir='ltr'><strong>hoc</strong></span> 
     </span>
    </p>
   </div>
   <div class='ocr_carea' id='block_1_120' title="bbox 2185 4835 3766 4912">
    <p class='ocr_par' dir='ltr' id='par_1_120' title="bbox 2185 4835 3766 4912">
     <span class='ocr_line' id='line_1_120' title="bbox 2185 4835 3766 4912; baseline 0.009 -29"><span class='ocrx_word' id='word_1_854' title='bbox 2185 4835 2460 4912; x_wconf 58' lang='lat' dir='ltr'><strong>praecipue</strong></span> <span class='ocrx_word' id='word_1_855' title='bbox 2495 4844 2825 4912; x_wconf 71' lang='lat' dir='ltr'><strong>cooptatum</strong></span> <span class='ocrx_word' id='word_1_856' title='bbox 2884 4836 3050 4893; x_wconf 82' lang='lat' dir='ltr'><strong>fuisse</strong></span> <span class='ocrx_word' id='word_1_857' title='bbox 3083 4835 3220 4912; x_wconf 60' lang='lat' dir='ltr'><strong>ait,</strong></span> <span class='ocrx_word' id='word_1_858' title='bbox 3258 4841 3399 4912; x_wconf 70' lang='lat' dir='ltr'><strong>quod</strong></span> <span class='ocrx_word' id='word_1_859' title='bbox 3454 4844 3766 4912; x_wconf 77' lang='lat' dir='ltr'><strong>pauperibus</strong></span> 
     </span>
    </p>
   </div>
   <div class='ocr_carea' id='block_1_121' title="bbox 2183 4905 3407 4972">
    <p class='ocr_par' dir='ltr' id='par_1_121' title="bbox 2183 4905 3407 4972">
     <span class='ocr_line' id='line_1_121' title="bbox 2183 4905 3407 4972; baseline 0.008 -16"><span class='ocrx_word' id='word_1_860' title='bbox 2183 4905 2416 4972; x_wconf 66' lang='lat' dir='ltr'><strong>fouendi;</strong></span> <span class='ocrx_word' id='word_1_861' title='bbox 2438 4905 2594 4958; x_wconf 87' lang='lat' dir='ltr'><strong>etiam</strong></span> <span class='ocrx_word' id='word_1_862' title='bbox 2615 4907 2750 4958; x_wconf 88' lang='lat' dir='ltr'><strong>ultra</strong></span> <span class='ocrx_word' id='word_1_863' title='bbox 2776 4906 2907 4962; x_wconf 79' lang='lat' dir='ltr'><strong>vires</strong></span> <span class='ocrx_word' id='word_1_864' title='bbox 2929 4925 3048 4962; x_wconf 81' lang='lat' dir='ltr'><strong>suas</strong></span> <span class='ocrx_word' id='word_1_865' title='bbox 3075 4905 3407 4966; x_wconf 80' lang='lat' dir='ltr'><strong>incumberet.</strong></span> 
     </span>
    </p>
   </div>
   <div class='ocr_carea' id='block_1_122' title="bbox 2257 4971 3766 5054">
    <p class='ocr_par' dir='ltr' id='par_1_122' title="bbox 2257 4971 3766 5054">
     <span class='ocr_line' id='line_1_122' title="bbox 2257 4971 3766 5054; baseline 0.008 -27"><span class='ocrx_word' id='word_1_866' title='bbox 2257 4971 2285 5054; x_wconf 58' lang='grc' dir='ltr'>ιζ</span> <span class='ocrx_word' id='word_1_867' title='bbox 2330 4974 2630 5054; x_wconf 66' lang='lat' dir='ltr'><strong>l‘i_estorius_</strong></span> <span class='ocrx_word' id='word_1_868' title='bbox 2650 4976 2765 5046; x_wconf 89' lang='lat' dir='ltr'><strong>ipse</strong></span> <span class='ocrx_word' id='word_1_869' title='bbox 2790 4979 2930 5054; x_wconf 86' lang='lat' dir='ltr'><strong>apud</strong></span> <span class='ocrx_word' id='word_1_870' title='bbox 2967 4979 3248 5050; x_wconf 84' lang='lat' dir='ltr'><strong>Evagrium</strong></span> <span class='ocrx_word' id='word_1_871' title='bbox 3281 4982 3374 5054; x_wconf 81' lang='lat' dir='ltr'><strong>lib.</strong></span> <span class='ocrx_word' id='word_1_872' title='bbox 3413 4996 3507 5036; x_wconf 86' lang='lat' dir='ltr'><strong>te.</strong></span> <span class='ocrx_word' id='word_1_873' title='bbox 3543 4981 3575 5035; x_wconf 87' lang='lat'><strong>7</strong></span> <span class='ocrx_word' id='word_1_874' title='bbox 3601 4982 3766 5040; x_wconf 84' lang='lat' dir='ltr'><strong>refert</strong></span> 
     </span>
    </p>
   </div>
   <div class='ocr_carea' id='block_1_123' title="bbox 2182 5041 3762 5115">
    <p class='ocr_par' dir='ltr' id='par_1_123' title="bbox 2182 5041 3762 5115">
     <span class='ocr_line' id='line_1_123' title="bbox 2182 5041 3762 5115; baseline 0.006 -17"><span class='ocrx_word' id='word_1_875' title='bbox 2182 5041 2286 5098; x_wconf 81' lang='lat' dir='ltr'><strong>sibi</strong></span> <span class='ocrx_word' id='word_1_876' title='bbox 2336 5044 2385 5098; x_wconf 89' lang='lat' dir='ltr'><strong>id</strong></span> <span class='ocrx_word' id='word_1_877' title='bbox 2424 5047 2631 5114; x_wconf 88' lang='lat' dir='ltr'><strong>roganti</strong></span> <span class='ocrx_word' id='word_1_878' title='bbox 2670 5041 2984 5114; x_wconf 75' lang='lat' dir='ltr'><strong>permissum</strong></span> <span class='ocrx_word' id='word_1_879' title='bbox 3029 5041 3169 5115; x_wconf 59' lang='lat' dir='ltr'><strong>esse,</strong></span> <span class='ocrx_word' id='word_1_880' title='bbox 3195 5061 3253 5105; x_wconf 91' lang='lat' dir='ltr'><strong>ut</strong></span> <span class='ocrx_word' id='word_1_881' title='bbox 3281 5052 3348 5105; x_wconf 89' lang='lat' dir='ltr'><strong>ad</strong></span> <span class='ocrx_word' id='word_1_882' title='bbox 3381 5057 3762 5109; x_wconf 89' lang='lat' dir='ltr'><strong>monasterium</strong></span> 
     </span>
    </p>
   </div>
   <div class='ocr_carea' id='block_1_124' title="bbox 2181 5117 3761 5190">
    <p class='ocr_par' dir='ltr' id='par_1_124' title="bbox 2181 5117 3761 5190">
     <span class='ocr_line' id='line_1_124' title="bbox 2181 5117 3761 5190; baseline 0.01 -28"><span class='ocrx_word' id='word_1_883' title='bbox 2181 5127 2281 5190; x_wconf 72' lang='lat' dir='ltr'><strong>_s_uu</strong></span> <span class='ocrx_word' id='word_1_884' title='bbox 2292 5130 2338 5167; x_wconf 87' lang='grc' dir='ltr'><strong>ιιι</strong></span> <span class='ocrx_word' id='word_1_885' title='bbox 2355 5117 2888 5190; x_wconf 73' lang='lat' dir='ltr'><strong>revertereturlsitum</strong></span> <span class='ocrx_word' id='word_1_886' title='bbox 2903 5129 3023 5176; x_wconf 90' lang='lat' dir='ltr'><strong>ante</strong></span> <span class='ocrx_word' id='word_1_887' title='bbox 3041 5121 3562 5190; x_wconf 51' lang='lat' dir='ltr'><strong>portasAntioebia’;</strong></span> <span class='ocrx_word' id='word_1_888' title='bbox 3576 5134 3628 5178; x_wconf 91' lang='lat' dir='ltr'><strong>et</strong></span> <span class='ocrx_word' id='word_1_889' title='bbox 3643 5138 3761 5178; x_wconf 91' lang='lat' dir='ltr'><strong>cum</strong></span> 
     </span>
    </p>
   </div>
   <div class='ocr_carea' id='block_1_125' title="bbox 2182 5182 3764 5261">
    <p class='ocr_par' dir='ltr' id='par_1_125' title="bbox 2182 5182 3764 5261">
     <span class='ocr_line' id='line_1_125' title="bbox 2182 5182 3764 5261; baseline 0.007 -24"><span class='ocrx_word' id='word_1_890' title='bbox 2182 5182 2253 5239; x_wconf 75' lang='lat' dir='ltr'><strong>ibi</strong></span> <span class='ocrx_word' id='word_1_891' title='bbox 2283 5185 2637 5261; x_wconf 67' lang='lat' dir='ltr'><strong>quadriennio</strong></span> <span class='ocrx_word' id='word_1_892' title='bbox 2667 5182 3384 5261; x_wconf 50' lang='lat' dir='ltr'><strong>comnioratus&#39;atque&#39;omni</strong></span> <span class='ocrx_word' id='word_1_893' title='bbox 3413 5182 3616 5249; x_wconf 78' lang='lat' dir='ltr'><strong>honore</strong></span> <span class='ocrx_word' id='word_1_894' title='bbox 3635 5191 3764 5248; x_wconf 77' lang='lat' dir='ltr'><strong>affe-</strong></span> 
     </span>
    </p>
   </div>
   <div class='ocr_carea' id='block_1_126' title="bbox 2181 5256 3760 5336">
    <p class='ocr_par' dir='ltr' id='par_1_126' title="bbox 2181 5256 3760 5336">
     <span class='ocr_line' id='line_1_126' title="bbox 2181 5256 3760 5336; baseline 0.008 -31"><span class='ocrx_word' id='word_1_895' title='bbox 2181 5262 2300 5336; x_wconf 69' lang='lat' dir='ltr'><strong>ctus</strong></span> <span class='ocrx_word' id='word_1_896' title='bbox 2322 5256 2524 5336; x_wconf 69' lang='lat' dir='ltr'><strong>fuisset,</strong></span> <span class='ocrx_word' id='word_1_897' title='bbox 2545 5256 2837 5336; x_wconf 77' lang='lat' dir='ltr'><strong>Theodosii</strong></span> <span class='ocrx_word' id='word_1_898' title='bbox 2868 5256 3280 5336; x_wconf 75' lang='lat' dir='ltr'><strong>imp._edieto,in</strong></span> <span class='ocrx_word' id='word_1_899' title='bbox 3305 5263 3484 5318; x_wconf 91' lang='lat' dir='ltr'><strong>locum</strong></span> <span class='ocrx_word' id='word_1_900' title='bbox 3507 5266 3592 5336; x_wconf 91' lang='lat' dir='ltr'><strong>qui</strong></span> <span class='ocrx_word' id='word_1_901' title='bbox 3611 5264 3760 5336; x_wconf 82' lang='lat' dir='ltr'><strong>Oasis</strong></span> 
     </span>
    </p>
   </div>
   <div class='ocr_carea' id='block_1_127' title="bbox 2181 5323 3761 5402">
    <p class='ocr_par' dir='ltr' id='par_1_127' title="bbox 2181 5323 3761 5402">
     <span class='ocr_line' id='line_1_127' title="bbox 2181 5323 3761 5402; baseline 0.007 -24"><span class='ocrx_word' id='word_1_902' title='bbox 2181 5323 2611 5402; x_wconf 23' lang='lat' dir='ltr'><strong>dicitur,_fuisse‘</strong></span> <span class='ocrx_word' id='word_1_903' title='bbox 2635 5323 2959 5402; x_wconf 65' lang='lat' dir='ltr'><strong>relegatum:</strong></span> <span class='ocrx_word' id='word_1_904' title='bbox 2978 5401 2984 5402; x_wconf 14' lang='grc' dir='ltr'>ί</span> <span class='ocrx_word' id='word_1_905' title='bbox 3000 5331 3114 5388; x_wconf 80' lang='lat' dir='ltr'><strong>Hoc</strong></span> <span class='ocrx_word' id='word_1_906' title='bbox 3156 5323 3570 5399; x_wconf 77' lang='lat' dir='ltr'><strong>monasterium,</strong></span> <span class='ocrx_word' id='word_1_907' title='bbox 3609 5335 3761 5402; x_wconf 77' lang='lat' dir='ltr'><strong>Cujus</strong></span> 
     </span>
    </p>
   </div>
   <div class='ocr_carea' id='block_1_128' title="bbox 2179 5395 3756 5476">
    <p class='ocr_par' dir='ltr' id='par_1_128' title="bbox 2179 5395 3756 5476">
     <span class='ocr_line' id='line_1_128' title="bbox 2179 5395 3756 5476; baseline 0.008 -30"><span class='ocrx_word' id='word_1_908' title='bbox 2179 5395 2686 5476; x_wconf 36' lang='lat' dir='ltr'><strong>nomen‘Nestorius</strong></span> <span class='ocrx_word' id='word_1_909' title='bbox 2701 5395 2845 5476; x_wconf 60' lang='lat' dir='ltr'><strong>silet,</strong></span> <span class='ocrx_word' id='word_1_910' title='bbox 2861 5399 3002 5476; x_wconf 85' lang='lat' dir='ltr'><strong>illud</strong></span> <span class='ocrx_word' id='word_1_911' title='bbox 3015 5402 3179 5460; x_wconf 90' lang='lat' dir='ltr'><strong>fuisse</strong></span> <span class='ocrx_word' id='word_1_912' title='bbox 3195 5405 3466 5476; x_wconf 81' lang='lat' dir='ltr'><strong>existimat</strong></span> <span class='ocrx_word' id='word_1_913' title='bbox 3485 5395 3756 5476; x_wconf 73' lang='lat' dir='ltr'><strong>Evagriiis,</strong></span> 
     </span>
    </p>
   </div>
   <div class='ocr_carea' id='block_1_129' title="bbox 2179 5467 3759 5538">
    <p class='ocr_par' dir='ltr' id='par_1_129' title="bbox 2179 5467 3759 5538">
     <span class='ocr_line' id='line_1_129' title="bbox 2179 5467 3759 5538; baseline 0.008 -21"><span class='ocrx_word' id='word_1_914' title='bbox 2179 5467 2320 5536; x_wconf 91' lang='lat' dir='ltr'><strong>quod</strong></span> <span class='ocrx_word' id='word_1_915' title='bbox 2356 5468 2605 5536; x_wconf 87' lang='lat' dir='ltr'><strong>Euprepii</strong></span> <span class='ocrx_word' id='word_1_916' title='bbox 2639 5470 2937 5526; x_wconf 87' lang='lat' dir='ltr'><strong>dicebatur.</strong></span> <span class='ocrx_word' id='word_1_917' title='bbox 2971 5474 3125 5538; x_wconf 88' lang='lat' dir='ltr'><strong>Quod</strong></span> <span class='ocrx_word' id='word_1_918' title='bbox 3165 5485 3345 5529; x_wconf 91' lang='lat' dir='ltr'><strong>autem</strong></span> <span class='ocrx_word' id='word_1_919' title='bbox 3382 5467 3656 5532; x_wconf 74' lang='lat' dir='ltr'><strong>Nestorius</strong></span> <span class='ocrx_word' id='word_1_920' title='bbox 3683 5474 3759 5529; x_wconf 87' lang='lat' dir='ltr'><strong>ibi</strong></span> 
     </span>
    </p>
   </div>
   <div class='ocr_carea' id='block_1_130' title="bbox 2178 5538 3756 5608">
    <p class='ocr_par' dir='ltr' id='par_1_130' title="bbox 2178 5538 3756 5608">
     <span class='ocr_line' id='line_1_130' title="bbox 2178 5538 3756 5608; baseline 0.006 -19"><span class='ocrx_word' id='word_1_921' title='bbox 2178 5549 2238 5608; x_wconf 78' lang='lat' dir='ltr'><strong>se</strong></span> <span class='ocrx_word' id='word_1_922' title='bbox 2263 5539 2406 5591; x_wconf 84' lang='lat' dir='ltr'><strong>omni</strong></span> <span class='ocrx_word' id='word_1_923' title='bbox 2434 5538 2638 5593; x_wconf 84' lang='lat' dir='ltr'><strong>honore</strong></span> <span class='ocrx_word' id='word_1_924' title='bbox 2659 5541 2907 5596; x_wconf 73' lang='lat' dir='ltr'><strong>affectum</strong></span> <span class='ocrx_word' id='word_1_925' title='bbox 2937 5543 3088 5608; x_wconf 88' lang='lat' dir='ltr'><strong>dicit,</strong></span> <span class='ocrx_word' id='word_1_926' title='bbox 3118 5560 3246 5598; x_wconf 85' lang='lat' dir='ltr'><strong>mox</strong></span> <span class='ocrx_word' id='word_1_927' title='bbox 3278 5545 3601 5602; x_wconf 60' lang='lat' dir='ltr'><strong>Caelestinus</strong></span> <span class='ocrx_word' id='word_1_928' title='bbox 3624 5560 3756 5599; x_wconf 90' lang='lat' dir='ltr'><strong>con-</strong></span> 
     </span>
    </p>
   </div>
   <div class='ocr_carea' id='block_1_131' title="bbox 2179 5605 3758 5684">
    <p class='ocr_par' dir='ltr' id='par_1_131' title="bbox 2179 5605 3758 5684">
     <span class='ocr_line' id='line_1_131' title="bbox 2179 5605 3758 5684; baseline 0.006 -25"><span class='ocrx_word' id='word_1_929' title='bbox 2179 5605 2377 5684; x_wconf 84' lang='lat' dir='ltr'><strong>firmat.</strong></span> <span class='ocrx_word' id='word_1_930' title='bbox 2426 5609 2756 5684; x_wconf 67' lang='lat' dir='ltr'><strong>Yerutnillic</strong></span> <span class='ocrx_word' id='word_1_931' title='bbox 2781 5629 2900 5667; x_wconf 87' lang='lat' dir='ltr'><strong>cum</strong></span> <span class='ocrx_word' id='word_1_932' title='bbox 2930 5630 2996 5669; x_wconf 87' lang='lat' dir='ltr'><strong>ne</strong></span> <span class='ocrx_word' id='word_1_933' title='bbox 3025 5605 3294 5671; x_wconf 82' lang='lat' dir='ltr'><strong>biennium</strong></span> <span class='ocrx_word' id='word_1_934' title='bbox 3338 5617 3554 5684; x_wconf 89' lang='lat' dir='ltr'><strong>quidem</strong></span> <span class='ocrx_word' id='word_1_935' title='bbox 3591 5624 3758 5669; x_wconf 82' lang='lat' dir='ltr'><strong>totum</strong></span> 
     </span>
    </p>
   </div>
   <div class='ocr_carea' id='block_1_132' title="bbox 2179 5682 3754 5760">
    <p class='ocr_par' dir='ltr' id='par_1_132' title="bbox 2179 5682 3754 5760">
     <span class='ocr_line' id='line_1_132' title="bbox 2179 5682 3754 5760; baseline 0.005 -29"><span class='ocrx_word' id='word_1_936' title='bbox 2179 5682 2423 5760; x_wconf 61' lang='lat' dir='ltr'><strong>exegisse</strong></span> <span class='ocrx_word' id='word_1_937' title='bbox 2463 5682 2512 5760; x_wconf 84' lang='lat' dir='ltr'><strong>in</strong></span> <span class='ocrx_word' id='word_1_938' title='bbox 2552 5683 2830 5760; x_wconf 75' lang='lat' dir='ltr'><strong>epistolam</strong></span> <span class='ocrx_word' id='word_1_939' title='bbox 2871 5685 2903 5739; x_wconf 85' lang='lat'><strong>6</strong></span> <span class='ocrx_word' id='word_1_940' title='bbox 2941 5685 3090 5757; x_wconf 80' lang='lat' dir='ltr'><strong>Xysti</strong></span> <span class='ocrx_word' id='word_1_941' title='bbox 3134 5685 3200 5742; x_wconf 87' lang='lat' dir='ltr'><strong>lll</strong></span> <span class='ocrx_word' id='word_1_942' title='bbox 3242 5682 3512 5756; x_wconf 83' lang='lat' dir='ltr'><strong>probaturi</strong></span> <span class='ocrx_word' id='word_1_943' title='bbox 3554 5699 3754 5744; x_wconf 79' lang='lat' dir='ltr'><strong>sumus.</strong></span> 
     </span>
    </p>
   </div>
   <div class='ocr_carea' id='block_1_133' title="bbox 2179 5747 3311 5826">
    <p class='ocr_par' dir='ltr' id='par_1_133' title="bbox 2179 5747 3311 5826">
     <span class='ocr_line' id='line_1_133' title="bbox 2179 5747 3311 5826; baseline 0.008 -24"><span class='ocrx_word' id='word_1_944' title='bbox 2179 5747 2393 5804; x_wconf 82' lang='lat' dir='ltr'><strong>Variam</strong></span> <span class='ocrx_word' id='word_1_945' title='bbox 2416 5747 2608 5807; x_wconf 83' lang='lat' dir='ltr'><strong>exinde</strong></span> <span class='ocrx_word' id='word_1_946' title='bbox 2635 5751 2902 5809; x_wconf 87' lang='lat' dir='ltr'><strong>fortunam</strong></span> <span class='ocrx_word' id='word_1_947' title='bbox 2930 5747 3183 5826; x_wconf 66' lang='lat' dir='ltr'><strong>expertus</strong></span> <span class='ocrx_word' id='word_1_948' title='bbox 3210 5747 3311 5815; x_wconf 72' lang='lat' dir='ltr'><strong>est.</strong></span> 
     </span>
    </p>
   </div>
  </div>
