3982 6182
113 239 187 302 5H
668 243 887 299 EPIST.
933 242 1094 296 XXII.
1137 238 1530 296 C(ELESTINI
1570 235 1774 292 ΡΑΡιΕ
1815 239 1906 292 AD
1944 238 2271 296 SYNODUM
2312 239 2732 298 EPHESINAM.

3245 253 3351 310 542

114 371 402 430 lacullatem.
432 367 782 432 Innocentum
829 363 1052 418 exitium
1081 372 1164 418 est
1205 362 1347 417 istud
1377 361 1654 417 exsilium.
1685 359 1738 415 Α
1761 360 1971 416 actibus
2014 362 2210 419 vestris
2238 379 2423 436 quaeso
2469 367 2797 433 respondeat
2822 411 2836 432 ,
2864 371 2986 439 quia
3015 371 3272 430 nolumus
3300 377 3351 430 in

113 447 415 532 IASpiciamus
444 459 750 532 diligentius
773 454 897 523 quid
921 456 1030 510 illic
1060 463 1279 524 possent
1302 469 1513 523 parere,
1539 468 1660 522 quae

117 558 203 612 illic
223 565 337 611 sunt
363 562 485 610 ante
511 561 792 619 concepta.
826 548 942 605 Non
969 559 1052 604 est
1082 549 1238 604 nobis
1269 547 1495 602 suadere
1524 546 1664 601 ditii-

115 653 213 705 cile.
260 650 310 703 ln
337 649 501 704 oculis
529 657 609 702 est
637 645 883 716 ejusdem
935 643 1172 699 civitatis
1222 643 1457 697 Ecclesia
1485 687 1498 708 ,
1542 656 1663 711 quae

117 757 192 812 per
217 745 349 797 hunc
371 751 402 780 ι
420 741 650 811 perdidit
672 738 1015 794 sacerdotem
1045 736 1124 804 (et
1145 745 1326 791 tamen
1355 736 1664 790 laboramus

116 835 368 890 advertere
395 836 513 903 quis
555 834 640 890 cui
686 833 845 886 fuerit
875 844 1036 884 causa
1070 829 1325 897 peccati),
1368 829 1469 883 nisi
1501 829 1661 894 forte,

116 929 234 993 quod
263 945 352 994 pro
386 929 566 998 quiete
611 926 974 982 Eeclesiarum
1012 924 1261 988 dicimus,
1293 923 1576 991 deceptum
1605 936 1665 976 se

116 1020 189 1074 ille
213 1021 552 1088 demonstret,
586 1016 892 1075 deserendo
916 1015 1257 1072 damnatum.
1278 1011 1385 1070 Sed
1413 1014 1533 1083 quis
1556 1013 1665 1068 illic

115 1124 269 1180 speret
297 1113 524 1182 aliquem
575 1125 732 1179 posse
776 1110 1082 1180 corrigere,
1131 1109 1225 1163 ubi
1255 1122 1436 1162 arcem
1477 1116 1666 1162 tenere

115 1209 270 1262 videat
297 1207 657 1278 perversitatis
678 1214 956 1260 auctorem
979 1247 992 1269 ,
1025 1204 1114 1258 ubi
1148 1203 1360 1258 colatur
1393 1201 1461 1256 ab
1494 1201 1666 1256 omni-

113 1301 192 1356 bus
212 1301 510 1356 exsulatus?
531 1300 713 1370 Magna
735 1298 847 1354 illic
868 1304 971 1359 est.
987 1295 1130 1365 quod
1152 1295 1393 1362 lugentes
1414 1293 1662 1359 dicimus,

113 1393 388 1458 desperatio
430 1392 679 1450 sanitatis
703 1433 719 1455 ,
750 1390 845 1446 ubi
867 1433 882 1453 ,
917 1389 1056 1443 sicut
1086 1387 1247 1443 Isaias
1289 1387 1420 1444 dicit
1453 1402 1469 1442 :
1506 1385 1670 1440 Omne

113 1495 242 1554 caput
280 1486 330 1539 in
361 1486 539 1538 dolore
561 1527 576 1547 ,
623 1492 676 1536 et
717 1498 866 1537 omne
893 1497 982 1535 cor
1015 1480 1068 1532 in
1115 1479 1354 1533 mtestitia
1391 1495 1423 1530 a
1454 1477 1668 1544 pedibus

112 1595 244 1646 usque
269 1579 334 1633 ad
366 1587 521 1644 caput
563 1575 698 1648 (Isa.
729 1591 768 1636 ι,
795 1575 848 1636 5.
878 1573 955 1646 6).
1001 1573 1224 1640 Quando
1265 1571 1334 1624 ibi
1366 1570 1668 1625 membrum

109 1670 293 1740 aliquod
340 1671 541 1726 habere
567 1669 764 1740 poterit
794 1682 944 1736 spem
977 1666 1182 1731 salutis,
1208 1667 1296 1720 ubi
1339 1665 1670 1734 periclitatur

110 1767 330 1834 corporis
349 1774 458 1819 tota
480 1764 771 1830 compago?
795 1762 1099 1824 Elaborate.
1123 1759 1319 1815 fratres
1335 1759 1662 1824 ebarissimi,
1701 1734 1744 1792 Β

110 1857 360 1913 elaborate
391 1857 635 1914 obsecro.
663 1863 720 1909 ut
747 1869 871 1910 vere
898 1854 1114 1908 tollatur
1138 1853 1204 1907 dc
1230 1851 1409 1906 medio
1429 1861 1664 1905 vestrum

111 1949 174 2014 qui
195 1949 299 2003 hoc
331 1963 468 2016 opus
498 1949 621 2002 fecit
657 1947 695 2018 (1
720 1946 838 2000 Cor.
871 1963 923 2010 v,
963 1945 1043 2012 ἓ).
1075 1946 1199 2000 Sola
1227 1945 1383 1999 decet
1411 1944 1545 1999 tales
1574 1946 1658 1998 ho-

110 2043 252 2098 mines
299 2044 553 2099 solitudo.
606 2041 700 2098 Ubi
748 2043 891 2097 enim
940 2041 1101 2096 debet
1127 2042 1218 2096 hic
1247 2040 1496 2095 invenire
1522 2040 1668 2094 sola-

109 2134 232 2200 tium,
263 2137 353 2202 qui
384 2136 464 2196 sic
493 2135 739 2189 tractavit
769 2134 970 2201 ubique
999 2133 1350 2202 regnantem?

161 2227 206 2282 6.
245 2227 471 2283 Peracta
495 2235 578 2282 est
597 2241 626 2281 a
648 2226 800 2282 vobis
822 2226 984 2280 totius
1007 2239 1214 2280 summa
1240 2224 1437 2292 negotii
1469 2243 1482 2279 :
1510 2241 1670 2296 agen-

105 2318 204 2373 dum
234 2335 373 2375 nunc
402 2329 487 2376 est
519 2318 660 2389 quod
685 2319 852 2373 instat
878 2325 931 2371 et
963 2326 1148 2382 restat,
1179 2332 1246 2374 ne
1275 2317 1345 2372 sit
1367 2319 1416 2372 in
1443 2333 1668 2373 vacuum

104 2409 398 2467 laboratum.
466 2411 701 2481 Longius
749 2409 965 2480 quidem
1007 2425 1192 2465 sumus
1236 2411 1416 2478 positi,
1449 2411 1542 2465 sed
1577 2427 1672 2478 per

102 2503 493 2562 sollicitudinem
519 2511 687 2556 totum
721 2502 936 2569 propius
965 2500 1257 2555 intuemur.
1288 2501 1488 2556 Omnes
1511 2501 1674 2557 habet

102 2591 218 2650 beati
265 2596 407 2652 Petri
461 2593 690 2664 apostoli
723 2605 852 2646 cura
882 2599 1174 2659 praesentes
1198 2634 1214 2658 ,
1261 2607 1364 2645 non
1406 2608 1506 2647 nos
1546 2603 1672 2648 ante

101 2686 241 2745 Deum
269 2698 520 2745 nostrum
562 2686 629 2742 de
658 2686 762 2742 hoc
793 2700 1080 2754 possumus
1111 2699 1368 2740 excursare
1397 2687 1538 2754 quod
1568 2688 1672 2740 sci-

101 2795 214 2837 mus.
243 2782 374 2837 Nam
418 2796 746 2852 quamquam
798 2778 914 2834 hzec
955 2795 1076 2850 qua:
1113 2779 1387 2849 loquimur
1413 2782 1670 2836 sanctitas

99 2884 247 2930 vestra
278 2874 546 2940 tacuerit,
581 2872 897 2944 agnovimus
926 2881 1106 2928 tamen
1147 2875 1328 2928 omnia
1360 2873 1670 2944 diligentius

99 2968 431 3035 requirentes.
484 2967 672 3022 Tantae
705 2967 866 3036 igitur
904 2981 1080 3022 causa?
1124 2966 1246 3021 finis
1285 2967 1373 3036 qui
1419 2973 1670 3035 superest

1763 450 1980 508 modico
1999 468 2095 508 vos
2117 454 2327 519 deesse,
2353 458 2441 526 qui
2471 461 2706 514 maxima
2737 464 3041 534 peregistis.
3070 465 3356 536 Adjutorio

1764 544 1904 614 apud
1936 561 2091 617 reges
2120 556 2279 604 tet-rte
2305 550 2389 605 his
2416 561 2590 607 estote
2620 570 2740 624 quae
2770 559 3108 632 scripsimus.
3148 561 3360 638 Norunt

1765 637 1822 694 et
1871 640 1969 708 ipsi
2020 641 2146 712 quid
2194 645 2306 697 suis
2348 644 2581 702 debeant
2629 661 2887 716 praastare
2925 651 2954 691 ι)
2995 637 3353 727 temporibus,

1769 731 1948 822 sciunt
1993 733 2136 804 quod
2182 735 2464 806 catholica:
2515 740 2634 795 tidei
2669 740 3017 802 fundamento
3059 763 3152 804 sua
3192 767 3356 822 regna

1770 821 2088 877 subsistant.
2141 824 2278 879 Pura
2313 828 2380 880 ab
2419 827 2726 887 heredibus
2769 837 2971 891 sanctis
3019 821 3268 906 paternae,
3306 853 3360 898 et

1769 915 1928 970 avitas
1958 917 2294 974 credulitatis
2321 914 2458 977 vena
2487 936 2760 993 servatur,
2793 929 2911 983 ﬂuit
2940 930 3008 986 ab
3040 932 3145 986 illis
3182 935 3362 992 incor-

1767 1021 1926 1080 rupta
1957 1028 2054 1082 per
2084 1023 2361 1082 posteros,
2393 1033 2490 1073 nec
2520 1018 2660 1076 hanc
2691 1021 2744 1078 in
2775 1022 2860 1078 his
2885 1025 3079 1092 aliquis
3107 1043 3358 1102 umquam

1768 1104 1930 1170 limus
1951 1105 2152 1162 infecit.
2178 1107 2420 1164 Custodit
2449 1110 2613 1166 fontis
2640 1123 2662 1151 ο
2691 1115 2774 1169 sui
2798 1102 2972 1172 fidelis
2996 1133 3186 1176 cursus
3207 1137 3339 1177 exor

1771 1197 1943 1268 dium,
1978 1215 2099 1260 cum
2132 1200 2187 1256 id
2225 1202 2368 1272 quod
2399 1205 2450 1258 in
2483 1205 2690 1276 origine
2723 1218 3000 1279 acceptum
3040 1222 3124 1268 est
3152 1213 3364 1272 videtur

1773 1293 1828 1348 in
1854 1294 2024 1362 prole.

1844 1385 1898 1440 7.
1939 1383 2138 1441 Canem
2171 1398 2228 1441 et
2266 1390 2573 1456 operarium
2607 1393 2804 1448 malum
2839 1395 3044 1463 pariter
3071 1413 3364 1467 persequa-

1773 1492 1916 1531 mur.
1962 1477 2146 1533 Facite
2189 1489 2513 1548 przesentes,
2563 1484 2707 1553 quod
2755 1485 3038 1543 hortamur
3088 1491 3362 1547 absentes.

1773 1567 1906 1628 Nam
1947 1587 2068 1626 cum
2101 1573 2241 1628 hanc
2285 1591 2472 1630 curam
2511 1579 2842 1647 generaliter
2871 1583 3124 1637 omnibus
3164 1585 3364 1641 debea-

1775 1679 1920 1731 mus,
1943 1664 2216 1735 prtecipue
2245 1675 2423 1721 tamen
2456 1683 2554 1732 nos
2577 1672 2830 1727 convenit
2853 1676 3248 1734 Antioebeuisd
3275 1695 3385 1747 pe-.

1773 1760 2134 1813 rielitantibus
2153 1761 2472 1826 subvenire,
2495 1776 2631 1829 quos
2656 1765 2880 1831 pestifer
2896 1769 3118 1826 morbus
3132 1772 3364 1829 obsedit.

1774 1849 2133 1904 Absolvamus
2156 1850 2334 1905 modis
2368 1861 2391 1889 ο
2419 1852 2620 1906 talibus
2651 1854 2950 1922 civitatem,
2984 1859 3036 1914 in
3067 1876 3196 1931 qua,
3229 1863 3370 1919 sicut

1775 1943 1942 1999 Actus
1977 1944 2358 2010 Apostolorum
2387 1945 2707 2016 loquuntur,
2751 1947 2926 2003 dictos
2956 1952 3190 2019 primum
3236 1955 3370 2026 legi-

1776 2051 1896 2090 mus
1925 2035 2267 2090 Christianos
2295 2037 2448 2108 (Act.
2485 2053 2557 2104 χι,
2597 2036 2721 2106 26).
2755 2036 2775 2077 ί
2808 2039 3072 2097 Omnibus
3106 2059 3234 2115 ergo
3261 2047 3369 2102 vir-

1775 2134 1942 2183 tutem
1995 2123 2348 2198 praestemus,
2406 2129 2602 2198 quibus
2676 2131 2974 2189 secundum
3044 2135 3366 2208 religionem

1773 2219 1970 2275 debere
2018 2236 2115 2276 nos
2161 2222 2409 2277 novimus
2455 2222 2597 2294 quod
2647 2237 2933 2279 vocamur.
2987 2225 3140 2282 Hanc
3184 2237 3366 2286 autem

1775 2313 2199 2370 sollicitudinem
2266 2324 2507 2370 nostram
2558 2326 2859 2386 praesentes
2909 2319 3207 2388 probarunt
3257 2323 3370 2378 Deo

1777 2408 2037 2464 amabiles
2065 2409 2158 2462 lilii
2177 2416 2232 2462 et
2250 2407 2551 2463 charissimi
2574 2419 2735 2479 atque
2762 2411 2958 2466 animis
2981 2413 3185 2471 nostris
3210 2431 3370 2471 acce-

1775 2502 2006 2570 ptissimi
2054 2500 2290 2556 Joannes
2340 2503 2627 2573 presbyter
2663 2514 2716 2559 et
2756 2506 3036 2576 Epictetus
3071 2508 3366 2577 diaconus,

1775 2609 1913 2665 quos
1939 2609 2187 2650 reversos
2210 2593 2275 2649 ad
2305 2610 2402 2650 vos
2432 2595 2691 2650 festinato
2718 2599 3054 2666 remisimus,
3083 2602 3372 2660 sollicitius

1779 2685 1882 2740 hoc
1906 2695 2133 2754 agentes
2163 2727 2178 2749 ,
2224 2693 2286 2739 ut
2310 2701 2448 2756 quos
2493 2687 2686 2743 diebus
2725 2688 3024 2746 Dominicae
3072 2695 3371 2749 nativitatis

1772 2781 2102 2846 accepimus,
2133 2780 2559 2836 resurrectionis
2584 2780 2880 2837 Dominicte
2908 2791 3154 2853 tempore
3184 2796 3209 2834 ε
3241 2788 3369 2842 red-

1775 2872 2050 2928 deremus.

1843 2965 1899 3021 8.
1941 2965 2017 3020 De
2047 2964 2131 3021 his
2157 2972 2338 3020 autem
2370 2965 2460 3033 qui
2485 2981 2607 3022 cum
2633 2964 2890 3022 Nestorio
2917 2967 3173 3024 videntur
3193 2965 3222 3006 δ
3251 2971 3372 3040 pari

152 3087 173 3114 ⁸
212 3080 366 3148 Apud
397 3080 624 3139 Baron.,
660 3077 1002 3148 periittquod
1038 3085 1092 3148 et
1120 3076 1254 3148 Lab.
1289 3085 1418 3130 tom.
1446 3076 1513 3129 ΙΙΙ
1538 3090 1668 3148 pag.
1701 3069 1747 3132 C
1777 3093 1909 3131 esse.
1940 3075 2318 3148 Tillemontius
2351 3087 2483 3131 tom.
2511 3076 2629 3131 XIV
2652 3091 2781 3148 pag.
2814 3078 2920 3135 498
2951 3079 3067 3134 hmo
3093 3079 3374 3140 leestini

101 3146 210 3201 1070
235 3141 403 3205 malle
443 3164 502 3202 se
542 3155 781 3210 annotat.
817 3141 1174 3200 Retinendum
1200 3141 1377 3199 iamen
1421 3145 1668 3210 perdidit.

99 3213 417 3274 Antiocltena
463 3217 580 3268 scil.
623 3209 860 3270 Ecclesia
895 3231 988 3281 per
1026 3214 1330 3270 Nestorium
1374 3213 1673 3282 perdidisse

97 3287 267 3345 dicitur
289 3288 607 3352 episcopum
627 3299 783 3340 suum
807 3285 1094 3350 Joannem,
1119 3287 1260 3353 quod
1283 3285 1460 3339 eidem
1485 3286 1676 3340 Nesto-

97 3361 159 3412 rio
181 3357 526 3423 pertinacius
550 3356 970 3418 adbzereseeret.
1002 3357 1236 3410 nondum
1264 3357 1479 3422 quidem
1508 3358 1673 3424 depo-

96 3431 259 3498 situm,
289 3430 388 3484 sed
425 3445 454 3482 a
485 3428 869 3482 communione
919 3427 1179 3481 Ecclesiae
1220 3429 1565 3487 subtuotum.
1609 3445 1671 3483 ac

97 3511 216 3560 certe
245 3500 634 3567 deponendum
654 3540 666 3558 ,
706 3499 806 3567 nisi
831 3499 1142 3552 damnatum
1181 3498 1485 3554 Nestorium
1516 3499 1672 3556 dese-

99 3571 262 3634 rendo,
285 3565 411 3626 sese
435 3572 718 3635 deceptum
743 3565 1096 3624 demonstret.

151 3641 175 3679 ι)
202 3641 442 3712 Βθδνῐεὶι
464 3642 793 3698 Ctelestinus
815 3641 881 3695 ad
903 3641 1288 3712 imperatorum
1314 3654 1546 3698 sacram.
1568 3645 1669 3711 qua

100 3713 305 3794 episcopi
318 3711 392 3795 ad
422 3713 748 3795 Ephesinam
771 3712 1033 3795 synodum
1059 3713 1234 3795 voc-ali
1261 3711 1672 3795 fiterantzll-anc

101 3785 267 3851 quippe
313 3787 380 3840 ab
424 3785 513 3840 his
560 3782 814 3849 auspicati
864 3783 1047 3855 verbis
1086 3800 1099 3836 :
1141 3782 1396 3837 Pendetia
1426 3784 1675 3855 religione

100 3867 180 3912 tua
206 3855 335 3910 Deus
378 3855 571 3910 colitur
598 3862 787 3908 nostra:
823 3853 1119 3920 reipublicae
1165 3864 1333 3908 status
1360 3899 1373 3917 ,
1425 3855 1504 3909 sic
1525 3853 1676 3921 'post

101 3934 237 3996 pauca
283 3936 685 3994 prosequuntur
727 3943 740 3978 :
785 3925 912 3978 Ante
936 3925 1109 3977 omnia
1147 3942 1354 3996 operam
1396 3925 1580 3980 damus
1620 3934 1672 3978 ut

101 3995 446 4059 ecclesiasticus
474 3993 639 4050 status
677 3995 932 4065 ejusmodi
963 3996 1055 4062 sit,
1091 3993 1252 4063 quiet
1285 3995 1443 4050 Deum
1476 3999 1668 4061 deceat,

102 4073 136 4113 et
155 4068 456 4138 temporibus
478 4071 664 4120 nostris
693 4083 841 4134 quam
875 4068 1092 4119 maxime
1121 4077 1394 4133 congruat,
1439 4067 1674 4131 idemque

103 4147 151 4184 οι
175 4139 384 4192 omnium
417 4138 702 4191 concordia
727 4148 772 4192 et
794 4137 1124 4191 consensione
1151 4155 1295 4191 suam
1327 4137 1672 4209 tranquillita-

104 4210 182 4256 tem
206 4209 451 4272 obtineat.

163 4285 180 4314 °
221 4278 404 4336 Baron.
445 4293 510 4333 ac
527 4278 657 4334 Lab.
689 4286 820 4332 tom.
845 4277 890 4332 Π
915 4296 928 4332 :
962 4276 1134 4332 Fortis
1156 4279 1239 4332 cui
1260 4279 1428 4343 ﬁdelis
1449 4289 1524 4332 est
1552 4296 1672 4333 cur-

107 4358 194 4416 ξκδ.
223 4347 284 4404 At
303 4351 444 4408 Lab.
473 4360 603 4404 tom.
630 4347 696 4404 111
720 4350 990 4404 revocavit
1017 4351 1115 4415 sui,
1140 4349 1280 4416 quod
1304 4349 1667 4405 retinendum.

1777 3148 1916 3219 dicta
1952 3146 2144 3219 referri
2181 3162 2356 3219 posse
2366 3157 2555 3219 censet
2599 3147 2840 3219 adeam
2868 3149 3128 3219 synodum
3177 3152 3230 3206 in
3265 3169 3373 3219 qua

1777 3215 2050 3271 Himerius
2100 3216 2462 3288 Nicomediae,
2513 3217 2783 3271 llelladius
2830 3215 3023 3288 'I‘a'rsi,
3083 3215 3372 3279 Eutherius

1774 3288 2084 3360 Tyanorutn
2114 3287 2504 3360 etinorotheus
2548 3288 2965 3351 Marcianopolis
2990 3287 3238 3358 episcopi
3267 3293 3368 3350 de-

1778 3359 1936 3432 positi
1966 3366 2111 3432 sunt.
2146 3359 2218 3432 Et
2240 3374 2300 3412 ea
2329 3359 2550 3432 quidem
2573 3360 2624 3415 in
2651 3359 2864 3428 synodo
2890 3362 3066 3432 inqua
3093 3365 3371 3422 Maximia-

1777 3447 1878 3506 nus
1896 3429 1951 3506 in
1976 3429 2151 3483 locum
2176 3429 2409 3506 Nestorii
2438 3431 2692 3506 suffectus
2717 3441 2886 3506 esteo
2906 3429 3065 3489 modo
3095 3451 3203 3506 quo
3227 3437 3368 3506 apud

1774 3502 2053 3556 Baluzium
2081 3515 2201 3575 nov.
2232 3500 2361 3556 coll.
2384 3503 2582 3575 concil.
2604 3517 2722 3570 pag.
2749 3503 2846 3558 581
2881 3507 3063 3568 paucis
3091 3500 3364 3575 narratur,

1773 3580 2007 3634 quatuor
2055 3571 2343 3638 episcopos
2383 3571 2508 3626 illos
2543 3572 2817 3642 depositos
2866 3577 3027 3633 fuisse
3070 3571 3368 3636 Garnerius

1775 3643 1829 3719 in
1874 3643 2002 3695 Mar.
2029 3642 2263 3719 _Mer_cat.
2303 3653 2437 3719 part.
2471 3659 2656 3719 u__p_ag.
2689 3643 2822 3719 557‘,
2867 3661 2964 3716 pro
2999 3661 3152 3705 certo
3195 3652 3364 3719 ponit.

1774 3713 2010 3792 iterum:
2029 3713 2201 3792 in-quit
2227 3711 2476 3792 laudatus
2498 3711 2881 3792 Tillemoutius'
2907 3718 3024 3792 loco
3047 3711 3211 3792 citam
3242 3738 3364 3792 pag.

1775 3785 1897 3845 497,
1957 3783 2310 3838 Maximianus
2357 3784 2716 3838 ordinationis
2754 3787 2866 3836 suae
2907 3786 3111 3841 indices
3157 3783 3368 3848 litteras

1775 3856 1840 3910 ad
1891 3854 2190 3908 llelladium
2248 3855 2462 3911 misisse
2503 3856 2556 3908 in
2593 3853 2854 3921 synodico
2901 3857 3037 3917 apud
3094 3857 3366 3914 Balnzium

1777 3943 1903 3982 nov.
1937 3927 2061 3979 coll.
2097 3923 2290 3979 concil.
2327 3939 2444 3994 cap.
2480 3925 2548 3981 48
2578 3936 2627 3979 et
2661 3923 2752 3986 49,
2790 3939 2906 3995 pag.
2938 3926 3042 3990 752
3071 3936 3122 3981 et
3149 3927 3254 3980 753
3292 3930 3367 3983 le-

1773 3997 1938 4063 gitur,
1972 4013 2036 4051 ac
2065 4003 2326 4066 repugnat
2350 4013 2472 4053 eum
2501 3996 2738 4065 episcopi
2767 4012 2925 4066 quem
2952 3996 3018 4053 ab
3038 3997 3366 4053 ordinatori-

1775 4068 1874 4121 bus
1900 4068 2007 4120 sui:
2041 4067 2346 4136 depositum
2376 4069 2561 4132 sciret,
2585 4067 3018 4123 communionem
3048 4068 3363 4136 expetiisse.

1776 4139 1880 4194 Sed
1911 4138 2078 4193 outeri
2110 4139 2344 4192 vicissim
2378 4147 2553 4206 potest
2577 4155 2643 4193 an
2667 4141 3099 4195 communionem
3124 4141 3365 4205 expetie-

1775 4211 1846 4264 rit
1875 4210 2116 4281 episcopi
2149 4225 2302 4276 quem
2334 4207 2624 4277 Ephesium
2655 4211 2844 4281 synodi
2890 4212 3157 4267 sententia
3189 4222 3294 4268 act.
3332 4213 3366 4269 5

1775 4281 1900 4340 lata.
1935 4279 1988 4334 et
2014 4291 2114 4334 aet.
2153 4281 2184 4333 7
2217 4282 2461 4345 repetita,
2494 4279 2876 4336 communione
2917 4283 3279 4336 ecclesiastica
3310 4291 3365 4339 et

1774 4352 1919 4405 omni
1948 4351 2264 4405 sacerdotali
2294 4361 2558 4419 potestate
2588 4354 2850 4417 privatum
2881 4361 3084 4407 nosset.
3118 4357 3193 4405 An
3228 4352 3365 4409 forte

108 4411 210 4471 'th
233 4433 378 4478 antea
407 4466 426 4484 ,
473 4422 592 4504 loco
632 4421 779 4504 fortis
803 4411 1127 4504 .__lettendum
1161 4411 1486 4504 'esse‘fontis
1517 4423 1670 4476 nobis
1705 4448 1748 4504 ι)
1777 4419 2018 4476 Helladio
2042 4422 2226 4477 aliisve
2253 4411 2341 4504 qui
2375 4438 2503 4504 cu‘m'
2525 4411 2731 4504 Joanne
2763 4422 3108 4504 Antiocheno
3131 4426 3363 4504 praesule

107 4497 380 4560 persuasum
406 4501 530 4552 est,
567 4492 666 4546 hac
696 4490 949 4545 videlicet
977 4493 1183 4546 ratione
1217 4509 1226 4544 :
1264 4489 1461 4546 Fidelis
1489 4509 1671 4546 cvrsus

107 4555 289 4629 Custodit
320 4563 482 4629 fontis
504 4565 585 4616 sui
611 4561 897 4615 exordium.

160 4621 186 4666 δ
220 4621 367 4694 Editi.
399 4631 882 4701 praecipitantibus;
911 4633 1258 4700 corriguntur
1291 4648 1357 4687 ex
1387 4647 1487 4686 ms.
1513 4631 1663 4688 Colb.

166 4709 185 4736 °
222 4703 368 4771 Apud
402 4704 568 4769 ιλιι,
602 4703 767 4758 modis
795 4704 1048 4758 omnibus.
1103 4701 1501 4762 l’rmferendurp
1542 4719 1665 4759 cum

108 4765 303 4832 Baronio
334 4787 387 4836 et
416 4791 527 4834 ms.
555 4765 734 4835 Colb..
768 4774 933 4828 modis
961 4774 1171 4837 talibus,
1203 4775 1306 4826 hoc
1334 4782 1439 4837 est,
1473 4772 1666 4828 Nesto-

107 4838 406 4918 rium_totius
437 4847 560 4918 mali
595 4855 758 4912 caput
790 4845 974 4918 procul
1011 4843 1329 4918 ablegando.
1368 4844 1560 4918 Quanti
1588 4845 1664 4918 fa-

105 4913 264 4969 cienda
291 4925 344 4972 et
366 4915 513 4974 unde
534 4914 912 4982 commendata
935 4917 1004 4970 sit
1025 4913 1360 4972 Antiochena
1391 4915 1660 4981 Ecclesia,

108 4982 268 5055 eadem
293 4989 499 5042 ratione
533 4987 882 5041 innocentius
911 4987 1074 5053 epist.
1104 4987 1173 5041 24
1205 5003 1260 5042 n.
1296 4984 1318 5039 1
1349 4985 1608 5055 explicat.

168 5051 183 5088 ί
221 5054 393 5122 Forte,
419 5060 730 5114 hominibus.

165 5124 536 5198 “‘Computato
586 5126 840 5198 videlicet
886 5138 1132 5198 tempore
1179 5126 1320 5197 quod
1371 5127 1424 5182 in
1466 5125 1664 5185 itinere

107 5196 407 5266 conﬁciendo
436 5197 812 5266 consumpturi
844 5196 1021 5254 erant.

141 5260 185 5340 ,δ
223 5267 494 5336 Batonius,
525 5260 684 5336 quem
707 5281 755 5324 et
783 5270 914 5340 Labg.
947 5279 1076 5340 tom.
1102 5266 1146 5324 11
1177 5267 1442 5340 sequitur,
1477 5285 1660 5340 parum

109 5337 175 5408 pie
199 5341 512 5396 consensisse.
547 5341 670 5396 Mox
712 5341 858 5393 solus
890 5337 1020 5394 Lab.
1063 5347 1194 5394 tom.
1233 5339 1298 5395 111
1329 5355 1425 5408 pro
1454 5339 1659 5395 sceleri-

110 5397 199 5480 ἥξω.
230 5408 495 5464 substituit
518 5412 744 5465 sceleris.
773 5412 890 5474 Quo
914 5411 1026 5464 btec
1049 5397 1340 5475 attineant;
1366 5410 1506 5465 inter
1533 5426 1656 5466 eru-

110 5467 225 5548 lefts
281 5482 718 5536 contravertitur.
771 5467 869 5537 llic
923 5481 1170 5536 nonnulli
1235 5467 1405 5536 notari
1467 5489 1658 5548 putant

113 5536 335 5608 Epltesini
377 5551 586 5606 concilii
635 5536 896 5608 canonem
929 5551 962 5604 4
1002 5567 1110 5620 quo
1139 5553 1394 5604 st-uuitur
1429 5570 1440 5603 :
1471 5536 1540 5606 'Si
1569 5554 1656 5619 qui

112 5626 250 5693 autem
267 5622 570 5693 clericorum
599 5625 905 5693 defecerint,
938 5632 984 5676 et
1017 5624 1130 5676 ausi
1166 5623 1353 5689 fuerint
1382 5624 1459 5676 vel
1490 5625 1658 5687 priva-

64 5751 70 5759 .
114 5686 186 5770 {ita
208 5690 276 5770 uel
300 5691 492 5758 publice
516 5711 629 5765 quae
658 5686 775 5749 sunt
807 5693 1037 5770 Nestorii
1069 5686 1407 5747 attt'Ctelestii
1428 5686 1653 5770 sapere,

112 5763 333 5815 “licitum
375 5776 446 5820 est
475 5763 715 5823 a'sancta
758 5766 956 5829 modo
999 5766 1120 5820 istos
1164 5780 1363 5828 quoque
1403 5763 1658 5826 depositas

1775 4502 2160 4552 convenerant,
2213 4489 2378 4544 allata
2413 4492 2525 4562 fuit
2573 4489 2883 4562 Maximiani
2924 4493 3191 4562 synodica,
3235 4504 3290 4547 ut
3320 4495 3364 4556 si

1777 4563 1920 4630 illam
1964 4564 2331 4630 susciperent,
2385 4561 2619 4630 Nestorii,
2660 4561 3052 4628 depositionem
3081 4575 3133 4619 et
3161 4563 3359 4628 (πήρη

1773 4627 1892 4700 qua:
1924 4635 1974 4696 in
2008 4627 2283 4703 Ephesino
2327 4627 2556 4703 concilio
2569 4701 2572 4703 Α
2601 4627 2826 4703 fuissent
2855 4629 3001 4702 g'esta
3044 4637 3270 4703 probare
3302 4637 3364 4703 ac

1771 4697 2481 4781 ἑιιςςῑᾐθνόζῑξιίῖἰςςιιςρημιν7
2523 4701 2578 4781 S_i
2610 4697 2883 4781 Helladius
2909 4720 2974 4759 ex
3007 4697 3079 4781 et),
3101 4703 3247 4781 quod
3269 4697 3361 4779 syL

1778 4773 2024 4843 nodicam
2058 4773 2369 4843 Maximiani
2419 4774 2690 4843 suscipere
2725 4773 3098 4841 detrectaSSét,
3121 4773 3362 4843 subinde

1769 4833 1837 4900 ab
1859 4841 2166 4918 episcopatu
2188 4851 2526 4918 amotusest.
2554 4833 2784 4918 necdum
2811 4845 2912 4899 hoc
2939 4833 3141 4918 rescire
3169 4833 3361 4916 ponte:

1770 4916 2224 4989 ratCtelestinus,
2259 4930 2380 4968 cum
2405 4913 2544 4989 lianc
2584 4913 2867 4989 epistolam
2906 4915 3138 4989 scripsit‘,
3174 4913 3362 4989 utpote.

1769 4987 1833 5042 iis
1863 4988 1994 5060 ipsis
2038 4985 2309 5060 redditam
2331 4987 2415 5060 qui
2445 4986 2687 5040 eamdem
2720 4984 3023 5060 Margiutiani
3047 4984 3360 5060 synodicam

1767 5059 2086 5129 attulerant.
2109 5056 2251 5129 Nihil
2296 5055 2457 5122 igitur
2505 5064 2708 5129 restat,
2735 5055 2836 5129 nisi
2863 5065 2929 5129 ut
2970 5055 3181 5129 eos'qui
3220 5061 3359 5116 Cou-

1766 5128 2110 5196 svtantinopoli
2149 5127 2214 5182 ad
2247 5128 2607 5182 ordinandum
2660 5125 3036 5182 Maximianum
3091 5125 3359 5185 convene-

1765 5198 2236 5271 rant,iEphesinte
2265 5197 2455 5271 synodi
2486 5198 2863 5271 moderatione
2897 5215 3008 5271 non,
3040 5210 3322 5255 contentos
3343 5243 3357 5270 ,

1765 5270 2094 5324 severiorem
2125 5268 2387 5325 adversus
2415 5269 2645 5323 Nestorii
2677 5268 2856 5324 socios
2885 5284 2948 5323 ac
2972 5268 3208 5326 fautores
3233 5268 3359 5325 seu;

1767 5340 1987 5393 tentiam
2023 5341 2308 5407 protulisse
2330 5349 2668 5404 censeamus,
2696 5355 2799 5408 qua
2831 5339 2939 5393 illis
2969 5342 3129 5396 etiam
3160 5343 3354 5404 resipi~

1764 5410 2040 5464 scentibus
2074 5409 2242 5462 veniae
2270 5424 2393 5479 spes
2430 5409 2785 5479 adimebatur,
2834 5410 2975 5479 quod
3009 5427 3151 5468 nunc
3177 5413 3356 5468 Caele-

1766 5481 1938 5535 stinus
1967 5479 2255 5548 improbat.
2287 5477 2419 5543 Ejus
2447 5487 2621 5533 autem
2665 5477 3023 5537 moderationi
3065 5493 3354 5538 consenta-

1765 5567 1924 5606 neum
1953 5561 2035 5603 est
2063 5548 2352 5604 Theodosii
2379 5549 2446 5604 de
2469 5565 2596 5614 pace
2618 5552 2965 5606 constitutum
2992 5553 3058 5608 ad
3083 5554 3346 5611 Joannem

1769 5623 2020 5695 Antioch.
2062 5621 2305 5695 missum,
2347 5621 2489 5691 quod
2536 5621 2715 5689 legere
2745 5631 2826 5676 est
2869 5639 2924 5678 ιιι
2966 5633 3105 5695 part.
3153 5627 3348 5683 concil.

1766 5692 1964 5764 Ephes.
1999 5708 2047 5748 c.
2078 5691 2160 5748 30.
