3982 6182
532 268 645 325 5ιῦ

1375 267 1773 326 C(ELESTINI
1813 271 1832 327 l
1873 270 2078 359 PAPA‘S
2118 271 2479 329 EPISTOLE
2518 271 2607 328 ΕΤ
2646 273 2988 335 DECRETA.

3708 275 3813 337 αι

529 384 814 455 impietate
853 384 1113 449 sensisse,
1155 391 1317 454 atque
1346 397 1409 439 se
1448 386 1629 439 socios
1659 384 1778 454 ejus
1819 383 2123 440 sceleribus
2150 390 2201 451 Α
2226 384 2373 440 dicto
2399 386 2520 441 loco
2548 386 2738 441 horum
2768 390 2968 444 malum
2997 399 3159 461 caput
3187 400 3242 445 et
3267 404 3433 446 causa
3463 388 3483 431 ί
3513 390 3805 451 autentur.

529 474 876 542 addiderunt,
907 490 1235 546 quamquam
1260 476 1472 547 legatur
1498 476 1550 531 in
1576 492 1672 531 eos
1694 486 1875 532 vestra
1904 485 2126 531 senten-

530 566 625 635 tia,
675 576 856 623 tamen
890 583 988 623 nos
1035 583 1250 638 quoque
1288 568 1637 624 decernimus
1680 570 1827 638 quod
1877 570 2121 625 videtur.

530 662 696 718 Multa
724 661 1098 732 perspicienda
1128 671 1254 717 sunt
1278 664 1329 716 in
1355 662 1552 717 talibus
1574 665 1779 727 causis,
1804 675 1831 701 η
1850 679 1975 733 qua:
1992 678 2127 733 apo-

529 754 721 810 stolica
762 754 920 810 sedes
962 770 1180 823 semper
1207 755 1446 823 aspexit.
1479 754 1635 822 Quod
1670 755 1970 824 loquimur,
2001 754 2126 810 Cm-

532 847 884 902 lestianorum
915 855 1182 903 testantur
1210 847 1463 915 exempla
1488 844 1537 896 ιι.
1585 845 1685 914 Qui
1714 861 1867 915 spem
1896 845 1965 901 de
1991 862 2122 917 syn-

530 938 637 991 odo
683 938 789 993 huc
832 953 1004 1009 usque
1029 949 1349 1009 gesserunt,
1396 938 1629 1005 habent,
1686 940 1731 993 si
1759 938 2122 1008 resipisenut,

531 1030 744 1100 copiam
766 1029 1076 1084 revertendi
1102 1046 1116 1083 :
1142 1028 1285 1099 quod
1314 1028 1398 1082 his
1426 1030 1555 1083 solis
1580 1042 1688 1082 non
1714 1039 1736 1066 ο
1768 1029 2120 1098 permittitur,

529 1138 664 1194 quos
688 1122 904 1192 preprie
932 1137 1053 1177 cum
1092 1122 1408 1178 auctoribus
1450 1122 1725 1177 litcreseos
1749 1122 1989 1177 omnium
2015 1119 2126 1176 t‘ra-

531 1227 671 1271 trum
699 1226 911 1272 constat
941 1216 1344 1283 subscriptione
1374 1215 1685 1271 damnatos.
1713 1216 1813 1271 Per
1850 1216 1941 1270 Dei
1967 1232 2124 1270 nam-

527 1328 635 1383 que
673 1312 1114 1369 miscricordiam
1139 1308 1166 1347 ἀ
1206 1311 1418 1382 aliquos
1440 1327 1507 1367 ex
1539 1327 1733 1367 eorum
1780 1326 2011 1367 numero
2055 1311 2125 1366 ad

530 1421 630 1461 nos
669 1406 780 1475 jam
827 1406 1051 1461 rediisse
1081 1406 1401 1476 gaudemus.
1437 1406 1590 1472 Quod
1626 1406 1728 1461 hoc
1770 1406 2003 1461 consilio
2040 1403 2123 1459 fa-

528 1505 678 1553 ctum
709 1506 814 1563 est,
856 1507 911 1550 ut
941 1512 1076 1568 quos
1121 1497 1458 1552 conscientia
1506 1498 1673 1551 mixta
1720 1513 1831 1552 non
1876 1506 2122 1567 poterat,

530 1588 723 1644 saltem
746 1590 1013 1644 sententia
1048 1598 1351 1659 separaret.
1387 1590 1520 1656 lloc,
1555 1603 1770 1655 moneo,
1806 1600 1988 1643 vestra
2013 1589 2123 1644 l'ra-

529 1682 762 1739 ternitas
787 1693 1046 1754 sequatur
1078 1684 1409 1753 exemplum.
1441 1683 1526 1739 Sit
1555 1692 1717 1751 caput
1741 1682 1966 1737 sceleris
1998 1697 2121 1736 cum

2232 477 2245 527 i
2288 477 2417 533 Data
2451 478 2627 533 idibus
2657 480 2882 545 Martiis,
2906 478 2931 518 ι
2959 482 3116 537 Aetio
3143 492 3198 538 et
3240 482 3456 539 Valerio
3477 485 3805 541 consulibus.

2729 613 3062 671 EPISTOLA
3102 615 3295 671 XIIII.

2226 718 2520 759 C(ELBSTINI
2549 720 2733 761 nam
2760 724 2827 762 AD
2852 696 3189 764 resonosqu
3214 725 3476 767 mutassis
3506 727 3811 780 sususrus,

2812 794 2939 834 POS'I'
2970 795 3233 835 εἴκουσι.

2236 888 2512 964 Victoriam
2547 908 2647 964 per
2689 908 2803 946 eum
2847 892 2911 946 de
2947 894 3171 964 inimicis
3210 892 3395 949 Christi
3436 912 3545 950 esse
3582 906 3814 964 partam.

2302 962 2506 1027 Quanta
2536 963 2656 1015 hinc
2676 964 2787 1033 ejus
2809 965 2994 1033 gloria.
3028 963 3338 1020 Maximiani
3366 962 3680 1021 ordinationi
3712 983 3823 1023 nie-

2298 1034 2398 1085 rito
2443 1049 2556 1086 eum
2586 1034 2929 1102 su/I'ragatum
2974 1052 3098 1089 esse.
3138 1035 3207 1090 Ut
3253 1036 3547 1090 Nestorium
3585 1038 3648 1091 ab
3675 1041 3824 1093 omni

2299 1105 2536 1156 societate
2562 1114 2834 1174 removeat.
2879 1106 2981 1171 Qui
3009 1106 3199 1174 legatos
3240 1124 3353 1159 cum
3392 1109 3552 1162 sacris
3583 1108 3825 1174 apicibus

2301 1123 2536 1156 δοειειαιε
2562 1123 2834 1158 removeat.
2879 1123 2981 1171 qui
3009 1123 3055 1159 te
3091 1123 3199 1161 atos
3240 1124 3353 1159 eum
3392 1124 3552 1162 sacris
3583 1123 3825 1174 apicius

2301 1175 2594 1241 susceperit.
2643 1173 2996 1230 Passessioues
3041 1123 3290 1232 Ecclesia
3329 1178 3383 1232 in
3425 1178 3550 1232 Asia
3583 1195 3616 1233 a
3642 1178 3825 1235 Proba

2298 1263 2500 1319 relictas
2529 1267 2573 1318 ei
2606 1267 2952 1321 commendat.

2371 1380 2719 1435 Cmsssrmus
2746 1382 3034 1452 episcopus
3057 1381 3369 1439 Tusooosto
3398 1386 3669 1456 Augusto.

2301 1496 2351 1548 l.
2390 1494 2580 1550 Causis
2621 1498 2735 1551 suis
2773 1495 3013 1552 divinam
3060 1497 3461 1567 providentiam
3493 1499 3825 1570 priestitisso

2225 1588 2364 1655 quod
2390 1587 2766 1656 sperabamus,
2799 1589 3141 1659 agnovimus.
3179 1587 3289 1645 Nec
3311 1592 3457 1646 enim
3499 1590 3640 1646 aliud
3673 1591 3827 1647 futu-

2227 1696 2341 1733 rum
2375 1690 2584 1735 mentes
2614 1691 2866 1751 poterant
2890 1684 3165 1739 aestimare
3192 1684 3430 1740 ﬁdelium
3462 1686 3829 1757 regnantibus

533 1776 616 1831 his
637 1792 772 1848 quos
790 1786 811 1813 ε
832 1776 1109 1848 synodalia
1130 1778 1425 1847 loquuntur
1447 1783 1648 1831 statuta
1672 1775 2013 1840 damnatum;
2041 1789 2122 1829 re-
2154 1770 2202 1829 B
2228 1773 2401 1839 vobis,
2436 1790 2597 1843 quam
2631 1775 2681 1829 id
2714 1776 2856 1845 quod
2884 1777 3135 1832 evenisse
3168 1777 3466 1846 gaudemus
3494 1796 3507 1831 :
3535 1788 3594 1834 ut
3621 1779 3828 1849 praedi-

532 1870 682 1941 liqui,
711 1884 847 1942 quos
872 1886 993 1926 cum
1024 1872 1124 1925 hoc
1152 1871 1513 1926 sentientesin
1530 1869 1916 1925 communione
1941 1869 2119 1924 eccle-

531 1962 750 2017 siastica
779 1977 885 2016 non
920 1962 1201 2028 habemus,
1235 1962 1526 2032 ejiciantur
1564 1978 1595 2017 c
1622 1962 1937 2016 civitatibus
1967 1961 2078 2015 suis
2100 2002 2118 2027 ,

531 2065 587 2112 et
615 2070 674 2113 se
715 2056 769 2111 in
801 2066 988 2111 nostro
1024 2056 1256 2126 collegio
1296 2057 1544 2111 noverint
1582 2071 1687 2111 non
1729 2055 1963 2120 futuros,
2018 2053 2120 2107 nisi

532 2148 828 2205 secundum
846 2149 1273 2207 ecclesiasticum
1294 2158 1347 2203 et
1362 2148 1798 2204 Christianorum
1817 2148 2119 2218 principum

531 2241 919 2310 constitutum,
975 2244 1232 2297 damnata
1279 2241 1298 2279 τ
1342 2256 1463 2295 cum
1518 2242 1796 2296 actoribus
1849 2240 2121 2309 sociisque

531 2331 889 2401 damnantes,
932 2349 992 2389 se
1030 2336 1387 2403 proﬁteantur
1434 2332 1739 2389 catholicos
1787 2332 2117 2387 sacerdotes.

530 2420 701 2486 Quam
735 2424 961 2477 formam
989 2425 1153 2480 etiam
1178 2425 1320 2478 circa
1340 2438 1438 2479 eos
1459 2424 1704 2479 volumus
1727 2423 2002 2478 custodiri.
2028 2423 2120 2485 qui

530 2513 938 2584 subripiendum
978 2526 1003 2563 ε
1046 2518 1097 2571 in
1145 2516 1529 2572 ecclesiasticis
1577 2527 1755 2570 causis
1799 2516 2119 2571 Christianis

532 2608 864 2677 principibus
888 2609 1256 2675 crediderunt,
1282 2618 1336 2664 et
1361 2610 1472 2665 alio
1503 2608 1695 2664 ordine
1716 2624 1903 2664 rursus
1931 2609 2121 2664 Eccle-

532 2700 641 2756 sias
670 2712 1024 2770 occuparunt.
1067 2701 1460 2759 Antiochenam
1502 2718 1659 2770 vero,
1696 2703 1740 2756 si
1767 2702 1931 2756 habet
1966 2716 2119 2771 spem

529 2793 909 2859 correctionis,
956 2796 979 2830 υ
1023 2794 1268 2863 epistolis
1297 2811 1326 2847 a
1366 2804 1545 2849 vestra
1579 2794 1925 2849 fraternitate
1965 2794 2118 2850 volu-

530 2899 651 2940 mus
698 2886 999 2951 conveniri,
1033 2896 1091 2941 ut
1125 2880 1232 2942 nisi
1258 2903 1380 2957 qua:
1424 2888 1689 2942 sentimus
1729 2886 1985 2951 senserit,
2016 2901 2117 2941 no-

531 2977 727 3034 vellam
774 2978 1184 3048 blaSphemiam,
1219 2979 1410 3035 eodem
1461 2978 1734 3046 exemplo,
1778 2979 1977 3046 scripta
2023 2992 2117 3031 sua

531 3069 877 3140 professione
922 3071 1317 3137 condemnans;
1378 3069 1643 3139 intelligat
1688 3069 1756 3124 de
1797 3082 1858 3123 se
1902 3082 2118 3139 quoque

2224 1866 2365 1919 catio
2398 1866 2449 1920 in
2486 1867 2653 1922 Deum
2686 1868 2849 1938 impia
2872 1869 3207 1935 concideret,
3236 1879 3437 1925 etcum
3469 1886 3567 1926 suo
3592 1880 3829 1928 auctore

2225 1963 2350 2015 novi
2404 1962 2672 2031 dogmatis
2729 1963 2985 2019 damnata
3033 1966 3272 2035 pravitas
3313 1965 3608 2037 deperiret.
3665 1967 3827 2023 lllata

2223 2054 2440 2123 quidem
2474 2055 2593 2109 ﬁdei
2625 2056 2769 2111 bella
2811 2065 2962 2121 sunt,
3004 2067 3058 2112 et
3089 2056 3256 2127 Regis
3303 2060 3487 2113 aeterni
3533 2058 3831 2130 sacrilegis

2226 2146 2509 2201 verborum
2528 2145 2722 2215 jaeulis
2751 2148 3009 2203 nativitas
3036 2150 3271 2219 appetita
3298 2167 3312 2202 :
3337 2149 3431 2205 sed
3470 2163 3569 2204 vos
3594 2149 3832 2206 Christo

2224 2237 2335 2294 Deo
2382 2249 2567 2294 nostro
2605 2250 2831 2296 auctore
2877 2253 3204 2311 regnantes,
3238 2242 3425 2298 hostes
3456 2242 3651 2312 impios
3696 2242 3828 2299 ﬁdei

2225 2342 2415 2388 vestra:
2444 2334 2640 2388 virtute
2685 2333 2916 2401 vicistis,
2963 2334 3243 2391 caelestem
3274 2346 3594 2391 revocantes
3627 2337 3829 2392 trium—

2225 2426 2410 2497 phum,
2445 2441 2539 2495 per
2576 2426 2721 2495 quod
2767 2427 3022 2498 religioso
3062 2429 3343 2485 munimen
3389 2428 3441 2484 in
3492 2437 3822 2498 perpetuum

2224 2520 2492 2591 praestatis
2524 2521 2770 2588 imperio.
2820 2520 2965 2576 Vere
2991 2522 3135 2576 enim
3165 2521 3485 2593 prophetica
3514 2521 3703 2590 gloria:
3726 2536 3828 2576 ve—

2227 2623 2355 2669 strze
2399 2628 2503 2667 vox
2550 2613 2827 2679 convenit,
2862 2621 2919 2668 et
2941 2628 3160 2683 regnum
3205 2624 3445 2669 vestrum
3490 2614 3596 2669 diei
3638 2622 3829 2683 potest

2222 2721 2434 2776 regnum
2478 2706 2708 2757 omnium
2752 2706 3056 2759 saeculorum
3088 2704 3271 2778 (Psal.
3297 2720 3489 2768 chtx,
3522 2702 3640 2774 13),
3670 2705 3826 2775 quod

2223 2796 2458 2852 defensa:
2482 2796 2603 2850 ﬁdei
2631 2796 2838 2851 meritis
2860 2806 3219 2866 propagatur;
3240 2804 3296 2852 et
3316 2805 3593 2852 crescente
3614 2808 3831 2851 sancta

2224 2888 2500 2958 religionis
2522 2888 2893 2953 observantia,
2925 2888 3259 2943 Christiana:
3282 2888 3541 2943 insertum
3562 2902 3832 2944 reveren-

2225 2978 2315 3033 tia:
2345 2992 2559 3048 semper
2583 2988 2832 3048 augetur,
2862 2978 3261 3048 gloriosissime
3288 2989 3343 3033 et
3369 2979 3833 3049 tranquillissime

2225 3072 2523 3141 imperator
2562 3071 2825 3141 Auguste.
2862 3070 3005 3127 Ecce
3039 3086 3183 3127 nunc
3209 3071 3403 3127 domus
3438 3070 3659 3126 Domini
3693 3086 3832 3127 ora-

531 3161 855 3231 Ecclesiam,
880 3164 1025 3235 quod
1054 3164 1178 3219 ﬁdei
1214 3174 1413 3220 nostra:
1442 3171 1719 3231 respectus
1745 3161 1995 3232 imperat,
2028 3177 2115 3217 oro
2146 3159 2192 3223 C
2226 3166 2461 3221 tionibus
2491 3174 2722 3229 vacant,
2755 3172 2811 3219 et
2838 3172 3078 3218 vestrum
3127 3178 3224 3234 per
3267 3177 3458 3219 omnes
3499 3162 3781 3223 Ecclesiss
3806 3206 3827 3230 ,

530 3253 740 3311 dinare.
763 3256 1107 3314 Credendum
1134 3266 1313 3312 tamen
1334 3256 1401 3310 de
1422 3255 1602 3310 divina
1624 3265 1706 3309 est
1724 3256 2119 3315 misericordia.

531 3350 675 3418 quod
706 3364 896 3405 omnes
936 3353 989 3406 in
1021 3355 1165 3407 viam
1206 3351 1434 3408 redeant
1463 3350 1722 3416 veritatis,
1756 3353 1800 3406 si
1832 3351 1900 3407 de
1926 3367 2122 3422 supra-

606 3521 633 3587 ξ
676 3513 892 3577 Baron..
918 3532 1065 3587 quas.
1097 3515 1313 3571 Rectius
1336 3516 1465 3571 Lab.
1492 3531 1612 3571 cum
1645 3531 1747 3572 ms.
1770 3516 1922 3571 Colb.
1943 3558 1958 3582 ,
1980 3532 2115 3587 quae.

540 3583 888 3653 referturque
918 3583 983 3638 ad
1015 3587 1196 3641 multa.

608 3653 639 3729 δέ
676 3654 732 3729 In
764 3657 1012 3726 vulgatis,
1046 3666 1300 3711 testantur
1326 3658 1559 3722 exempla
1586 3658 1724 3729 quod
1763 3674 1901 3728 spem
1930 3659 1995 3711 de
2031 3674 2120 3727 sy-

538 3728 673 3800 nodo
709 3727 808 3780 huc
848 3744 1008 3796 usque
1041 3740 1319 3800 gesserunt.
1349 3728 1517 3795 Quam
1551 3727 2119 3800 primumcopjectura

536 3799 920 3852 restituendam
956 3797 1270 3866 putabamus
1300 3799 1604 3863 lectionem,
1645 3798 1811 3854 codex
1854 3797 2121 3854 Cnlbcrti-

538 3883 637 3922 nus
666 3868 915 3924 ﬁrmavit.
943 3870 1052 3925 Hoc
1076 3873 1146 3924 ita
1172 3870 1469 3939 intelligere
1495 3879 1581 3924 est
1604 3888 1617 3926 :
1644 3870 1746 3934 Qui
1775 3883 1923 3937 spem
1949 3869 2119 3923 venia:

535 3955 693 4009 quam
728 3940 859 4008 ipsis
885 3940 1327 4009 resipiscentibus
1365 3940 1778 4011 synodnsfecit,
1813 3940 1917 4011 huc
1949 3954 2118 4011 usque

534 4022 839 4075 gesserunt,
870 4013 1161 4066 etiamnum
1193 4009 1729 4067 eadem‘conditione
1759 4009 1970 4079 copiam
2019 4010 2118 4063 ha-

538 4081 667 4135 bent
693 4082 1021 4136 revertendi.

610 4159 634 4188 ο
675 4148 787 4221 Non
819 4151 961 4219 quod
1001 4152 1083 4205 his
1109 4151 1284 4205 omnis
1309 4151 1373 4204 ad
1399 4149 1690 4204 Ecelesiam
1717 4159 2001 4221 negaretur
2027 4151 2122 4205 ad-

535 4219 663 4284 itus,
698 4220 790 4274 sed
837 4222 977 4290 quod
1006 4224 1215 4276 cautius
1264 4223 1690 4290 permitteretur,
1731 4219 1965 4291 et'quod
1996 4238 2118 4279 cum

535 4291 656 4346 aliis
693 4291 1042 4347 redeuntibus
1078 4294 1157 4347 sui
1195 4301 1540 4347 servarentur
1581 4293 1848 4347 interdum
1897 4294 2113 4360 gradus.

540 4362 807 4418 haereseos
832 4365 1059 4418 ducibus
1082 4364 1256 4418 solum
1297 4366 1628 4433 paenitentiae
1660 4363 1958 4419 remedium
1992 4379 2121 4418 cun-

537 4433 837 4504 cederetnr.
866 4434 1007 4489 Istud
1039 4452 1200 4489 unum
1235 4434 1449 4504 Pelagio
1478 4450 1539 4488 ac
1562 4434 1818 4490 leestio
1850 4436 2117 4502 reliquutn

538 4503 702 4559 fuisse
731 4504 1062 4575 Augustinus
1089 4520 1195 4560 non
1224 4503 1390 4559 semel
1421 4505 1635 4560 asserit.
1666 4504 1992 4561 leestinus
2020 4522 2119 4560 au-

539 4585 643 4630 tem
672 4578 982 4631 haerendum
1017 4586 1165 4644 putat
1195 4577 1415 4631 decreto
1445 4578 1585 4645 quod
1630 4576 1864 4631 Hilarius
1891 4578 2120 4644 primum

534 4659 677 4699 anno
715 4647 843 4712 5255,
885 4659 941 4701 ut
976 4649 1090 4716 ipse
1134 4648 1226 4703 lib.
1258 4657 1444 4703 contra
1488 4647 1861 4701 Constantium
1904 4663 2052 4701 num.
2086 4646 2121 4700 2

536 4725 739 4788 narrat,
769 4718 1033 4773 adversus
1060 4718 1287 4772 Arianos
1306 4718 1496 4788 edidit,
1520 4717 1770 4788 quodque
1803 4727 1987 4786 postea
2011 4726 2118 4773 tota

536 4786 778 4858 Ecclesia
799 4830 814 4852 ,
849 4789 1272 4857 nominatimque
1300 4787 1562 4850 Romana,
1594 4786 1852 4842 adversus
1882 4788 2119 4858 reliquos

537 4857 824 4913 hmroticos
867 4871 1127 4927 perpetuo
1167 4875 1262 4913 usu
1314 4858 1715 4926 comprobavit;
1766 4867 1823 4913 ut
1866 4857 2115 4913 nimirum

536 4928 805 4984 htcreseos
827 4930 1002 4999 capita
1026 4946 1142 5000 quae
1170 4930 1220 4983 in
1248 4930 1475 4983 aliorum
1510 4932 1795 4997 perniciem
1829 4931 1965 4983 male
1995 4945 2120 4993 pro-

539 5002 781 5061 ﬁcerent,
807 5010 1233 5067 amputarentur,
1266 5001 1469 5053 indulta
1495 5002 1689 5053 caeteris
1710 5015 1885 5053 eorum
1906 5015 2119 5053 consor-

534 5069 1019 5142 tibusiresipiscendi
1050 5070 1313 5142 facultate.

604 5140 630 5177 ά
672 5141 816 5196 Istud
844 5139 1260 5212 aliquos'reterri
1307 5140 1589 5196 commode
1633 5148 1807 5204 potest
1851 5139 1915 5212 ad
1944 5140 2121 5196 Coele-

535 5212 847 5274 stianos,ita
872 5225 926 5267 ttt
945 5213 1171 5281 probare
1196 5213 1414 5279 incipiat
1432 5212 1762 5267 leestinus
1792 5211 1917 5279 qttid
1946 5228 2119 5265 eorum

535 5292 779 5337 testentur
805 5283 1053 5356 exempla.
1085 5282 1403 5356 CerteMar.
1435 5283 1697 5356 Mercator
1727 5282 1780 5335 in
1804 5283 2081 5356 Commoni
2102 5312 2114 5323 -

537 5356 674 5407 torio
694 5356 834 5418 quod
863 5350 1004 5408 anno
1031 5355 1135 5409 429
1164 5353 1401 5422 scrip~it,
1434 5352 1521 5406 ubi
1544 5350 1856 5406 leestium
1881 5368 1943 5405 ae
1964 5352 2115 5407 Pela-

535 5425 679 5492 gium
709 5423 905 5478 Zosimi
938 5427 1192 5479 tractoria
1225 5424 1531 5487 damnatos,
1563 5422 1773 5476 illorum
1809 5423 2117 5478 damnatio-

537 5509 665 5565 nem,
689 5495 902 5549 l‘atrnin
937 5511 1031 5565 per
1053 5495 1236 5549 orbem
1265 5493 1750 5565 subscriptionibus
1776 5493 2082 5565 roboratam
2102 5536 2116 5557 ,

535 5579 600 5617 ac
646 5563 1008 5621 Julianuzn'et
1048 5567 1227 5619 socios
1273 5566 1320 5619 ei
1369 5563 1709 5617 subscribere
1755 5563 2119 5619 detrectantes

536 5634 809 5704 depositus
834 5636 996 5689 fuisse
1019 5637 1272 5698 narravit,
1300 5634 1575 5701 adjuugit:
1605 5633 1685 5686 Ea:
1704 5633 1887 5700 quibus
1910 5636 2124 5704 plurimi

537 5702 915 5775 i'fsipisreiites,
964 5716 1007 5757 et
1055 5721 1085 5755 a
1115 5705 1358 5769 praedicto
1404 5718 1577 5775 errore
1616 5704 1863 5767 correcti,
1908 5702 2127 5775 regressi

537 5777 657 5819 sunt
689 5772 947 5826 supplices
967 5775 1035 5826 ad
1059 5774 1228 5826 sedem
1269 5773 1625 5831 aoostolicmn,
1660 5787 1705 5825 et
1742 5772 1979 5831 suscepti
2001 5792 2121 5831 suas

2230 3258 2343 3312 Deo
2375 3266 2565 3311 nostro
2610 3256 2810 3311 oblatis
2839 3256 3145 3323 sacriﬁciis,
3193 3254 3605 3312 commendatur
3647 3256 3831 3327 impe-

2227 3352 2387 3405 rium.
2418 3349 2585 3417 Nihil,
2616 3358 2799 3414 amoto
2840 3349 3234 3420 perturbatoris
3262 3363 3423 3416 ausu,
3463 3348 3730 3404 scandalis
3756 3348 3835 3404 li-

2229 3514 2485 3569 Ecclesias
2531 3520 2861 3585 receperunt;
2914 3513 3060 3585 prius
3104 3512 3312 3585 scilicet
3356 3522 3418 3568 ut
3461 3511 3528 3566 ad
3575 3512 3829 3581 ejusdem

2223 3585 2629 3639 Commonitorii
2646 3582 2857 3638 calcem
2888 3584 3158 3648 adiicitur,
3187 3582 3399 3655 Pelagio
3421 3585 3689 3655 damnato,
3708 3585 3838 3638 sedi

2223 3658 2517 3727 apostolica:
2541 3670 2595 3707 se
2615 3655 2983 3719 submittentes,
3011 3666 3062 3727 et
3086 3653 3330 3727 pienitere
3346 3673 3399 3710 se
3418 3670 3573 3727 super
3597 3653 3680 3727 Itis
3704 3670 3832 3721 quc

2224 3725 2355 3780 male
2381 3735 2641 3781 senserant
2672 3727 2992 3792 proﬁtentes.
3024 3725 3175 3779 Unde
3219 3726 3389 3793 liquet
3430 3725 3785 3781 Caelestinum
3805 3767 3828 3791 ,

2225 3798 2290 3850 iis
2329 3798 2399 3848 oh
2432 3797 2622 3851 oculos
2653 3797 2841 3862 positis
2884 3811 3006 3866 qua:
3053 3804 3173 3863 post
3214 3796 3500 3851 damnatos
3538 3812 3569 3849 a
3598 3794 3831 3851 Zosimo

2224 3867 2541 3935 Pelagianos
2567 3865 2710 3921 circa
2736 3865 2927 3921 eodem
2955 3878 3103 3938 gesta
3136 3877 3283 3932 sunt,
3311 3883 3371 3919 ea
3404 3882 3524 3936 qum
3552 3882 3678 3938 erga
3706 3865 3830 3921 Ne-

2223 3940 2374 3993 stOrii
2409 3938 2644 4009 fautores
2676 3938 2912 4009 gerenda
2944 3936 3051 3991 sint
3081 3938 3457 4009 praescribere.

2299 4018 2323 4045 ο
2365 4008 2465 4076 Qui
2511 4008 2721 4062 scilicet
2754 4008 2806 4061 in
2840 4008 3107 4063 sententia
3146 4008 3337 4079 synodi
3381 4008 3671 4077 Ephesius:
3707 4016 3827 4063 act.

2224 4080 2259 4134 5
2291 4081 2518 4147 prolata,
2550 4088 2603 4133 et
2631 4088 2737 4132 aet.
2773 4081 2803 4132 7
2836 4090 2959 4133 ante
3002 4094 3238 4134 canones
3268 4082 3494 4150 repetita
3524 4092 3829 4134 recensen-

2227 4158 2336 4204 tur.

2303 4220 2319 4258 ί
2366 4221 2480 4276 Hoc
2506 4230 2609 4280 est.
2636 4236 2696 4273 ea
2725 4235 2837 4289 qua:
2862 4219 3107 4273 damnata
3133 4229 3270 4274 sunt.
3306 4218 3565 4275 Baronius
3599 4219 3716 4274 hac
3746 4219 3832 4276 ita

2226 4293 2450 4346 mutavit
2481 4310 2493 4346 :
2528 4290 2784 4344 Damnata
2831 4290 3009 4345 Iurresi
3057 4307 3170 4344 cum
3220 4290 3514 4344 auctoribus
3564 4291 3833 4360 sociisque

2225 4363 2506 4416 damnatis.
2536 4362 2965 4417 Christianorum
2991 4361 3292 4431 principum
3316 4361 3671 4431 constitutum
3697 4376 3832 4431 pro-

2225 4434 2371 4488 xime
2401 4434 2671 4488 laudatum
2703 4448 2806 4484 non
2849 4432 2994 4487 aliud
3023 4432 3235 4487 videtur
3264 4432 3330 4486 ab
3357 4447 3423 4486 eo
3448 4432 3585 4500 quod
3614 4430 3830 4485 Theo—

2225 4503 2412 4558 dosius
2453 4506 2586 4571 imp.
2620 4512 2756 4571 part.
2790 4518 2845 4556 tu
2875 4503 3075 4557 concil.
3110 4502 3310 4571 Ephes.
3340 4518 3460 4571 cap.
3492 4503 3582 4566 47,
3625 4501 3683 4557 in
3715 4502 3833 4558 alia

2224 4590 2377 4629 sacra
2424 4590 2610 4629 mense
2640 4572 2808 4643 Aprili
2837 4576 2958 4627 anni
2988 4573 3094 4629 455
3135 4574 3257 4627 data
3302 4582 3693 4628 commemorat
3720 4573 3834 4643 his

2224 4646 2406 4699 verbis
2432 4663 2451 4701 :
2476 4641 2808 4698 Decernimus
2838 4645 2990 4698 etiam
3020 4657 3073 4699 ut
3102 4646 3408 4714 quicumque
3450 4644 3658 4711 impiam
3706 4641 3835 4697 Ne-

2224 4716 2369 4769 storii
2397 4717 2687 4781 Opinionem
2713 4714 3047 4783 inmutantur,
3086 4716 3164 4769 vel
3188 4717 3438 4783 netariam
3482 4715 3594 4782 ejus
3624 4714 3833 4767 doctri-

2228 4802 2345 4839 nam
2396 4784 2976 4857 sectalitur,isiquidem
3016 4788 3238 4857 episcopi
3278 4795 3368 4838 aut
3398 4784 3573 4857 clerici
3605 4786 3832 4854 fuerint,

2223 4872 2285 4910 ea:
2313 4858 2471 4910 sacris
2513 4854 2755 4910 Ecclesiis
2787 4854 3144 4926 expelluntur;
3175 4854 3255 4910 sin
3285 4872 3403 4910 vero
3432 4856 3575 4921 laici,
3606 4858 3835 4909 unctae.

2224 4930 2550 4998 matisentur,
2585 4937 2733 4997 prout
2749 4944 2864 4998 jam
2891 4944 3090 4998 quoque
3112 4944 3144 4980 a
3170 4943 3321 4981 sacra
3351 4930 3619 4997 majestate
3644 4937 3836 4981 nostra

2224 4996 2334 5069 lege
2368 4996 2591 5051 cautum
2617 5008 2708 5050 est.

2298 5078 2321 5115 8
2365 5069 2558 5123 Baron.
2586 5113 2600 5136 ,
2655 5084 2716 5122 ea:
2761 5068 3114 5122 ecclesiasticis
3179 5084 3363 5123 causas
3402 5086 3434 5122 a
3479 5067 3832 5139 principibus.

2228 5137 2381 5209 Legit
2409 5155 2620 5209 quoque
2652 5139 2917 5199 llolsten.,
2950 5155 3157 5194 causas.

2300 5207 2324 5282 ξι
2365 5210 2506 5282 idem
2536 5207 2646 5282 pro
2681 5210 2912 5277 epistolis
2952 5211 3230 5282 substituit
3261 5211 3576 5282 episcOpum.

2303 5278 2317 5316 ί
2360 5281 2576 5336 Scilicet
2607 5279 2902 5345 Nestorius,
2935 5280 3024 5348 qui
3053 5278 3358 5336 demum'in
3385 5278 3661 5346 exsilium,
3707 5282 3830 5349 ἰνςςι

2224 5350 2431 5406 Joanne
2462 5350 2799 5406 Autiocheno
2831 5360 3043 5415 agente,
3075 5354 3395 5417 deportatus
3424 5359 3527 5405 est.

2298 5422 2312 5470 i
2365 5422 2537 5476 Martii
2574 5422 2637 5477 15
2666 5438 2794 5475 ann.
2827 5419 2952 5476 452.

2300 5491 2321 5529 ¹ί
2364 5491 2705 5546 Colberlittus
2753 5493 2925 5545 codex
2974 5491 3025 5544 in
3076 5490 3161 5545 his
3203 5490 3515 5547 consulibus
3566 5490 3826 5545 notandis

2226 5581 2330 5618 non
2354 5565 2453 5618 sibi
2476 5573 2708 5616 constat.
2735 5561 2862 5616 Nam
2889 5561 2975 5615 hic
2996 5560 3139 5615 Aetio
3162 5573 3210 5614 et
3244 5560 3471 5624 Valerio,
3497 5563 3548 5615 in
3573 5566 3825 5625 sequenti

2224 5636 2447 5699 cpi~tnln
2476 5632 2660 5686 Flavio
2683 5632 2838 5687 Ethio
2859 5644 2904 5687 et
2936 5630 3159 5700 Valerio,
3188 5636 3239 5685 in
3263 5634 3610 5700 subsequeuti
3637 5631 3830 5689 Flavio

2224 5716 2270 5756 et
2331 5703 2555 5763 Valerio,
2606 5704 2657 5755 in
2712 5718 2983 5773 poswcma
3046 5699 3245 5756 Flaviis
3300 5699 3454 5756 Eatio
3503 5713 3550 5758 et
3605 5703 3828 5762 Valerio

2228 5776 2465 5831 exhibet.
