3982 6182
141 307 238 371 563

738 309 954 368 EPIST.
995 310 1187 368 XXIII.
1232 310 1633 370 C(ELESTINI
1670 308 1873 366 ΡΑΡΕ
1915 309 2006 366 AD
2043 305 2492 365 THEODOSIUM
2529 305 2890 365 JUNIOREM.

3319 315 3427 369 διο

141 440 250 494 set;
300 418 540 499 pestifer
568 427 800 482 ulterius
834 426 1043 481 animas
1092 427 1371 481 hominum
1418 440 1597 481 sermo
1631 441 1734 479 non
1768 428 1812 484 Α
1842 425 2078 492 gationis
2121 441 2244 495 qum
2275 425 2540 488 interfuit,
2588 424 2843 479 ordinato
2883 425 2947 477 ad
2993 425 3430 495 componendum

142 524 387 577 Vulnerat
418 540 431 574 :
459 520 692 576 salutem
721 519 977 573 omnibus
1006 534 1230 573 suarum
1254 520 1580 583 animarum,
1614 520 1739 573 dum

143 614 441 669 universali
478 611 741 669 Ecclesia:
768 611 1080 676 consulitis,
1114 610 1450 666 reddidistis.
1492 611 1620 666 Hmc
1661 619 1745 666 est

142 718 316 764 vestra
347 704 684 779 prmdicandi
716 705 868 775 regni
897 704 1071 761 vestri
1111 705 1421 773 clementia,
1464 719 1560 774 per
1580 720 1741 774 quam

142 816 247 855 non
281 811 473 863 terrm,
507 814 615 853 non
648 796 967 867 provincim,
1000 794 1096 850 sed
1127 796 1366 851 omnium
1399 796 1594 849 animm
1617 807 1745 850 sunt

142 890 402 948 defensae.
450 889 799 960 Imputabitis
830 889 968 943 hanc
1017 887 1167 942 omni
1214 887 1375 942 modo
1424 886 1743 953 victoriam,

143 1000 303 1055 quam
330 1002 442 1041 non
470 984 648 1047 bellis,
682 997 789 1038 non
819 980 1037 1052 gladiis,
1064 979 1161 1035 sed
1183 980 1299 1034 sola
1325 979 1619 1035 devotione
1638 994 1744 1049 qua

146 1076 258 1135 Deo
287 1077 434 1134 estis
458 1076 646 1143 dediti,
677 1074 1044 1146 conquisistis.

209 1170 268 1224 2.
312 1170 507 1225 Manet
534 1168 623 1223 hic
650 1176 846 1224 vestrae
873 1166 1066 1237 glorim
1089 1165 1297 1229 titulus,
1324 1174 1378 1220 et
1402 1165 1660 1233 manebit,
1689 1174 1747 1219 ut

144 1260 294 1315 nulla
346 1260 503 1315 illum
550 1269 703 1323 mtas,
748 1256 897 1312 nulla
941 1266 1184 1311 vetustas
1232 1255 1472 1310 aboleat.
1520 1255 1744 1310 Eterna

145 1351 287 1407 enim
314 1360 447 1405 sunt
475 1366 594 1421 qum
624 1349 818 1405 mterni
852 1348 1013 1418 Regis
1041 1361 1228 1401 amore
1266 1355 1616 1416 praestantur.
1656 1348 1747 1401 Sic

146 1442 378 1499 Abrabm
422 1443 559 1499 fides
602 1442 818 1498 smculis
867 1439 1046 1495 durat.
1096 1438 1265 1493 David
1309 1440 1449 1509 regis
1491 1439 1744 1495 meritum

150 1532 240 1589 Dei
281 1534 443 1589 zelus
479 1533 608 1590 fecit
651 1546 775 1588 esse
804 1540 1144 1601 perpetuum,
1185 1544 1306 1584 cum
1358 1529 1606 1584 inimicos
1654 1530 1743 1586 Dei

146 1640 270 1681 suos
307 1626 558 1683 credidit
595 1625 870 1687 inimicos,
906 1633 960 1678 et
987 1623 1168 1678 odisse
1205 1636 1344 1693 quos
1376 1622 1485 1677 Deo
1515 1621 1747 1677 odibilcs

145 1718 516 1788 approbasset
560 1716 749 1788 (Psal.
799 1730 1061 1781 cxxxvttt,
1108 1714 1198 1779 2i,
1239 1714 1362 1785 22).
1414 1715 1554 1769 Elias
1582 1714 1743 1769 etiam

1848 518 2103 574 Ecclesim
2140 529 2358 583 statum,
2390 528 2445 573 et
2466 534 2625 572 omne
2658 518 2850 573 vulnus
2882 535 3057 587 prava:
3088 519 3311 575 hmresis
3338 536 3425 576 ra-

1846 610 2047 667 dicitus
2088 612 2455 677 evellendum,
2502 626 2570 666 ne
2610 611 2849 666 audeant
2894 626 3015 679 quae
3056 613 3265 668 abcissa
3309 622 3436 669 sunt

1849 702 2144 773 pullulare;
2183 703 2534 758 obsecramus
2560 712 2616 757 et
2648 703 2917 771 poscimus
2948 702 3048 757 sub
3090 702 3239 757 illius
3279 702 3437 759 invo-

1848 794 2059 847 catione
2098 808 2258 863 quem
2304 794 2512 860 colitis,
2561 793 2683 849 ﬁdei
2718 792 2748 832 δ
2786 802 2979 849 vestrm
3023 802 3082 849 ut
3129 798 3439 852 consuestis

1848 900 1999 939 arma
2026 886 2312 953 prmstelis.
2341 885 2493 940 Nunc
2523 886 2665 939 enim
2692 895 2775 940 est
2795 886 2973 940 omnis
2995 886 3322 956 opponenda
3344 902 3438 942 cu-

1847 978 2045 1043 stodia,
2082 992 2148 1032 ne
2179 993 2339 1044 rapax
2369 979 2525 1047 lupus
2547 978 2776 1032 ovilibus
2798 978 3056 1034 dominici
3081 983 3278 1050 gregis,
3311 995 3433 1036 cum

1849 1071 2103 1133 smvierit,
2147 1069 2399 1124 exclusus
2433 1084 2617 1124 rursus
2652 1070 2964 1136 serpentino
3001 1072 3154 1140 lapsu
3185 1071 3250 1125 ad
3285 1088 3434 1127 mor-

1850 1168 1957 1215 tem
2006 1162 2280 1228 perveniat
2323 1162 2641 1225 animarum,
2672 1160 2884 1215 effossis
2913 1176 3019 1232 qua
3064 1170 3238 1230 pmest
3284 1176 3437 1232 parte

1849 1252 2134 1307 cuniculis.
2166 1250 2276 1307 Nec
2318 1252 2458 1306 enim
2510 1262 2692 1321 p0test
2728 1254 3030 1321 quiescere,
3072 1269 3193 1308 cum
3241 1255 3437 1324 prmdm

1850 1360 1961 1399 sum
1992 1344 2206 1412 rapidus
2234 1346 2414 1414 cupiat
2458 1345 2735 1400 incubare.
2765 1346 3037 1401 Munituen
3067 1348 3234 1409 sanis,
3263 1364 3438 1403 rente-

1850 1436 1935 1490 dia
1967 1438 2201 1507 prmbcte
2226 1436 2499 1491 sanandis.
2539 1438 2745 1492 \‘allate
2775 1438 2943 1493 muris
2965 1446 3160 1493 vestrm
3189 1438 3311 1494 fidei
3348 1455 3435 1495 re-

1850 1530 2064 1599 liginnis
2102 1531 2384 1586 catholica:
2415 1534 2717 1597 veritatem,
2765 1548 2859 1602 per
2899 1548 3035 1601 quos
3068 1542 3121 1586 et
3149 1532 3435 1587 credentes

1852 1625 2041 1677 muniti
2072 1626 2206 1692 sint,
2237 1635 2291 1679 ct
2332 1624 2466 1677 tanti
2504 1638 2764 1693 sequaces
2810 1625 3015 1679 erroris
3060 1640 3165 1679 non
3205 1624 3438 1680 audeant

1852 1717 2095 1771 introire.
2121 1716 2216 1770 llic
2236 1716 2379 1771 enim
2402 1716 2595 1786 plenus
2621 1717 2861 1770 victorim
2887 1730 3079 1771 vestrm
3100 1717 3306 1773 fruetus
3328 1727 3435 1787 est,

144 1809 425 1880 propheta
455 1807 584 1863 falsa
607 1807 995 1879 prophetantes
1022 1806 1250 1861 nonfuit
1276 1814 1562 1862 contentus
1588 1806 1747 1862 relel-
1780 1809 1822 1866 Β
1852 1808 1986 1862 nihil
2038 1808 2352 1875 relinquere
2400 1807 2543 1875 quod
2594 1822 2780 1861 rursus
2815 1808 2905 1863 Dei
2955 1809 3193 1864 Ecclesia
3243 1811 3440 1866 debeat

142 1901 282 1967 lere,
317 1900 426 1956 sed
454 1900 616 1956 etiam
650 1900 703 1954 in
730 1899 848 1954 illos
878 1899 1048 1953 voluit
1078 1899 1384 1963 vindicare;
1421 1910 1479 1951 ut
1506 1914 1599 1952 eos
1624 1913 1745 1967 per-

145 1993 444 2066 sequendo
476 1993 748 2063 perderet,
792 2006 926 2063 quos
952 1993 1005 2047 in
1036 1991 1398 2061 perditionem
1440 1990 1521 2045 sui
1564 1989 1745 2059 populi

146 2086 239 2142 niti
281 2085 607 2157 pervideret
636 2084 740 2157 (III
786 2085 915 2157 Reg.
960 2082 1155 2153 xvttt).
1202 2082 1305 2137 Par
1346 2083 1440 2138 tibi
1484 2098 1605 2137 eum
1654 2084 1746 2137 illo

155 2179 346 2250 gloria.
382 2179 485 2235 Ille
512 2180 643 2234 falsa
675 2178 1125 2249 prophetantibus
1153 2177 1374 2242 restitit,
1408 2185 1461 2231 tu
1490 2178 1623 2232 falsa
1651 2179 1749 2231 do-

149 2272 422 2327 centibus.
458 2271 555 2327 Ille
578 2272 904 2326 mentientes
942 2271 994 2324 in
1028 2269 1193 2323 Deum
1224 2269 1518 2339 prophetas
1558 2285 1741 2340 perse-

147 2371 301 2419 cutus
328 2376 420 2420 est
445 2380 464 2430 ;
497 2373 550 2418 tu
581 2362 650 2419 de
678 2362 896 2418 Christo
925 2363 1033 2417 Deo
1060 2370 1246 2417 nostro
1275 2363 1630 2431 prmdicantes
1657 2364 1748 2419 im-

148 2455 229 2524 pia
258 2456 445 2527 abigis
480 2455 814 2511 sacerdotes.
849 2453 946 2509 Ille
983 2462 1190 2509 tantum
1225 2455 1476 2510 vindictm
1508 2456 1747 2512 intentus

146 2558 254 2613 est;
305 2558 503 2605 vestra
546 2549 720 2619 pietas
759 2548 838 2603 sic
885 2549 1048 2619 impia
1076 2547 1333 2616 vindicat,
1377 2559 1435 2604 ut
1472 2564 1591 2620 qum
1620 2560 1747 2605 sunt

148 2641 401 2712 religiosa
434 2640 716 2697 defendat.

210 2734 266 2789 ὅ.
308 2734 428 2791 Nec
460 2738 602 2791 enim
647 2732 920 2790 sufﬁceret
963 2734 1209 2805 abegisse
1249 2736 1467 2791 morbos
1496 2746 1552 2791 et
1586 2737 1751 2806 pesti-

148 2824 369 2883 lentiam
396 2828 690 2899 repulisse,
720 2827 822 2882 nisi
844 2837 899 2882 et
924 2826 1174 2884 salubres
1199 2842 1359 2883 auras
1384 2826 1664 2895 redderes,
1694 2838 1749 2884 et

149 2917 367 2975 vitalem
410 2918 626 2975 infectis
655 2918 1013 2975 substantiam
1047 2919 1404 2982 ministrares,
1453 2920 1615 2974 talem
1664 2920 1745 2974 illi

150 3007 425 3067 Ecclesim
453 3011 831 3067 constituendo
859 3010 1191 3080 pontificem,
1237 3012 1328 3079 qui
1375 3012 1505 3065 olim
1538 3012 1643 3064 hoc
1684 3025 1745 3064 se

147 3100 371 3174 dignum
409 3102 623 3174 fastigio
643 3103 897 3159 omnibus
929 3102 1122 3171 quibus
1149 3108 1309 3155 notus
1339 3111 1423 3154 est
1449 3101 1751 3169 approbas-

1848 1899 2165 1954 formidare.
2199 1900 2368 1965 Quem
2393 1898 2553 1967 igitur
2585 1899 2962 1952 universorum
2984 1901 3146 1967 ejecit
3167 1901 3437 1957 sententia

1847 1990 2188 2047 sacerdotum
2232 1990 2284 2043 in
2317 1988 2702 2059 prmdicatione
2730 1989 2993 2057 sacrilega
3024 1993 3431 2059 perdurantcm,

1848 2098 1968 2138 eum
1999 2090 2177 2136 vestra
2207 2080 2495 2136 clementia
2525 2080 2592 2135 ab
2632 2080 2778 2134 omni
2807 2080 3065 2135 societate
3110 2092 3386 2137 removeat
3415 2123 3431 2148 ,

1850 2184 1907 2230 ut
1934 2173 2237 2229 facultatem
2267 2173 2474 2243 aliquos
2505 2171 2763 2242 perdendi
2793 2186 2899 2225 non
2931 2170 3146 2225 habent.

1921 2267 1974 2321 5.
2018 2265 2319 2336 Religiosos
2346 2280 2474 2319 vero
2502 2264 2637 2319 filios
2670 2278 2820 2319 meos
2845 2262 3110 2319 Joannem
3145 2263 3427 2334 presbyte-

1849 2378 1967 2416 rum
1999 2369 2059 2414 ot
2091 2361 2391 2429 Epictetum
2417 2360 2724 2425 diaconum,
2762 2368 2920 2412 tantm
2951 2356 3027 2411 rei
3055 2356 3293 2418 nuntios,
3319 2370 3439 2411 cum

1852 2452 2017 2507 totius
2050 2452 2304 2507 Ecclesia:
2332 2449 2689 2519 gratulatione
2734 2448 3090 2518 suscepimus,
3122 2455 3177 2502 et
3207 2446 3361 2502 lectis
3388 2446 3440 2501 in

1855 2555 1877 2585 ο
1915 2546 2081 2601 totius
2125 2545 2542 2614 cungregatione
2572 2542 2894 2596 Christ'anm
2943 2540 3113 2610 plebis
3143 2539 3282 2608 apud
3318 2539 3440 2595 bea-

1850 2640 2117 2695 tissimum
2146 2638 2450 2707 apostolum
2474 2635 2691 2691 Petrum
2720 2647 2912 2691 vestrm
2936 2635 3153 2705 pietatis
3170 2635 3438 2706 apicibus,

1818 2778 1821 2779 ν
1852 2731 1962 2786 Deo
1992 2741 2174 2785 nostro
2206 2746 2303 2799 pro
2332 2726 2489 2783 Vobis
2517 2736 2640 2781 vota
2684 2727 3059 2797 persolvimus.
3091 2727 3163 2780 Ita
3195 2725 3339 2781 enim
3375 2728 3441 2781 ad

1852 2836 1948 2875 vos
1978 2830 2167 2890 agente
2194 2820 2426 2875 Domino
2469 2827 2849 2888 pervenerunt,
2904 2827 2962 2870 ut
3007 2817 3071 2870 ad
3122 2831 3248 2870 eum
3298 2815 3441 2870 diem

1850 2927 1958 2982 quo
1984 2912 2393 2968 Celebrabamus
2415 2908 2614 2964 Christi
2649 2908 2739 2962 Dei
2773 2907 2944 2962 nostri
2983 2905 3214 2959 natalem
3245 2920 3442 2959 secun-

1852 3004 1978 3057 dtttn
2011 3019 2253 3069 carnem,
2274 3003 2360 3056 cui
2384 3001 2613 3070 qumstio
2647 2999 3001 3062 inferebatur,
3029 3008 3439 3064 concurrerent,

1852 3106 1908 3148 et
1941 3096 2270 3162 impietatem
2303 3092 2629 3161 conjunctim
2659 3091 2907 3145 universa
2935 3090 3282 3160 congregatio
3308 3103 3437 3144 cons

145 3205 245 3251 set.
286 3196 431 3251 Fert
457 3197 557 3260 illi,
591 3210 653 3249 ac
679 3198 723 3250 si
753 3197 834 3250 sui
867 3204 894 3231 ι
921 3195 1168 3264 corporis
1196 3194 1354 3259 parti,
1401 3193 1641 3245 Romana
1670 3203 1749 3245 te-
1776 3188 1817 3247 C
1853 3184 2068 3238 [utarei-

144 3287 501 3353 stimonium,
549 3302 671 3356 qum
702 3286 846 3339 hunc
886 3300 1099 3354 semper
1132 3286 1272 3339 inter
1310 3298 1436 3338 suos
1476 3282 1660 3337 habuit
1698 3295 1749 3338 et

145 3378 490 3445 numeravit,
523 3376 765 3433 Ecclesia
794 3394 807 3430 :
841 3377 1020 3432 ferunt
1044 3391 1267 3431 suorum
1296 3377 1510 3441 merita,
1557 3376 1753 3444 quibus

149 3480 339 3525 sancte
374 3468 705 3533 adhmserat,
731 3469 1100 3524 decessorum.
1132 3468 1203 3523 Ita
1238 3471 1381 3524 enim
1414 3469 1754 3525 reverendis-

152 3562 303 3619 simae
345 3563 628 3618 memorim
666 3564 780 3618 viro
825 3562 1026 3631 Attico,
1067 3562 1349 3618 catholica:
1380 3563 1505 3618 fidei
1556 3579 1755 3635 propuo

156 3655 365 3721 gnatori
390 3653 711 3717 fortissimo,
737 3662 920 3709 mente
944 3653 1143 3723 pariter
1158 3654 1401 3708 etofficio
1422 3653 1751 3722 cohmrebat,

160 3756 215 3800 ut
259 3747 374 3816 jam
426 3757 555 3802 tunc
593 3746 758 3801 futuri
807 3746 860 3800 in
890 3746 1083 3803 eodem
1129 3748 1471 3817 episcopatus
1526 3748 1752 3818 insignia

163 3838 541 3905 prmlucerent.
582 3838 690 3895 Sed
729 3839 801 3893 sit
838 3838 943 3893 hoc
975 3854 1172 3893 arcano
1203 3839 1400 3894 divinae
1450 3839 1751 3910 majestatis

164 3929 406 3997 arbitrio,
445 3943 500 3988 ut
545 3934 599 3988 in
632 3942 907 4003 posterum
956 3949 1310 4004 quaecumque
1350 3945 1475 3989 sunt
1526 3934 1748 3988 meliora

167 4032 470 4092 serventur,
497 4036 550 4081 et
569 4028 635 4081 ad
658 4028 892 4096 quietem
920 4041 1012 4096 per
1036 4028 1213 4096 aliqua
1238 4028 1571 4080 turbatorum
1597 4041 1757 4081 scan-

170 4108 277 4167 dala
306 4118 587 4173 veniatur.
640 4118 883 4174 Debitum
931 4126 1016 4173 est
1060 4117 1240 4172 fratris
1286 4116 1390 4171 mei
1437 4117 1748 4172 Maximiani

171 4205 392 4280 episcopi
446 4210 659 4279 glorim,
703 4221 762 4265 ut
787 4211 1020 4279 aliquem
1055 4210 1131 4264 illi
1159 4209 1442 4278 prmlatum
1490 4208 1655 4264 fuisse
1700 4210 1753 4264 in

171 4290 262 4351 hoc
287 4302 439 4369 quod
467 4301 723 4357 sustinuit
752 4302 941 4356 civitas
971 4301 1289 4370 pmniteret;
1327 4307 1383 4353 et
1410 4316 1550 4354 nunc
1580 4299 1756 4355 electo

174 4386 372 4457 eodem,
405 4391 492 4447 illi
525 4407 584 4447 se
612 4392 970 4463 integritatem
999 4391 1121 4445 lidci
1152 4390 1351 4445 debere
1380 4390 1626 4445 sentiret.

239 4478 290 4534 4.
330 4482 449 4540 Sed
482 4482 605 4538 huic
646 4493 807 4538 tantm
834 4499 932 4553 pro
960 4498 1057 4538 suo
1090 4484 1284 4537 merito
1310 4482 1454 4537 illius
1502 4482 1756 4537 Ecclesim

1926 3276 1980 3331 6.
2021 3275 2211 3330 Causm
2258 3273 2379 3328 fidei
2427 3287 2665 3343 congrue
2695 3280 2750 3328 et
2784 3271 3165 3327 ecclesiastica:
3209 3281 3263 3328 et
3311 3286 3443 3341 pau-

1857 3384 2045 3439 perum
2076 3366 2327 3422 ntilitatis
2360 3380 2521 3421 causa
2548 3364 2921 3435 subjungitur:
2953 3365 3124 3433 utqui
3161 3363 3443 3434 integrita-

1857 3469 1964 3515 tem
1997 3459 2118 3514 fidei
2150 3458 2500 3529 pra‘stitistis,
2547 3472 2837 3527 pauperum
2886 3471 3100 3526 quoque
3144 3456 3443 3511 Commodis

1855 3553 2170 3607 consulatis.
2209 3551 2441 3605 lllustris
2486 3560 2541 3606 et
2585 3559 2784 3604 sanctm
2828 3548 3218 3604 reccidatiouis
3270 3547 3439 3605 Proba

1856 3644 2233 3715 possessiones
2280 3642 2333 3696 in
2381 3641 2507 3696 Asia
2554 3643 2877 3696 constitutas
2903 3639 3056 3711 longa
3088 3655 3116 3693 a
3146 3639 3443 3710 majoribus

1854 3746 2120 3794 vetustate
2142 3738 2222 3791 sic
2248 3734 2485 3804 reliquit,
2513 3742 2569 3787 ut
2591 3734 2848 3801 majorem
2875 3746 3139 3786 summam
3167 3731 3434 3788 redituum

1855 3833 2104 3899 clericis,
2156 3828 2484 3902 pauperibus
2527 3836 2584 3881 et
2627 3826 2964 3879 monasteriis
3012 3825 3167 3878 annis
3218 3826 3443 3897 singulis

1856 3925 2176 3997 praeciperet
2203 3920 2555 3991 erogandam.
2582 3917 2685 3973 Sed
2719 3917 2799 3970 hm
2832 3915 3203 3983 possessiones
3242 3917 3437 3971 ibidem

1857 4020 2189 4084 constitutm,
2218 4019 2269 4071 in
2300 4015 2552 4070 damnum
2587 4025 2879 4082 pauperum
2912 4008 3069 4075 hujus
3097 4008 3441 4078 negligentia,

1858 4122 1918 4168 ut
1944 4114 2159 4183 gravius
2192 4109 2323 4164 nihil
2354 4107 2621 4172 dicamus,
2648 4103 2737 4172 qui
2768 4102 2852 4156 his
2889 4101 3197 4171 prmfuerat.
3225 4114 3285 4154 ea
3318 4112 3444 4154 sunt

1862 4207 2072 4262 ratione
2099 4212 2364 4267 tractatm,
2398 4209 2455 4254 ut
2486 4213 2590 4255 που
2626 4196 2799 4251 solum
2829 4202 3095 4249 consueta
3137 4206 3243 4247 non
3274 4190 3445 4245 solve-

1859 4308 1999 4364 rent,
2046 4309 2236 4349 verum
2267 4294 2427 4346 etiam
2459 4288 2776 4355 subreptitia
2824 4284 3206 4354 impetrationc
3249 4296 3436 4337 earum

1857 4383 1885 4423 ἀ
1934 4386 2024 4455 jus
2080 4383 2484 4451 dominiumque
2539 4379 2799 4433 violetur.
2855 4376 3128 4445 Rogamus
3185 4375 3439 4442 pietatem

1860 4490 2093 4538 vestram
2120 4489 2179 4534 ut
2208 4477 2474 4546 rcligiosm
2503 4483 2557 4529 et
2584 4471 2777 4528 illustri
2809 4470 2990 4524 domui
3020 4480 3075 4524 et
3104 4468 3359 4523 Ecclesia:
3391 4467 3442 4522 il

178 4573 441 4630 sacerdoti
468 4574 643 4630 electo
666 4575 868 4642 taliter,
906 4583 960 4629 et
985 4587 1251 4629 consensu
1294 4583 1497 4627 sanctm
1523 4589 1752 4644 congre-
1781 4568 1834 4628 D
1858 4590 1955 4645 pro
1984 4570 2266 4628 clementia
2293 4578 2468 4623 vestra
2496 4565 2783 4634 prmstetis,
2818 4573 2874 4617 ut
2894 4562 3072 4616 omnis
3098 4562 3163 4615 ab
3194 4558 3275 4614 his
3313 4562 3412 4613 insi

240 4728 542 4787 ‘Romana
602 4732 841 4787 Ecclesia
900 4730 1279 4786 Masimianum
1345 4742 1562 4796 semper
1614 4728 1751 4782 inter

182 4805 300 4875 suos
327 4817 643 4875 numerasse
663 4818 728 4857 eo
758 4817 919 4875 sensu
961 4801 1184 4875 intelligi
1217 4807 1551 4875 potesthguo
1580 4796 1753 4875 ϐατεος

184 4868 339 4943 {mitts
375 4875 537 4943 epist.
575 4872 645 4927 22
693 4889 839 4928 num.
882 4872 916 4927 5
952 4868 1207 4943 adversus
1254 4868 1611 4943 Massilienses
1661 4868 1754 4943 (1νί

186 4931 363 5016 Gallias
398 4931 819 5011 conturbabant,
848 4944 983 5016 dixit
1013 4939 1217 5016 :rNefas
1248 4948 1321 5016 est
1366 4941 1477 5016 hac
1503 4945 1608 5009 pall
1635 4931 1757 4991 reli-

190 5010 341 5070 950808
366 5016 590 5079 animus,
622 5030 839 5085 quarum
861 5015 1157 5084 aﬁlirtione,
1185 5013 1304 5085 quia
1326 5010 1550 5085 membra
1577 5018 1755 5085 nostra

192 5088 312 5156 ξξιηιτ
352 5101 442 5141 nos
481 5080 679 5156 quoque
723 5080 956 5139 convenit
1006 5080 1256 5156 macerari
1280 5082 1449 5156 ,ἠπίη
1505 5080 1753 5156 videlicet

194 5142 523 5211 Maximianus
578 5142 835 5211 Romana:
898 5155 1148 5210 ltlcrlesim
1200 5154 1318 5206 lidei
1349 5142 1753 5204 't-ommunione

195 5226 460 5286 numquam
486 5245 589 5281 non
611 5227 855 5281 cohmsit.
885 5226 988 5281 Sed
1011 5242 1130 5279 eum
1165 5233 1417 5290 pra-terea
1451 5220 1749 5274 Romanum

197 5295 301 5342 ortu
339 5293 500 5352 fuis.e
529 5299 837 5354 Grmcortnn
871 5297 1067 5351 Menma
1117 5303 1406 5354 testantur;
1456 5292 1613 5357 idpte
1666 5295 1757 5343 lir-

199 5368 296 5411 ntat
326 5362 626 5422 Maximiani
655 5384 871 5431 nomen,
897 5368 1034 5435 quod
1059 5378 1205 5420 certe
1228 5364 1471 5435 Grtt'cnllt
1501 5382 1605 5435 Ilmt
1637 5372 1751 5435 (‘51!

199 5438 350 5497 Iteque
377 5447 548 5492 tamen
586 5439 839 5495 Ecclesim
866 5434 1272 5497 Constantium».
1308 5434 1477 5488 videri
1525 5434 1756 5487 debebat

201 5494 413 5581 ῗμρηιις.
462 5520 643 5581 utpote
672 5494 844 5581 quem
886 5509 938 5563 in
978 5508 1095 5578 ejus
1133 5494 1249 5561 sinu
1296 5506 1641 5561 consenuisse
1689 5519 1755 5556 ex

200 5568 432 5647 Sultltexis
459 5568 618 5647 liquet
633 5621 644 5635 .

263 5635 300 5717 ’ξι
324 5645 470 5710 ιλιι..
516 5635 721 5706 ῖιοεινσν.
770 5649 932 5717 Magis
972 5650 1142 5713 placet
1179 5664 1296 5699 cum
1333 5648 1522 5700 Baron.
1570 5654 1624 5699 et
1653 5657 1755 5697 ms.

205 5698 721 5776 ετιιὺᾷὸὶιὶιιῖὲέεῗὶίξι⁷
752 5698 930 5783 sint};
955 5698 1150 5774 tam}.
1188 5698 1354 5771 ’...’...-.:.-
1403 5698 1521 5783 nn;
1562 5698 1756 5777 nam,

207 5788 297 5839 μου
327 5801 521 5845 "estne.
574 5793 670 5849 llic
714 5794 834 5848 Iirlei
875 5803 1051 5846 vestrm
1089 5806 1233 5846 arma
1280 5807 1344 5840 eo
1387 5791 1576 5843 nititur
1600 5786 1762 5841 modo

1856 4743 1962 4797 quo
1990 4725 2306 4795 simpliciter
2335 4722 2637 4778 diceremus
2681 4718 2835 4786 ﬁdem
2878 4725 3118 4782 vestram,
3163 4715 3245 4770 vel
3279 4726 3379 4767 ves!
3424 4734 3439 4767 t

1856 4816 2023 4853 arma.

1932 4881 1953 4908 ε
1997 4872 2188 4922 Bnron.
2222 4880 2341 4919 cum
2384 4877 2486 4917 ms.
2526 4860 2707 4923 Colb.,
2748 4859 2800 4912 in
2837 4859 2990 4911 totius
3033 4864 3435 4928 congregntlot;-.

1859 4938 2165 4994 Christianae
2192 4937 2369 5005 plebis.
2407 4934 2558 4997 Lab.,
2587 4933 2639 4985 in
2670 4939 2777 5005 tota
2802 4929 3104 5005 Christiana:
3125 4927 3284 4997 plebis
3314 4944 3407 5005 ron

1857 5000 2244 5083 gregationefA
2293 5023 2418 5067 ms.,
2472 5000 3440 5083 Ill-mlnllllllm‘[tglztlllllll8,nl‘e(‘c»l-

1862 5067 1995 5135 ἵιιιιῖ.
2028 5081 2158 5134 Ilint:
2185 5092 2334 5133 vetns
2370 5075 2678 5142 prmsuhtm.
2715 5067 3231 5142 nominalimqtte‘ﬂt
3256 5083 3437 5142 Inllllt‘t-

1860 5169 1979 5206 rum
2031 5154 2271 5205 ﬁrmatur
2319 5138 2457 5209 "tot,
2507 5160 2613 5213 quo
2661 5146 2863 5196 litteras
2889 5155 3009 5209 qum
3039 5138 3441 5213 adrEcrlesiam

1858 5226 2179 5279 attint-haut.
2225 5223 2273 5271 in
2325 5210 2553 5271 ecclesia
2596 5230 2775 5268 rorant
2828 5216 2981 5278 p!elic
3028 5212 3127 5278 legi
3156 5210 3439 5279 curabant.

1860 5294 2118 5358 Superius
2139 5277 2455 5344 'vl.iherinm
2496 5277 3111 5358 audivinius__testantem
3149 5296 3237 5358 se__
3256 5277 3443 5358 Orien-

1860 5348 2040 5417 talium
2065 5366 2256 5416 litteras
2280 5363 2560 5419 intimasse,
2588 5359 2767 5424 legisse
2794 5354 3050 5407 Ecclesia.
3081 5362 3135 5406 et
3165 5348 3442 5424 Egyptia-

1860 5452 1974 5487 rnm
2016 5447 2368 5503 episcoporum
2421 5431 2483 5481 de
2531 5426 2817 5480 Athanasio
2862 5425 3163 5478 sententious
3206 5423 3439 5475 situt'lt'tet

1860 5508 2117 5558 recitasse.

1933 5574 1960 5612 ά
2000 5577 2152 5644 Apud
2178 5572 2614 5642 Baron.,jnstuut
2642 5568 2924 5621 dominium

1930 5792 1947 5811 ⁹
1975 5789 2096 5836 ΫΜΡ
2126 5798 2239 5834 mm.
2262 5787 2375 5832 VI"
2404 5796 2579 5832 noqlrm
2606 5783 2766 5827 Patr-nl
