3982 6182
529 194 638 254 84⁸1

1358 186 1755 246 C(ELESTINI
1798 190 1816 244 Ι
1856 188 2061 247 ΡΑΡᾹ]
2085 188 2464 270 ΕΡΙΞΤΟΙΛΕ
2500 192 2587 250 ET
2630 188 2970 249 DECRETA.

3735 194 3878 254 548

534 309 802 367 diantium
830 303 1148 379 inquietudo
1173 303 1436 370 discedat,
1461 312 1516 359 et
1546 313 1653 358 tam
1683 304 1940 360 Ecclesiae
1969 313 2130 375 quam
2158 307 2210 366 Α
2238 320 2350 361 sua:
2394 307 2592 374 ubera;
2646 311 2840 364 revoca
2889 315 3024 378 quos
3053 303 3078 346 ’³
3115 306 3344 365 inhibito
3391 321 3586 365 veneni
3633 325 3875 381 sapore

445 457 448 462 .
534 402 649 458 suis
679 401 915 457 dominis
959 401 1029 455 sit
1059 406 1187 451 tuta
1229 397 1543 466 possessio:
1580 405 1638 450 ut
1665 397 1808 466 quod
1855 397 1981 452 inde
2025 396 2132 451 ali-

538 493 734 550 monia
764 505 1058 564 pauperum
1090 488 1408 558 acquiritur,
1439 499 1678 542 vestrum
1705 503 1824 545 esse
1854 489 2130 546 credatur.

537 597 563 625 -
594 587 726 642 Data
767 561 947 640 idibus
993 582 1220 648 Martiis,
1251 580 1401 636 Flav.
1450 582 1611 638 Aetio
1647 592 1699 637 et
1749 582 1964 639 Valerio
2003 583 2134 639 viris

468 685 474 691 '
535 679 860 736 clarissimis
891 677 1229 732 consulibus.

1044 767 1378 823 EPISTOLA
1417 767 1612 824 XXIV.

445 840 448 842 Ι
489 880 498 935 ι’
533 874 833 916 οωιιιετικι
887 875 904 914 1
953 875 1103 914 ΡΑΡΕ
1149 876 1217 914 ΑΒ
1268 875 1613 914 ΠΑΧΙΙΙΔΝΟΙ

483 943 492 959 ¹
791 945 1026 986 ιιτλαυι
1063 945 1392 996 ενιςοονυιι,
1434 945 1565 986 Ροετ
1609 946 1874 990 SYNODUI.

461 1067 464 1070 λ
537 1021 735 1094 Ipsius
765 1022 1064 1094 electionem
1105 1038 1199 1094 suo
1249 1021 1499 1092 suffragio
1547 1023 1817 1092 conﬁrmat
1834 1042 1858 1094 ;7
1885 1033 2036 1094 atque
2079 1030 2135 1079 ttt

609 1091 854 1145 Ecclesia,
866 1093 963 1145 tibi
977 1093 1262 1146 commissa:
1276 1091 1470 1146 damna
1484 1091 1752 1163 resarciat,
1769 1104 1816 1148 et
1830 1091 2134 1150 Cteléstiano

608 1163 770 1217 errori
796 1163 1069 1235 vigilanter
1099 1164 1330 1228 obsistat,
1364 1165 1619 1218 hortatur.

641 1254 1003 1309 C(ELESTINUS
1054 1253 1340 1326 episcopus
1406 1254 1718 1310 Mutlmto
1773 1255 2029 1326 episcopo

1031 1325 1652 1394 Constantinopolitano.

617 1419 668 1472 1.
708 1417 956 1473 Vidimus
985 1425 1037 1472 et
1067 1417 1301 1486 amplexi
1343 1432 1532 1472 sumus
1565 1417 1960 1474 fraternitatem
1991 1428 2135 1472 tuam

545 1513 600 1566 in
644 1511 842 1566 litteris
887 1511 1012 1575 tuis,
1039 1511 1313 1581 talemque
1341 1513 1684 1566 sanctitatem
1716 1524 1884 1578 tuam,
1916 1513 2132 1582 qualem

546 1615 888 1666 noveramus,
947 1601 1303 1668 inspeximus,
1358 1601 1590 1674 simplici
1643 1604 1852 1659 scilicet
1904 1603 2136 1672 puritate

1661 874 2133 918 CONBTANTINOPO-

2236 399 2580 455 abstraxerat
2607 399 2878 454 inimicus.
2909 399 3182 455 Confirma
3214 403 3268 455 in
3306 399 3415 457 ﬁde
3454 416 3590 471 quos
3627 404 3872 460 videris

2235 492 2526 561 appetitos,
2556 506 2684 546 cura
2714 505 2850 562 quos
2885 493 3192 560 inspexeris
3228 494 3565 564 vulneratos,
3610 511 3870 554 remove

2235 583 2325 653 qui
2378 597 2483 637 non
2531 585 2773 638 sentiunt
2814 584 3158 640 medicinam.
3193 585 3471 640 Interdum
3499 587 3646 642 enim
3683 596 3715 626 ⁸
3753 589 3868 642 do-

2239 674 2354 730 lore
2383 675 2606 741 tollitur,
2639 683 2841 732 etcum
2889 689 2954 731 ea
2998 691 3117 746 quae
3165 685 3293 733 sunt
3335 679 3498 734 noxia
3530 680 3866 749 pracidun-
3918 693 3923 740 ξ

2236 774 2342 831 tur,
2385 767 2534 822 salus
2581 767 2808 836 reliquis
2852 777 3212 836 prmparatur.
3254 767 3414 822 Latus
3459 783 3693 840 campus
3740 780 3863 837 est,
3913 764 3923 777 ’

2236 855 2402 911 frater
2422 859 2762 926 charissime,
2793 859 2848 912 in
2874 873 2980 928 quo
3002 860 3233 929 gloriam
3265 870 3318 915 et
3341 861 3616 928 vigilantis
3647 874 3863 931 pasto-
3921 898 3923 900 -

2235 948 2310 1004 ris
2363 957 2419 1004 et
2465 949 2684 1019 benigni
2732 950 3030 1006 sacerdotis
3078 966 3364 1017 exerceas,
3405 963 3461 1008 et
3503 951 3522 992 ί
3569 968 3863 1022 saporem

2235 1038 2557 1094 Christianae
2588 1042 2923 1096 salubritatis
2972 1042 3263 1100 infundas:
3295 1055 3351 1100 ut
3399 1045 3518 1115 plus
3565 1046 3624 1100 in
3666 1059 3863 1117 repa-

2235 1131 2407 1186 rando
2439 1133 2681 1201 potuisse
2723 1142 2776 1188 te
2807 1133 3036 1203 liqueat,
3085 1149 3244 1203 quam
3279 1136 3373 1191 ille
3421 1137 3597 1206 potuit
3635 1137 3693 1192 in
3755 1140 3863 1192 lm-

2237 1224 2435 1287 dendo,
2465 1226 2552 1294 qtti
2583 1225 2820 1280 imitator
2843 1226 3042 1281 diaboli
3069 1228 3258 1282 maluit
3277 1245 3400 1284 esse
3423 1245 3584 1298 quam
3605 1229 3859 1298 Christi,

2238 1315 2560 1384 perturbans
2585 1317 2827 1371 omnium
2875 1319 3238 1374 Ecclesiarum
3273 1324 3545 1389 quietem;
3571 1322 3660 1376 cui
3693 1338 3859 1377 nunc

2237 1407 2501 1462 debemus
2539 1423 2759 1478 operam
2791 1410 2844 1464 in
2877 1425 3166 1466 commune
3195 1422 3476 1480 praestare,
3510 1421 3567 1468 ut
3589 1414 3857 1469 omnium

2239 1514 2344 1553 una
2388 1499 2522 1554 lides
2572 1509 2630 1557 et
2673 1516 2814 1556 unus
2857 1503 2928 1556 sit
2969 1504 3182 1558 animus
3217 1505 3581 1559 sacerdotum.
3625 1504 3856 1561 Teneat

2239 1604 2431 1645 manus
2462 1599 2550 1645 tua
2577 1592 2915 1648 Dominicum
2947 1595 3329 1661 ventilabrum,
3357 1605 3414 1651 et
3437 1606 3622 1668 purget
3642 1612 3853 1654 aream

539 1695 853 1764 gloriosam,
888 1701 944 1749 et
974 1697 1170 1748 mentis
1205 1694 1418 1764 fulgore
1447 1697 1627 1765 potius
1650 1713 1811 1766 quam
1833 1696 2137 1752 bsermone
2168 1699 2214 1758 Β
2244 1681 2505 1736 "ﬁdium
2564 1685 2657 1738 ίίινί
2683 1725 2700 1749 ν
2757 1696 2817 1738 ιη
2867 1701 2898 1740 ³
2953 1685 3237 1741 immanis
3291 1687 3462 1756 Ρθιεω
3514 1702 3854 1757 separemur

541 1786 903 1856 perspicuam.
940 1796 962 1822 ο
996 1785 1104 1842 Sed
1152 1787 1203 1839 in
1252 1802 1310 1840 se
1341 1795 1502 1856 atque
1533 1790 1584 1842 in
1623 1796 1820 1843 statum
1849 1804 2004 1844 suum
2048 1789 2140 1845 illa

540 1878 609 1933 de
657 1878 814 1946 cujus
866 1879 974 1933 fide
1020 1894 1238 1950 semper
1283 1881 1657 1952 gloriabamur
1704 1883 1969 1950 Ecclesia,
2019 1896 2141 1952 qua:

543 1985 685 2024 nunc
715 1978 770 2025 te
804 1971 1090 2039 praesulem
1121 1973 1307 2026 divino
1341 1975 1546 2043 judicio
1585 1977 1820 2046 accepit,
1855 1987 2138 2047 postquam

544 2063 693 2117 illurn
726 2063 818 2132 qui
849 2079 967 2118 eam
1000 2066 1290 2120 obsidebat
1333 2067 1512 2136 cjecit.
1563 2068 1728 2123 Sume
1774 2070 2138 2138 gubernacula

545 2165 688 2211 nota:
719 2157 812 2212 tibi
843 2160 1013 2223 navis,
1048 2175 1276 2228 eamque
1307 2169 1366 2212 ut
1403 2159 1658 2215 didicisse
1692 2171 1743 2215 te
1775 2176 1802 2215 a
1838 2161 1942 2214 tuis
1990 2163 2137 2231 prio-

541 2252 690 2307 ribus
719 2253 987 2316 novimus,
1021 2268 1165 2321 rege.
1207 2252 1417 2306 Obsiste
1450 2252 1611 2307 undis
1635 2268 1768 2323 quas
1801 2254 1889 2307 ille
1917 2266 2136 2322 ventus,

541 2347 633 2413 qui
659 2355 712 2399 et
742 2360 769 2396 a
804 2345 928 2398 navi
955 2354 1206 2399 vectores
1234 2345 1513 2413 abegerat,
1547 2345 1640 2400 sed
1677 2346 1928 2401 omnibus
1959 2348 2140 2401 inimi-

542 2449 639 2488 cus
684 2437 914 2498 excivit,
961 2437 1106 2489 omni
1151 2451 1270 2488 eam
1318 2436 1548 2490 laterum
1603 2436 1830 2506 cupiens
1877 2453 2140 2509 compage

544 2525 869 2592 dissolvere,
917 2535 976 2580 ut
1015 2525 1219 2594 rapidis
1260 2539 1377 2581 eam
1418 2538 1600 2594 posset
1640 2528 1932 2583 vorticibus
1974 2531 2141 2584 devo-

542 2631 705 2684 rare;
756 2617 1031 2686 professus
1079 2617 1271 2670 falsum
1321 2617 1478 2687 (quid
1530 2619 1674 2672 enim
1723 2635 1829 2672 non
1882 2620 2139 2687 iniquitas

551 2707 898 2778 proﬁtetur?)
941 2709 1324 2778 gubernatoris
1369 2709 1626 2774 officium,
1668 2720 1726 2765 ut
1755 2713 2024 2767 videretur
2053 2729 2139 2768 re-

541 2816 687 2871 gere,
722 2815 859 2870 quos
882 2800 1106 2869 perdere
1131 2800 1422 2855 nitebatur.

610 2892 663 2946 2.
707 2894 898 2950 Adhuc
931 2904 983 2946 te
1013 2893 1263 2946 excitatae
1291 2895 1358 2946 ab
1395 2894 1587 2948 eodem
1636 2894 1796 2949 undae
1837 2897 2135 2951 circumso-

545 2994 695 3053 nant,
729 2996 778 3040 et
810 2985 940 3040 elati
965 2984 1158 3039 ﬂuctus
1184 2985 1266 3040 vel
1299 2986 1555 3054 procellas
1581 2987 1891 3042 sollicitant.
1921 2987 2136 3044 Resiste

2244 1772 2399 1846 (Luc.
2431 1790 2510 1840 nt,
2541 1775 2656 1845 l7),
2691 1784 2745 1831 et
2771 1789 2950 1842 omne,
2978 1778 3128 1846 juxta
3157 1779 3472 1840 mandatum
3502 1780 3705 1836 Christi
3740 1782 3851 1837 Dei

2243 1867 2414 1922 nostri
2465 1866 2690 1939 (Matth.
2743 1884 2860 1935 xm,
2908 1868 3039 1941 50),
3095 1871 3308 1925 horreis
3355 1871 3592 1927 triticum
3643 1879 3852 1942 aggre-

2241 1968 2421 2027 getur.

2313 2051 2369 2106 5.
2411 2051 2610 2106 Locum
2644 2052 2893 2122 impietas
2934 2053 3146 2107 novella
3190 2068 3296 2107 non
3329 2055 3540 2122 habeat,
3579 2065 3637 2111 et
3681 2070 3849 2111 com-

2243 2158 2432 2213 presso
2461 2145 2588 2198 olim
2616 2153 2640 2192 Β
2668 2160 2762 2213 per
2791 2154 2959 2199 totum
2992 2145 3180 2200 orbem
3213 2162 3306 2200 sua
3332 2147 3671 2202 damnatione
3705 2160 3850 2204 noto

2241 2235 2571 2293 Ctelestiano
2601 2238 2773 2293 errori
2819 2249 2906 2292 tua
2946 2238 3220 2308 vigilantia
3267 2240 3550 2295 resistatur
3581 2257 3598 2295 :
3628 2251 3688 2296 ut
3715 2243 3849 2310 qui-

2242 2345 2473 2400 cumque
2516 2330 2677 2399 hujus
2713 2330 2984 2400 dogmatis
3013 2340 3138 2386 sunt
3163 2347 3446 2402 sequaces,
3479 2335 3546 2389 ab
3570 2335 3716 2390 omni
3745 2350 3847 2387 so-

2240 2422 2440 2476 cietate
2485 2421 2766 2476 hominum
2810 2423 3160 2492 repellantur.
3200 2423 3442 2479 Obsistat
3489 2425 3592 2481 illis
3637 2440 3735 2495 per
3781 2437 3846 2482 te

2241 2515 2478 2583 Spiritus
2508 2526 2730 2569 sanctus
2758 2516 2841 2570 his
2867 2518 2919 2570 in
2948 2517 3199 2571 omnibus
3219 2518 3308 2587 qui
3333 2518 3400 2576 ad
3431 2520 3526 2574 has
3550 2533 3845 2589 quascum-

2243 2622 2346 2676 que
2377 2618 2644 2662 conantur
2674 2610 2981 2677 provincias
3013 2612 3317 2678 pervenire,
3351 2627 3420 2666 ne
3449 2627 3636 2667 eorum
3667 2612 3844 2681 impia

2245 2698 2559 2765 praedicatio
2587 2711 2852 2770 resurgat.
2881 2700 3098 2756 Obsiste
3127 2702 3208 2756 eis
3236 2721 3248 2754 :
3283 2702 3356 2757 ita
3391 2705 3560 2769 enim,
3593 2715 3647 2759 ut
3669 2704 3843 2760 dam-

2242 2799 2442 2844 nentur
2471 2806 2813 2860 qnocumque
2841 2796 3183 2862 perveniunt,
3213 2798 3577 2864 innotescunt,
3613 2806 3667 2854 et
3695 2811 3840 2853 tam-

2238 2897 2398 2951 quam
2447 2899 2556 2938 non
2604 2883 2710 2938 illis
2758 2885 3026 2940 sententia
3088 2888 3248 2941 toties
3297 2888 3522 2957 repetita
3575 2888 3837 2957 sufﬁciat,

2243 2973 2562 3044 longinquas
2593 2984 2764 3031 terras
2792 2988 3137 3049 remotasque
3172 2982 3475 3049 provincias
3503 2982 3839 3050 inquietant.

543 3080 804 3150 pervigil,
852 3089 904 3132 et
957 3080 1261 3132 commissa:
1312 3078 1405 3130 tibi
1457 3079 1612 3132 navis
1666 3080 1919 3148 magister
1970 3081 2134 3135 saluti
2163 3079 2209 3144 C
2242 3065 2348 3122 Sed
2384 3082 2480 3122 θοε
2520 3068 2611 3122 ille
2644 3071 3001 3140 persequitur.
3031 3073 3185 3140 cuius
3230 3072 3388 3127 ﬁdem
3427 3087 3520 3128 sua
3562 3074 3834 3142 Ρηνίιῧιθ

544 3171 954 3226 commissorum
1007 3169 1102 3223 tibi
1151 3184 1253 3237 qua
1305 3177 1458 3239 potes
1510 3184 1638 3223 cura
1693 3185 1969 3226 succurre.
2031 3172 2135 3228 Fac

543 3265 783 3332 quietum
819 3276 967 3314 mare
1000 3275 1122 3314 esse
1159 3276 1264 3330 quo
1296 3261 1546 3330 navigas;
1592 3260 1673 3315 fac
1703 3270 1791 3315 tua
1819 3274 1934 3317 arte
1964 3273 2134 3319 tutam

549 3368 739 3407 navem
785 3362 900 3418 post
927 3367 1018 3405 eas
1045 3359 1393 3420 tempestates
1425 3367 1556 3421 quas
1585 3353 1939 3419 sustinuerat,
1973 3371 2134 3425 quam

545 3445 835 3511 gubernas.
865 3442 1016 3495 Illum
1043 3456 1272 3508 sequere
1297 3443 1640 3510 piscatorem,
1667 3446 1753 3514 qui
1783 3449 1946 3502 maris
1968 3462 2133 3516 aquas

548 3532 792 3599 pedibus,
843 3541 900 3584 nt
940 3532 1003 3583 ad
1036 3531 1309 3585 Christum
1353 3533 1636 3588 Dominum
1685 3547 1927 3591 nostrum
1975 3555 2133 3608 quem

545 3622 909 3673 ambulantem
953 3623 1005 3674 in
1047 3624 1178 3675 mari
1213 3623 1441 3688 viderat,
1476 3637 1655 3693 posset
1685 3631 1990 3698 pervenire,
2021 3634 2130 3687 cal-

545 3715 683 3769 cavit
712 3713 926 3786 (Matth.
958 3727 1102 3781 xxtv,
1133 3715 1252 3785 29).
1301 3717 1541 3787 Sequere
1587 3723 1822 3789 priorum
1873 3738 1901 3776 a
1940 3726 2135 3793 quibus

544 3808 786 3862 eruditus
825 3823 883 3863 es
922 3818 975 3862 et
1005 3810 1257 3874 nutritus,
1290 3813 1536 3880 exempla
1567 3815 1900 3881 pontiﬁcum,
1939 3817 2136 3870 beatis-

546 3901 668 3954 simi
700 3901 924 3956 Joannis
960 3903 1011 3956 in
1043 3903 1390 3972 praedicando
1429 3906 1736 3973 scientiam,
1769 3910 1940 3961 sancti
1973 3911 2133 3966 Attici

548 3997 603 4050 in
636 3996 989 4065 repurgandis
1019 3996 1315 4050 haeresibus
1343 3997 1694 4065 vigilantiam,
1725 3998 2028 4054 decessoris
2058 4004 2134 4057 tui

549 4089 756 4155 Sisinii,
801 4091 954 4158 cujus
1000 4099 1051 4143 te
1083 4103 1454 4144 successorem
1496 4089 1791 4156 credimus,
1837 4093 2130 4162 simplicem

551 4183 858 4251 puritatem,
895 4190 950 4234 ut
981 4181 1047 4235 de
1080 4181 1188 4244 illa,
1224 4180 1380 4234 sicuti
1426 4181 1758 4248 solebamus,
1799 4187 2134 4254 gratulemur

547 4275 813 4330 Ecclesia.
860 4274 1137 4344 Congrega
1184 4289 1423 4342 sparsos,
1458 4275 1709 4344 piumque
1737 4283 1970 4333 animum
2002 4295 2135 4350 qua-

548 4366 652 4420 lem
695 4374 748 4421 te
794 4365 994 4421 habere
1045 4365 1311 4429 novimus,
1361 4367 1412 4419 in
1464 4381 1558 4420 eos
1594 4382 1731 4436 quos
1775 4369 2134 4440 dissipavcrat

551 4458 894 4527 perturbatur
914 4471 1127 4512 exerce.
1152 4457 1430 4525 Congrega
1458 4461 1682 4526 pepulos
1715 4467 1835 4514 tuos
1854 4461 1918 4515 ad
1944 4466 2129 4520 matris
2162 4459 2213 4518 D

623 4691 646 4719 ⁸
687 4683 860 4736 Martii
887 4682 953 4734 15
973 4697 1097 4734 ann.
1123 4678 1248 4734 452.

621 4752 645 4789 ¹³
690 4755 908 4815 Baron.,
933 4769 1083 4821 quam
1106 4750 1316 4803 honore.
1344 4751 1581 4805 [λεοιὶοηί
1609 4767 1708 4804 ms.
1738 4752 1894 4806 Coll).
1921 4764 1973 4808 et
1996 4753 2129 4809 Lnb.

549 4823 908 4889 suffragantur
954 4823 1202 4878 Socrates
1249 4822 1338 4874 lib.
1394 4837 1465 4875 vn
1507 4837 1555 4875 c.
1604 4823 1693 4888 55,
1735 4838 1798 4892 ac
1847 4823 2133 4879 Liberatus

548 4896 688 4947 tliar.
721 4912 768 4948 ο.
797 4895 846 4950 7,
872 4910 899 4946 a
927 4895 1114 4959 quilm-
1150 4893 1520 4954 il‘liximiaons,
1552 4893 1604 4945 in
1647 4910 1878 4947 sermone
1910 4896 2052 4948 rudis
2081 4905 2128 4948 et

548 4967 811 5032 ἱηψοίὸιρ-’.ς
840 4965 1160 5033 prsrtlicatur
1191 4982 1201 5016 :
1234 4963 1370 5016 forte
1397 4963 1517 5032 quia
1547 4964 1773 5017 collatus
1795 4980 1915 5018 cum
1941 4965 2132 5020 Nesto-

547 5036 628 5087 rio
663 5039 750 5101 qui
801 5036 1104 5100 eloquentia
1148 5035 1404 5106 pollebat,
1445 5036 1794 5106 inisermone
1840 5035 2129 5106 imperitus

546 5106 853 5164 videbatur.
883 5107 1120 5175 Epistola
1143 5108 1258 5169 ejus
1281 5106 1343 5157 ad
1369 5103 1649 5175 Cyrillum,
1673 5122 1791 5174 quae
1816 5103 2007 5161 una-nd
2033 5123 2132 5162 nos

548 5179 811 5246 pervenit,
839 5176 1334 5246 habeturqueﬂpart.
1365 5192 1421 5228 III
1445 5178 1641 5230 concil.
1674 5177 1872 5245 Ephes.
1895 5191 2014 5246 cap.
2044 5181 2130 5245 l7,

545 5245 647 5305 etsi
678 5249 850 5302 virum
904 5250 1128 5299 liutnana
1173 5245 1416 5299 facundia
1461 5261 1565 5299 non
1605 5248 1894 5301 admodum
1924 5245 2132 5315 expoli-

547 5333 680 5385 tum,
731 5327 880 5374 certe
927 5317 1251 5372 Christianis
1295 5318 1546 5371 sensibus
1598 5317 1765 5387 probe
1814 5319 2130 5374 instructum

545 5396 735 5450 Spirat.

574 5409 908 5525 “cultior-on”
959 5477 1107 5528 quem
1148 5477 1199 5511 in
1241 5476 1314 5522 se,
1355 5460 1710 5513 renitentibus
1756 5475 1884 5513 mss.
1919 5461 2128 5530 lntegra

547 5536 646 5586 crit
679 5534 860 5596 lectio,
890 5532 932 5584 si
971 5547 1064 5598 pro
1105 5530 1274 5593 Sedit,
1309 5533 1620 5583 restituatur
1655 5531 1825 5596 Redit,
1859 5535 2129 5600 quomodo

546 5621 667 5667 nos,
697 5604 940 5658 consulta
974 5601 1262 5674 Lahbei‘ea
1297 5602 1363 5674 de
1402 5617 1460 5652 re
1499 5601 1831 5669 conjectura,
1855 5604 2129 5674 corrige“.

545 5676 677 5731 dum
699 5691 821 5730 esse
844 5690 964 5728 cum
993 5674 1088 5724 illo
1109 5670 1309 5733 opinati
1331 5684 1539 5724 sumus.

2239 3161 2488 3230 persequi
2540 3161 2876 3228 nitebantur,
2909 3161 2934 3200 ιι
2968 3174 3020 3218 et
3052 3180 3080 3218 a
3112 3181 3220 3236 quo
3261 3181 3321 3221 se
3361 3166 3716 3236 abscondere,
3758 3169 3839 3225 ad

2237 3254 2459 3320 quasvis
2491 3253 2723 3310 latebras
2761 3254 3094 3324 confugiant,
3133 3272 3230 3311 sua
3273 3273 3333 3312 se
3383 3257 3656 3328 impietate
3702 3275 3839 3327 pro-

2237 3345 2454 3409 dentes,
2501 3361 2607 3399 non
2650 3356 2900 3415 possunt.
2933 3347 3100 3402 Filios
3139 3365 3270 3404 vero
3299 3359 3518 3405 nostros
3551 3351 3838 3421 religiosos

2241 3437 2387 3492 viros
2426 3438 2689 3494 Joannem
2721 3442 3093 3511 presbyterum
3123 3452 3180 3496 et
3209 3443 3509 3511 Epictetum
3545 3445 3834 3502 diaconum

2236 3545 2358 3585 cum
2391 3546 2581 3602 magna
2621 3533 2804 3589 Iattitia
2846 3536 3201 3604 suscepimus,
3235 3547 3289 3590 et
3324 3553 3446 3591 cum
3479 3539 3677 3608 majore
3704 3556 3836 3610 gra—

2239 3623 2500 3678 tulatione
2532 3627 2862 3682 remisimus.
2897 3626 2913 3665 ί
2944 3627 3072 3682 Data
3105 3629 3279 3683 idibus
3307 3630 3526 3699 Martiis,
3557 3632 3634 3686 Fl.
3667 3634 3831 3688 Aetio

2238 3723 2294 3767 et
2324 3713 2540 3769 Valerio
2567 3716 2694 3772 viris
2721 3718 3037 3774 clarissimis
3063 3721 3398 3776 consul-ibus.

2759 3894 3089 3951 EPISTOLA
3131 3896 3298 3954 XXV.

2236 4043 2532 4083 (ἷίῐΖΜΞςἸΙΝΙ
2563 4045 2576 4082 Ι
2612 4047 2756 4085 MPH-3
2797 4051 2864 4087 AD
2903 4050 3114 4089 ειειιωι
3158 4054 3225 4090 ΕΤ
3268 4053 3469 4093 PLEBEM
3508 4052 3826 4095 CONSTANTI-

2479 4117 2663 4155 NOI‘OIJ
2703 4119 3103 4171 CONSTITUTAM,
3147 4123 3275 4162 POS'I‘
3313 4124 3574 4164 SYNODUI.

2239 4254 2464 4332 Nestorii
2486 4257 2715 4328 exagitat
2751 4275 2960 4332 prauam
2989 4262 3296 4328 doctrinam,
3341 4263 3700 4332 pertinaciam,
3726 4281 3816 4317 sn-

2307 4327 2597 4407 perbiams
2630 4344 2690 4407 ac
2747 4327 2981 4407 sypinde
3022 4327 3408 4388 damnatiOném
3459 4337 3818 4407 eiusigjuttam

2306 4397 2468 4478 fuisse
2488 4399 2728 4478 ostendit.
2756 4397 3158 4478 Id‘eintidemque
3181 4414 3226 4456 et
3256 4421 3407 4478 suum
3430 4397 3548 4478 erga
3571 4397 3821 4460 Constan-

2306 4468 2682 4538 tin0politanOt
2706 4471 2961 4538 studium,
2991 4482 3039 4526 et
3061 4473 3246 4527 horum
3271 4475 3324 4529 in
3350 4477 3454 4544 fide
3480 4468 3816 4531 constantiam

2310 4687 2556 4768 flnnpnd.
2605 4691 2766 4768 Lab.,
2815 4692 3024 4768 invitos.
3076 4695 3153 4749 Ex
3204 4696 3436 4751 Baronio
3482 4696 3807 4768 revocamus,

2237 4759 2474 4839 inniliito,
2505 4765 2779 4839 quamvis
2798 4765 3103 4831 mallemus,
3141 4768 3404 4833 imbibito;
3433 4770 3574 4839 quod
3601 4783 3655 4824 et
3683 4759 3809 4828 Lab:

2237 4831 2302 4880 ad
2331 4847 2498 4899 marg.
2530 4836 2829 4888 annotavit.

2312 4909 2335 4984 ξ
2376 4901 2570 4982 Baron.
2605 4906 3043 4984 praefertnrlofor.
3083 4907 3248 4984 Forte
3291 4908 3594 4984 legendum,
3643 4911 3814 4984 zﬁ‘gri-

2234 4970 2361 5048 tudo
2394 4972 2534 5048 enim
2581 4974 2756 5028 dolore
2799 4974 3028 5048 tollitur,
3083 4980 3200 5033 loco
3237 4970 3520 5048 particulas
3567 4970 3812 5039 interdum

2234 5041 2525 5116 substituta
2554 5059 2686 5099 voce
2711 5047 2983 5116 (agritudo.

2313 5110 2330 5149 ί
2375 5112 2530 5189 apud
2561 5110 2834 5189 eumdem,
2865 5125 2910 5170 et
2933 5135 3118 5189 sapore
3145 5131 3358 5175 mentes.

2295 5191 2334 5264 ,Β
2374 5183 2595 5239 Scilicet
2646 5185 2844 5241 Zosimi
2895 5183 3148 5244 tractoria
3196 5191 3262 5245 ad
3309 5206 3500 5246 omnes
3553 5192 3811 5250 Ecclesias

2237 5267 2421 5307 missa.

2309 5322 2349 5402 ιι-
2377 5324 2542 5391 Editi,
2568 5336 2737 5402 etquo
2765 5344 2817 5380 se
2839 5330 3171 5397 abscondant,
3196 5332 3263 5402 ad
3291 5350 3421 5402 quas
3451 5333 3669 5388 latebras
3693 5351 3812 5391 con-

2236 5395 2473 5473 fugiant;
2498 5399 2866 5473 resarciuntur
2895 5414 2998 5473 Ope
3029 5419 3131 5453 ms.
3160 5395 3359 5467 'Colb'.,
3404 5405 3455 5457 in
3489 5420 3599 5473 quo
3642 5417 3812 5464 tamen

2236 5468 2304 5517 ad
2333 5467 2555 5545 quesvis,
2587 5484 2686 5545 pro
2715 5469 2786 5545 ad
2817 5472 3038 5545 quasvis.
3070 5473 3171 5525 Sed
3205 5474 3255 5525 in
3288 5488 3421 5545 mss.
3455 5467 3705 5545 frequens
3729 5490 3815 5538 est

2237 5545 2289 5588 at
2321 5551 2416 5604 pro
2444 5537 2544 5603 ad;
2567 5548 2620 5592 et
2649 5538 2821 5592 facilis
2845 5551 2927 5593 est
2955 5557 2986 5593 a
3013 5544 3063 5596 in
3093 5559 3119 5595 ε
3147 5543 3388 5596 mutatio.

2313 5605 2331 5647 ί
2376 5608 2550 5664 Martii
2575 5611 2640 5665 15
2659 5625 2785 5664 ann.
2808 5609 2935 5668 452.
