3982 6182
209 245 298 298 se)

567 228 779 286 EPIST.
827 229 988 285 XXV.
1038 227 1428 284 C(ELISS'I'INI
1471 227 1671 285 ΡΑΡᾹΞ
1711 221 1802 283 AD
1838 228 2113 284 CLERUM
2156 228 2245 284 ΕΤ
2287 225 2559 284 PLEBEM
2597 227 3049 287 CONSTANTIN.

3342 233 3451 292 550

255 346 592 402 commendat.
623 346 1001 400 Maximianum
1021 345 1144 414 ipsis
1167 346 1464 414 prwfectum
1486 344 1662 414 paucis
1688 343 1758 398 ad
1784 352 1837 411 Α
1862 343 1928 398 de
1977 344 2229 411 patientia
2280 343 2449 400 fuisse
2500 359 2823 402 sermonem.
2867 344 3074 403 Jactavi
3118 360 3240 418 qua
3288 347 3451 407 debui

257 418 437 480 calcem
459 418 664 479 laudat.

196 530 530 588 Creissa-tuus
564 526 857 596 episcopus
895 526 1044 581 clero
1076 537 1130 582 et
1169 526 1310 594 plebi
1347 525 1763 582 consistentibus

720 598 1211 667 Constantinopoli.

262 716 307 767 l.
347 713 648 770 Enultatio
673 712 861 766 matris
888 719 970 767 est
997 711 1348 781 congregatio
1379 710 1631 766 ﬁliorum.
1661 710 1763 766 De-

195 807 345 874 nique
375 808 591 863 laetatur
629 805 878 861 Ecclesia
928 804 1001 858 ita
1051 819 1112 859 se
1157 804 1298 858 ﬁlios
1339 819 1476 874 quos
1518 805 1763 858 diabolus

193 896 529 966 disperserat,
561 897 760 953 iterum
790 909 1172 965 congregaSse,
1207 903 1263 949 ut
1288 909 1353 949 ex
1385 895 1469 949 his
1493 894 1592 948 nisi
1619 895 1763 952 ﬁlius

196 988 498 1054 perditionis
527 1003 688 1044 nemo
715 987 787 1044 sit
813 986 1080 1056 perditus,
1109 989 1232 1056 quia
1263 1001 1386 1042 eum
1418 987 1583 1040 ﬁlium
1606 1001 1760 1041 suum

195 1093 516 1148 nequaquam
572 1087 722 1147 pater
770 1077 1006 1147 agnovit.
1061 1075 1216 1132 lllum
1263 1091 1493 1144 namque
1538 1091 1603 1130 ex
1655 1091 1764 1144 quo

191 1177 320 1234 erat,
350 1169 488 1225 sicut
513 1169 738 1238 legimus
769 1166 954 1240 (Joan.
1000 1182 1120 1232 vttt,
1162 1165 1281 1238 44),
1322 1167 1579 1233 imitatus,
1612 1168 1765 1222 vobis

191 1261 436 1331 legitimis
481 1262 574 1316 Dei
613 1262 737 1316 ﬁliis
775 1260 1151 1316 haereditatem
1190 1258 1488 1313 conabatur
1515 1258 1762 1324 auferre;

189 1369 348 1424 quos,
387 1357 604 1411 dicente
647 1354 923 1423 Apostolo
970 1351 1146 1421 (Rom.
1191 1365 1302 1414 vut,
1351 1353 1462 1420 i7),
1514 1366 1610 1419 pro
1660 1350 1766 1408 ﬁde

191 1457 354 1504 vestra
379 1459 438 1505 et
460 1448 709 1504 baeredes
739 1445 833 1500 Dei
856 1453 910 1500 et
937 1443 1132 1499 Christi
1164 1443 1331 1498 nostri
1359 1441 1566 1497 futuros
1594 1442 1768 1497 credi-

189 1553 298 1592 mus
334 1538 680 1596 collect-edes.
715 1535 835 1591 Non
872 1549 1001 1602 ergo
1024 1533 1074 1590 ei
1105 1534 1330 1602 palmam
1360 1532 1427 1588 de
1459 1535 1540 1588 his
1566 1533 1768 1588 referre

190 1628 506 1694 permissum
551 1636 656 1692 est,
705 1625 793 1696 qui
834 1625 902 1680 de
949 1625 1064 1694 ipso
1103 1624 1270 1693 magis
1314 1638 1411 1695 per
1451 1638 1600 1678 arma
1643 1624 1765 1679 ﬁdei

1862 435 2068 490 semina
2114 436 2373 493 sacerdos
2422 436 2474 490 in
2521 437 2705 492 animo
2733 436 3066 505 Christiano,
3117 453 3217 494 nec
3265 454 3350 494 me
3398 441 3453 494 in

1865 526 2019 584 vobis
2043 543 2198 597 seges
2227 536 2539 598 exspectata
2569 529 2787 599 decepit
2815 528 3031 601 (Matth.
3059 545 3177 597 xttt,
3210 529 3302 598 24,
3333 528 3450 595 25).

1863 617 1998 684 Quid
2043 621 2182 672 enim
2230 620 2507 688 patientiae
2547 631 2741 676 vestra:
2787 622 2978 675 meSsis
3021 621 3286 690 intulerit,
3320 624 3451 694 ipsis

1865 708 2126 766 fructibus
2165 711 2494 780 approbatis.
2541 711 2639 766 llis
2685 713 2927 768 invidens
2959 723 3170 768 severat
3210 714 3446 790 peritura

1863 803 2065 860 zizania
2108 804 2245 858 intra
2288 803 2688 873 aliquantorum
2730 814 2941 861 mentes
2980 807 3214 878 agricola
3246 806 3447 882 peritu-

1865 910 1996 950 rus:
2026 905 2243 951 severat
2291 897 2448 968 longe
2478 897 2620 951 aliud
2652 913 2812 966 quam
2853 907 3132 968 acceperat
3179 899 3448 954 seminan-

1865 987 2014 1053 dum,
2045 988 2127 1042 vel
2161 989 2444 1043 invenerat
2472 988 2816 1044 semiuatum.
2845 989 3120 1046 Habemus
3148 1001 3300 1046 certe
3325 990 3448 1046 ﬁdei

1867 1089 2065 1136 nostra:
2095 1081 2321 1146 semina,
2353 1096 2473 1150 quae
2506 1082 2672 1150 ipsius
2702 1081 2910 1136 Domini
2955 1097 3139 1140 sermo
3188 1085 3276 1140 vel
3321 1099 3449 1156 apo-

1865 1175 2126 1228 atolorum
2155 1173 2402 1229 doctrina
2428 1175 2681 1246 jactavit;
2712 1190 2854 1245 qum,
2880 1178 3092 1246 quoties
3115 1175 3215 1230 ista
3238 1177 3449 1232 contin-

1863 1276 2016 1337 gunt,
2043 1282 2149 1322 non
2173 1283 2235 1324 ea
2267 1277 2290 1305 ο
2318 1277 2474 1324 terra:
2495 1282 2616 1336 qua:
2639 1268 2895 1339 suscepit,
2917 1269 3012 1326 sed
3035 1269 3139 1322 alia
3164 1269 3449 1342 superfusa

1866 1369 2239 1430 corrumpunt.
2285 1359 2424 1415 Nihil
2461 1371 2655 1416 vestrae
2692 1361 2928 1431 simplici
2968 1361 3089 1416 ﬁdei
3122 1363 3314 1418 messis
3343 1361 3448 1417 D0<

1867 1451 1997 1508 mini
2048 1451 2245 1521 poterit
2288 1453 2572 1522 imputare,
2604 1453 2692 1522 qui
2740 1453 2791 1508 in
2842 1453 3136 1524 Evangelia
3174 1463 3448 1509 auctorem

1869 1545 2090 1598 zizaniae
2124 1543 2484 1614 interrogatus
2513 1545 2769 1598 ostendit.
2811 1543 2889 1598 llli
2931 1554 3040 1602 tum
3071 1543 3364 1600 dixerunt:
3391 1544 3448 1600 In

1869 1638 2013 1693 bono
2040 1639 2245 1694 semine
2275 1636 2418 1691 unde
2451 1636 2651 1689 zizania
2688 1635 2850 1707 (Ibid.
2881 1636 3010 1708 9.7)?
3046 1651 3145 1692 nos
3182 1637 3448 1704 dicamus,

185 1719 610 1788 triumpharunt.
652 1717 898 1774 Victores
933 1732 1051 1782 vos,
1088 1718 1252 1770 immo
1289 1719 1590 1770 communis
1628 1718 1768 1785 regis

1876 1727 1926 1782 In
1979 1736 2122 1781 tanto
2170 1741 2335 1794 regno
2379 1724 2500 1778 ﬁdei
2550 1723 2690 1777 unde
2735 1725 2992 1792 perﬁdia?
3045 1725 3448 1796 Respondemus

183 1808 250 1864 de
279 1810 444 1865 hoste
469 1808 743 1863 victoriam
771 1808 1006 1877 loquitur
1037 1816 1298 1877 tyrannus
1325 1807 1608 1872 exclusus;
1637 1808 1764 1862 vicit

182 1900 240 1954 in
272 1899 452 1965 vobis,
483 1898 638 1969 cujus
673 1899 870 1952 incerta
901 1898 1016 1952 ﬁeri
1048 1899 1299 1952 divinitas
1329 1899 1632 1967 putabatur.
1661 1898 1762 1952 Se-

184 1999 408 2058 paretur
439 1999 466 2027 λ
496 1989 768 2056 nativitas,
799 1991 1153 2059 quaestionem
1199 1988 1447 2052 dixerim,
1475 2004 1634 2058 quam
1663 1989 1764 2042 sibi

182 2082 548 2154 unusquisque
581 2083 718 2138 bene
743 2083 974 2140 credens
1003 2084 1165 2138 debet
1191 2081 1508 2150 simpliciter
1531 2082 1763 2151 aperire.

181 2173 302 2241 Quis
332 2176 483 2230 enim
509 2174 577 2229 ad
608 2189 842 2230 examen
873 2189 1069 2229 vocare
1093 2173 1290 2228 audeat
1325 2175 1509 2235 Deum,
1536 2187 1768 2239 eumque

177 2267 446 2323 discutere
482 2267 712 2336 qualiter
742 2267 950 2323 venerit
987 2266 1315 2323 subvenire?
1346 2265 1463 2320 Non
1497 2265 1597 2320 fuit
1629 2265 1768 2320 ditﬁ-

180 2359 276 2415 cile
301 2359 416 2416 Deo
443 2373 606 2429 posse
631 2359 776 2429 quod
799 2359 990 2425 voluit,
1015 2372 1136 2412 cum
1160 2358 1409 2428 dignatus
1436 2367 1518 2413 est
1541 2359 1770 2412 liberare

175 2454 263 2521 qui
306 2455 506 2523 potuit.
540 2451 648 2508 Sed
682 2451 823 2507 unde
854 2451 930 2505 illi
964 2452 1232 2520 peccatori
1275 2452 1328 2504 in
1362 2459 1510 2505 tanta
1541 2451 1770 2519 caligine

179 2560 268 2604 sua
316 2547 506 2601 lumen
537 2543 564 2584 ιι
596 2560 701 2599 non
741 2542 967 2599 videre?
1008 2543 1149 2599 unde
1188 2544 1416 2598 terrenis
1457 2543 1679 2610 argutiis
1717 2543 1769 2598 in

178 2638 556 2708 superioribus
603 2637 830 2708 positam
880 2637 1133 2707 colligere
1182 2637 1504 2692 veritatem?
1547 2636 1672 2690 llaec
1715 2637 1791 2701 in,

181 2730 418 2790 tenebris
451 2730 566 2786 suis
597 2729 783 2784 videre
816 2743 920 2783 non
954 2738 1200 2798 possunt,
1231 2731 1319 2798 qui
1359 2729 1594 2782 lucerna:
1628 2729 1773 2784 illius

182 2821 403 2878 verbum
429 2822 699 2887 nesciunt,
727 2821 868 2891 quod
891 2837 1010 2876 esse
1037 2823 1214 2876 lumen
1239 2822 1448 2876 semitis
1469 2822 1581 2876 suis
1609 2821 1772 2876 David

179 2913 440 2982 prepheta
499 2922 726 2968 testatur
782 2911 962 2984 (Ptol.
1023 2928 1206 2977 cxvtu,
1267 2913 1421 2982 105).
1480 2911 1611 2966 Cum
1667 2926 1773 2981 quo

184 3015 202 3042 ε
228 3006 662 3076 psalmigraplto,
688 3014 745 3060 ut
769 3020 931 3074 supra
960 3005 1216 3072 diximus,
1248 3015 1473 3058 matrem
1505 3004 1773 3056 laetantem

1867 1825 2042 1872 tamen
2073 1815 2226 1870 vobis
2265 1812 2607 1868 sermonibus
2635 1811 2862 1878 Christi,
2894 1812 3065 1867 Homo
3098 1818 3331 1870 inimicus
3356 1817 3447 1870 hoc

1865 1907 1985 1976 fecit
2013 1905 2177 1976 (Ibid.
2223 1903 2341 1972 28).
2383 1903 2628 1968 Qualiter
2660 1917 2756 1957 vos
2795 1904 3037 1957 exercuit
3078 1907 3314 1975 priorum
3360 1923 3428 1980 pa

1866 1999 2047 2054 laestra
2082 1998 2397 2063 doctorum,
2440 1996 2696 2050 fortitudo
2733 2007 2930 2050 veSIraa
2966 1999 3162 2056 mentis
3199 2002 3447 2056 astruxit.

1869 2089 2005 2160 Ipsis
2037 2087 2054 2125 τ
2086 2087 2409 2158 agnitionem
2435 2085 2644 2140 debetis
2671 2083 2828 2155 hujus
2855 2089 3081 2153 erroris,
3108 2103 3333 2158 quorum
3364 2088 3447 2146 his

1869 2179 2121 2248 indignus
2172 2177 2416 2231 laudibus
2465 2175 2584 2230 fuit.
2617 2175 2719 2243 Qui
2752 2176 2887 2230 bona
2929 2186 3035 2230 tam
3073 2179 3306 2249 gloriosa
3355 2181 3446 2236 de-

1867 2273 2060 2341 spexit,
2110 2286 2213 2325 uon
2257 2279 2282 2317 8
2316 2269 2510 2339 partim
2560 2267 2824 2322 columba
2863 2267 3190 2338 simplicitati
3233 2269 3452 2344 (Matth.

1868 2378 1920 2427 χ,
1948 2364 2057 2432 16),
2092 2363 2183 2417 sed
2208 2363 2257 2415 in
2292 2370 2403 2416 toto
2431 2360 2638 2414 studuit
2659 2359 2929 2429 serpentis
2958 2361 3190 2416 astutiae.

1939 2457 1992 2512 5.
2037 2455 2144 2511 Nec
2184 2456 2375 2509 mirum
2421 2455 2463 2507 si
2511 2468 2702 2522 parans
2734 2453 2984 2508 occidere
3015 2454 3290 2525 simplices
3313 2457 3435 2512 ani-

1870 2563 2009 2615 mos,
2038 2563 2160 2602 eum
2211 2545 2492 2600 suadendo
2530 2556 2749 2600 secutus
2780 2545 2983 2617 estqui
3013 2547 3289 2603 suadendo
3330 2551 3446 2620 pri»

1872 2654 1990 2694 mus
2017 2639 2236 2695 occidit.
2267 2639 2506 2706 Denique
2534 2638 2713 2693 verbis
2739 2637 2889 2694 illum
2924 2637 3152 2710 legimus
3191 2641 3440 2712 decepis-

1872 2747 1930 2786 se
1958 2747 1972 2795 ;
2009 2733 2092 2786 hic
2123 2731 2326 2786 inferre
2349 2742 2578 2785 mortem
2610 2731 2823 2786 nonnisi
2866 2745 2966 2800 per
3008 2734 3166 2788 verba
3196 2736 3443 2793 tentavit.

1872 2825 1988 2879 Non
2035 2835 2212 2880 tamen
2272 2825 2490 2894 impune
2543 2840 2700 2877 suum
2752 2832 2835 2878 est
2880 2833 3100 2878 secutus
3145 2834 3447 2898 auctorem,

1873 2916 2085 2986 quando
2113 2917 2266 2971 Iuda
2293 2910 2840 2983 episcopatumhejus
2868 2913 3004 2968 alter
3032 2916 3239 2984 accepit
3258 2915 3394 2985 (Act.
3411 2932 3448 2983 t,

1874 3007 1989 3076 “20).
2020 3007 2148 3061 Jure
2203 3016 2490 3071 utrumque
2541 3006 2690 3060 tenet
2736 3020 2840 3061 una
2887 3007 3189 3073 sententia;
3227 3011 3350 3078 quia
3398 3013 3448 3071 in

173 3097 222 3152 in
253 3108 474 3152 uterum
505 3112 684 3163 suum,
717 3111 881 3163 quem
907 3095 1189 3164 dissipatio
1219 3095 1321 3148 huc
1349 3107 1518 3161 usque
1548 3091 1770 3144 ridicula
1801 3104 1846 3165 ρ
1878 3112 2066 3159 unum,
2092 3098 2230 3150 sicut
2275 3097 2522 3163 legimus,
2575 3096 2734 3148 ambo
2777 3107 3161 3166 peccaverunt.
3190 3099 3269 3154 Sit
3321 3100 3449 3157 licet

169 3202 219 3246 et
271 3192 600 3257 blaspheme
641 3189 912 3249 turbabat,
956 3188 1192 3242 reversis
1223 3178 1346 3240 ﬁliis
1391 3186 1503 3239 suis
1551 3191 1772 3239 cantare

165 3284 417 3340 delectat
445 3296 462 3335 :
491 3280 623 3334 Ecce
647 3296 798 3349 quam
831 3280 1016 3333 bonum
1045 3288 1089 3330 et
1119 3293 1272 3347 quam
1303 3276 1593 3346 jucundum
1622 3276 1771 3329 [tabi-

171 3388 284 3431 tare
311 3375 512 3446 fratres
549 3375 602 3427 in
638 3388 799 3426 unum
831 3371 1004 3442 (Psal.
1035 3386 1236 3435 cxxxtt,
1274 3369 1360 3440 l)!
1390 3369 1771 3439 Competenler

173 3469 289 3524 haec
318 3480 462 3536 ergo
494 3466 655 3522 verba
686 3465 755 3520 de
784 3481 849 3520 eo
887 3465 1075 3520 fuerim
1109 3471 1417 3530 mutuatus;
1458 3464 1589 3518 mihi
1621 3480 1772 3520 nam-

176 3579 279 3631 que
303 3578 375 3619 ex
397 3568 562 3630 parte
591 3561 847 3625 maxima,
880 3557 1205 3612 venerandae
1240 3557 1520 3612 Trinitatis
1546 3558 1767 3626 auxilio,

182 3653 442 3710 Ecclesia:
461 3651 785 3707 universalis
806 3652 1044 3720 quietem
1068 3658 1123 3705 et
1143 3663 1407 3703 summam
1431 3651 1776 3720 praesentium

184 3748 398 3802 vindico
431 3745 771 3815 gaudiorum,
799 3759 956 3811 quem
994 3743 1099 3796 huc
1130 3758 1300 3810 usque
1329 3743 1415 3812 qui
1444 3743 1774 3798 scandaliza-

185 3840 376 3894 bantur
425 3838 655 3894 urebant
693 3835 762 3906 (ll
806 3835 925 3890 Cor.
973 3851 1052 3903 ιι,
1085 3833 1202 3905 29),
1250 3843 1303 3888 et
1353 3836 1632 3889 inﬁrmitas
1679 3837 1779 3891 ali-

185 3940 508 3999 quautorum
539 3928 770 3983 faciebat
798 3927 1093 3982 inﬁrmum.

249 4024 303 4078 2.
336 4020 585 4079 Meminit
609 4019 841 4074 charitas
864 4028 1036 4074 vestra
1070 4017 1210 4088 apud
1238 4032 1333 4073 vos
1359 4018 1488 4072 mihi
1517 4015 1542 4054 ἀ
1571 4018 1774 4074 dudum

254 4146 279 4174 ⁸
318 4138 538 4193 Labbeo
567 4144 685 4205 post
715 4136 907 4188 Baron.
954 4135 1118 4202 magis
1165 4135 1345 4188 arrisit
1394 4135 1632 4202 pravitas,
1679 4151 1762 4188 rc-

189 4205 320 4275 jecto
348 4209 415 4263 ad
450 4221 604 4262 oram
635 4207 906 4270 nativitas;
930 4207 1070 4275 quod
1098 4205 1316 4258 verbum
1345 4215 1519 4260 exstat
1548 4205 1600 4258 in
1629 4221 1760 4259 mss.

192 4277 260 4332 Eo
295 4290 480 4334 autem
513 4277 843 4346 signiﬁcatur
867 4277 1092 4346 qumstio
1132 4277 1201 4346 de
1245 4276 1448 4328 Domini
1480 4276 1764 4330 nativitate

193 4362 249 4401 ex
274 4349 464 4404 Maria.
498 4344 608 4401 lloc
631 4348 772 4400 enitn
800 4345 900 4400 sibi
933 4346 1079 4400 vult:
1121 4344 1235 4398 Non
1266 4362 1356 4399 nos
1383 4347 1604 4399 detineat
1631 4348 1767 4398 nati-

194 4420 327 4482 vitas,
355 4423 459 4474 hoc
482 4427 553 4473 est
572 4419 805 4488 quastio,
835 4433 985 4485 quam
1006 4416 1221 4488 quisque
1241 4415 1364 4488 bene
1384 4433 1443 4469 ac
1469 4417 1766 4485 simpliciter

193 4491 386 4545 credens
413 4486 652 4558 apertam
677 4504 738 4540 ac
762 4496 952 4558 certam
979 4486 1163 4539 habere
1188 4486 1353 4541 debet.

258 4559 282 4597 ¹³
322 4557 748 4629 Expurigendum
777 4557 1009 4629 videtur,
1037 4571 1160 4629 non.

263 4641 282 4668 ο
321 4629 375 4686 ln
406 4625 664 4698 'vulgatis
706 4625 1121 4698 psalmographo.
1157 4627 1234 4698 Ex
1273 4639 1402 4680 mss.
1449 4640 1766 4679 revocamus

199 4699 601 4774 psalmigrapfto,
655 4699 903 4774 quud‘ea
953 4697 1422 4774 rationedicitur,
1475 4712 1578 4764 qua
1632 4699 1766 4774 intra

202 4765 326 4823 idem
360 4765 620 4840 propheta
649 4769 993 4840 Itymnidicus,
1035 4765 1534 4836 non‘hymnodicus,
1576 4766 1770 4835 praedi-

201 4853 358 4895 t'alttr.

265 4907 287 4945 ἀ
330 4912 501 4979 Epist.
528 4910 595 4964 M
616 4925 763 4962 num.
797 4907 831 4962 5
858 4915 911 4962 et
941 4922 1095 4976 seqq.

271 4989 292 5016 °
330 4977 486 5046 Lab.,
534 4995 633 5033 non
667 4996 726 5033 ea
764 4995 866 5049 qua
907 4987 1075 5041 terra;
1121 4977 1342 5040 Baron.,
1385 4992 1489 5030 non
1537 4992 1597 5029 ea
1640 4983 1774 5049 terra

207 5065 326 5116 quin.
360 5051 436 5106 Ex
475 5065 604 5104 mss.
649 5046 1152 5105 ﬁde'reStituimus.
1201 5064 1301 5099 non
1333 5063 1391 5099 ea
1438 5057 1603 5111 terrte,
1633 5046 1778 5116 quod

213 5119 386 5190 referri
411 5131 587 5190 potest
619 5121 684 5175 ad
713 5120 1006 5190 superfusa.
1038 5117 1267 5172 Nitiilior
1288 5129 1456 5190 (esset
1488 5116 1658 5190 lectio
1683 5118 1780 5170 hu-

210 5188 424 5256 iusmodi
453 5210 464 5246 :
495 5189 619 5246 Non
641 5209 703 5244 ea
735 5188 923 5244 terram
951 5205 1066 5260 qua:
1099 5189 1336 5259 suscepit,
1367 5188 1457 5242 sed
1484 5188 1586 5240 alia
1616 5189 1660 5240 ei
1688 5204 1778 5241 su—

216 5269 404 5330 perfusa
426 5269 779 5330 corrumpunt.

339 5332 552 5392 Scilicet
591 5329 806 5392 JOanni,
854 5331 1032 5386 Attico
1080 5340 1240 5398 atque
1287 5329 1516 5394 Sisinio,
1549 5343 1778 5400 quorum

215 5396 478 5474 Nestorius
499 5402 1076 5474 indignussuccessor,
1104 5396 1262 5474 etiarn
1304 5396 1781 5474 laudibus'quihus

219 5469 284 5524 illi
309 5472 562 5528 celebrati
591 5469 716 5526 sunt
750 5471 999 5540 indignus
1037 5474 1151 5526 iuit.
1188 5471 1313 5530 Illos
1343 5483 1516 5526 tamen
1551 5469 1695 5525 velut
1726 5472 1780 5526 in

219 5543 507 5612 erudiendis
538 5543 1108 5612 populislnegligentes
1144 5557 1206 5596 ac
1235 5541 1459 5612 (desides
1489 5544 1575 5596 hic
1608 5544 1781 5596 hatre-

218 5611 574 5687 tiiarcltalapud
603 5611 736 5674 Mar.
760 5611 1128 5687 Mereat._edit_.
1157 5611 1335 5668 Balnz.
1363 5629 1481 5682 pag.
1509 5614 1615 5669 210
1643 5614 1779 5687 edit.

221 5679 368 5739 Garn.
414 5679 553 5758 part.
595 5701 633 5740 tt
676 5701 792 5756 pag.
833 5686 866 5743 8
891 5694 944 5741 et
971 5683 1004 5742 9
1031 5683 1252 5755 culpare
1294 5679 1401 5739 non
1432 5679 1659 5743 ‘veretur
1699 5684 1782 5742 bis

1877 3195 2100 3255 uterque
2126 3194 2251 3240 ante
2277 3185 2465 3241 oculos
2497 3193 2712 3239 nostros
2735 3186 3036 3241 Salvatoris
3055 3192 3222 3243 nostri
3243 3192 3450 3248 calum-

1876 3279 2054 3333 niator
2078 3289 2130 3333 et
2164 3277 2412 3344 traditor,
2447 3287 2624 3332 tamen
2652 3277 2960 3334 deliberare
2991 3279 3213 3338 difﬁcile
3253 3293 3336 3339 est
3367 3285 3447 3340 in-

1876 3383 1961 3427 ter
2021 3371 2382 3426 discussorem
2444 3370 2740 3426 nativitatis
2796 3382 2850 3428 et
2909 3375 3098 3430 mortis
3145 3385 3446 3436 auctorem.

1881 3463 2030 3518 Facti
2052 3464 2134 3518 sui
2177 3463 2429 3518 videlicet
2463 3479 2686 3519 vacuum
2728 3466 2907 3521 statim
2943 3465 3138 3523 Judam
3172 3474 3445 3541 pmnituit,

1879 3558 2140 3626 praevenit
2192 3554 2443 3610 iexitum
2501 3558 2683 3613 traditi
2742 3561 3069 3632 supplicium
3128 3565 3450 3633 proditoris;

1875 3649 1966 3704 ille
1993 3649 2176 3703 statim
2205 3649 2478 3719 laqueum,
2503 3662 2784 3718 peccatum
2809 3668 2971 3709 suum
3001 3655 3304 3722 confessus,
3335 3657 3450 3714 ele-

1876 3743 1978 3812 git;
2007 3743 2092 3796 hic
2123 3744 2414 3812 impietatis
2440 3745 2734 3812 pertinacia
2757 3746 3040 3814 gloriatur.
3069 3749 3178 3805 Nec
3199 3768 3300 3822 ego
3329 3769 3453 3823 per--

1879 3837 2016 3889 ﬁdim
2061 3835 2188 3889 huic
2231 3833 2374 3889 dabo
2422 3849 2619 3890 nomen
2649 3839 2879 3901 erroris,
2911 3853 3021 3892 non
3053 3849 3140 3892 est
3167 3856 3322 3895 error
3350 3845 3451 3898 im-

1879 3928 2050 3996 pietas
2094 3925 2292 3982 omnis.
2322 3924 2570 3995 Denique
2615 3925 2833 3995 quoties
2888 3926 3151 3982 Ecclesia:
3199 3931 3283 3985 vel
3333 3935 3450 4003 ejus

1876 4019 2042 4090 quieti
2071 4019 2318 4073 diabolus
2362 4017 2575 4073 invidus
2617 4019 2798 4084 fuerit,
2828 4020 2970 4074 intra
2998 4036 3116 4075 eam
3164 4034 3288 4077 nata
3321 4039 3451 4082 con-

1866 4136 2072 4214 verbis:
2099 4133 2258 4214 Video
2281 4136 2847 4214 populumnostrum...
2873 4139 2926 4192 in
2947 4139 3188 4214 dogmate
3209 4141 3454 4214 theogno-

1865 4209 1955 4282 site
1992 4207 2282 4282 ignorantia
2314 4205 2415 4282 labi
2440 4221 2459 4257 :
2484 4206 2537 4257 id
2568 4215 2736 4260 autem
2763 4224 2869 4282 non
2897 4205 3218 4282 esse’crimen
3244 4205 3444 4282 populi,

1866 4279 1978 4342 sed,
2005 4275 2060 4328 ut
2104 4275 2311 4329 honeste
2352 4276 2604 4338 dicamus,
2638 4294 2740 4330 non
2779 4277 3016 4334 habuisse
3056 4291 3189 4334 retro
3225 4275 3454 4338 doctores

1867 4355 2068 4422 tempus
2094 4347 2495 4422 accurate_vobis
2524 4348 2769 4422 dogmata
2807 4350 3210 4407 demonstrandi.
3255 4353 3309 4406 In
3336 4369 3455 4422 qua:

1867 4417 2101 4485 Cyrillus
2131 4417 2288 4482 epist.
2323 4417 2355 4468 8
2391 4417 2638 4485 apposite
2671 4418 2784 4471 haec
2815 4422 3191 4475 animadvertit
3230 4441 3243 4476 :
3287 4417 3457 4477 Nam.

1869 4484 1990 4560 quid
2013 4484 2328 4560 eloquentior
2355 4495 2426 4560 est
2452 4484 2694 4560 Joanne?
2716 4485 2986 4559 Numquid
3010 4492 3226 4560 aequalis
3261 4493 3336 4558 vel
3364 4513 3452 4549 sa-

1791 4545 1842 4605 D
1869 4545 2086 4632 pientior
2107 4545 2190 4632 est
2213 4557 2355 4632 beato
2393 4555 2605 4632 Attico?
2643 4553 2811 4632 Immo
2839 4545 2954 4612 vero
2986 4545 3079 4613 cur:
3112 4545 3327 4632 ingenue
3352 4545 3453 4620 non

1870 4626 2122 4706 agnoscit,
2156 4625 2441 4676 doctrinam
2468 4642 2519 4677 se
2555 4626 2818 4706 invenisse
2848 4625 3189 4701 peregrinam'
3205 4633 3455 4706 planeque

1872 4692 2188 4773 inusitatam2
2219 4709 2465 4773 qutcpra:
2489 4692 2926 4773 sua-absurditate
2956 4692 3234 4773 majoribus
3263 4692 3455 4760 nostris

1873 4768 1926 4820 in
1954 4766 2120 4888 ηηιέίδι
2141 4764 2382 4873 Ιξεάεδὶἰδ
2414 4773 2500 4817 aut
2529 4765 2757 4835 ﬁdelium
2785 4769 2992 4825 cutibus
3021 4764 3225 4840 cognita
3256 4777 3354 4845 fuit
3378 4777 3465 4830 vel‘

1874 4852 2034 4888 avaro
2068 4852 2098 4887 a
2124 4852 2186 4888 ιι.

1874 4845 2157 4904 approbata
2175 4845 2186 4888 Ξ

1908 4855 2500 4975 ρξΐῖιέωὲιίιιήεεηάωυ
2547 4906 2824 4973 duximus,
2875 4925 2995 4965 cum
3027 4911 3297 4969 obtineret
3335 4931 3454 4987 par-

1882 4985 1982 5031 tem
1993 5017 2005 5030 .

1954 5045 1982 5085 ιι
2015 5047 2212 5100 Baron.
2244 5048 2545 5124 suppressit
2575 5050 2704 5124 ejus.
2733 5049 3053 5106 Addendum
3087 5057 3266 5124 patius
3291 5069 3344 5113 ut
3371 5060 3455 5114 vel

1883 5119 2046 5194 instar
2075 5129 2201 5173 ante
2229 5115 2412 5194 vocem
2438 5115 2612 5184 Iudae,
2635 5121 2750 5194 hoc
2772 5131 2865 5194 est
2894 5139 2909 5176 :
2941 5115 3206 5194 siquidem
3251 5131 3323 5182 uti
3357 5131 3454 5183 Ju-

1883 5190 1965 5268 dae
2015 5190 2189 5268 locum
2233 5189 2454 5268 sortitus
2503 5197 2587 5242 est
2634 5190 2908 5268 blatthias,
2961 5189 3032 5248 ita
3087 5199 3455 5268 episcopatum

1882 5260 2115 5315 Nestorii
2141 5258 2493 5330 Maximianus
2524 5261 2755 5330 accepit.

1963 5329 2165 5403 rApud
2201 5329 2421 5403 Baron._,
2456 5329 2669 5403 exitium
2710 5331 2836 5403 oris.
2869 5333 3023 5402 Apud
3071 5333 3232 5403 Lab.,
3266 5339 3456 5400 exitum

1887 5400 2145 5472 tradituri,
2170 5400 2452 5472 quomodo
2481 5407 2535 5451 et
2571 5400 2624 5452 in
2667 5414 2769 5453 ms.
2800 5400 2958 5472 Coll).
2987 5400 3228 5472 primum
3250 5411 3456 5466 fereba~

1886 5481 1998 5551 tur;
2031 5469 2123 5523 sed
2168 5470 2374 5551 inultae
2431 5479 2580 5551 recte
2627 5471 2886 5551 secundis
2919 5469 3076 5551 curis
3107 5481 3455 5551 restitutum,

1884 5545 2074 5623 exitum
2104 5539 2331 5623 Atraditi,
2363 5541 2464 5594 hoc
2493 5550 2598 5610 est,
2634 5547 2866 5598 mortem
2913 5541 3116 5616 Christi
3155 5553 3244 5623 qui
3289 5539 3456 5616 tradi;

1888 5621 1972 5670 [US
2001 5619 2140 5668 erat.
