3982 6182
270 182 360 245 555

530 186 746 244 EPIST.
790 185 957 242 XXV.
997 183 1391 242 C(ELESTINI
1431 184 1634 243 PAPA‘J
1681 187 1772 242 AD
1811 181 2090 241 CLERUM
2133 176 2223 238 ET
2265 181 2592 240 POPULUM
2631 181 3173 250 CONSTANTINOP.

3413 197 3522 254 554

262 308 528 377 diligenter
550 305 608 377 (l
637 303 775 358 Tim.
819 319 901 371 tn,
928 303 1005 376 4).
1034 302 1274 374 Denique
1310 302 1426 358 lleli
1449 303 1701 359 sacerdos
1725 317 1821 372 per
1849 305 1902 365 Α
1927 298 2054 369 psit.
2085 297 2217 365 Quis
2239 299 2523 367 petitorem
2549 300 2739 367 synodi
2766 303 2976 373 synodo
2999 305 3244 360 crederet
3274 306 3300 344 ά
3334 310 3519 366 afutu-

260 417 311 457 se
338 397 698 469 inculpabilis,
733 397 968 452 divinam
1012 413 1107 468 per
1137 397 1276 451 ﬁlios
1307 397 1539 453 incurrit
1559 397 1821 452 offensam

263 493 299 565 (l
325 493 441 566 Reg.
471 493 566 562 tv).
599 491 1094 560 Oﬁ'enditpontifex
1125 501 1302 562 pater,
1327 491 1552 547 oﬁ'endit
1578 500 1824 560 potestas

260 594 305 638 et
325 585 508 654 pietas.
536 582 591 638 Si
623 580 782 652 igitur
814 583 906 637 ille
935 595 1057 637 cum
1087 585 1562 653 praisumptionem
1590 582 1824 637 ﬁliorum

261 692 352 730 non
379 674 635 744 refrenat,
661 683 686 712 α
710 674 960 740 incurrit,
983 683 1186 744 quanto
1211 675 1379 744 magis
1407 675 1494 729 hic
1519 674 1823 739 Dominum,

261 769 369 822 dum
413 783 513 824 nec
544 768 645 837 ipsi
697 768 891 836 parcit,
939 766 1346 822 oﬁ'endit'fNon
1396 768 1539 822 hunc
1585 767 1824 822 desidem

262 877 352 915 non
391 861 531 916 hunc
559 860 788 916 dixerim
836 860 1222 930 negligentem.
1249 858 1524 914 Habuistis
1553 858 1824 913 hominem

256 953 509 1008 sermonis
541 952 772 1019 assidui,
804 960 969 1022 atque
999 951 1164 1022 (apud
1209 961 1463 1022 expertos
1501 951 1715 1023 loquor)
1750 953 1827 1006 vi-

258 1046 406 1115 gilem
437 1044 791 1115 perditorem.

323 1136 374 1192 9.
402 1136 504 1192 Nec
554 1146 731 1191 tamen
773 1136 962 1190 beatus
1015 1134 1206 1190 Petrus
1253 1135 1532 1204 apostolus
1583 1134 1829 1190 deseruit

261 1235 357 1281 tam
385 1229 615 1298 graviter
655 1211 983 1283 laborantes.
1018 1226 1152 1281 Nam
1194 1241 1314 1281 cum
1343 1227 1581 1298 separari
1609 1226 1713 1282 tale
1745 1227 1828 1281 ul-

256 1338 342 1376 cus
375 1323 438 1378 de
461 1322 830 1379 ecclesiastico
861 1334 1090 1390 corpore
1112 1319 1340 1376 horrens
1364 1319 1618 1374 omnibus
1644 1330 1830 1389 putre-

257 1413 318 1468 do
346 1417 598 1480 suaserit,
624 1431 749 1470 cum
787 1413 934 1470 ferro
965 1413 1260 1469 obtulimus
1289 1424 1342 1470 et
1365 1413 1686 1469 fomentum.
1719 1415 1826 1471 Sed

255 1506 338 1562 ille
383 1509 583 1564 abusus
626 1516 813 1562 nostro
845 1507 1048 1571 studio,
1077 1521 1184 1576 quo
1228 1507 1374 1560 illum
1430 1508 1708 1576 sequimur
1736 1507 1826 1578 qui

252 1613 344 1653 nec
365 1599 432 1654 de
456 1599 668 1669 pusillis
698 1599 934 1667 aliquem
958 1598 1073 1652 vult
1095 1599 1294 1668 perire,
1314 1607 1540 1654 mortem
1567 1599 1823 1655 bdeside-

1927 390 2086 445 rum?
2119 390 2310 444 Pressa
2344 400 2428 445 est
2463 391 2578 446 illic
2609 392 2856 448 falsitatis
2886 396 3076 451 levitas
3103 399 3343 468 pondere
3373 404 3514 456 veri-
3555 418 3564 428 ’

1927 485 2075 550 tatis,
2109 497 2209 537 nec
2234 498 2292 538 se
2314 498 2443 538 ausa
2471 494 2556 539 est
2578 484 2774 556 fulgori
2805 486 3127 544 radiantium
3167 492 3515 549 sacerdotum

1927 575 2184 631 latitantis
2226 575 2416 644 perﬁdi
2466 576 2641 645 caligo
2699 579 2951 634 miscere.
3013 581 3211 637 Lucem
3266 587 3515 641 tenebras

1927 667 2207 738 fugerunt,
2262 668 2384 738 quia
2437 669 2755 725 societatem
2807 672 3036 741 legimus
3094 674 3177 728 his
3237 691 3357 731 esse
3407 693 3519 732 non

1930 775 2091 830 posse
2119 761 2139 830 (
2165 758 2206 813 11
2227 757 2351 814 Cor.
2377 761 2589 831 νι,14).
2627 762 2856 818 Invicem
2890 779 2950 820 se
2991 766 3263 821 contraria
3303 784 3518 838 semper

1929 855 2227 911 offendunt.
2259 855 2361 911 Ubi
2394 865 2476 912 est
2498 857 2640 926 quod
2668 859 2770 913 sibi
2795 860 2996 914 dictum
3027 869 3131 928 est,
3161 863 3303 932 quod
3334 864 3518 933 loque-

1931 956 2081 1003 retur
2110 949 2161 1002 in
2184 948 2415 1014 lumine,
2444 958 2499 1003 et
2526 963 2689 1019 supra
2717 959 2880 1017 tecta,
2915 953 3060 1022 quod
3092 955 3305 1008 audiret
3338 955 3390 1008 in
3421 970 3520 1009 au-

1930 1039 2100 1108 ribus,
2126 1040 2450 1110 prardicaret
2469 1040 2684 1111 (Matth.
2711 1058 2767 1106 x,
2791 1043 2910 1110 27)?
2927 1044 3031 1100 Sed
3059 1054 3081 1082 ⁶
3106 1046 3306 1101 idcirco
3325 1049 3519 1103 volens

1929 1146 2174 1202 prmsens
2197 1133 2386 1200 latere,
2421 1144 2472 1188 ut
2507 1133 2784 1190 ferendam
2813 1139 3141 1193 sententiam
3166 1141 3514 1208 verecundia,

1925 1223 2202 1295 iudicante
2251 1225 2606 1293 conscientia,
2639 1228 2982 1296 praeveniret.
3031 1228 3330 1285 Lucernam
3361 1246 3516 1286 suam

1931 1332 2026 1373 cur
2052 1317 2222 1372 voluit
2251 1315 2453 1373 habere
2500 1318 2599 1373 sub
2631 1319 2812 1376 modio
2842 1319 3059 1389 (Matth.
3087 1339 3139 1382 v,
3162 1323 3278 1390 15),
3309 1324 3357 1378 si
3399 1340 3518 1379 eam

1933 1409 2073 1464 bene
2112 1410 2336 1479 putabat
2372 1411 2698 1465 accensam?
2729 1411 2868 1467 Toto
2897 1424 3085 1468 sancto
3115 1417 3407 1470 conventui
3432 1417 3517 1471 lu-

1930 1515 2057 1556 cere
2097 1501 2298 1569 debuit,
2329 1510 2388 1556 ut
2415 1502 2617 1558 habere
2646 1505 2827 1560 lumen
2863 1507 3108 1561 omnium
3143 1508 3344 1563 lumine
3388 1524 3517 1578 pro-

1932 1593 2169 1648 baretur.
2201 1595 2318 1650 Non
2351 1595 2486 1650 fallit
2517 1596 2699 1652 divina
2720 1601 3009 1666 sententia,
3040 1604 3294 1669 quoniam
3324 1604 3415 1673 qui
3456 1605 3513 1660 in

249 1701 396 1746 ratus
418 1693 641 1761 optavit.
668 1691 911 1760 Denique
936 1701 989 1748 et
1014 1691 1334 1747 medicinam
1355 1707 1635 1762 respuens,
1662 1693 1828 1762 elegit
1857 1684 1906 1745 Β
1934 1687 2172 1743 tenebris
2197 1697 2346 1757 sunt,
2371 1689 2550 1744 lucem
2585 1689 2772 1746 videre
2801 1707 2908 1748 non
2951 1704 3174 1763 possunt
3201 1694 3384 1766 (Joan.
3413 1712 3512 1765 xtt,

250 1782 454 1838 abscidi
489 1801 501 1836 :
527 1783 648 1838 tulit
680 1783 748 1838 de
778 1798 836 1838 se
863 1784 1239 1852 apostolicum,
1270 1785 1355 1839 vel
1401 1785 1503 1841 hoc
1544 1787 1824 1842 nobiscum

260 1875 521 1941 sentiens,
569 1875 682 1944 ipse
724 1875 1009 1945 judicium,
1063 1886 1126 1931 ut
1169 1877 1542 1933 abscideretur
1582 1879 1670 1948 qui
1730 1894 1826 1934 nos

248 1966 602 2022 contristabat
623 1966 764 2038 (Gal.
785 1983 838 2032 v,
858 1967 970 2039 1‘2),
993 1976 1049 2024 et
1076 1968 1289 2022 volebat
1310 1979 1628 2024 convertere
1652 1969 1825 2024 Evan-

243 2057 440 2126 gelium
473 2058 670 2114 Christi
703 2058 847 2129 (Gal.
883 2076 922 2126 ι,
955 2058 1032 2129 7).
1068 2059 1226 2115 Nulla
1258 2075 1355 2114 suo
1385 2061 1517 2115 vitio
1547 2063 1825 2132 languenti

245 2149 472 2218 medico,
507 2162 565 2206 ut
607 2152 860 2215 diximus,
902 2162 1018 2209 arte
1057 2152 1346 2208 defuimus.
1370 2154 1487 2210 Non
1514 2156 1711 2211 factum
1743 2167 1826 2212 est

248 2250 446 2298 nostra:
493 2243 768 2300 celeritate
818 2245 1104 2300 sententia:
1161 2253 1218 2299 ut
1263 2256 1407 2301 esset
1455 2247 1609 2303 nobis
1650 2248 1827 2318 publi-

244 2347 408 2389 canus
436 2343 531 2389 aut
553 2335 799 2390 ethnicus
830 2334 1046 2406 (Matth.
1074 2351 1229 2403 xvnt,
1264 2336 1375 2408 17).
1412 2338 1628 2394 Scimus
1655 2340 1826 2409 quali-

245 2434 323 2481 ter
363 2435 420 2483 et
461 2429 672 2497 quoties
718 2427 819 2482 hos
863 2429 953 2497 qui
999 2429 1065 2483 ad
1120 2429 1236 2484 haec
1266 2429 1511 2500 tendunt,
1546 2433 1826 2502 Scriptura

239 2515 423 2586 jubeat
451 2518 732 2574 conveniri
760 2517 926 2588 (Ibid.
951 2519 1064 2589 l5),
1091 2521 1231 2589 quod
1257 2537 1401 2577 nunc
1431 2539 1643 2594 quoque
1667 2525 1824 2580 vide-

246 2619 328 2664 tttr
355 2611 662 2682 impletum.
682 2609 976 2666 Dicendum
1003 2611 1235 2683 denique
1256 2613 1455 2670 adhuc.
1480 2615 1631 2671 Tunc
1661 2616 1827 2672 frater

244 2702 467 2760 fratrem
514 2705 814 2771 admonuit,
844 2704 1042 2762 dehinc
1087 2707 1337 2777 pertinax
1393 2725 1501 2766 uno
1543 2720 1599 2767 et
1627 2710 1823 2778 altero,

241 2794 413 2852 immo
445 2808 467 2836 ε
501 2798 672 2853 multo
702 2805 840 2854 teste
883 2809 1184 2856 conventus
1211 2810 1314 2869 est,
1340 2813 1735 2874 consequenter
1760 2805 1828 2859 ab

241 2890 494 2946 universa
541 2891 807 2958 Ecclesia,
857 2902 1042 2950 nostro
1097 2910 1314 2966 quoque
1359 2911 1613 2953 sermone
1637 2913 1826 2953 corre-

239 2990 388 3050 ptus.
419 2981 558 3037 Nihil
589 2999 959 3055 praecoquum,
989 2986 1122 3040 niltil
1162 2987 1218 3040 in
1259 2987 1362 3042 hoc
1391 2989 1603 3057 egimus
1636 2991 1828 3044 imma-

1933 1779 2058 1850 35).
2090 1779 2286 1835 Mansit
2312 1779 2684 1848 absconditus,
2716 1791 2775 1837 ut
2798 1784 3019 1840 vitando
3042 1789 3379 1844 sacerdotale
3402 1789 3518 1844 col-

1930 1869 2152 1940 legium,
2210 1871 2326 1940 ipse
2365 1874 2706 1928 renuntiaret
2749 1874 2979 1944 quodam
3037 1879 3196 1934 modo
3245 1881 3515 1950 dignitati.

1931 1963 2021 2020 Sic
2051 1978 2111 2018 se
2141 1964 2236 2020 ille
2267 1965 2471 2034 primus
2507 1964 2672 2020 homo
2714 1967 2882 2022 Adam
2909 1972 3117 2038 peccati
3147 1972 3230 2025 sui
3260 1974 3513 2029 conscius

1930 2064 2055 2109 ante
2082 2053 2275 2110 faciem
2313 2055 2525 2110 Domini
2570 2061 2747 2113 nudus
2775 2058 3011 2114 occuluit
3046 2059 3196 2132 (Gen.
3229 2080 3305 2129 ιιι,
3334 2065 3387 2134 8)
3420 2083 3432 2118 :
3463 2077 3518 2123 et

1930 2148 2022 2216 qui
2062 2163 2169 2202 non
2205 2148 2256 2202 in
2280 2163 2427 2213 eum,
2462 2149 2556 2204 sed
2579 2149 2632 2203 in
2666 2151 2784 2220 ejus
2806 2151 3061 2206 mandata
3091 2166 3394 2224 peccasset,
3423 2171 3515 2212 ex-

1930 2239 2073 2308 pavit
2105 2238 2253 2294 illam
2285 2255 2448 2310 quam
2480 2250 2888 2313 contempserat
2912 2258 3123 2311 vocem,
3157 2255 3214 2301 et
3256 2246 3510 2305 timorem

1933 2331 2192 2401 deceptus
2220 2332 2472 2400 incurrit,
2523 2344 2808 2405 postquam
2853 2335 3213 2406 simplicitatis
3257 2338 3513 2398 ﬁduciam

1929 2424 2059 2477 vitio
2087 2424 2553 2494 praevaricationis
2579 2426 2780 2482 amisit.
2820 2425 2840 2465 ί
2873 2427 2990 2483 Non
3020 2430 3143 2484 facit
3172 2431 3422 2489 dubitare
3446 2435 3517 2492 de

1928 2515 2155 2570 crimine
2207 2517 2479 2574 confessio
2526 2518 2876 2587 latebrarum,
2913 2537 3073 2577 nemo
3123 2539 3182 2579 se
3232 2526 3283 2580 in
3335 2529 3519 2584 causis

1929 2609 2182 2679 gravibus
2207 2609 2525 2666 innocenter
2550 2611 2852 2667 abscondit.
2884 2613 2976 2668 Sic
2997 2630 3127 2685 ergo
3149 2617 3294 2673 illius
3316 2632 3516 2674 nostra:

1929 2703 2122 2756 mortis
2168 2703 2428 2770 auctoris,
2476 2703 2695 2772 perdito
2751 2705 2974 2759 honoris
3017 2711 3072 2760 et
3115 2708 3300 2774 gloriae
3352 2712 3519 2766 vesti-

1933 2804 2140 2863 mento,
2167 2806 2385 2850 secutus
2432 2795 2981 2865 cxemplum,merito
3024 2798 3126 2850 hoc
3175 2813 3296 2854 cum
3343 2803 3518 2869 primo

1930 2882 2151 2940 homine
2182 2887 2352 2940 Adam
2381 2885 2590 2952 fecerit,
2613 2887 2705 2951 qui
2749 2885 3012 2940 Deitatem
3061 2886 3191 2941 Adae
3239 2890 3519 2950 novissimi

1933 2976 2011 3029 sic
2056 2977 2294 3044 negavit.
2318 2977 2433 3030 Non
2473 2976 2570 3030 fuit
2596 2985 2721 3031 ante
2751 2978 2937 3031 oculos
2977 2987 3250 3033 tantorum
3304 2985 3518 3039 vexatio

239 3081 448 3140 turum,
481 3088 640 3142 quem
666 3075 936 3130 diuturnae
964 3075 1372 3131 constitutionis
1408 3088 1653 3132 servatus
1690 3079 1824 3132 ordo

1936 3067 2298 3130 sacerdotum,
2321 3083 2430 3121 non
2457 3078 2843 3136 congregatum
2886 3083 2954 3123 ex
2984 3069 3130 3124 omni
3164 3086 3298 3139 pene
3330 3077 3519 3138 mundi

236 3164 543 3218 damnavit.
573 3165 689 3220 Non
741 3170 1015 3234 potuimus
1065 3166 1205 3220 ultra
1245 3165 1492 3230 differre;
1547 3184 1637 3234 ne,
1689 3170 1829 3223 sicut

234 3257 508 3322 scriptum
538 3264 642 3320 est,
668 3271 788 3310 cum
816 3255 1027 3311 furante
1049 3270 1268 3312 currere
1293 3257 1597 3329 videamur,
1628 3271 1826 3317 etcum

232 3344 496 3399 adultero
541 3344 662 3400 fidei
693 3353 930 3401 nostram
962 3362 1165 3418 ponere
1206 3350 1509 3418 portionem
1533 3351 1653 3425 (Ps.
1680 3369 1826 3420 χιιι,

230 3439 354 3506 20),
391 3437 632 3492 maxime
677 3439 890 3509 quando
937 3440 1126 3494 oculus
1170 3440 1543 3498 scandalizans
1572 3444 1828 3513 jubeatur

235 3528 450 3586 auferri
478 3529 694 3597 (Matth.
731 3547 783 3598 v,
807 3530 921 3598 29).
950 3531 1031 3587 Ad
1055 3531 1173 3588 haec
1199 3534 1292 3588 ille
1314 3538 1637 3604 compendio
1667 3541 1826 3612 toties

234 3621 422 3677 oblata
457 3620 713 3686 remedia,
749 3636 996 3692 campum
1041 3623 1108 3679 ad
1139 3633 1416 3680 certamen
1448 3617 1715 3698 exposcit,
1741 3646 1830 3687 sa-

237 3714 517 3771 cerdotale
539 3716 776 3786 postulat
804 3717 893 3778 cui
917 3732 1024 3773 non
1050 3726 1170 3773 erat
1190 3720 1550 3777 interfuturus
1572 3738 1824 3793 examen;

236 3808 520 3879 egreditur
550 3809 617 3865 ad
641 3809 840 3865 bellum
870 3821 1172 3867 castrorum
1212 3813 1321 3869 dux
1349 3814 1560 3872 hostem
1606 3819 1824 3888 profes-

237 3916 352 3973 sus,
392 3912 450 3958 et
481 3902 673 3958 doctor
704 3903 830 3958 ﬁdei
861 3915 1048 3959 contra
1077 3905 1238 3962 fidem
1269 3917 1490 3978 portans
1524 3925 1673 3965 arma
1705 3927 1828 3982 per-

238 3995 405 4062 ﬁdiae,
448 4011 574 4052 cum
627 4009 736 4053 non
784 4006 891 4052 tam
939 3997 1221 4069 profectus
1274 4015 1434 4071 quam
1487 4000 1700 4060 videtur
1730 4021 1825 4060 ex-

237 4089 446 4157 pulsus.

305 4182 396 4237 10.
429 4180 550 4236 Non
576 4195 764 4252 qumro
793 4183 971 4253 qualia
998 4193 1128 4241 tunc
1149 4185 1216 4241 ad
1241 4186 1533 4243 Dominum
1576 4197 1822 4244 nostrum

237 4283 355 4331 vota
417 4273 668 4340 fudistis,
724 4290 844 4330 cum
901 4277 1082 4332 exitus
1135 4277 1328 4334 doceat
1372 4279 1500 4350 quid
1538 4282 1821 4349 potueritis

235 4377 442 4437 aptare.
473 4365 585 4422 Nec
603 4380 700 4422 nos
721 4376 990 4436 gestarum
1007 4384 1187 4425 rerum
1202 4373 1400 4442 putetis
1429 4373 1666 4446 ignaros,
1685 4391 1819 4447 qua-

237 4472 352 4514 rum
377 4459 544 4516 nobis
566 4459 811 4515 ordinem
835 4463 1003 4517 sancti
1023 4463 1204 4518 fratris
1231 4466 1402 4521 nostri
1425 4466 1611 4536 Cyrilli
1633 4469 1824 4524 relatio

237 4550 518 4618 patefecit.
554 4549 847 4607 Admonuit
878 4555 1176 4623 hominem,
1219 4571 1380 4625 quem
1413 4571 1558 4612 nunc
1603 4559 1824 4616 inexcu-

237 4641 466 4701 sabilem
499 4641 702 4698 faceret
723 4657 792 4699 ex
821 4659 972 4700 more
1009 4647 1316 4713 conventio,
1350 4647 1544 4705 adesse
1570 4660 1821 4708 contem-

311 4833 334 4860 ⁸
365 4821 592 4891 Supple,
624 4820 891 4886 oﬂ'ensam.

310 4892 337 4931 δ
367 4894 600 4957 Baron.,
633 4892 953 4963 desperatus.
980 4891 1296 4948 Colbertino
1326 4906 1455 4959 ms.,
1479 4895 1566 4963 qui
1616 4895 1702 4951 hic
1729 4897 1824 4952 0b-

242 4963 512 5020 litteratus
562 4971 666 5029 est,
711 4978 810 5017 nos
856 4962 1163 5026 deﬁciente,
1189 4962 1511 5028 revocamus
1563 4982 1629 5021 ex
1687 4966 1819 5022 Lab.

242 5035 586 5105 desideratur,
617 5048 742 5105 quo,
786 5033 956 5105 verbo
999 5032 1325 5105 leestinus
1378 5044 1581 5105 quanto
1630 5037 1820 5093 salutis

243 5101 477 5161 Nestorii
512 5101 689 5159 studio
720 5103 979 5173 flagrabat
1010 5104 1283 5174 exprimit.

317 5188 336 5211 '
370 5176 540 5240 Editi,
565 5185 614 5229 et
640 5177 814 5228 multis
839 5174 1411 5247 testibus.Elegantius
1435 5192 1536 5232 ms.
1570 5176 1819 5245 Colb.,et

245 5249 406 5302 multo
434 5247 969 5318 teste._i’raescriptas
1008 5262 1036 5300 a
1071 5246 1298 5303 Domino
1327 5250 1691 5318 correptionis
1726 5266 1816 5305 re-

246 5320 395 5387 gulas
429 5332 552 5386 erga
586 5315 900 5371 Nestorium
933 5324 1174 5372 servatas
1216 5334 1337 5374 esse
1369 5321 1452 5374 hic
1489 5315 1816 5377 Coelestinus

247 5388 502 5443 ostendit.
534 5387 794 5452 Quocirca
837 5387 1081 5454 inferius,
1113 5389 1233 5444 loco
1280 5391 1542 5444 diuturna:
1573 5393 1820 5446 constitu-

249 5459 422 5524 tionis,
456 5459 741 5513 mallemus
777 5458 962 5514 divinte
989 5461 1392 5527 constitutionis;
1421 5463 1550 5516 licet
1582 5462 1668 5519 hic
1697 5462 1821 5518 Cm-

249 5529 472 5604 lesﬁnus
529 5529 903 5604 iisuoccurrat
955 5531 1042 5601 qui
1097 5529 1401 5586 Nestorium
1477 5547 1818 5604 praepropere

249 5599 557 5658 damnatum
586 5599 932 5656 dictitabant.

317 5665 349 5719 Φ
371 5669 450 5730 ιιι
478 5671 716 5743 pingitur
757 5673 859 5727 hoc
889 5676 1110 5730 verbum
1148 5673 1204 5733 in
1233 5689 1337 5732 ms.
1371 5673 1554 5743 Colb.,
1595 5690 1733 5746 non,
1759 5682 1820 5732 ut

522 5766 802 5830 Panos.
846 5763 928 5830 1..

1931 3164 2082 3224 parte
2112 3158 2400 3212 concilium
2429 3175 2443 3223 ;
2468 3156 2607 3213 afuit
2652 3159 2720 3214 ab
2767 3158 2875 3226 his,
2899 3174 3020 3214 cum
3053 3160 3246 3230 quibus
3293 3179 3353 3220 se
3394 3181 3515 3223 esse

1930 3250 2186 3305 nesciret.

2006 3345 2095 3400 11.
2133 3343 2273 3412 Quid
2308 3345 2385 3400 illi
2417 3344 2617 3413 profuit
2644 3343 2747 3400 hoc
2772 3344 3302 3420 vitasseikefugere
3348 3352 3517 3410 voluit

1929 3451 2069 3508 quos
2100 3436 2338 3506 eﬁ'ugere
2364 3453 2471 3492 non
2499 3436 2751 3493 dabatur.
2782 3437 2897 3506 Qua
2930 3440 3072 3496 enim
3103 3443 3310 3499 ratione
3341 3447 3514 3514 possit

1927 3530 2178 3595 evadere,
2204 3538 2564 3600 persequente
2585 3545 2651 3586 eo
2672 3531 2757 3587 cui
2783 3547 2844 3587 se
2872 3533 3056 3588 nullus
3079 3535 3402 3592 abscondit?
3429 3539 3513 3595 An

1927 3626 2051 3695 quia
2081 3623 2278 3679 talibus
2309 3625 2470 3680 sociis
2499 3639 2632 3678 usus
2671 3636 2771 3692 est,
2800 3626 2918 3682 sine
2955 3639 3175 3696 peccato
3221 3646 3281 3686 se
3327 3632 3514 3687 existi-

1929 3730 2104 3780 mans,
2142 3728 2342 3783 negare
2371 3721 2398 3760 ι
2425 3712 2674 3783 dignatus
2701 3724 2783 3768 est
2827 3717 2969 3784 quod
3019 3719 3284 3788 Propheta
3313 3723 3513 3779 clama-

1928 3811 2020 3876 vit,
2050 3809 2165 3875 Quo
2192 3809 2277 3863 ibo
2307 3825 2337 3863 a
2359 3810 2490 3879 facie
2513 3818 2618 3874 tua,
2655 3818 2699 3863 et
2721 3809 2783 3861 ab
2808 3808 3011 3877 Spiritu
3036 3824 3121 3866 tuo
3148 3833 3247 3882 quo
3279 3819 3514 3886 fugiant?

1927 3903 1990 3961 Si
2044 3903 2320 3958 ascendero
2361 3903 2414 3956 in
2457 3900 2658 3965 caelum,
2693 3911 2748 3953 tu
2796 3901 2867 3954 ibi
2894 3917 2987 3965 es;
3033 3904 3076 3955 si
3113 3906 3419 3962 descendere
3458 3914 3510 3966 in

1927 3998 2209 4066 infernum,
2244 4005 2298 4048 tu
2347 3993 2471 4048 ades
2506 3992 2622 4063 (Ps.
2654 4008 2923 4060 cxxxvm,
2961 3993 3015 4058 7,
3061 3995 3136 4064 8).
3178 3995 3271 4050 ille
3312 4001 3510 4057 clamat

1926 4089 2191 4144 latebram
2215 4087 2330 4143 suis
2345 4086 2540 4142 deesse
2565 4087 2817 4155 peccatis,
2843 4102 2941 4141 nec
2963 4102 2990 4141 a
3009 4088 3118 4142 Deo
3145 4103 3302 4160 posse
3319 4094 3505 4149 celari.

1926 4181 2021 4238 llle
2051 4181 2195 4237 enim
2243 4179 2444 4235 fatetur
2475 4179 2680 4249 ubique
2709 4191 3056 4249 praesentem,
3086 4200 3248 4254 quem
3295 4183 3382 4240 hic
3413 4202 3505 4242 cu-

1927 4285 2086 4333 natur
2113 4288 2361 4330 asserere
2389 4274 2530 4328 intra
2556 4282 2772 4329 uterum
2798 4274 3033 4330 defuisse
3065 4287 3396 4347 susceptum.

2000 4367 2087 4422 i2.
2116 4365 2359 4420 Tandem
2417 4364 2470 4418 in
2523 4365 2895 4419 sacerdotibus
2935 4366 3048 4421 suis
3095 4378 3334 4440 sanctus,
3367 4373 3508 4428 sicut

1851 4437 2164 4527 Dsemper,
2195 4455 2429 4523 Spiritus
2472 4453 2681 4522 vivens,
2728 4469 2862 4508 unus
2906 4457 2958 4508 in
3010 4457 3258 4513 omnibus
3295 4437 3505 4529 statuit,

1931 4550 2074 4622 quod
2142 4547 2392 4603 omnibus
2458 4544 2790 4600 subveniret.
2849 4545 2998 4599 Nulla
3058 4549 3124 4603 de
3175 4554 3506 4626 putredine,

1933 4646 2076 4702 nulla
2107 4645 2172 4697 de
2206 4639 2429 4694 vulnere
2456 4647 2715 4693 nascente
2764 4639 3023 4709 suscepit,
3048 4640 3168 4710 quia
3217 4643 3508 4715 diligenter

1931 4826 1985 4881 in
2014 4817 2267 4889 vulgatis,
2289 4815 2606 4889 abfuturam.
2643 4814 2733 4889 Sic
2771 4824 2854 4889 _etg
2885 4817 3023 4889 iufra
3064 4822 3197 4888 afuit
3227 4822 3281 4876 in
3320 4827 3511 4884 eodem

1927 4886 2502 4962 codice'legitur,_non
2541 4886 2725 4956 abfuit.
2765 4887 2975 4962 Deinde
2999 4888 3051 4942 in
3083 4886 3340 4962 vulgatis,
3381 4897 3510 4953 Per-

1929 4966 2074 5020 cuisa
2102 4957 2549 5030 est.Concinnius
2579 4966 2760 5030 autem
2789 4958 2840 5012 in
2858 4959 3072 5015 laudato
3095 4957 3303 5030 codice,
3323 4957 3510 5024 Ρνεεεα

1926 5048 2023 5101 est,
2049 5034 2172 5104 quia
2201 5028 2460 5104 ponderis
2493 5029 2769 5104 proprium
2799 5042 3179 5104 estpretnere.

2001 5098 2023 5144 ὸ
2065 5098 2245 5174 'Apud
2281 5098 2522 5174 B_aron.':
2554 5098 2662 5174 Sed
2711 5100 2756 5152 si
2797 5098 3013 5174 idcirco.
3048 5102 3312 5172 lntegrior
3358 5110 3510 5165 ﬁeret

1924 5169 2190 5233 senteniia
2234 5171 2286 5225 in
2314 5171 2457 5225 hunc
2498 5169 2712 5224 modum
2742 5187 2753 5221 :
2789 5169 2908 5247 Nisi
2957 5169 3356 5247 idcirca'voluit
3387 5197 3508 5247 pne.

1922 5265 2036 5302 sens
2093 5247 2292 5307 latere,
2354 5250 2410 5293 ut
2454 5281 2466 5293 .
2507 5280 2521 5295 .
2564 5281 2577 5294 .
2628 5243 2968 5311 prteveniret;
3025 5244 3286 5299 lucernam
3366 5243 3510 5304 suam

1922 5335 2038 5372 cur.
2068 5327 2173 5371 etc.

1999 5361 2221 5454 ιἰξξιῖἱί,
2253 5383 2396 5438 Nam
2427 5381 2552 5452 facit
2584 5397 2603 5435 :
2634 5381 2979 5452 corriguntur
3029 5385 3353 5443 auctoritate
3402 5406 3507 5448 ms.

1924 5459 2078 5515 Colb.

1998 5541 2022 5576 ις
2057 5529 2144 5584 Sic
2173 5542 2273 5581 ms.
2317 5525 2471 5606 Colb..
2503 5523 2762 5606 htediti,
2793 5525 3096 5597 indignatus
3119 5537 3228 5596 est;
3257 5541 3313 5587 et
3358 5547 3510 5606 mox,

1924 5602 1986 5657 ab
2017 5611 2247 5673 aspectu,
2282 5612 2381 5668 pro
2406 5598 2468 5652 ab
2497 5593 2720 5668 Spiritu.

2879 5764 2958 5825 18
