3982 6182
525 153 632 212 569

1420 150 1513 206 an
1549 150 1780 207 orans
1819 151 2216 210 COELESTINI
2257 131 2519 212 I'PAPE
2558 151 2926 211 APPENDIX.

3705 159 3797 218 560

521 270 828 326 authentica
875 277 1200 337 receperunt
1247 266 1589 323 Nicanorum
1631 285 1894 324 canonum
1923 285 2112 325 exem-
2140 276 2195 334 Α
2219 271 2592 326 accusabatur.
2621 269 2728 325 Cur
2755 281 2933 326 autem
2957 271 3188 340 virgines
3211 272 3262 325 in
3290 271 3660 327 Orientalibus
3690 288 3798 342 par-

519 359 712 431 plaria,
748 375 869 414 cum
902 359 1041 414 idem
1075 359 1311 429 pontifex
1342 363 1526 416 vivere
1552 361 1730 416 desiit.

589 451 645 506 4.
674 450 826 507 Circa
857 452 997 507 idem
1044 461 1289 522 tempus,
1341 453 1629 509 Caelestius
1679 454 1802 507 novi
1851 455 2113 523 pontificis

518 543 807 600 deludendi
837 559 931 612 spe
958 554 1166 613 captus,
1196 544 1487 601 Caelestino
1519 560 1708 614 preces
1733 546 1957 610 obtulit,
1991 547 2112 617 qui-

522 636 620 692 bus
663 635 990 690 audientiam
1036 636 1151 705 ejus
1190 638 1495 707 expetebat.
1525 637 1632 693 Sed
1668 638 1897 706 prudens
1933 639 2110 707 ponti-

517 730 610 786 fex
652 731 1015 799 impudentem
1065 745 1128 785 ac
1175 731 1503 799 pertinacem
1555 729 1866 786 ltareticum
1920 730 2113 786 audire

515 823 857 892 dedignatus,
888 837 1010 878 eum
1044 823 1207 878 totius
1233 821 1397 877 Italiae
1445 823 1641 877 finibus
1680 823 1896 878 extrudi
1929 823 2105 892 jussit.

513 915 660 970 lstud
689 914 920 984 Prosper
951 915 1044 969 lib.
1081 925 1266 969 contra
1287 915 1478 969 Coll-at.
1503 932 1546 968 c.
1574 915 1638 966 21
1665 933 1717 969 n.
1743 915 1812 970 58
1837 916 2111 970 memoria:

515 1008 748 1080 prodidit
800 1007 884 1063 his
928 1007 1140 1063 verbis:
1206 1007 1521 1062 Venerabilis
1567 1011 1826 1063 memoria:
1877 1012 2110 1079 pontifex

513 1100 836 1168 Calestinus,
867 1102 951 1156 cui
972 1102 1041 1154 ad
1069 1100 1337 1154 catholica
1359 1099 1609 1155 Ecclesia
1630 1103 1927 1172 prasidium
1950 1105 2109 1156 multa

513 1195 767 1249 Dominus
794 1196 976 1265 gratia
1001 1210 1109 1250 sua
1136 1195 1274 1248 dona
1304 1193 1518 1266 largitus
1542 1204 1636 1259 est,
1662 1197 1826 1249 sciens
1852 1196 2108 1250 damnatis

509 1305 612 1341 non
646 1304 856 1342 examen
877 1288 1095 1359 judicii,
1127 1288 1215 1340 sed
1264 1286 1429 1340 solum
1473 1287 1786 1356 panitentia
1828 1287 2106 1340 remedium

507 1397 616 1432 esse
636 1381 1003 1449 prastandum,
1028 1379 1320 1434 Calestium
1340 1380 1483 1449 quasi
1515 1397 1616 1433 non
1644 1381 1872 1434 discusso
1904 1381 2105 1450 negotio

505 1472 823 1525 audientiam
867 1473 1248 1540 postulantem,
1300 1474 1454 1527 totius
1503 1471 1674 1526 Italia
1719 1474 1906 1542 ﬁnibus
1945 1476 2104 1546 jussit

504 1563 733 1616 extrudi.
761 1562 903 1616 Adeo
931 1573 977 1616 et
1001 1580 1367 1632 pracessorum
1388 1581 1597 1618 suorum
1619 1574 1810 1619 statuta
1833 1576 1878 1619 et
1901 1566 2104 1619 decreta

2221 362 2362 417 tibus
2383 362 2685 417 constitutae
2706 361 2964 418 adversus
2985 377 3105 417 eum
3129 362 3359 416 Romani
3385 363 3654 431 pontificis
3674 364 3798 432 judi-

2218 456 2360 511 cium
2391 456 2767 524 implorarint,
2800 471 2904 509 non
2937 455 3038 509 alia
3071 456 3285 510 videtur
3317 455 3482 510 fuisse
3514 472 3671 512 causa
3710 459 3794 514 nisi

2217 548 2358 618 quod
2389 547 2663 602 Danielem
2691 548 2744 602 in
2774 547 2973 602 Gallias
3005 548 3206 616 fugisse
3237 548 3542 602 audierant.
3583 549 3796 606 Libellos

2215 638 2338 694 illos
2369 655 2530 710 nuper
2562 647 2843 709 acceperat
2870 638 3216 704 Ctelestinus,
3244 654 3364 694 cum
3401 641 3672 697 Danielem
3703 643 3797 698 Ro-

2214 746 2356 786 mam
2401 732 2621 802 perduci
2661 747 2720 788 se
2742 731 2990 801 iussisse,
3029 743 3191 802 atque
3220 733 3358 786 hunc
3389 733 3551 803 jussis
3583 737 3796 791 necdum

2217 825 2482 892 paruisse,
2513 825 2747 894 epistola
2774 827 2807 880 4
2837 824 2963 879 Julii
2987 824 3059 879 25
3090 824 3197 886 die,
3228 825 3349 879 anni
3374 823 3477 880 428
3502 827 3624 881 data
3644 829 3798 898 signi-

2214 913 2355 969 ficat.
2393 917 2468 970 Ex
2497 932 2603 986 quo
2633 917 2843 972 libellos
2873 916 2994 972 illos
3025 932 3121 972 nec
3157 917 3325 972 multo
3349 929 3491 984 ante,
3525 935 3620 974 nec
3645 921 3800 990 longe

2214 1021 2331 1077 post
2360 1010 2483 1062 anni
2516 1009 2621 1063 428
2645 1010 2790 1063 initia
2817 1011 3154 1079 conscriptos
3179 1011 3340 1065 fuisse
3365 1012 3647 1081 colligitur.
3676 1014 3799 1069 Cte-

2212 1100 2437 1155 lestinus
2467 1116 2655 1155 eorum
2685 1102 2992 1171 apograpba
3021 1118 3140 1158 cum
3172 1102 3400 1172 epistola
3443 1116 3632 1174 quarta
3677 1105 3796 1160 mit-

2212 1202 2330 1248 tens
2362 1193 2414 1248 in
2447 1194 2643 1249 Gallias
2673 1196 2737 1247 ad
2768 1197 3051 1264 episcopos
3077 1211 3171 1265 per
3199 1197 3503 1265 provincias
3530 1197 3792 1253 Viennen-

2209 1303 2322 1342 sem
2347 1297 2401 1342 et
2422 1288 2823 1342 Narbonensem
2847 1289 3187 1351 constitutas,
3215 1289 3533 1342 eorumdem
3560 1301 3790 1360 autogra-

2209 1381 2314 1449 pha
2344 1379 2397 1433 in
2431 1379 2645 1434 scriniis
2675 1380 2989 1449 apostolicae
3019 1381 3163 1434 sedis
3193 1381 3413 1436 recondi
3447 1383 3675 1436 curavit.

2279 1474 2332 1527 8.
2365 1473 2665 1541 Antequam
2706 1482 2887 1527 autem
2936 1488 2998 1526 ea
3049 1473 3116 1527 de
3161 1488 3320 1527 causa
3364 1472 3690 1528 Calestinus
3735 1476 3796 1529 ad

2206 1581 2332 1620 mox
2357 1565 2533 1619 dictos
2559 1567 2846 1635 episcopos
2873 1565 3155 1630 scriberet,
3183 1567 3248 1619 ad
3283 1566 3588 1620 Patroclum
3621 1568 3796 1621 Arela-

504 1655 776 1724 synodalia
822 1653 1187 1709 inviolabiliter
1230 1659 1480 1710 servanda
1535 1659 1809 1723 censebat;
1859 1667 1913 1712 ut
1959 1659 2097 1728 quod
2129 1646 2177 1706 Β
2209 1669 2412 1714 tensem
2440 1658 2732 1713 antistitem
2767 1671 2861 1726 per
2888 1657 3240 1711 Fortunatum
3268 1657 3656 1712 subdiaconum
3700 1658 3793 1712 mi-

503 1749 657 1804 semel
685 1757 939 1805 meruerat
963 1748 1188 1817 abscidi,
1229 1767 1547 1822 nequaquam
1592 1752 1882 1806 admitteret
1926 1761 2094 1806 retra-

503 1845 653 1897 ctari.

573 1939 626 1994 5.
661 1940 846 1995 Fultus
874 1949 991 1996 erat
1014 1940 1342 1996 Calestinus
1371 1955 1475 1995 non
1507 1950 1712 1996 tantum
1743 1944 2092 1996 decessorum

501 2047 723 2088 suorum
755 2047 816 2087 ac
847 2032 1175 2103 synodornm
1206 2033 1441 2098 statutis,
1474 2035 1568 2087 sed
1607 2042 1661 2087 et
1709 2035 2094 2101 imperatorum

499 2125 806 2193 praceptis,
836 2135 895 2178 ut
943 2125 1043 2179 hac
1090 2123 1387 2179 severitate
1431 2138 1551 2176 cum
1604 2122 1863 2178 Calestio
1911 2133 2096 2193 ageret

497 2215 720 2285 (Baron.
752 2217 818 2271 ad
847 2233 969 2270 ann.
999 2215 1138 2282 420,
1171 2233 1225 2270 n.
1253 2216 1290 2268 2
1317 2226 1372 2270 et
1407 2211 1486 2281 3).
1516 2213 1632 2268 Jam
1663 2216 1805 2269 enim
1841 2214 1909 2269 ab
1951 2230 2093 2270 anno

497 2307 598 2361 481
625 2306 970 2362 Constantius
999 2309 1290 2378 imperator
1324 2307 1612 2361 Volusiano
1641 2309 1895 2375 praefecto
1922 2307 2094 2363 Ccele-

495 2400 658 2452 stium
695 2416 762 2454 ex
810 2399 953 2455 Urbe
1002 2400 1127 2468 pelli
1171 2402 1448 2469 conceptis
1497 2400 1674 2455 verbis
1719 2399 2088 2454 mandaverat.

497 2489 732 2560 Indeque
760 2491 940 2545 statim
977 2491 1154 2545 edicto
1198 2491 1574 2561 praefectorum
1620 2493 1872 2560 pratorio
1918 2491 2096 2547 fuerat

495 2583 794 2637 submotus.
828 2581 1026 2651 Verum
1054 2584 1318 2638 exstincto
1352 2583 1620 2638 Bonifacio
1665 2583 1888 2638 Romam
1931 2599 2090 2652 repe-

502 2688 614 2733 tere
643 2693 748 2732 non
775 2678 998 2747 veritus,
1025 2679 1221 2733 meruit
1249 2686 1308 2732 ut
1328 2679 1485 2733 etiam
1517 2679 1678 2732 totius
1706 2678 1870 2733 [taliae
1898 2679 2095 2733 ﬁnibus

500 2771 894 2826 excluderetur.
925 2771 1076 2826 Tunc
1105 2772 1409 2827 convolavit
1437 2773 1978 2842 Constantinopolim,
2005 2773 2093 2827 ubi

500 2866 723 2933 aditum,
748 2881 854 2938 quo
877 2868 928 2922 in
957 2869 1183 2937 gratiam
1216 2877 1269 2922 et
1294 2867 1584 2922 amicitiam
1613 2867 1842 2923 Nestorii
1874 2881 1932 2922 se
1959 2867 2094 2921 insi-

498 2970 707 3020 nuaret.
741 2967 930 3015 nactus
959 2969 1040 3015 est
1066 2959 1386 3016 faciliorem.
1414 2959 1479 3013 Et
1503 2959 1570 3013 ab
1590 2973 1656 3014 eo
1683 2957 1898 3027 quidem
1932 2958 2094 3014 veluti

2203 1758 2347 1805 serat
2377 1750 2582 1804 litteras
2617 1748 2807 1820 (Epist.
2840 1749 2894 1815 4,
2928 1766 2980 1802 n.
3016 1749 3092 1817 5),
3127 1750 3318 1818 quibus
3359 1749 3639 1805 Danielem
3688 1749 3790 1804 Ro-

2203 1857 2345 1896 mam
2376 1841 2634 1896 destinari
2680 1841 3054 1912 praecipiebat,
3106 1842 3195 1895 ubi
3244 1842 3286 1895 si
3337 1857 3448 1896 sua:
3498 1843 3789 1898 confideret

2200 1936 2572 1999 conscientia,
2605 1936 2814 2004 objecta
2846 1933 3075 1989 dilueret
3106 1934 3354 1998 crimina,
3387 1942 3440 1988 et
3474 1936 3540 1988 ab
3579 1949 3794 1990 accusa-

2200 2027 2410 2080 toribus
2450 2027 2566 2095 ejus
2617 2026 2939 2095 postulatum
2987 2025 3299 2094 apostolicae
3349 2025 3489 2079 sedis
3527 2025 3792 2094 judicium

2205 2135 2313 2175 non
2342 2120 2659 2175 declinaret.
2685 2120 2834 2174 Tunc
2861 2134 2988 2174 vero
3011 2118 3286 2173 Danielem
3318 2119 3624 2188 episcopum
3653 2119 3797 2172 ordi-

2206 2211 2323 2265 nari
2366 2211 2609 2280 contigit,
2639 2212 2741 2265 hoc
2771 2220 2852 2266 est
2884 2224 2948 2265 eo
2976 2209 3260 2264 intervallo
3287 2209 3427 2278 quod
3452 2209 3502 2263 in
3532 2210 3797 2278 perferen-

2198 2301 2281 2356 dis
2313 2303 2506 2356 litteris
2532 2303 2725 2372 quibus
2756 2303 2897 2357 idem
2925 2301 3113 2356 Daniel
3145 2301 3211 2355 ad
3243 2300 3526 2355 dicendam
3571 2316 3791 2356 causam

2200 2393 2508 2461 vocabatur,
2535 2393 2865 2448 Fortunatus
2883 2392 3244 2449 subdiaconus
3269 2393 3614 2462 interposuit.
3645 2393 3796 2449 Unde

2198 2497 2253 2545 et
2283 2489 2418 2543 hanc
2442 2489 2727 2558 epistolam
2774 2489 2840 2544 ad
2893 2489 3237 2553 Patroclum,
3289 2490 3518 2559 epistola
3564 2490 3627 2556 4,
3684 2506 3797 2560 quae

2200 2596 2384 2636 mensc
2410 2581 2548 2636 Julio
2584 2583 2707 2636 anni
2748 2582 2855 2636 428
2894 2583 3258 2652 consignatur,
3287 2591 3339 2635 et
3369 2584 3420 2635 in
3453 2596 3554 2650 qua
3588 2596 3796 2638 memo-

2200 2685 2346 2731 ratur
2373 2675 2608 2730 Danielis
2634 2675 2934 2745 ordinatio,
2965 2676 3242 2746 aliquanto
3291 2675 3619 2730 anteriorem
3682 2689 3797 2731 esse

2200 2770 2387 2839 liquet.

2278 2861 2334 2917 9.
2376 2860 2584 2916 Eodem
2612 2875 2757 2914 anno
2784 2860 2910 2926 428,
2941 2875 3126 2915 mense
3157 2859 3350 2930 Aprili,
3385 2861 3691 2916 secundum
3716 2861 3798 2915 Li-

2200 2954 2449 3009 beratutn
2483 2953 2696 3024 quidem
2751 2953 2926 3021 primo
2976 2952 3064 3006 die
3096 2993 3111 3019 ,
3167 2951 3459 3007 secundum
3508 2953 3797 3008 Son-atem

498 3053 740 3109 veritatis
769 3054 1024 3109 defensor
1060 3053 1340 3123 epistolam
1394 3053 1591 3106 meruit
1635 3052 2051 3106 consolatoriam
2082 3093 2096 3116 ,
2127 3031 2174 3096 C
2205 3055 2384 3100 autem
2418 3044 2653 3109 decimo,
2686 3043 2964 3099 Nestorius
2992 3043 3348 3098 Antiochena:
3380 3043 3633 3097 Ecclesia:
3671 3060 3798 3113 pre-

496 3163 656 3218 quam
685 3145 882 3200 Marius
911 3145 1176 3202 Mercator
1198 3146 1464 3202 latinitate
1486 3144 1706 3201 donavit
1732 3142 1897 3214 (Mar.
1929 3142 2093 3199 Merc.

494 3242 616 3294 edit.
649 3238 832 3292 Bolus.
862 3257 915 3309 p.
951 3239 1096 3309 151).

562 3335 615 3387 6.
646 3331 894 3400 Apiarius
923 3330 1194 3387 Siccensis
1223 3331 1482 3387 Ecclesiae
1509 3330 1793 3400 presbyter
1817 3373 1831 3396 ,
1879 3327 2097 3382 Bonifa-

491 3425 575 3478 cio
609 3421 859 3490 pontifice
886 3421 942 3474 in
977 3422 1226 3476 Africano
1255 3424 1485 3477 concilio
1514 3437 1542 3476 a
1581 3422 1820 3478 Siccensi
1855 3421 2094 3476 Ecclesia

492 3517 566 3570 ita
598 3522 837 3568 remotus
863 3520 968 3574 est,
998 3523 1054 3566 ut
1083 3513 1323 3566 Faustini
1371 3514 1685 3582 apostolica:
1733 3514 1878 3570 sedis
1932 3513 2094 3583 legati

492 3622 657 3678 opera
690 3613 932 3660 servatus
959 3605 1008 3660 ei
1039 3606 1109 3660 sit
1136 3605 1308 3660 ltonor
1337 3606 1695 3677 presbyterii,
1730 3615 1892 3677 atque
1921 3608 2048 3661 alibi
2075 3648 2089 3670 ,

492 3700 813 3768 ubicumque
840 3698 1000 3755 vellet
1032 3700 1113 3754 vel
1140 3707 1342 3768 posset,
1366 3698 1566 3770 gradus
1588 3701 1670 3755 sui
1697 3715 1920 3755 munere
1943 3698 2092 3767 fungi

490 3794 815 3862 permissum
845 3793 945 3864 ipsi
976 3794 1152 3849 fuerit.
1186 3792 1427 3850 Subinde
1456 3809 1646 3850 rursus
1673 3793 1740 3848 de
1768 3792 2090 3847 immanibus

489 3886 704 3956 ﬂagitiis
733 3901 762 3940 a
792 3886 1158 3942 Thabracenis
1200 3897 1483 3942 accusatus
1508 3928 1523 3952 ,
1569 3886 1800 3954 ideoque
1849 3898 2090 3939 commu-

487 3979 648 4034 nione
677 3979 940 4048 privatus,
965 3979 1190 4033 Romam
1223 3980 1480 4048 confugit.
1515 3979 1649 4033 Tum
1681 3977 1824 4047 ipsi,
1871 3987 2088 4048 aposto-

489 4074 646 4127 licam
695 4072 879 4126 sedem
927 4071 1226 4140 appellasse
1274 4087 1334 4126 se
1363 4069 1661 4136 mentienti,
1696 4072 1853 4139 paulo
1880 4069 2087 4127 facilius

486 4163 810 4221 Ctnlestinus
853 4161 1011 4216 fidem
1064 4163 1284 4229 habuit,
1334 4163 1612 4230 alteraque
1658 4172 1809 4232 parte
1849 4164 2087 4219 inaudita

486 4257 921 4312 communionem
952 4255 1203 4312 reddidit.
1247 4256 1355 4310 Res
1400 4265 1577 4311 tamen
1620 4265 1800 4327 gestas
1847 4258 2086 4328 ignorari

486 4352 554 4405 ab
585 4350 728 4405 Afris
772 4351 960 4405 nolens
997 4350 1039 4404 is
1072 4364 1228 4419 papa,
1265 4349 1473 4404 litteras
1503 4349 1571 4403 ad
1594 4364 1687 4405 eos
1718 4365 1814 4419 per
1847 4349 2079 4406 Leonem

2201 3139 2390 3208 sbyter
2415 3138 2467 3191 in
2492 3138 2806 3206 episcopum
2830 3133 3476 3204 Constantinopolitannm
3507 3143 3798 3204 cooptatus

2201 3240 2256 3287 et
2284 3231 2563 3287 ordinatus
2593 3231 2716 3284 fuit.
2749 3230 3112 3285 Ordinationis
3140 3231 3254 3298 ejus
3276 3230 3467 3284 relatio
3491 3229 3558 3283 ab
3581 3231 3799 3299 episco-

2201 3329 2282 3394 pis
2315 3328 2404 3394 qui
2435 3327 2483 3380 ei
2516 3324 2870 3380 interfuerant
2901 3324 2966 3379 ad
3005 3324 3360 3379 Caelestinum
3393 3325 3554 3377 missa
3585 3334 3697 3379 est.
3737 3323 3799 3377 Et

2198 3420 2250 3474 in
2275 3435 2338 3474 ea
2363 3418 2580 3489 quidem
2605 3426 2810 3472 tantum
2835 3417 3086 3472 Nestorio
3111 3416 3416 3472 tribuebant
3441 3417 3522 3470 illi
3546 3416 3798 3485 episcopi

2199 3513 2595 3579 testimonium,
2618 3521 2901 3580 quantum,
2926 3511 3097 3579 inquit
3118 3508 3439 3565 Calcstinns
3469 3507 3673 3579 (Epist.
3704 3509 3798 3571 15,-

2197 3623 2249 3660 η.
2284 3610 2304 3662 1
2335 3608 2354 3678 )
2380 3653 2392 3674 ,
2445 3607 2857 3662 desiderabatur
2894 3606 2941 3660 ei
2991 3607 3076 3675 qui
3111 3605 3174 3659 ad
3207 3605 3436 3660 alienam
3484 3605 3608 3658 Eccl
3623 3606 3795 3661 esiam

2195 3701 2488 3771 regendam
2517 3701 2738 3756 aliunde
2768 3700 3171 3754 accersebatur.

2269 3795 2358 3849 10.
2402 3795 2729 3850 Calestinus
2761 3792 3032 3863 cpisc0pis
3063 3795 3151 3860 qui
3181 3790 3285 3845 sibi
3315 3791 3382 3846 de
3410 3789 3674 3846 Nestorio
3707 3805 3795 3846 re-

2192 3901 2320 3942 cens
2344 3887 2519 3942 electo
2545 3886 2879 3956 gratulantes
2900 3885 3251 3954 scripserant,
3285 3884 3466 3939 statim
3504 3883 3797 3955 rescripsit

2193 3977 2384 4049 (Epist.
2423 3977 2508 4045 15,
2540 3995 2594 4030 n.
2625 3980 2725 4047 2),
2781 3980 2968 4047 eisque
3009 3993 3067 4031 se
3105 3987 3415 4031 mutuorum
3464 3975 3797 4045 gaudiorum

2191 4069 2506 4140 participem
2529 4069 2804 4136 ostendit,
2835 4069 3066 4124 innuens
3093 4079 3268 4122 tamen
3301 4083 3403 4122 non
3441 4068 3792 4136 probandam

2189 4165 2364 4220 fuisse
2416 4163 2723 4234 presbyteri
2775 4179 2840 4218 ex
2898 4163 3071 4217 aliena
3123 4163 3351 4216 ecclesia
3406 4161 3746 4216 electionem
3779 4201 3794 4225 ,

2188 4258 2293 4313 nisi
2319 4258 2433 4313 hac
2459 4257 2763 4328 disciplina:
2793 4256 3020 4313 offensio
3049 4256 3210 4311 electi
3240 4256 3433 4310 merito
3459 4270 3768 4322 compensa

2187 4362 2362 4408 retur.

489 4442 863 4514 presbyterum
893 4415 1283 4512 misit,vquibus
1311 4456 1370 4496 se
1395 4441 1464 4497 de
1497 4443 1695 4512 Apiarii
1719 4415 1956 4499 adventu
1984 4446 2082 4500 ad-
2108 4415 2162 4476 D
2261 4447 2348 4501 11.
2390 4446 2489 4501 Hic
2516 4446 2741 4501 tacenda
2771 4461 2879 4500 non
2909 4454 2990 4500 cst
3026 4445 3199 4500 sancti
3230 4442 3478 4499 Germani
3525 4442 3794 4512 episcopi

492 4533 709 4589 modum
736 4533 973 4588 laetatum
995 4531 1159 4588 fuisse
1183 4541 1425 4596 testatus,
1452 4549 1573 4588 eum
1597 4549 1625 4588 a
1644 4550 1702 4590 se
1717 4539 2083 4595 communioni

489 4625 794 4680 restitutum
820 4639 940 4680 esse
967 4624 1320 4694 significabat.
1355 4625 1565 4682 Exinde
1591 4627 1848 4684 Faustino
1888 4630 2083 4686 Poten-

490 4719 614 4773 tinze
662 4717 1180 4787 civitatiscpiscopo
1208 4733 1270 4772 ac
1299 4719 1442 4773 sedis
1473 4721 1779 4790 apostolicae
1811 4723 1987 4793 legato
2025 4725 2077 4780 in

484 4812 715 4867 Africam
735 4812 980 4868 redeunti
1005 4812 1258 4881 Apiarius
1278 4828 1336 4868 se
1357 4814 1677 4884 adiungens,
1703 4832 1896 4872 novum
1925 4819 2078 4874 Afro-

483 4919 599 4956 rum
625 4902 884 4972 judicium
911 4903 1095 4959 subiit.
1130 4903 1274 4959 Afris
1313 4914 1491 4959 autem
1522 4920 1646 4960 mox
1691 4907 1848 4964 dictae
1897 4909 2075 4967 Cale-

479 4995 606 5048 stini
652 4995 842 5051 littera
887 4996 1046 5065 paulo
1087 5005 1210 5051 ante
1256 4995 1481 5052 redditae
1509 5007 1654 5065 sunt,
1686 5014 1842 5068 quam
1876 5003 1975 5070 ipsi
2006 5005 2074 5058 de

479 5086 681 5158 Apiarii
706 5101 866 5143 causa
887 5088 1064 5144 eidem
1084 5102 1236 5157 papae
1257 5087 1641 5156 rescriberent,
1666 5089 1908 5160 adeoque
1928 5093 2069 5149 circa

475 5179 678 5232 exitum
710 5179 835 5232 anni
871 5177 996 5232 425.

546 5273 599 5324 7.
637 5271 717 5324 Es.
747 5269 968 5325 Oriente
1005 5285 1219 5342 quoque
1257 5270 1582 5329 Calestinus
1619 5273 1933 5329 relationem
1971 5290 2068 5332 seu

474 5365 685 5420 libellos
732 5367 940 5434 accepit
989 5366 1300 5421 monialium
1345 5368 1602 5423 adversus
1639 5370 1935 5437 Danielem,
1978 5373 2070 5441 qui

475 5457 861 5512 monasterium
906 5458 1143 5525 ipsarum
1183 5466 1431 5514 tenuerat
1459 5460 1655 5531 (Epist.
1682 5461 1737 5526 4,
1770 5480 1822 5515 n.
1852 5465 1877 5517 1
1909 5472 1957 5516 et
1985 5462 2064 5533 9).

474 5547 567 5600 His
600 5549 652 5602 in
685 5549 877 5604 libellis
910 5552 1093 5606 Daniel
1122 5554 1190 5609 de
1219 5554 1435 5608 nefariis
1464 5554 1698 5623 flagitiis,
1731 5569 1792 5610 ac
1823 5557 2066 5612 nomina-

456 5637 578 5734 ἐξῳί
597 5642 742 5704 quod
769 5657 1046 5702 sacrarum
1071 5649 1340 5719 virginum
1369 5649 1590 5710 incesm.
1612 5649 1846 5719 pollutus
1880 5661 2064 5725 esset,

2079 5752 2153 5765 νη

2085 5769 2140 5784 τε

2189 4539 2680 4595 Antissiodorensis
2699 4535 3310 4609 inLBritanniasllegatio,
3327 4535 3394 4589 de
3414 4549 3515 4602 qua
3536 4532 3794 4602 Prosper

2185 4631 2238 4686 in
2270 4632 2541 4688 Chronico
2584 4631 2650 4686 ad
2693 4646 2892 4686 annum
2934 4630 3039 4685 429
3067 4628 3207 4683 istud
3239 4629 3514 4682 memoriae
3545 4625 3778 4678 manda-

2183 4723 2258 4777 vit
2287 4741 2299 4777 :
2330 4725 2576 4794 Agricola
2606 4722 2951 4793 Pelagianus,
2984 4720 3251 4776 Seueriani
3278 4716 3553 4788 Pelagiani
3589 4716 3745 4784 ﬁlius
3774 4757 3791 4783 ,

2182 4819 2445 4875 Ecclesias
2474 4819 2738 4873 Hibernia
2765 4818 3017 4889 dogmatis
3039 4819 3120 4871 sui
3143 4817 3494 4870 insinuatione
3518 4815 3789 4880 corrupit.

2184 4917 2295 4971 Sed
2323 4917 2521 4970 actione
2552 4912 2787 4968 Palladii
2814 4912 3016 4967 diaconi
3055 4928 3189 4983 papa
3221 4908 3517 4965 Calestinus
3548 4905 3788 4960 Corma.

2184 5024 2306 5062 num
2335 5007 2831 5062 Antissiodorensem
2870 5005 3165 5074 episcOpum
3192 5003 3296 5056 vice
3333 5017 3428 5055 sua
3460 4999 3636 5063 mittit,
3703 5007 3790 5061 ut,

2182 5101 2464 5154 deturbatis
2492 5101 2744 5154 haereticis
2769 5141 2782 5165 ,
2832 5098 3110 5152 Britannos
3140 5097 3207 5151 ad
3252 5094 3563 5149 catholicam
3610 5091 3790 5159 [idem

2178 5193 2393 5263 dirigat.
2444 5192 2650 5261 Quippe
2698 5190 3047 5245 Calestinum
3077 5189 3350 5245 Germano
3395 5187 3560 5242 vicem
3611 5197 3788 5237 suam

2178 5286 2296 5340 sine
2323 5288 2527 5355 scripto
2553 5282 2892 5339 commisisse
2913 5323 2926 5348 ,
2958 5292 3049 5336 aut
3083 5281 3225 5337 hunc
3252 5281 3368 5336 sine
3396 5279 3536 5333 illius
3565 5275 3790 5330 litteris

2175 5376 2230 5430 in
2264 5375 2572 5431 Britannias
2610 5373 2910 5443 profectum
2939 5387 3060 5429 esse
3100 5372 3220 5443 quis
3262 5371 3364 5427 sibi
3399 5367 3741 5442 persuadeat
3765 5368 3792 5421 ’ἒ

2173 5468 2360 5538 Neque
2408 5468 2491 5522 liis
2538 5467 2690 5523 stetit
2718 5466 3090 5530 Calestiuus;
3143 5464 3236 5519 sed
3282 5464 3520 5519 Palladio
3557 5458 3790 5514 Scottis

2173 5560 2426 5617 ordinato
2453 5560 2732 5629 episcopo,
2763 5559 2942 5614 effecit
2971 5567 3030 5612 ut
3055 5559 3106 5612 in
3135 5557 3323 5612 insulis
3358 5557 3464 5611 illis
3492 5549 3627 5607 fides
3664 5566 3790 5610 non

2173 5652 2335 5713 modo
2366 5666 2684 5724 purgaretur
2713 5653 2782 5710 ab
2806 5650 3024 5723 haeresi,
3057 5650 3151 5711 sed
3176 5652 3346 5710 etiam
3371 5649 3527 5709 latius
3553 5657 3788 5716 Propa-

2859 5803 2894 5832 _p
2919 5806 2951 5826 ῳ-
2979 5808 3042 5824 .‹--›
3064 5815 3206 5829 ww.--“
