3982 6182
254 248 343 311 561

564 245 839 306 ΝΟΤΙΤΙΔ
880 244 1108 313 RELIQ.
1149 244 1587 305 SCRIPTORUM
1628 182 1792 313 QUTIE
1830 287 1835 299 .

1960 243 2440 302 C(ELESTINUM
2479 245 2501 300 Ι
2540 244 2774 303 ΡΑΡᾹΜ
2810 246 3182 305 ATTINENT.

3405 256 3549 312 562'

249 352 478 440 geretur.
512 365 628 433 Qua
676 364 729 418 in
766 378 827 418 re
862 362 1103 417 studium
1138 344 1252 433 ejus
1285 364 1513 434 Prosper
1541 362 1815 417 libl'é'ont.
1842 368 1897 429 Α
1922 371 2147 435 tempore
2166 379 2266 435 quo
2303 364 2373 416 ad
2410 364 2589 434 fratris
2622 371 2784 418 nostri
2824 364 3032 420 Tuentii
3056 366 3293 422 dedimus
3320 371 3513 437 scripta

252 460 432 516 Collat.
465 475 515 513 c.
548 456 609 511 21
664 472 716 509 n.
751 456 821 511 58
862 455 1046 509 laudat
1075 455 1158 509 his
1190 456 1372 510 verbis
1403 474 1414 507 :
1454 454 1563 509 Nec
1596 470 1708 508 vero
1747 470 1826 507 se-

250 557 414 626 gniore
441 568 567 606 cura
594 551 657 605 ab
684 550 780 604 hoc
810 550 989 603 eodem
1020 549 1196 602 morbo
1229 548 1586 619 (Pelagiana)
1617 546 1828 601 Britan-

250 648 355 701 nias
382 645 642 708 liberavit;
667 643 873 713 quando
898 641 1148 712 quosdam
1174 641 1413 694 inimicos
1433 640 1634 710 gratiae,
1661 639 1828 693 solum

251 754 350 793 sute
376 736 588 809 originis
613 740 922 805 occupantes
944 774 958 796 ,
992 732 1146 784 etiam
1185 730 1249 784 ab
1275 730 1371 784 illo
1397 740 1587 785 secreto
1614 729 1829 784 exclusit

253 831 455 896 Oceani,
490 839 536 883 et
566 828 805 882 ordinato
838 826 1030 881 Scottis
1062 824 1353 893 (Palladia)
1384 824 1622 894 episcopo
1648 864 1662 889 ,
1705 822 1830 875 dum

250 922 529 976 Romanam
573 918 797 971 insulam
847 916 1012 970 studet
1059 930 1264 968 servare
1306 914 1653 978 catholicam,
1711 915 1830 983 fecit

249 1013 392 1065 etiam
424 1010 693 1064 barbaram
729 1006 1093 1062 Christianam.

319 1102 405 1156 12.
437 1100 741 1164 Nestorius,
764 1098 890 1153 dum
915 1113 1106 1154 novam
1130 1111 1194 1151 ac
1222 1111 1529 1166 perversam
1553 1096 1829 1165 publicare

251 1206 527 1262 aggressus
548 1201 632 1246 est
654 1190 976 1257 doctrinam,
1007 1189 1207 1242 multos
1229 1186 1449 1241 oﬂendit
1469 1197 1578 1241 tam
1601 1188 1831 1242 clericos

251 1300 404 1355 quam
427 1284 589 1339 laicos
610 1284 701 1354 qui
726 1282 828 1353 ipsi
851 1282 1307 1337 cantradicerent.
1337 1280 1405 1335 Et
1428 1281 1592 1335 laicos
1614 1280 1829 1350 quidem

248 1380 644 1444 communione,
678 1376 908 1430 clericos
937 1383 1117 1428 autem
1144 1372 1309 1442 gradu
1341 1388 1439 1426 suo
1466 1371 1721 1441 privavit.
1754 1372 1834 1426 Ae

249 1467 440 1523 deinde
469 1470 535 1521 ad
561 1464 918 1523 Caelestinum
951 1464 1149 1532 scripta
1176 1464 1408 1534 epistola
1436 1505 1451 1529 ,
1484 1464 1585 1518 hoc
1616 1464 1665 1519 ei
1695 1462 1833 1518 indi-

246 1574 369 1615 care
396 1559 699 1615 festinavit.
730 1558 990 1627 Epistolze
1021 1556 1178 1626 hujus
1220 1558 1469 1614 meminit
1502 1556 1733 1629 Cyrillus
1780 1559 1833 1611 in

246 1666 310 1706 eo
336 1652 541 1721 scripto
571 1665 680 1720 quo
708 1650 1027 1704 sententiam
1056 1648 1305 1703 Nestoria
1335 1649 1637 1713 denuntiat,
1669 1664 1830 1719 quam

1928 475 2248 531 responsum.
2276 458 2408 512 Cum
2441 468 2619 513 autem
2646 459 2906 514 Tuentins
2935 460 3026 516 ille
3052 475 3158 516 non
3192 461 3325 516 alius
3354 464 3422 517 ab
3446 478 3513 520 eo

1930 566 2051 607 esse
2067 551 2316 607 videatur
2337 567 2496 623 quem
2522 551 2771 607 Zasimus
2794 553 2951 621 epist.
2982 555 3036 621 4,
3064 571 3118 611 n.
3140 556 3198 623 4,
3226 571 3255 611 a
3284 556 3516 613 Proculo

1930 642 2249 699 Massiliensi
2287 644 2530 700 antistite
2567 643 2874 700 ordinatum
2906 645 3137 713 indicat,
3168 648 3519 721 presbyteros

1933 734 2076 805 illos,
2107 736 2175 790 de
2201 736 2396 806 quibus
2426 752 2454 788 a
2478 735 2712 791 Tuentio
2739 735 3062 793 Ctelestinus
3088 740 3366 795 consultus
3394 749 3478 796 est
3504 782 3519 806 ,

1933 826 2126 881 merito
2169 842 2485 882 censeamus
2532 828 2933 898 Massilienses,
2994 831 3084 901 qui
3132 831 3416 901 Augustini
3450 833 3519 888 de

1932 917 2103 985 gratia
2147 916 2447 971 doctrinam
2488 926 2617 973 tunc
2647 919 2822 988 palam
2864 920 3171 989 improbare
3212 930 3515 991 cteperunt.

1933 1007 2196 1074 Quocirca
2230 1018 2284 1063 et
2312 1009 2453 1078 quod
2483 1010 2740 1065 Tuentius
2769 1012 3021 1081 scripsit,
3065 1022 3119 1068 et
3146 1013 3286 1083 quod
3316 1014 3514 1068 rescri-

1933 1103 2040 1172 psit
2060 1102 2405 1171 Coelestinus,
2431 1109 2498 1160 ad
2525 1107 2774 1163 eumdem
2796 1123 2995 1164 annum
3019 1108 3121 1166 451
3147 1111 3521 1167 existimamus

1933 1196 2230 1263 pertinere.

2009 1284 2095 1338 15.
2140 1285 2273 1339 Dum
2303 1285 2575 1355 Ephesina
2600 1289 2968 1347 celebraretur
2994 1292 3259 1366 synodus,
3286 1290 3520 1365 Cyrillus

1935 1373 2334 1431 Alexandrinus
2362 1378 2588 1433 antistes
2613 1381 2892 1449 epistolam
2922 1384 2987 1437 ad
3008 1384 3245 1439 Leonem
3277 1393 3402 1439 tunc
3429 1398 3519 1439 ar-

1936 1466 2315 1521 chidiaconum
2344 1469 2509 1536 misit,
2535 1486 2631 1540 per
2654 1472 2828 1539 ipsum
2850 1474 3146 1530 Caelestino
3167 1475 3519 1538 reddendam.

1936 1572 2039 1625 qua
2079 1557 2390 1614 Juvenalem
2422 1561 2893 1634 Jerosolymitanae
2927 1565 3180 1623 Ecclesiae
3210 1567 3520 1638 episcopum

1937 1648 1991 1701 in
2017 1650 2268 1717 prazdicta
2290 1652 2499 1721 synodo
2524 1652 2825 1709 Palaestinae
2850 1658 3144 1726 provincia:
3168 1660 3521 1728 principatum

242 1744 578 1801 leestinus
625 1744 885 1798 adversus
934 1743 1109 1811 ipsum
1142 1743 1358 1796 tulerat.
1396 1742 1632 1795 Primum
1685 1743 1832 1796 enim
1862 1745 1912 1807 Β
1938 1742 2196 1797 ambiisse
2221 1786 2235 1808 ,
2290 1753 2450 1812 atque
2493 1745 2789 1802 insolentes
2833 1763 2993 1804 ausus
3033 1767 3128 1821 per
3155 1754 3523 1810 commentitia

246 1839 320 1893 ibi
353 1838 633 1908 praemittit
661 1854 673 1889 :
710 1835 981 1901 Omnibus,
1013 1837 1099 1904 qui
1127 1852 1159 1888 a
1186 1844 1274 1888 tua
1300 1826 1581 1888 reverentia
1622 1835 1693 1906 (0
1720 1833 1829 1888 Ne-

242 1931 415 1999 stori)
447 1930 669 1998 separati
697 1938 812 1982 sunt
840 1936 1051 1999 prepter
1082 1926 1236 1995 fidem
1262 1967 1277 1991 ,
1318 1926 1397 1979 vel
1426 1926 1645 1997 depositi
1670 1967 1683 1991 ,
1729 1935 1833 1979 tam

245 2023 395 2076 taicis
424 2038 580 2093 quam
608 2020 804 2075 clericis
845 2020 1285 2074 communicantes
1313 2035 1509 2073 sumus.
1536 2018 1833 2086 Statimque

241 2117 505 2184 subjicit:
542 2114 652 2169 Nec
684 2116 821 2169 enim
852 2129 1053 2184 wquum
1092 2121 1167 2166 est
1212 2130 1295 2166 eos
1344 2112 1429 2181 qui
1469 2123 1607 2165 recta
1658 2126 1836 2182 sapere

244 2216 436 2264 norunt
462 2249 476 2273 ,
532 2208 630 2261 tuis
669 2206 1003 2261 condemnari
1033 2205 1329 2271 sententiis,
1369 2218 1493 2267 QUIA
1524 2218 1661 2272 TIBI,
1711 2202 1837 2255 bene

244 2302 513 2371 facientes,
543 2313 1063 2362 CONTBADIXEBUNT;
1095 2296 1190 2351 hoc
1221 2298 1354 2352 enim
1380 2298 1618 2350 indicasti
1648 2298 1700 2349 in
1729 2297 1832 2367 epi-

243 2395 376 2448 stola
406 2409 526 2463 qua:
553 2395 749 2462 scripta
775 2401 847 2446 est
880 2409 911 2444 a
938 2400 985 2446 te
1020 2390 1088 2444 ad
1120 2408 1319 2463 magna:
1361 2392 1538 2445 Roma:
1572 2389 1838 2444 sanctissi-

244 2502 385 2540 mum
439 2484 799 2555 coepiscopum
850 2492 1082 2537 nostrum
1135 2481 1485 2537 Caelestinum.
1550 2484 1711 2552 Atqui
1769 2496 1833 2536 ex

242 2577 537 2647 epistolis,
604 2583 891 2645 antequam
962 2574 1103 2629 istud
1147 2576 1381 2645 Cyrillus
1442 2574 1743 2640 scriberet,
1806 2588 1836 2626 a

243 2669 505 2725 Nestorio
535 2668 599 2723 ad
630 2667 979 2722 Caelestinum
1024 2667 1222 2733 missis,
1254 2668 1387 2721 duas
1419 2675 1622 2720 tantum
1674 2665 1831 2719 habeo

243 2777 397 2827 mus,
432 2762 487 2815 in
519 2759 713 2830 quibus
741 2759 1029 2814 haereticus
1056 2758 1149 2814 ille
1181 2759 1249 2813 de
1287 2759 1349 2813 iis
1378 2759 1467 2828 qui
1498 2759 1595 2812 sibi
1626 2768 1839 2813 contra-

244 2852 537 2914 dicebant,
566 2851 651 2905 vel
686 2865 715 2904 a
746 2852 1149 2917 communione,
1180 2850 1265 2904 vel
1296 2865 1325 2903 a
1357 2850 1491 2904 cleri
1520 2849 1715 2919 gradu,
1752 2864 1839 2903 re-

243 2945 413 2999 motis
443 2942 647 2997 nullam
681 2944 1008 2997 mentionem
1038 2941 1182 2995 facit.
1234 2939 1340 2995 Sed
1374 2947 1428 2994 et
1455 2940 1509 2993 in
1537 2954 1722 2995 earum
1753 2952 1840 2991 se-

241 3035 427 3090 cunda
456 3033 738 3088 Nestorius
766 3049 899 3103 swpe
926 3033 1036 3102 jam
1070 3032 1134 3086 ad
1171 3031 1519 3085 Caelestinum
1552 3029 1836 3097 scripsisse

1937 1832 2133 1901 scripta
2164 1837 2381 1889 ﬁrmare
2401 1838 2747 1892 contendisse
2774 1841 3142 1910 signiﬁcabat;
3178 1846 3337 1901 simul
3360 1847 3523 1901 etiam

1937 1923 2162 1976 sollicita
2192 1940 2340 1993 prece
2365 1927 2586 1980 multum
2613 1931 2841 1999 peposcit
2873 1940 2926 1984 ut
2955 1933 3102 1987 nulla
3128 1935 3320 1989 illicitis
3362 1952 3523 1991 cana-

1940 2016 2072 2069 tibus
2103 2018 2412 2085 praeberetur
2440 2018 2699 2090 (Romae)
2730 2023 2981 2077 assensio.
3028 2025 3174 2079 lianc
3202 2034 3380 2082 autem
3409 2029 3525 2099 epi-

1938 2111 2131 2165 stolam
2174 2112 2295 2166 idea
2345 2114 2728 2169 archidiacona
2778 2116 3091 2187 inscriptam
3122 2132 3242 2172 esse
3270 2160 3284 2185 ,
3335 2129 3393 2173 ut
3421 2120 3526 2189 ipsi

1939 2216 2094 2271 papae
2126 2202 2468 2272 redderetur,
2499 2220 2561 2257 ac
2590 2220 2650 2259 re
2678 2206 2791 2273 ipsa
2821 2208 2867 2260 ei
2898 2206 3163 2261 redditam
3191 2208 3358 2263 fuisse
3383 2211 3525 2265 istud

1939 2303 2260 2361 argumento
2290 2304 2374 2349 est
2395 2336 2410 2360 ,
2448 2297 2590 2364 quod
2623 2298 2991 2352 authentieum
3021 2297 3139 2368 ejus
3163 2300 3440 2369 exemplar
3469 2301 3524 2355 in

1940 2388 2246 2456 apostolicae
2268 2388 2413 2443 sedis
2435 2390 2637 2445 scrinio
2660 2401 2993 2447 asservatum
3017 2394 3103 2447 sit.
3119 2394 3381 2461 Quocirca
3404 2410 3523 2450 cum

1940 2480 2055 2548 ejus
2083 2481 2450 2549 apographum
2483 2497 2512 2535 a
2545 2483 2773 2537 Maximo
2798 2484 3136 2540 Antiocheno
3168 2486 3424 2557 episcopo
3458 2488 3526 2543 ad

1940 2568 2176 2625 Leonem
2203 2572 2312 2641 jam
2347 2573 2653 2642 pontiﬁcem
2687 2576 2823 2629 mitti
2854 2577 3184 2647 contigisset,
3212 2579 3389 2636 eidem
3417 2580 3526 2636 Ma—

1942 2665 2092 2719 xima
2122 2666 2400 2735 rescripsit
2440 2670 2555 2740 ipse
2586 2670 2695 2725 Leo
2727 2671 2938 2742 (Epist.
2970 2674 3091 2741 110,
3126 2693 3179 2728 η.
3212 2674 3284 2746 4)
3315 2694 3328 2729 :
3361 2673 3527 2748 Cujus

1941 2758 2171 2827 epistola:
2199 2760 2267 2811 ad
2298 2776 2391 2813 nos
2431 2762 2747 2832 exemplaria
2778 2763 3012 2816 direxisti
3042 2774 3234 2818 sancta:
3266 2768 3527 2820 memoria:

1944 2846 2145 2918 Cyrilli,
2170 2866 2280 2903 eam
2312 2850 2365 2903 in
2395 2859 2572 2905 nostra
2595 2854 2785 2905 scrinio
2816 2854 3114 2920 requisitam
3145 2870 3236 2906 nos
3269 2853 3529 2907 authenti-

1944 2959 2058 2995 cam
2086 2945 2285 2997 noveris
2315 2944 2581 3012 reperisse.

2021 3033 2105 3086 16.
2126 3034 2367 3100 Quatuor
2390 3034 2655 3088 mensium
2680 3049 2707 3087 a
2731 3034 3070 3104 depositione
3092 3037 3323 3095 Nestorii
3344 3040 3530 3110 elapso

239 3140 303 3180 se
328 3126 403 3179 ab
429 3123 654 3177 exordio
686 3130 1099 3178 commemorat.
1132 3120 1393 3187 Quocirca
1433 3120 1533 3171 ista
1564 3161 1577 3185 ,
1627 3119 1695 3172 de
1738 3133 1835 3186 qua

1946 3128 2120 3193 spatio
2144 3166 2159 3190 ,
2210 3128 2297 3181 die
2340 3128 2408 3182 15
2440 3129 2642 3181 mensis
2673 3127 2921 3182 Octobris
2949 3130 3076 3184 anni
3102 3132 3245 3199 451,
3292 3136 3531 3207 episcopi

238 3215 488 3283 Cyrillus
514 3212 768 3279 loquitur.
801 3213 943 3265 inter
972 3212 1200 3280 primam
1228 3218 1282 3264 et
1309 3209 1598 3263 secundam
1628 3223 1747 3277 qua:
1774 3208 1839 3261 ad

240 3319 349 3360 nos
382 3311 788 3372 pervenerunt,
834 3302 1079 3372 adeoque
1108 3302 1252 3355 circa
1284 3302 1485 3355 exitum
1524 3301 1646 3355 anni
1693 3299 1798 3356 429
1822 3342 1838 3369 ,

237 3396 456 3465 scripta
494 3395 687 3449 merito
715 3404 1022 3450 censeatur.

319 3487 412 3543 15.
456 3487 744 3557 Postquam
773 3486 1025 3542 Nestorio
1051 3486 1364 3542 denuntiata
1405 3497 1550 3542 esset
1579 3487 1839 3543 adversus

243 3583 427 3653 ipsum
451 3578 557 3632 lata
581 3579 1052 3649 sententia,atque
1076 3578 1410 3633 induciarum
1438 3577 1485 3633 ei
1514 3578 1837 3633 indultarum

245 3684 501 3744 tempore
525 3671 638 3740 jam
672 3671 873 3727 dudum
900 3687 1145 3737 emenso,
1175 3672 1398 3742 gradum
1426 3672 1493 3727 ab
1515 3671 1709 3728 haeresi
1744 3673 1841 3727 mi-

246 3766 397 3820 nime
432 3762 684 3830 referret,
718 3764 843 3819 dum
870 3764 1067 3833 Ephesi
1109 3765 1347 3835 synodus
1378 3765 1577 3820 indicta
1606 3765 1839 3835 paraba-

244 3866 352 3921 tur,
376 3855 651 3911 consuluit
670 3856 905 3927 Cyrillus
928 3855 1278 3912 Caelestinum
1304 3856 1501 3928 (Epist.
1523 3857 1633 3928 16),
1659 3867 1837 3914 utrum

248 3948 536 4005 Nestorius
564 3990 577 4013 ,
625 3949 787 4005 etiam
820 3948 865 4003 si
894 3964 1135 4005 errorem
1168 3950 1502 4021 deponeret,
1548 3951 1604 4004 in
1631 3950 1839 4021 synodo

248 4051 394 4098 esset
414 4041 796 4110 recipiendus;
824 4057 890 4096 an
912 4058 1046 4097 vero
1067 4043 1171 4097 lata
1195 4043 1551 4113 depositionis
1572 4043 1837 4098 sententia

249 4136 298 4192 in
329 4151 497 4208 quam
525 4137 721 4204 spretis
752 4136 985 4191 induciis
1029 4138 1331 4192 incurrerat
1357 4181 1370 4205 ,
1417 4136 1621 4191 remitti
1649 4137 1697 4192 ei
1729 4152 1835 4191 non

246 4227 497 4285 deberet.
533 4228 783 4283 Manebat
809 4237 1070 4300 praeterea
1099 4228 1333 4300 Cyrillus
1361 4229 1740 4297 leestinum,
1772 4246 1839 4287 ne

247 4324 311 4379 ab
340 4324 409 4379 iis
436 4335 669 4392 quorum
697 4330 944 4389 suspecta
974 4331 1090 4376 erat
1134 4321 1266 4375 ﬁdes
1298 4321 1508 4374 incaute
1529 4323 1733 4390 captari
1778 4336 1838 4377 se

247 4424 551 4482 pateretur.
596 4412 732 4466 Huic
773 4411 962 4483 Cyrilli
1008 4412 1255 4479 epistolae
1300 4411 1626 4465 Ctelestinus
1656 4415 1686 4465 7
1716 4412 1836 4467 Maii

248 4505 333 4561 die
362 4504 497 4560 anni
528 4502 624 4559 451
655 4504 951 4573 rescripsit.
982 4503 1136 4559 Unde
1178 4504 1322 4557 illam
1372 4517 1479 4557 non
1521 4503 1678 4571 longe
1715 4514 1836 4573 post
1864 4488 1916 4548 D

249 4599 371 4652 anni
397 4595 647 4666 ejusdem
670 4594 821 4650 initia
852 4596 1104 4665 scriptam
1129 4610 1251 4650 esse
1274 4596 1574 4661 conﬁcitur,
1603 4598 1837 4653 maxime

250 4702 367 4744 eum
386 4691 444 4745 in
468 4696 888 4743 eatmemoretur
904 4688 1105 4758 Ephesi
1123 4686 1371 4742 habenda
1395 4687 1654 4758 synodus,
1676 4704 1834 4758 quam

254 4781 593 4838 Theodosius
619 4782 914 4850 imperator
935 4780 1002 4836 19
1026 4778 1343 4836 Novembris
1365 4779 1454 4835 die
1479 4781 1603 4835 anni
1625 4781 1732 4836 450
1757 4782 1839 4835 in-

251 4872 432 4931 dicere
463 4872 692 4944 primum
719 4882 978 4943 coeperat.

326 4967 413 5021 ﬂ.
458 4966 662 5022 Eodem
693 4980 838 5022 anno
863 4966 1091 5036 contigit
1130 4974 1188 5020 ut
1222 4965 1277 5020 in
1313 4964 1501 5021 Galliis
1535 4964 1836 5036 presbyteri

258 5059 501 5115 nonnulli
526 5058 787 5129 quasdam
830 5059 898 5113 de
948 5058 1123 5114 libero
1157 5056 1386 5112 arbitrio
1414 5057 1741 5127 quaestiones
1786 5057 1838 5112 in

260 5153 496 5207 medium
517 5158 778 5207 vacarent
804 5192 820 5215 ,
863 5166 985 5220 quae
1010 5151 1249 5205 novitate
1274 5165 1368 5205 sua
1392 5150 1687 5206 Ecclesiam
1718 5166 1842 5221 per-

256 5245 567 5300 turbabant.
600 5244 736 5300 Tum
766 5243 835 5300 de
866 5245 950 5298 his
977 5243 1369 5300 consulendum
1401 5244 1553 5299 duxit
1581 5243 1840 5300 Tuentius

258 5336 539 5406 episcopus
559 5335 907 5391 Caelestinum
934 5375 950 5399 ,
998 5344 1055 5391 et
1082 5334 1151 5390 ab
1181 5350 1247 5389 eo
1276 5349 1592 5405 responsum
1640 5335 1840 5390 habere

260 5427 450 5481 meruit
481 5425 684 5499 (Epist.
709 5424 801 5491 2i,
832 5443 885 5479 n.
916 5426 995 5497 2).
1032 5426 1272 5482 Subinde
1298 5426 1623 5482 leestinus
1647 5426 1835 5481 eadem

261 5517 325 5573 de
352 5533 518 5574 causa
550 5518 799 5575 scribens
829 5519 897 5574 ad
943 5518 1132 5575 Galliae
1180 5520 1464 5590 episcopos
1488 5559 1502 5584 ,
1554 5534 1675 5575 eum
1708 5518 1836 5573 illud

262 5608 470 5665 Tuentii
500 5611 762 5680 scriptum
789 5651 805 5679 ,
845 5620 956 5665 tum
988 5626 1143 5666 suum
1172 5611 1339 5680 ipsius
1368 5611 1689 5680 rescriptum
1720 5625 1837 5666 me-

264 5714 431 5759 morat
458 5704 547 5759 his
573 5704 755 5761 verbis
781 5722 794 5758 :
828 5703 997 5773 Super
1031 5706 1109 5760 his
1134 5705 1295 5759 multa
1323 5708 1440 5775 jam
1468 5704 1608 5758 dicta
1636 5713 1754 5758 sunt
1779 5720 1838 5757 eo

1943 3231 2081 3287 quos
2110 3216 2381 3287 Ephesina
2408 3218 2648 3289 synodus
2670 3219 2736 3273 ad
2761 3218 3125 3276 Theodosium
3148 3223 3529 3295 imperatorem

1943 3308 2220 3379 delegerat
2268 3310 2317 3363 in
2365 3309 2609 3364 haeretici
2658 3312 2943 3367 memorati
2991 3312 3165 3367 locum
3213 3316 3529 3377 ordinarunt

1940 3399 2321 3456 Maximianum
2362 3402 2619 3458 Ecclesiae
2662 3403 3274 3475 Constantinopolitante
3305 3409 3529 3483 presby-

1941 3503 2115 3550 terum
2148 3497 2437 3567 statimque
2464 3497 2668 3553 litteras
2687 3497 3045 3555 ordinationis
3063 3498 3182 3570 ejus
3207 3502 3410 3559 indices
3435 3519 3529 3574 per

1941 3585 2205 3641 Joannem
2256 3588 2626 3658 presbyterum
2681 3598 2736 3643 et
2780 3588 3079 3659 Epictetum
3127 3591 3415 3650 diaconum
3460 3595 3527 3651 ad

1941 3677 2294 3733 CteleStinum
2322 3680 2605 3733 miserunt.
2637 3680 2871 3736 Litteras
2898 3682 3041 3749 illas,
3076 3699 3195 3752 qua:
3218 3686 3523 3741 Maximiani

1943 3773 2300 3827 continebant
2329 3772 2567 3842 elogium
2590 3812 2605 3839 ,
2648 3772 2973 3827 Ctelestinus
3001 3773 3099 3828 sibi
3130 3779 3374 3844 proxime
3402 3789 3526 3836 ante

1942 3863 2186 3919 Natalem
2222 3863 2440 3918 Domini
2469 3861 2611 3917 diem
2642 3860 2880 3916 redditas
2907 3862 3073 3917 fuisse
3098 3863 3257 3920 docet
3301 3869 3322 3936 (
3350 3868 3521 3938 Epist.

1940 3956 2033 4021 ‘22,
2064 3973 2118 4009 η.
2148 3955 2228 4025 4).

2014 4049 2101 4102 17.
2145 4046 2485 4102 Theodosius
2510 4047 2821 4115 imperator,
2856 4044 3128 4116 praedictis
3148 4045 3521 4117 episcoporum

1941 4141 2139 4196 litteris
2160 4140 2443 4209 epistolam
2470 4139 2794 4209 peculiarem
2818 4138 3082 4209 adiunxit,
3102 4155 3205 4211 qua
3224 4140 3525 4199 Maximiani

1942 4232 2342 4287 ordinationem
2372 4231 2588 4301 probari
2611 4232 2712 4287 sibi
2738 4232 3057 4287 testabatur.
3082 4231 3219 4288 Tum
3244 4232 3400 4301 hujus
3426 4234 3526 4289 im-

1942 4324 2206 4392 peratoris
2258 4323 2585 4399 sententiam
2631 4336 2751 4376 eum
2795 4323 3170 4392 episcoporum
3219 4323 3526 4379 testimonia

1942 4414 2265 4469 concordem
2298 4427 2530 4467 cernens
2556 4412 2887 4467 leestinus
2913 4455 2927 4477 ,
2977 4420 3126 4467 tanta
3165 4412 3412 4483 perfusus
3441 4426 3526 4470 est

1940 4508 2138 4578 gaudia
2162 4548 2175 4572 ,
2219 4514 2278 4559 ut
2305 4519 2490 4560 saeros
2526 4504 2650 4558 illas
2679 4513 2917 4575 augusta:
2944 4506 3158 4574 pietatis
3199 4507 3379 4577 apices
3405 4507 3525 4577 ipso

1942 4599 2108 4653 natali
2155 4597 2367 4651 Domini
2415 4596 2504 4650 die
2549 4610 2730 4650 coram
2786 4597 2949 4651 totius
2980 4598 3304 4653 Christianae
3348 4600 3524 4671 plebis

1942 4690 2358 4760 congregatione
2389 4687 2441 4741 in
2470 4688 2689 4742 basilica
2727 4688 2786 4742 S.
2818 4688 2961 4743 Petri
2994 4689 3097 4760 legi
3122 4690 3375 4758 voluerit,
3415 4706 3523 4763 quo

1943 4782 2133 4838 eadem
2163 4777 2317 4849 plebs
2347 4776 2549 4834 laetitiae
2575 4793 2685 4833 suae
2713 4780 2984 4849 particeps
3013 4779 3188 4848 ﬁeret,
3218 4796 3282 4837 ac
3306 4781 3521 4852 publica

1942 4887 2042 4941 pro
2079 4872 2195 4940 ipso
2233 4872 2562 4939 imperatore
2590 4878 2712 4924 vota
2744 4870 2857 4925 Deo
2887 4869 3141 4926 libentius
3192 4872 3523 4941 persolveret

1942 4962 2139 5034 (Epist.
2164 4962 2281 5031 25).

2020 5056 2107 5109 18.
2151 5054 2269 5125 Ipse
2316 5066 2532 5123 quoque
2577 5051 2930 5108 Maximianus
2980 5057 3032 5107 in
3081 5054 3244 5124 regite
3289 5054 3522 5109 civitatis

1941 5145 2126 5201 sedem
2160 5152 2487 5215 assumptus,
2536 5143 2729 5198 litteris
2771 5145 2879 5199 suis
2904 5142 3258 5201 leestinum
3284 5145 3353 5201 de
3378 5146 3522 5201 ordi-

1942 5240 2159 5293 natione
2187 5252 2283 5292 sua
2311 5238 2599 5292 certiorem
2625 5236 2752 5292 fecit
2775 5235 2966 5307 (Epist.
2995 5237 3087 5303 24,
3116 5255 3169 5291 n.
3198 5236 3274 5309 1).
3306 5237 3523 5295 Littera:

1942 5331 2049 5387 illae
2091 5345 2345 5386 sermone
2384 5329 2617 5400 simplici
2646 5329 2912 5383 sinceram
2946 5330 3142 5384 mentis
3172 5343 3235 5385 ac
3272 5328 3400 5385 ﬁdei
3428 5343 3521 5399 pu~

1946 5424 2159 5480 ritatem
2201 5423 2519 5493 prodebant.

2020 5514 2106 5570 19.
2149 5514 2401 5569 Socrates
2446 5514 2539 5569 lib.
2576 5530 2643 5569 vn
2693 5529 2813 5582 cap.
2861 5514 2933 5570 10
2981 5515 3223 5571 celebres
3267 5515 3519 5585 quasdam

1948 5617 2213 5665 memorat
2241 5608 2512 5663 leestini
2546 5609 2772 5675 litteras,
2800 5626 2946 5677 quas,
2977 5610 3169 5679 inquit,
3192 5604 3387 5681 Cyrillo
3411 5607 3500 5662 Aie

1945 5702 2205 5760 tonstrina
2224 5740 2239 5771 ,
2266 5701 2459 5758 Joanni
2496 5701 2814 5758 Antiocheno
2842 5713 2886 5756 et
2917 5701 3057 5775 Rufo
3082 5700 3515 5759 Thessalonicens'
