1991 3091
6 2893 178 3000 ρ,

197 132 256 177 sos

649 141 697 173 so
714 142 829 173 OPERA
848 138 1046 174 C(ELESTINI
1066 143 1077 172 ι
1094 143 1197 174 ριιιιιις
1214 130 1418 192 specum}.

1794 146 1854 178 364

202 203 299 242 (addit
310 201 436 232 Valesius
447 202 476 231 in
490 209 546 231 eant
563 207 620 229 rem
632 223 640 237 ,
664 198 736 237 quod
760 202 838 230 abeSt
850 203 867 230 ‘a
881 197 995 237 Graeco)
1009 194 1093 237 A38,
1120 200 1245 237 laudata,
1262 211 1356 232 verum
1371 204 1481 233 etiam”:
1494 205 1686 235 decessor-ibus
1700 206 1759 235 suis
1774 206 1854 236 Julio

202 252 318 284 miserat,
333 254 427 278 docens
441 249 508 277 nihil
523 248 622 276 obstare
636 249 774 284 quominus
788 249 810 276 is
825 249 871 284 qui
884 248 998 285 alicujus

203 298 328 325 Ecclesia
350 298 497 325 aestimatus
508 297 540 323 sit
553 300 599 323 aut
612 304 640 323 re
651 298 710 330 ipsa
727 296 819 323 existat
841 297 976 332 episcopus
988 316 997 328 ,

201 345 237 371 ad
257 344 338 371 etiam
358 342 500 370 Ecclesium
521 343 702 376 transferatur.
727 342 830 371 Verum
854 343 906 371 hac
925 343 952 371 in
968 343 999 371 r‘e

202 391 280 419 nobis
296 388 374 418 valde
388 394 513 425 suspecta
527 395 568 417 est
583 390 705 418 Socratis
726 390 855 418 narratio.

236 437 284 465 20.
303 435 406 464 Ductus
421 436 530 472 quidem
542 435 731 464 Tillemontius
744 457 752 470 ,
775 441 843 464 tom.
859 429 919 464 XIV
936 443 997 471 pag.

206 485 258 513 149
270 485 300 513 et
315 482 366 513 ΙὸῸ
376 505 384 519 ,
401 484 435 512 de
447 483 598 512 litterarum
614 485 719 512 illarum
733 484 848 512 veritate
868 482 935 511 nihil
949 483 1000 510 du-

203 530 293 558 bitans
306 551 313 563 ,
328 534 375 558 eas
391 535 448 558 tum
465 530 534 558 lbrtc
557 530 671 565 scriptas
685 530 831 564 apinatur,
855 537 915 557 eutn
939 527 999 564 post

203 577 296 606 Sisinli
311 579 426 605 mortem
437 577 464 605 in
477 578 564 605 locum
576 577 634 612 ejus
649 578 811 604 constitutus
822 579 893 604 eSset
903 575 999 603 Nesto-

202 624 271 657 rius,
290 631 322 651 ac
341 623 429 656 multi,
448 624 493 658 qui
513 627 673 658 cooptarant
693 622 817 650 Proetum
829 642 837 654 ,
861 621 997 657 repulsam

203 670 274 705 passi
288 669 390 697 eesent.
412 665 468 697 Sed
490 668 514 697 si
528 677 560 697 ea
575 669 718 697 Occasione
730 691 737 702 ,
759 669 811 695 hoc
825 672 867 695 est
879 668 913 695 ab
927 676 999 696 anno

203 715 257 746 49.8
272 715 415 752 epistolam
428 715 585 751 huiusmodi
599 716 753 752 scripsisset
766 715 931 744 leestinus
941 736 948 749 ,
972 713 1000 744 et

203 757 381 799 qumstinnem
396 762 430 790 dc
444 761 580 797 episcopis
593 763 640 790 'uni
654 761 785 790 Ecclesiae
800 762 949 796 ordinatis,
964 769 999 790 an

203 810 299 839 liceret
310 817 358 836 eos
372 809 427 836 alio
440 810 597 842 transferre,
614 813 677 837 tunc
687 808 849 843 decidisset;
867 809 932 836 nihil
943 808 999 843 jam

206 856 306 884 fuisse!
321 862 370 884 cur
382 850 506 888 Proclus,
521 860 593 883 anno
608 852 657 884 151
674 854 799 884 Nestorio
812 850 930 891 dejecto,
943 857 1001 891 plu-

1049 249 1060 276 l
1074 249 1154 284 epist.
1172 250 1203 282 l,
1218 258 1246 279 n.
1264 250 1295 284 5,
1312 245 1429 279 Damaso
1448 245 1527 286 epist.
1542 245 1572 286 Β,
1587 260 1615 279 n.
1633 252 1662 286 ι,
1676 257 1704 280 et
1724 254 1807 289 epist.
1823 255 1850 289 6,

1050 304 1077 324 n.
1091 291 1118 329 3,
1132 295 1234 325 εῖι-ἱοίο
1248 298 1329 333 epist.
1344 292 1390 332 l0,
1405 306 1432 326 n.
1447 292 1490 326 l6.
1505 293 1600 334 Neque
1613 300 1636 327 is
1649 306 1707 328 erat
1719 306 1758 335 ut,
1776 302 1852 330 istud

1049 336 1163 377 callens,
1179 340 1251 371 aliud
1264 344 1309 372 vel
1325 345 1486 380 prteciperet
1499 346 1542 373 vel
1559 347 1741 379 permitteret.
1877 338 1884 373 ἓ

1084 389 1132 417 25.
1146 389 1205 417 Non
1220 391 1372 425 respuenda
1388 396 1477 419 tamen
1491 399 1601 427 prorsus
1610 389 1733 420 Socratis
1747 401 1851 421 narra-

1050 435 1098 462 tio.
1114 433 1207 471 Neque
1227 435 1401 464 iuticiandum
1422 437 1578 465 Theodosio
1593 438 1710 466 exhiberi
1724 440 1852 472 potuisse

1050 479 1191 509 leestini
1214 481 1329 514 litteras.
1344 483 1443 517 quibus
1462 484 1607 518 quominus
1623 484 1731 512 Proetus
1751 485 1785 512 ad
1801 493 1849 514 se-

1051 526 1111 554 dem
1129 534 1314 556 assumeretur
1330 528 1536 565 Constantinop.
1556 529 1698 563 Ecclesia,
1714 531 1782 559 nihil
1798 532 1853 559 ob.

1050 579 1123 601 stare
1138 575 1309 616 probaretur.
1330 575 1476 610 Pcrigenes
1496 575 1671 604 Patrensibus
1689 576 1754 604 olim
1774 578 1854 605 ordi-

1051 624 1140 653 natus,
1155 620 1203 647 sed
1229 615 1313 648 abiis
1333 621 1467 655 rejeetus,
1483 622 1654 656 postmodum
1669 630 1684 649 a
1699 622 1856 652 Corinthiis

1051 666 1077 692 in
1091 666 1248 701 episcopum
1262 671 1414 702 cooptatus,
1431 668 1586 702 apostolicae
1600 668 1675 696 sedis
1687 670 1856 699 auctoritate

1051 719 1198 739 concessus
1220 711 1253 739 iis
1268 712 1365 740 fuerat.
1392 713 1497 741 Exinde
1510 713 1650 750 Perigenis
1672 722 1797 750 causam.
1824 721 1857 745 It

1050 758 1208 793 apostolica:
1223 756 1296 786 sedis
1309 759 1413 793 judicio
1430 759 1543 793 ﬁnitam,
1565 759 1707 788 Castestini
1720 761 1856 791 decessor

1052 803 1206 832 Bonifacius
1224 812 1240 832 s
1260 805 1335 833 nullo
1356 806 1501 834 instaurari
1516 811 1563 834 aut
1586 809 1727 836 retractari
1747 809 1854 843 permi-

1052 851 1096 879 sit.
1111 846 1171 886 lpse
1192 850 1357 880 Ctelestinus
1373 854 1480 881 tertiam
1504 861 1538 881 ex
1552 854 1675 889 epistolis
1696 855 1753 882 suis
1775 855 1857 883 Peri-

206 902 282 931 ribus
294 903 317 930 ei
332 909 442 930 rursum
456 899 675 938 suffragantibus,
692 904 717 931 in
729 904 798 931 solio
808 902 999 932 Constantino-

1058 898 1113 933 ;eni
1128 898 1288 926 nominatim
1304 904 1332 926 ut
1345 899 1416 926 inter
1432 900 1574 934 primarios
1590 900 1689 936 Illyrici
1709 902 1858 938 episcopos

204 949 332 984 politame
348 947 478 976 Ecclesia:
492 956 545 975 non
561 948 742 977 sufﬁceretur.
757 948 907 983 Quominus
928 950 1001 977 enim

204 993 302 1021 horum
319 1001 333 1020 a
350 993 446 1028 quibus
460 989 656 1028 postulabatur,
673 996 843 1029 prmvaluerit
856 996 1001 1030 sententia,

205 1039 233 1067 id
249 1048 332 1067 unum
348 1040 486 1068 obstitis~e
500 1041 626 1069 SOt‘rates
639 1045 770 1074 testatur,
786 1041 858 1076 quod
874 1038 1002 1070 electioni

206 1087 265 1121 ejus
281 1087 499 1114 intercessissent
513 1088 646 1120 nonnulli,
661 1088 834 1115 ecclesiastico
849 1096 946 1115 canone
960 1096 1003 1116 νε-

205 1132 280 1160 titum
291 1141 345 1159 esse
355 1133 479 1165 dicentes,
487 1142 517 1160 ne
525 1134 547 1161 is
558 1134 603 1170 qui
611 1134 724 1169 alicujus
732 1135 841 1161 civitatis
852 1135 1002 1170 designatus

206 1179 284 1215 fuerit
298 1179 443 1214 episcopus,
459 1180 494 1206 ad
509 1182 587 1207 aliam
602 1181 729 1208 ciuitatem
744 1183 928 1216 transferatur.

242 1225 288 1253 2i.
311 1226 344 1253 Et
358 1233 422 1254 vero
438 1226 565 1254 Socrates
577 1227 717 1255 Cwlestiui
735 1229 847 1261 litteras,
864 1229 961 1263 quibus
975 1228 1002 1257 id

207 1271 400 1305 decidebatur,
416 1277 477 1308 post
491 1267 644 1300 Maximiani
661 1274 857 1302 ordinationem
874 1275 1002 1309 scriptas,

206 1325 281 1347 certe
297 1323 358 1354 post
372 1320 492 1355 episcopi
509 1319 590 1355 hujus
604 1324 720 1347 mortem
737 1321 854 1356 primum
868 1321 1003 1349 exhibitas

205 1365 293 1393 fuisse
308 1365 398 1394 docet.
416 1365 468 1393 Ubi
482 1365 553 1393 enim
568 1366 777 1399 Maximianum,
792 1374 854 1394 cum
868 1375 916 1403 per
928 1367 1004 1395 bien-

206 1411 282 1440 nium
298 1419 330 1439 ac
348 1419 457 1439 menses
477 1412 597 1447 quinque
614 1412 761 1440 Ecclesiam
787 1420 865 1440 suam
884 1414 1003 1441 admini-

206 1464 331 1492 strasset,
348 1458 403 1485 lato
426 1459 547 1486 functum
562 1467 623 1487 esse
646 1460 780 1493 narravit,
801 1465 880 1493 tunc,
904 1460 1002 1495 inquit,

207 1505 376 1532 Theodosius
394 1505 542 1540 imperator
560 1505 653 1540 absque
666 1506 722 1533 ulla
736 1506 917 1538 cunctatione,
939 1514 1004 1533 non-

207 1552 270 1579 dum
281 1552 398 1586 deposito
409 1551 566 1580 Maximiani
577 1561 693 1589 corpore,
703 1553 831 1589 episcopis
841 1553 884 1588 qui
895 1553 1003 1580 aderant

1052 944 1141 971 locum
1157 945 1260 972 tenenti
1278 945 1425 980 inscripsit.
1441 946 1509 973 Cum
1532 946 1614 981 igitur
1636 947 1670 975 de
1685 947 1773 977 Procli
1792 948 1858 977 eie-

1051 992 1142 1019 ctione
1161 993 1298 1026 ageretur,
1322 999 1357 1020 ne
1370 992 1415 1020 cui
1431 992 1547 1021 hatreret
1566 993 1603 1020 ob
1617 1002 1748 1023 canonem
1764 1004 1858 1030 quon-

1052 1038 1114 1066 dam
1128 1039 1153 1066 ei
1176 1039 1312 1074 objectum
1333 1040 1487 1073 scrupulus.
1504 1045 1659 1075 opportune
1682 1042 1707 1068 in
1728 1042 1854 1070 medium

1053 1084 1169 1119 proferri
1184 1086 1270 1118 potuit
1283 1085 1405 1120 epistolzu
1421 1085 1500 1120 hujus
1513 1088 1721 1121 exemplum,“
1736 1096 1791 1123 quo
1805 1096 1859 1117 ex-

1053 1131 1187 1166 ploratutn
1200 1136 1284 1164 esset,
1303 1132 1427 1160 PrOclum
1442 1132 1475 1159 ad
1498 1133 1626 1160 Ecclesia:
1641 1134 1856 1169 Constantinop.

1053 1177 1238 1212 episcopatum
1255 1178 1338 1205 licere
1349 1178 1503 1211 transferri,
1515 1186 1577 1206 cum
1588 1179 1762 1212 leestinus,
1774 1180 1858 1215 cujus

1053 1222 1172 1250 decretis
1186 1222 1321 1257 Epltesiua
1336 1224 1457 1259 synodus
1473 1229 1575 1251 tatttunt
1596 1226 1759 1253 reverentiae
1774 1225 1858 1254 detu-

1055 1268 1132 1300 lerat,
1147 1268 1301 1304 huiusmodi
1317 1271 1521 1298 translationem
1538 1271 1680 1299 manifcste
1698 1273 1854 1307 approbas-

1055 1318 1107 1343 set.
1121 1315 1199 1349 Quod
1213 1316 1321 1350 quidem
1337 1323 1370 1344 ex
1385 1316 1500 1344 aliorum
1520 1318 1653 1345 relatione
1671 1318 1788 1346 audiens
1808 1319 1861 1347 So-

1054 1368 1153 1395 crates,
1170 1367 1197 1389 et
1224 1362 1293 1390 facta
1315 1363 1426 1390 omnino
1450 1364 1569 1397 diversa,
1593 1372 1645 1392 non
1666 1365 1774 1393 insueto
1801 1367 1861 1395 sibi

1055 1416 1143 1441 more,
1156 1409 1326 1444 conjungens
1340 1414 1422 1445 atque
1436 1410 1621 1445 confundens,
1637 1411 1662 1438 id
1673 1411 1861 1441 Calestinum

1054 1455 1083 1483 in
1105 1455 1258 1483 celebribus
1280 1456 1335 1484 illis
1358 1457 1457 1484 litteris
1469 1456 1585 1491 (Catus.
1611 1458 1687 1493 epist.
1710 1458 1767 1495 l2).
1787 1467 1863 1494 quius

1055 1501 1202 1528 etiamnum
1210 1501 1352 1535 habemus,
1362 1507 1390 1530 et
1401 1503 1427 1529 in
1438 1503 1537 1538 quibus
1548 1503 1613 1531 nihil
1624 1505 1712 1532 simile
1726 1504 1858 1539 legimus,

1055 1547 1090 1575 ad
1101 1547 1242 1583 Cyrillum,
1254 1548 1387 1576 Joannem
1403 1553 1431 1578 et
1445 1549 1544 1576 Rufum
1559 1550 1651 1577 missis
1663 1549 1785 1578 docuisse
1800 1551 1861 1579 sibi

207 1582 338 1626 mandaui:
357 1601 385 1625 αι
406 1596 531 1627 Proetum
546 1599 573 1626 in
586 1582 728 1635 episcopali
745 1582 811 1627 galia
826 1582 983 1627 οδιιοειιγεηι
994 1608 1004 1633 ς
1017 1582 1041 1618 C
1057 1582 1204 1629 persuasit.
1220 1595 1247 1622 ld
1262 1603 1326 1623 vero
1346 1596 1373 1623 in
1388 1597 1508 1624 animum
1524 1604 1601 1624 suum
1617 1605 1651 1624 eo
1671 1597 1775 1625 induxit
1789 1598 1862 1626 faei-

207 1644 237 1672 id
252 1647 321 1672 enim
334 1644 463 1673 Calestini
475 1655 577 1682 quoque
589 1647 701 1681 epismpi
717 1646 829 1674 Romani
842 1646 935 1673 littera:
947 1650 1007 1673 tunc

209 1690 330 1719 exhibita:
342 1691 545 1725 conﬁrmabant,
562 1701 625 1727 quas
640 1693 685 1720 ille
697 1692 794 1720 Joanni
808 1691 968 1720 Antiocltcno
983 1697 1007 1720 et

210 1736 281 1769 Rufo
289 1736 513 1764 Tltessalonicensi
522 1738 640 1771 miserat,
647 1739 739 1766 docens
748 1739 815 1766 nihil
823 1739 932 1772 obstare,
940 1743 1006 1773 etc.,

210 1788 240 1811 ut
251 1789 342 1816 supra.
354 1782 408 1810 Sed
420 1789 505 1818 neque
517 1782 589 1810 istud
599 1791 659 1811 cum
672 1784 799 1812 historica
810 1785 922 1812 veritate
933 1792 1008 1813 com-

211 1829 275 1863 poni
289 1827 370 1856 facile
384 1833 482 1863 potest.
497 1828 536 1856 Eo
546 1829 647 1865 quippe
658 1837 729 1857 anno
741 1830 786 1865 qui
798 1830 952 1858 Maximiani
963 1837 1009 1857 or-

212 1874 379 1903 dinationem
394 1876 512 1910 excepit,
527 1874 596 1903 obiit
609 1875 781 1909 leeslinus,
796 1881 823 1903 et
834 1882 914 1904 antea
926 1876 1007 1904 Joan-

211 1929 262 1949 nes
273 1921 455 1951 Autiocltenus
465 1922 609 1959 Ephesium
617 1923 714 1959 synodi
727 1924 859 1951 sententia
868 1923 1008 1950 submotus

211 1969 246 1996 ab
255 1967 387 1997 Ecclesia:
397 1970 597 2003 contmunionc,
610 1970 644 1997 ad
655 1970 758 1997 obitum
771 1976 855 2003 usque
867 1968 1007 1996 leestini

212 2015 246 2042 ab
259 2022 292 2042 ea
306 2021 465 2051 segregatus
480 2016 638 2050 permansit.
664 2015 742 2043 llunc
757 2019 847 2042 autem
863 2021 958 2049 papam
972 2015 1006 2042 ad

212 2061 371 2096 episcopum
383 2080 392 2093 ,
409 2061 504 2097 synodi
518 2061 654 2088 sententia
668 2068 749 2095 quant
766 2060 823 2094 ipse
835 2060 1008 2088 conﬁrmarat

212 2111 382 2142 segregatum
395 2126 404 2139 ,
431 2106 533 2134 litteras
548 2108 622 2141 pacis
636 2111 664 2135 et
677 2107 877 2135 communionis
902 2107 1008 2136 indices

213 2152 322 2180 dedisse
336 2152 398 2188 quis
413 2152 463 2180 sibi
479 2152 663 2187 persuadeat?

245 2198 292 2227 22.
317 2198 396 2227 Ultro
415 2199 525 2235 largiar,
546 2200 598 2227 hoc
616 2194 796 2227 lecstinum
810 2199 932 2228 scribere
951 2203 1007 2228 tum

212 2246 345 2281 potuisse,
367 2246 435 2273 nihil
450 2246 554 2274 scilicet
567 2251 660 2274 vetare
673 2246 817 2282 qu0minus
832 2246 945 2274 Proclus
956 2247 1009 2283 Cy-

212 2295 313 2323 sicenis
334 2294 488 2327 ordinatus,
510 2294 558 2323 sed
572 2294 607 2322 ab
625 2295 667 2322 his
691 2302 836 2329 numquam
860 2293 1008 2328 admissus,

213 2340 345 2369 Ecclesia:
367 2339 676 2376 Constantinopolitante
704 2340 897 2375 praeﬁceretur.
922 2339 956 2368 At
981 2341 1008 2369 in

212 2388 332 2415 animum
358 2394 508 2422 numquam
530 2387 656 2415 inducam
682 2394 792 2421 meum,
818 2391 846 2414 ut
869 2387 1009 2415 Romanus

212 2434 348 2468 pontifex,
370 2433 447 2469 cujus
461 2433 561 2469 scripta
580 2441 713 2461 summum
733 2439 910 2468 paternorum
923 2437 1010 2462 statu—

213 2484 303 2508 torum
318 2481 480 2507 intemerate
494 2480 689 2508 servandorum
706 2480 826 2508 studium
840 2481 941 2515 ubique
955 2481 1009 2515 spi-

214 2530 285 2561 rant,
300 2530 399 2560 prmter
410 2526 582 2561 disciplinam
593 2534 608 2554 a
619 2526 811 2555 decessoribus
821 2526 877 2554 suis
888 2527 1009 2555 studiose

214 2570 441 2605 commendatam,
456 2576 484 2599 et
496 2579 510 2599 ιι
527 2573 732 2600 successoribus
746 2580 794 2607 per
813 2573 896 2600 multa
911 2573 1008 2600 szecula

213 2621 372 2644 constanter
394 2617 575 2650 custoditam,
598 2617 670 2645 nulla
701 2618 825 2652 exigente
847 2618 1009 2647 necessitate

213 2662 364 2698 scripserit.
380 2667 410 2691 ut
422 2670 477 2691 non
488 2663 576 2691 solum
586 2663 609 2691 ir
623 2664 668 2699 qui
681 2664 828 2691 nominatus
838 2664 872 2691 sit
887 2663 950 2697 (nec
960 2664 1008 2692 ad-

212 2709 342 2744 missus),
359 2710 405 2737 sed
419 2710 497 2737 etiam
512 2710 557 2743 qui
572 2718 600 2737 re
612 2710 668 2746 ipsa
680 2711 783 2738 'existat
798 2710 949 2746 episcopus,
973 2711 1009 2738 ad

213 2754 292 2781 aliam
311 2753 458 2782 Ecclesium
474 2757 659 2791 transferatur.
682 2757 740 2784 Non
760 2757 901 2792 ignorabat
920 2756 1010 2786 Cele-

213 2800 300 2828 stinus
314 2801 366 2829 hoc
377 2806 545 2836 postremum
558 2802 697 2837 conceptis
709 2804 799 2831 verbis
811 2803 923 2831 vetitum
934 2811 1008 2838 esse,

213 2855 267 2875 non
284 2849 364 2876 tnodo
377 2857 392 2876 τι
407 2849 514 2877 Nicmna
528 2850 632 2884 synodo
646 2859 707 2879 ean.
721 2850 765 2883 l6,
779 2850 935 2878 Sardiccnsi
945 2859 1007 2879 can.

286 2893 317 2926 ’κ
332 2893 458 2927 Capuana
481 2896 508 2922 in
532 2896 648 2923 concilio
668 2896 930 2931 Carthaginensitu,
943 2904 1006 2925 can.

1059 1642 1122 1675 lius,
1138 1650 1191 1677 quo
1209 1648 1406 1677 prteconcepttc
1421 1644 1447 1671 in
1461 1645 1579 1677 gratiam
1592 1644 1781 1672 translationis
1800 1646 1859 1680 epi-

1059 1695 1203 1722 scoporum
1215 1688 1352 1723 opinioni,
1365 1696 1446 1724 quam
1459 1689 1520 1717 data
1535 1697 1619 1725 opera
1633 1690 1682 1717 lib.
1694 1698 1731 1718 vn
1745 1698 1807 1726 cap.
1821 1691 1862 1719 56

1061 1738 1160 1766 tuetur,
1176 1735 1261 1769 magis
1276 1734 1389 1762 faveret.

1094 1783 1140 1809 24.
1158 1783 1252 1817 Majori
1270 1783 1322 1810 ﬁde
1335 1782 1432 1817 dignus
1443 1782 1550 1810 videtur
1564 1783 1633 1812 idem
1650 1783 1767 1817 scriptor
1781 1784 1808 1811 in
1823 1791 1862 1812 eo

1059 1829 1129 1864 quod
1146 1829 1191 1855 lib.
1214 1837 1249 1856 vtt
1264 1836 1287 1856 e.
1305 1829 1338 1857 10
1352 1828 1453 1856 tradit:
1477 1828 1629 1856 Calatinus
1647 1836 1748 1865 quoque
1763 1829 1862 1857 Non.

1059 1875 1139 1901 tionis
1161 1875 1280 1902 ecclesias
1295 1883 1359 1911 quas
1379 1874 1469 1902 Romw
1486 1874 1613 1902 habebant
1627 1875 1737 1906 ademit,
1754 1880 1780 1903 et
1799 1875 1862 1904 Rat

1058 1919 1181 1946 sticulum
1195 1928 1286 1947 eorum
1295 1920 1445 1955 episcopum
1455 1921 1522 1947 clam
1535 1922 1561 1947 in
1572 1921 1678 1956 priuatis
1689 1921 1788 1948 sedibus
1798 1921 1859 1955 ple-

1060 1964 1114 1993 bam
1127 1965 1249 2000 colligere
1263 1965 1399 2000 compulit.
1412 1966 1517 1999 Quibus
1528 1970 1557 1994 et
1572 1966 1623 1993 hoe
1638 1965 1713 1993 addit
1726 1974 1732 1992 :
1751 1966 1859 1994 Etenim

1059 2017 1082 2040 et
1095 2013 1130 2039 ad
1147 2012 1174 2039 id
1194 2020 1273 2047 usque
1294 2013 1416 2048 temporis
1438 2012 1583 2040 Nooatiani
1603 2013 1693 2041 Roma
1715 2013 1859 2048 plurimum

1059 2060 1211 2094 ﬂoruerant,
1237 2067 1296 2086 cum
1320 2060 1413 2087 multas
1439 2060 1473 2086 ibi
1493 2059 1614 2087 ecclesias
1634 2059 1810 2096 possiderent,
1831 2064 1858 2087 et

1059 2106 1198 2133 maximam
1212 2105 1301 2142 populi
1318 2107 1509 2133 multitudinem
1521 2106 1548 2133 in
1562 2106 1600 2133 eis
1614 2105 1776 2142 colligerent.
1791 2105 1853 2134 tam

1059 2156 1139 2180 antea
1153 2156 1252 2186 tamen,
1267 2153 1325 2187 ipso
1336 2152 1448 2180 Socrate
1463 2152 1527 2181 ibid.
1544 2160 1570 2181 e.
1584 2152 1602 2180 9
1616 2157 1698 2186 tests,
1717 2152 1857 2181 Innocen-

1060 2198 1113 2226 tius
1139 2198 1248 2226 eosdem
1277 2198 1420 2236 haereticos
1447 2199 1573 2233 persequi
1600 2203 1734 2234 ceperat,
1760 2198 1859 2234 eisque

1061 2244 1159 2272 nullas
1176 2244 1306 2272 ecclesias
1319 2245 1467 2280 eripuerat.

1222 2290 1237 2327 §
1251 2291 1283 2320 ll.
1299 2291 1408 2319 Decreta
1423 2290 1558 2319 Calatino
1570 2291 1695 2324 ascripta.

1096 2337 1142 2365 25.
1156 2337 1184 2365 ln
1202 2337 1271 2365 libro
1282 2336 1431 2372 pontiﬁcali
1446 2335 1610 2365 Calestinus
1624 2336 1798 2365 constituisse
1811 2337 1856 2365 di-

1061 2384 1187 2418 citur,.ut
1202 2384 1295 2419 psalmi
1309 2383 1393 2411 Dauid
1414 2391 1448 2411 ut.
1461 2389 1521 2411 ante
1538 2384 1694 2418 sacriﬁcium
1713 2383 1858 2418 psallerent:-

1062 2436 1113 2464 tur,
1130 2430 1200 2466 quod
1212 2434 1288 2457 antea
1299 2438 1350 2457 non
1360 2430 1455 2465 ﬁebat,‘
1466 2430 1511 2457 sed
1523 2435 1622 2458 tantum
1636 2429 1764 2465 Epistula
1775 2429 1857 2458 Pauli

1060 2480 1085 2504 et
1099 2481 1218 2504 sanctum
1236 2476 1414 2512 Evongelium.
1433 2476 1533 2505 Verum
1552 2476 1700 2503 etiamnum
1722 2476 1856 2504 habemus

1060 2524 1188 2553 homilias
1199 2528 1226 2552 et
1236 2524 1383 2551 conciones
1392 2523 1493 2558 quibus
1505 2523 1599 2551 Patres
1613 2523 1694 2551 etiam
1708 2522 1856 2551 molestiae

1059 2570 1227 2605 antiquiores
1242 2570 1361 2605 psalmos
1376 2570 1497 2604 aliasque
1508 2568 1543 2596 ab
1553 2569 1708 2604 Evangeliis
1718 2574 1764 2596 aut
1777 2568 1853 2596 Pauli

1061 2617 1192 2653 Epistolis
1204 2617 1361 2652 Scripturas
1374 2616 1522 2651 explicant,
1534 2623 1595 2651 quae
1609 2615 1729 2659 populis.
1745 2615 1809 2643 dum
1819 2615 1853 2643 ad

1060 2664 1221 2692 sacriﬁcium
1235 2663 1429 2692 celebrandum
1445 2663 1643 2695 convenirent,
1657 2662 1778 2691 recitata
1796 2662 1854 2691 foes

1060 2715 1132 2739 rant.

1095 2757 1141 2785 26.
1153 2756 1274 2790 Quatuor
1292 2756 1346 2783 alia
1360 2755 1471 2783 decreta
1490 2755 1518 2784 in
1539 2754 1705 2783 editionibus
1723 2755 1851 2783 conciliu-

1060 2810 1121 2830 rum
1141 2810 1155 2830 τι
1171 2802 1289 2830 Crat-bio
1309 2808 1341 2829 ac
1363 2802 1490 2836 deinceps
1511 2802 1617 2837 vulgata
1639 2806 1703 2828 sunt
1725 2801 1797 2829 relnt
1820 2808 1851 2828 ex

1060 2848 1190 2877 Gratiano
1212 2853 1351 2884 excerpta.
1366 2849 1486 2877 Primum
1509 2856 1542 2877 es
1557 2848 1611 2876 illis
1624 2848 1662 2876 ita
1682 2855 1849 2882 expressum,

1062 2896 1162 2925 Nullus
1177 2898 1285 2932 primas,
1297 2895 1386 2925 nullus
1400 2897 1628 2932 metropolitanus,
1644 2896 1779 2931 nullusque
1789 2894 1847 2922 reli-
