3982 6182
276 242 391 300 565

722 228 1115 298 ANTONINUS
1153 218 1575 299 llONORATUS
1612 218 1829 298 imSc.
1870 228 2505 301 consraNrmensrs
2539 236 3086 301 PROLEGOMENA.‘

3468 240 3574 299 566

275 378 504 433 alterum
554 363 930 433 episcoporum,
974 361 1190 416 alterius
1238 361 1389 416 adeat
1430 360 1707 427 ciuitatem,
1738 369 1871 429 etc.,
1899 363 1949 423 Α
1976 347 2243 433 presbyter
2285 357 2604 425 duodenm;
2652 364 2703 414 et
2728 355 3044 428 deponatur,
3072 354 3124 413 si
3165 360 3336 411 tamen
3365 372 3421 413 tn
3449 373 3573 411 con-

275 465 505 512 notatur
545 462 609 510 ut
654 470 685 510 a
729 454 990 510 Gratiano
1019 453 1075 518 9,
1124 462 1315 523 quaest.
1346 450 1402 519 2,
1432 467 1482 508 c.
1513 453 1567 521 3,
1600 453 1874 509 leestini

208 546 211 551 ’
276 550 507 606 nomine
556 548 846 619 prolatum.
893 546 1000 604 Sed
1042 547 1358 611 Grabbium,
1410 546 1589 616 aliqua
1634 544 1876 603 Gratiani

276 644 423 700 falsa
454 643 693 699 editione
718 641 1029 711 deceptum,
1061 648 1267 695 temere
1305 641 1477 695 secuti
1523 647 1649 695 sunt
1693 640 1875 695 caeteri

275 736 640 792 conciliorum
683 733 943 789 editores.
975 732 1132 802 Apud
1175 734 1347 802 ipsum
1388 732 1531 788 enim
1563 732 1874 787 Gratianum

274 833 407 887 loco
434 830 619 895 citato,
654 836 711 882 ut
746 826 887 895 apud
917 824 1138 883 lvonem
1166 835 1307 893 part.
1343 842 1371 876 ν
1402 839 1451 877 e.
1498 825 1621 887 102,
1655 835 1710 880 et
1746 825 1878 880 Bur-

270 921 547 978 Chardnm
578 920 674 975 lib.
700 934 724 974 ι
750 933 871 990 cap.
896 915 990 983 66,
1040 918 1286 986 aliosque
1327 928 1591 972 canonum
1620 918 1878 986 compila-

269 1023 456 1079 tores,
503 1027 613 1067 non
658 1011 952 1067 ascribitur
996 1010 1329 1077 Caelestino,
1386 1009 1481 1064 sed
1512 1008 1767 1077 Callisto,
1815 1011 1870 1065 in

269 1106 443 1175 cuius
474 1104 702 1175 cpistola
740 1102 807 1171 2,
847 1103 916 1159 ab
959 1102 1168 1158 Isidoro
1198 1100 1495 1159 Mercatore
1518 1102 1750 1159 conﬁcta
1792 1110 1874 1157 to-

270 1210 397 1254 tum
431 1199 605 1269 r'eipsa
630 1198 849 1269 legitur.

344 1291 445 1345 27.
478 1290 726 1345 Alterum
772 1302 840 1344 ex
878 1286 1139 1345 Gratiano
1170 1287 1263 1351 '50,
1290 1294 1481 1355 qumst.
1516 1287 1541 1343 1
1577 1300 1697 1357 cap.
1724 1288 1758 1343 9
1797 1286 1870 1344 ita

268 1382 514 1438 refertur
545 1400 560 1437 :
592 1380 655 1437 Si
680 1381 796 1453 quis
828 1378 1069 1435 sacerdos
1105 1393 1219 1432 cum
1244 1378 1360 1447 ﬁlia
1384 1376 1613 1448 spiritali
1643 1380 1872 1450 fornica-

264 1486 355 1530 tus
386 1478 545 1547 fuerit
574 1477 704 1531 sciat
726 1490 779 1529 se
807 1490 957 1545 grave
977 1472 1285 1527 adulterium
1307 1472 1637 1526 rommisisse.
1667 1472 1869 1528 Idcirco

260 1572 498 1637 femina,
552 1571 596 1625 si
625 1570 759 1624 laica
788 1576 885 1635 est,
918 1568 1093 1621 omnia
1138 1566 1494 1635 derelinquat,
1526 1575 1575 1620 et
1619 1581 1701 1619 res
1748 1582 1870 1621 suas

256 1661 596 1731 pauperibus
628 1659 817 1724 tradat,
852 1666 898 1713 et
928 1673 1166 1712 conversa
1212 1658 1264 1710 in
1297 1657 1604 1709 monasterio
1648 1656 1754 1710 Deo
1780 1674 1866 1711 us-

1974 455 2243 510 scientiam
2272 453 2454 523 populi
2478 451 2759 507 devenerit.

2045 547 2137 603 29.
2168 546 2245 602 De
2272 544 2487 603 duobus
2517 544 2627 600 illis
2652 543 2886 600 decretis
2914 542 3021 600 hoe
3050 556 3163 598 non
3189 542 3571 613 ambigendum

1973 638 2190 697 videtur
2218 652 2281 694 ea
2311 637 2475 694 simul
2514 645 2573 695 et
2599 636 2669 694 ab
2692 636 2883 693 eodem
2926 644 3153 705 parente
3200 636 3372 692 fuisse
3401 635 3568 690 edita.

1976 736 2164 809 Neque
2189 736 2322 792 illud
2350 734 2418 791 iis
2454 733 2547 806 qui
2586 732 2819 805 aliquam
2854 730 3243 789 ecclesiasticae
3268 729 3571 800 disciplina:

1978 829 2225 884 notitiam
2248 834 2625 898 perceperunt,
2658 825 2839 881 minus
2858 832 2945 882 est
2971 824 3343 895 perspicuum,
3376 822 3568 889 hujus-

1974 920 2122 976 modi
2174 919 2394 977 decreta
2444 918 2501 975 in
2548 917 2830 977 Calestini
2873 917 3047 975 nostri
3081 922 3298 972 aetatem
3345 916 3568 970 minime

1976 1014 2288 1067 convenire.
2319 1009 2456 1066 Tum
2482 1024 2511 1064 a
2550 1010 2723 1081 gradu
2761 1021 2862 1066 suo
2896 1006 3292 1079 dejiciebantur
3320 1005 3568 1077 episcopi

1975 1104 2063 1161 vel
2086 1103 2392 1176 presbyteri
2418 1103 2591 1174 lapsi:
2626 1100 2726 1160 sed
2762 1100 2974 1173 publica
3002 1102 3084 1157 eis
3106 1099 3424 1171 pmnitentia
3459 1114 3567 1159 non

1971 1196 2354 1269 imponebatur
2376 1206 2527 1253 certo
2552 1210 2814 1252 annorum
2847 1209 3076 1251 numero
3101 1194 3388 1265 exigenda.
3414 1192 3563 1249 Lon-

1969 1302 2040 1358 ge
2084 1288 2260 1343 minus
2286 1298 2411 1343 tunc
2456 1286 2763 1344 obtinuerat
2801 1300 2933 1342 usus
2980 1295 3039 1341 ut
3082 1288 3201 1341 haec
3243 1282 3563 1355 poenitentia

1970 1383 2352 1455 peregrinando
2380 1382 2802 1452 persolveretur.
2832 1379 3001 1436 Multo
3033 1387 3213 1435 autem
3237 1377 3409 1447 magis
3437 1377 3562 1433 Co:-

1973 1477 2154 1532 lcstini
2210 1475 2279 1532 ιιι
2330 1490 2495 1547 quam
2523 1471 2857 1532 leestiuil
2900 1487 3025 1530 aevo
3068 1473 3409 1530 consuetudo
3454 1473 3561 1528 ista

1973 1570 2245 1637 congruit.
2896 1636 2905 1641 _
2960 1636 3007 1644 η
3182 1638 3201 1644 τ
3352 1638 3359 1641 _

2040 1661 2129 1716 50.
2164 1662 2525 1727 Postremum,
2552 1674 2661 1731 quo
2686 1657 2792 1715 viri
2826 1659 2917 1729 qui
2963 1657 3145 1715 binam
3177 1658 3395 1714 duxerit
3423 1672 3558 1713 uxo-

256 1774 374 1827 que
419 1758 486 1810 ad
527 1764 740 1810 mortem
777 1756 976 1811 serviat.
1028 1750 1290 1813 Sacri-dos
1338 1767 1505 1809 autem
1549 1758 1636 1819 qui
1674 1756 1865 1811 malum
1896 1754 1942 1814 B
1967 1769 2109 1818 rem,
2133 1768 2253 1823 quae
2276 1767 2401 1808 vera
2428 1752 2499 1807 sit
2525 1762 2668 1806 uxor
2700 1750 3032 1817 decernitur,
3063 1760 3117 1806 et
3148 1767 3254 1819 quo
3280 1760 3556 1819 parentes,

264 1848 578 1918 exemplum
615 1848 754 1901 dedit
777 1847 1083 1915 hominibus,
1126 1848 1188 1901 ab
1219 1850 1356 1902 omni
1389 1848 1547 1919 c/ﬁcio
1581 1848 1864 1919 deponatur

253 1948 309 1993 et
329 1940 722 2010 peregrinando
745 1940 1013 1994 duodecim
1040 1942 1191 1995 annis
1224 1940 1485 2010 paeniteat.
1529 1939 1716 1995 Postea
1747 1955 1863 1995 vero

249 2030 327 2084 ad
362 2033 740 2085 monasterium
771 2032 942 2100 vadat,
995 2035 1166 2101 ibique
1196 2035 1393 2087 cunctis
1420 2034 1593 2088 diebus
1615 2035 1730 2089 vitm
1755 2050 1863 2090 sua:

250 2121 375 2176 Deo
412 2124 618 2177 serviat.
704 2196 709 2201 ‘

320 2218 435 2274 28.
471 2218 601 2273 lluic
632 2218 795 2275 aliine
821 2228 907 2276 est
934 2220 1172 2286 ternum,
1209 2220 1350 2289 quod
1375 2220 1549 2276 cidem
1576 2210 1862 2278 Gratianus

243 2312 460 2366 eodem
514 2313 730 2367 nomine
780 2313 1024 2382 proxime
1069 2312 1288 2383 sulijicit
1332 2312 1386 2367 in
1431 2314 1570 2371 hunc
1598 2314 1857 2370 modum:

244 2401 387 2456 Non
443 2402 587 2457 debet
631 2406 899 2476 episcopus
936 2416 1025 2459 aut
1073 2405 1335 2478 presbyter
1372 2409 1691 2462 commisceri
1740 2424 1858 2462 cunt

242 2494 559 2549 mulieribus
611 2512 725 2567 qua-
764 2496 809 2551 ei
848 2514 944 2551 sua
986 2499 1237 2565 confessa:
1282 2498 1477 2568 fuerint
1510 2510 1740 2573 peccata.
1798 2499 1862 2555 Si

243 2586 423 2657 forte,
470 2584 608 2652 quod
647 2585 822 2641 absit!
848 2586 944 2641 hoc
983 2589 1289 2661 contigerit,
1321 2590 1395 2645 sic
1431 2594 1705 2660 paniteat,
1733 2607 1863 2660 quo-

243 2680 419 2734 modo
466 2678 529 2733 de
584 2678 699 2749 filia
739 2681 984 2754 spiritali,
1034 2686 1305 2756 episcopus
1350 2686 1642 2755 quindecim
1685 2688 1861 2756 annis,

1968 1847 2163 1901 fratres
2213 1834 2268 1901 ct
2292 1854 2551 1914 cognatos
2579 1844 2631 1897 in
2663 1844 3009 1897 matrimonio
3052 1844 3426 1898 c0ntrahendo
3470 1843 3555 1899 vel

1966 1940 2269 1996 dirimendo
2292 1948 2461 1995 testes
2478 1936 2722 1992 adhiberi
2758 1952 2920 2007 posse
2948 1935 3230 2002 delinitur,
3260 1938 3553 1992 Gratianus

1965 2034 2055 2100 55,
2084 2043 2277 2105 quaest.
2303 2032 2357 2098 6,
2382 2047 2502 2101 cap.
2545 2032 2602 2098 2,
2629 2031 2775 2085 wlut
2809 2045 2837 2082 a
2880 2030 3035 2084 Palea
3074 2030 3369 2085 Caelestino
3396 2029 3556 2083 attri-

1963 2122 2151 2183 butum
2203 2130 2273 2184 ita
2321 2126 2625 2182 describit:
2664 2125 2883 2192 Videtur
2928 2124 3074 2178 nobis
3120 2123 3260 2192 quod
3311 2124 3553 2189 secunda,

1965 2239 2119 2290 quam
2171 2229 2349 2275 contra
2403 2204 2799 2287 prohibitionem
2830 2186 3079 2271 Ecclesia:
3125 2215 3294 2282 duxit,
3346 2232 3445 2269 non
3486 2217 3557 2269 sit

1957 2329 2113 2383 uxor,
2143 2312 2347 2367 etiamsi
2386 2313 2604 2384 primam
2648 2326 2752 2365 non
2794 2310 2998 2363 haberet
3032 2310 3413 2380 desponsatam,
3445 2318 3551 2361 etc.

1960 2406 2029 2461 At
2055 2405 2106 2459 in
2137 2404 2383 2473 Gregorii
2425 2401 2498 2459 ιχ
2527 2403 2895 2458 Decretalibus
2925 2402 3022 2457 lib.
3052 2416 3129 2467 tv,
3175 2401 3260 2455 tit.
3293 2400 3382 2467 18,
3414 2414 3463 2454 e.
3494 2402 3550 2465 5,

1957 2498 2224 2557 Clementi
2252 2497 2338 2562 ιιι,
2382 2482 2709 2565 restituitur,
2753 2502 3082 2566 notaturque
3124 2495 3195 2552 ad
3252 2496 3554 2568 marginem

1958 2593 2091 2651 illud
2110 2592 2240 2651 olim
2262 2591 2557 2649 Ctelestino
2587 2590 2654 2646 ιιι
2682 2592 2848 2648 luisse
2871 2591 3188 2664 ascriptum.

251 2810 3527 2839 —-—-—————_—___—_—_—__,_.—__

389 3084 1754 3273 ANTONINUS
1884 3096 3417 3299 HONORATUS,

1018 3358 1655 3457 EPISCOPUS
1721 3364 2818 3457 CONSTANTINENSIS.

1700 3548 2114 3575 ‘_——-\

1292 3705 2498 3812 PROLEGOMENA.

553 4076 1171 4148 SGHOENEMANNI
1210 4087 1545 4149 NOTITIA
1589 4084 2561 4149 HISTORICO-LITTERARIA
2605 4086 2687 4148 IN
2730 4085 3234 4152 ANTONINUM.

1373 4210 1592 4278 (Schmn.
1617 4211 1848 4263 Bibliotb.
1874 4209 2002 4262 Hist.
2024 4208 2120 4262 litt.
2148 4217 2265 4261 tom.
2287 4209 2380 4277 II.)

911 4340 940 4412 §
977 4339 1019 4398 1.
1056 4340 1195 4397 Vita.

316 4446 633 4512 Antoninus
652 4453 956 4512 Honoratus
982 4460 1100 4524 acu,
1119 4466 1178 4514 ut
1200 4456 1326 4515 alibi
1349 4460 1520 4527 audit,
1536 4461 1840 4519 Honoratus

251 4545 1068 4615 Antoninus,Constantinensis
1102 4553 1154 4606 in
1179 4552 1354 4608 Africa
1376 4548 1685 4625 epis'cOpus,
1707 4555 1842 4609 vixit

253 4640 501 4711 tempore
531 4642 926 4711 persecutionis
959 4657 1116 4716 quam
1153 4644 1479 4703 Gensericus
1504 4662 1598 4705 rex
1629 4649 1844 4705 Vanda-

252 4728 434 4789 io'rulil
463 4733 516 4793 in
544 4728 843 4793 catholicos
869 4734 1225 4809 excitarent,
1258 4746 1312 4795 et
1338 4740 1626 4797 Arcadium
1656 4759 1845 4814 quem-

254 4818 379 4881 diin
413 4826 707 4898 Hispanum
752 4828 824 4884 ob
869 4828 1030 4887 ﬁdem
1073 4827 1127 4886 ill
1176 4830 1424 4888 esSilium
1476 4826 1709 4905 pulsum,
1746 4851 1845 4907 per

254 4914 542 4986 epistolam
570 4918 885 4978 consulatus
926 4932 981 4979 et
1021 4920 1087 4978 ad
1124 4925 1367 4995 graviora
1398 4926 1711 4996 perferenda
1744 4926 1843 4985 ex-

259 5008 501 5065 hortatus
538 5021 640 5067 est.

846 5102 874 5179 ᾗ
916 5105 981 5161 Il.
1026 5104 1255 5177 Scripta.

327 5191 512 5250 Restat
555 5192 713 5250 hodie
749 5195 840 5251 illa
871 5194 1131 5267 Epistula,
1171 5198 1241 5251 ad
1272 5196 1470 5254 labores
1508 5200 1602 5271 pro
1641 5200 1845 5259 Christo
1920 5242 1925 5245 -

262 5279 491 5348 ferendos
522 5284 900 5357 exhortatoria,
931 5289 1112 5361 gravis
1151 5299 1203 5346 et
1237 5291 1478 5363 elegans,
1506 5294 1667 5364 quam
1696 5305 1843 5353 recte

262 5369 517 5429 Baronius
554 5372 835 5447 antiquum
881 5381 1031 5437 illum
1072 5386 1427 5453 apostolicum
1474 5385 1840 5444 characterem

263 5464 498 5521 redolere
529 5469 604 5524 ait
623 5510 639 5537 ,
656 5473 867 5544 ‘s‘cripta
896 5474 1069 5531 l'erme
1092 5478 1236 5533 intra
1262 5490 1434 5533 anxios
1458 5460 1720 5537 ibi-14470.

798 5608 827 5683 ᾗ
871 5608 957 5666 ιιι.
999 5608 1288 5671 Editiones.

328 5714 483 5776 Edita
526 5732 611 5779 est
654 5725 888 5796 primum
928 5741 959 5783 a
999 5726 1267 5785 Sichardo
1308 5744 1397 5787 an.
1435 5730 1597 5801 1528,
1640 5741 1693 5790 et
1720 5741 1844 5804 post

1869 4347 1916 4411 ο
1950 4342 2127 4397 varias
2156 4341 2209 4397 in
2243 4340 2589 4399 Bibliothecis
2634 4342 2852 4399 Patrum
2891 4345 3243 4413 repetitiones
3284 4347 3537 4405 emendavi

1938 4435 2048 4489 tior
2069 4434 2208 4489 laeta
2232 4444 2285 4491 et
2315 4435 2580 4491 illustrata
2604 4444 2687 4491 est
2706 4451 2737 4490 a
2761 4436 3101 4493 Theoderico
3122 4436 3408 4507 Ruinarto,
3436 4440 3539 4500 hoc

1940 4528 2121 4586 indice
2149 4538 2313 4586 teste.

2553 4625 2780 4678 “cum
2816 4636 2933 4679 ιη.

2018 4712 2179 4770 1528.
2210 4710 2453 4783 Βαείιεω,
2482 4713 2627 4782 apud
2654 4710 2823 4768 Henr.
2852 4712 3029 4781 Petr.,°
3060 4712 3241 4786 in-fol.
3275 4714 3539 4778 Antonini

1946 4805 2190 4875 episcopi
2214 4806 2686 4862 Constantinensis
2712 4805 2780 4861 ad
2807 4804 3099 4862 Arcadium
3130 4806 3375 4863 exsulem
3405 4822 3537 4866 con-

1944 4896 2236 4964 solatorie;
2273 4897 2326 4953 in
2366 4893 2531 4952 loan.
2566 4896 2811 4955 Sicltardi
2849 4898 3095 4954 Antidota
3138 4910 3323 4953 contra
3358 4914 3537 4957 omnes

1946 4989 2189 5057 hereses,
2221 4988 2317 5044 fol.
2346 4987 2474 5054 241,
2493 4987 2626 5046 242.

2021 5084 2180 5140 1556.
2222 5082 2466 5151 Basilete,
2497 5084 2641 5150 apud
2666 5084 2938 5149 eumdem;
2960 5083 3149 5156 in-fol.
3177 5077 3555 5142 Antonini....'

1948 5170 2016 5235 ad
2044 5178 2333 5235 Arcadium
2364 5189 2542 5234 actum
2572 5180 2625 5233 in
2653 5178 2901 5234 exsilium
2932 5194 2963 5233 a
2993 5177 3286 5235 Gcnserico
3314 5176 3535 5233 Vanda-

1947 5273 2126 5327 lorum
2154 5284 2279 5341 rege
2306 5272 2703 5338 consolatorie;
2737 5272 2789 5327 in
2822 5271 2981 5327 Joan.
3014 5270 3236 5327 Heroldi
3262 5270 3535 5326 Hacresio-

1944 5363 2109 5433 logia,
2141 5378 2195 5431 p.
2228 5360 2487 5419 702-704.

2018 5454 2175 5511 1575.
2222 5455 2477 5525 Parisiis,
2508 5456 2648 5526 apud
2674 5454 2837 5510 Mich.
2883 5455 3183 5524 Sonnium;
3214 5454 3394 5526 in-fol.
3433 5455 3532 5509 Ea-

1944 5546 2064 5604 dem
2099 5548 2149 5602 in
2174 5546 2423 5604 Biblioth.
2462 5548 2680 5605 Patrum
2713 5548 2973 5623 Bigneaaa
3007 5562 3117 5607 tom
3145 5549 3187 5608 1.

2020 5641 2175 5700 1ὄδ9.
2204 5643 2647 5715 Parisiis;in-fol.
2667 5644 2930 5701 Antonini
2953 5661 3041 5717 ep.
3066 5644 3531 5703 (lonStantinensis

1948 5738 2116 5809 cpisc.
2156 5738 2221 5793 ad
2259 5740 2550 5796 Arcadium
2592 5749 2775 5798 actum
2810 5739 2869 5797 in
2906 5742 3155 5800 exsilium
3180 5754 3213 5797 ι
3238 5740 3543 5821 Genserico.
