3982 6182
462 215 565 270 567

463 403 612 474 Bign.
641 402 879 456 editionis
907 401 1143 454 secunda:
1174 410 1302 454 tom.
1341 400 1421 454 ΙΙΙ.

536 493 694 546 1595.
738 491 951 555 Roma,
999 507 1064 545 ea:
1109 502 1310 561 typogr.
1377 491 1521 556 ναι..
1573 492 1752 562 ἱη-[οι.
1809 493 2049 562 Epistola

463 583 720 636 Antonini
766 598 853 650 ep.
901 583 1269 637 Constantina:
1317 583 1380 636 ad
1422 583 1743 648 Arcadium;
1787 585 1840 638 in
1887 584 2047 639 Card.

463 673 676 726 Baronii
707 672 993 727 Annalibus
1035 674 1099 727 ad
1144 690 1234 727 an.
1283 673 1386 729 437
1432 677 1610 745 prima!
1646 677 1888 730 editionis
1919 688 2048 731 tom.

465 768 525 819 IV
557 768 669 837 (qui
706 775 847 820 totus
877 777 1124 820 accurate
1158 782 1378 820 recusus
1403 776 1484 821 est
1511 769 1560 821 in
1585 767 1771 822 eadem
1805 781 2055 838 typogra-

465 864 587 931 phia
615 877 703 916 an.
733 862 892 932 1607)
918 877 1074 932 pagg.
1107 861 1329 926 659-6l;
1356 862 1408 915 in
1438 862 1729 916 Coloniensi
1754 864 1890 918 1621
1916 874 2048 920 tom.

466 955 508 1006 γ
543 970 628 1023 pp.
661 955 890 1021 743-45;
931 965 985 1010 et
1026 953 1306 1008 Mansiana
1334 963 1465 1008 tum.
1516 955 1606 1010 Vll
1634 954 1843 1027 (Lucae,
1880 957 2051 1028 1741)

466 1063 558 1116 pp.
589 1046 848 1103 499-501.

1066 1155 1278 1196 δεουιο
1316 1155 1448 1194 ινιι.

540 1234 698 1289 1618.
740 1235 963 1289 Colonia:
993 1235 1200 1304 Agrip.;
1239 1233 1415 1302 in-fol.
1462 1233 1718 1288 Antonini
1747 1273 1759 1286 .
1788 1275 1801 1287 .
1830 1276 1842 1288 .
1871 1273 1883 1287 .
1919 1234 2048 1304 Epi-

467 1329 605 1383 stola
641 1328 1002 1383 consolatoria
1047 1327 1112 1380 ad
1144 1325 1435 1380 Arcadium
1468 1325 1751 1393 quemdam
1784 1342 1812 1380 a
1840 1326 2049 1383 Gense-

467 1420 582 1473 rico
611 1419 908 1474 Gothorum
953 1433 1076 1487 rege
1119 1419 1172 1471 in
1205 1417 1450 1472 exsilium
1479 1427 1688 1484 actum;
1713 1420 1767 1474 in
1801 1419 1876 1473 Μ.
1907 1418 2044 1473 Bibl.

470 1509 588 1564 PP.
615 1519 722 1564 tom
757 1511 819 1577 ν,
847 1522 988 1580 part.
1017 1527 1096 1567 ιιι.

1265 207 1586 265 ΑΝΤΟΝΙΝῙ
1624 208 1973 268 HONORATI
2011 209 2642 271 CONSTANTINENSIS
2677 207 2991 274 EPISCOPI

463 323 588 380 rege
611 307 973 363 Vandalorum
1004 305 1242 376 Epistola
1271 307 1650 370 consolatoria;
1679 308 1731 361 in
1759 307 1895 362 Bibl.
1927 306 2042 364 PP.
2073 311 2126 370 Α
2224 308 2359 366 1614
2381 319 2436 365 et
2461 311 2623 365 1654.
2652 311 2902 378 Parisiis;
2929 306 3109 382 iri-fol.
3141 303 3394 362 Antonini
3418 341 3464 361 ..
3483 344 3498 359 .

2149 403 2359 458 cadium
2390 404 2632 460 exsulem
2662 404 2898 476 Epistula
2922 400 3330 465 consolatoria;
3361 400 3416 453 in
3455 397 3592 452 Bibl.
3624 397 3738 457 PP.

3639 208 3737 268 568

3555 303 3623 358 ad
3647 307 3732 358 Ar-

2155 506 2281 551 tom.
2304 497 2393 552 ΙΙΙ.

2227 591 2384 645 1677.
2429 590 2690 662 Lugduni,
2719 593 2858 663 apud
2897 592 3223 659 Anissonios;
3266 584 3455 663 iis-fol.
3489 585 3740 640 Antonin’

2158 682 2414 737 Honorati
2451 698 2537 753 ep.
2566 683 3054 740 Constantiniensis
3093 685 3334 754 Epistola
3381 678 3736 739 consolatori:

2155 785 2209 829 et
2239 777 2303 830 ad
2343 776 2555 831 labores
2583 791 2681 846 pro
2711 777 2922 832 Christo
2953 776 3206 832 ferendos
3251 773 3664 845 exhortatoria;
3696 770 3729 824 il

2159 868 2305 922 Max.
2337 867 2473 921 Bibl.
2499 866 2618 922 PP.
2646 877 2779 923 tom.
2804 868 2918 924 Vlll
2949 884 3000 937 p.
3025 867 3130 922 665
3159 881 3278 938 sqq.

2227 957 2384 1015 1691.
2427 957 2671 1024 Parisiis,
2713 976 2774 1014 ea:
2804 960 2935 1030 typis
2965 958 3228 1014 Theodor.
3279 957 3524 1030 Muguet;
3568 960 3717 1015 ενι-8⁸

2157 1051 2414 1106 Honorati
2437 1051 2694 1105 Antonlui
2716 1049 3048 1106 Constantia:
3075 1051 3127 1105 in
3151 1049 3330 1106 Africa
3355 1051 3591 1120 episcopi
3612 1050 3714 1119 Epi

2155 1147 2292 1202 stola
2315 1145 2676 1202 cohortatoria
2701 1145 2768 1200 ad
2799 1145 3083 1200 Arcadium
3108 1159 3204 1215 pro
3239 1143 3346 1199 fide
3378 1143 3738 1207 exsulantem.

2154 1239 2256 1293 sub
2283 1238 2575 1294 Genserico
2599 1237 2967 1293 Vandalorum
3003 1252 3130 1308 rege
3159 1236 3381 1302 Ariano;
3421 1237 3476 1290 in
3500 1235 3737 1290 Theodoa

2155 1334 2247 1385 rici
2277 1333 2522 1387 Ruinarti
2566 1330 2805 1384 Historia
2848 1331 3214 1400 persecutionis
3263 1329 3564 1384 Vandali“:
3600 1337 3721 1399 part

2155 1441 2212 1491 ιι,
2239 1440 2358 1495 cap.
2385 1424 2441 1491 4,
2469 1439 2559 1495 pp.
2589 1423 2810 1480 ιδδοδο.

1125 1779 2048 1894 ΔΝΤθΝῙΝῙ
2124 1778 3106 1892 ΗΟΝΟΒΔΤῙ

1525 1971 2285 2036 CONSTANTINIENSIS
2329 1969 2683 2034 EPISCOPI

899 2127 1791 2265 EPISTULA
1882 2125 3302 2259 CONSOLATORIA

1673 2349 1824 2428 AD
1903 2345 2529 2431 ARCADIUM

1192 2503 1406 2557 ACTUM
1441 2505 1503 2556 IN
1538 2504 1838 2556 EXSILIUM
1875 2507 1915 2554 A
1951 2504 2297 2556 GENSERICO
2333 2503 2497 2554 REGE
2535 2501 2991 2553 VANDALOBUM.

1658 2634 1812 2696 (Max.
1836 2634 2067 2684 Bibliotb.
2087 2633 2227 2695 Bign.
2249 2642 2359 2683 tom.
2388 2632 2544 2693 VIII.)

1888 2760 2330 2777 ψ

536 2918 728 2988 Perge,
755 2915 930 2970 fidelis
959 2914 1162 2981 anima,
1193 2928 1387 2984 perge;
1417 2921 1470 2968 et
1495 2912 1775 2968 confessor
1806 2911 2046 2975 unitatis,
2079 2912 2128 2974 B
2153 2909 2378 2964 Sursum
2409 2924 2523 2977 cor,
2565 2910 2856 2979 perfectam
2895 2911 3157 2967 inchoasti
3203 2925 3451 2982 pugnam.
3496 2909 3616 2979 Ipse
3653 2924 3758 2964 ar-

465 3011 657 3082 gaude,
690 3009 812 3079 quia
837 3023 936 3078 pro
964 3008 1182 3063 nomine
1210 3005 1409 3062 Christi
1441 3006 1550 3075 pati
1575 3005 1822 3060 meruisti
1851 3013 2046 3058 contu-

466 3103 709 3166 meliam,
743 3103 883 3156 sicut
909 3101 1136 3170 apostoli
1169 3115 1288 3154 cum
1321 3098 1572 3168 flagellati
1603 3106 1744 3152 sunt.
1779 3096 1916 3151 Ecce
1937 3095 2047 3166 jam

465 3208 691 3262 serpens
724 3193 812 3246 ille
850 3193 950 3246 sub
990 3191 1217 3261 pedibus
1263 3191 1367 3245 tuis
1407 3189 1570 3257 jacet,
1604 3188 1718 3257 ipse
1759 3186 2048 3254 confligere

465 3288 668 3352 potuit;
699 3285 791 3338 sed
822 3284 935 3353 ipse
967 3283 1185 3344 cecidit,
1221 3282 1341 3351 quia
1374 3290 1424 3335 te
1471 3280 1678 3335 elidere
1710 3295 1816 3334 non
1851 3279 2044 3345 potuit.

468 3375 618 3445 Rogo
651 3385 720 3440 te,
748 3390 932 3444 preme
958 3384 1116 3443 caput
1146 3373 1282 3442 ejus;
1316 3387 1420 3426 non
1450 3380 1632 3441 surgat
1659 3371 1760 3424 isto
1793 3371 1845 3424 in
1877 3383 2050 3438 agone

466 3469 733 3539 martyrii,
767 3483 926 3522 nemo
953 3478 1003 3521 te
1033 3474 1388 3521 commoveat.
1415 3466 1555 3519 Ecce
1581 3463 1778 3534 gaudet
1803 3463 2049 3516 Christus

466 3574 520 3618 et
550 3563 768 3630 inspicit
795 3570 874 3624 te;
906 3561 1156 3614 laetantur
1184 3558 1378 3628 angeli,
1406 3567 1462 3611 et
1488 3557 1744 3625 adjuvant
1777 3567 1855 3612 te:
1894 3557 2049 3609 turba

465 3653 772 3708 daemonum
802 3653 1109 3704 calcaneum
1144 3659 1289 3702 tuum
1315 3649 1595 3712 observat;
1631 3663 1697 3702 ne
1728 3645 1967 3710 deficias,
1991 3654 2050 3698 ut

467 3747 742 3801 daemones
793 3745 882 3814 qui
932 3758 1074 3797 nunc
1125 3743 1329 3811 lugent,
1376 3740 1663 3809 gaudeant.
1715 3739 1914 3793 Tecum
1967 3747 2050 3792 est

466 3839 643 3893 omnis
679 3836 874 3892 chorus
919 3846 1209 3904 martyrum
1243 3847 1630 3903 praecessorum
1679 3841 1922 3894 tuorum;
1955 3845 2049 3884 ex-

466 3937 711 4000 spectant
730 3939 781 3983 te
805 3937 1072 3998 martyres
1113 3937 1167 3980 et
1205 3925 1527 3991 defendunt,
1566 3933 1625 3978 et
1665 3937 1924 3976 coronam
1954 3936 2048 3974 ex-

467 4024 709 4077 tendunt.
744 4021 894 4089 Rogo
931 4031 1011 4084 te,
1055 4028 1163 4071 tene
1201 4018 1336 4084 quod
1381 4027 1538 4078 tenes,
1571 4030 1634 4067 ne
1664 4014 1796 4066 alter
1825 4013 2047 4081 accipiat

465 4129 706 4166 coronam
735 4121 874 4162 tuam
911 4112 1106 4177 (Apoc.
1140 4113 1320 4177 xxxi).
1354 4109 1620 4173 Quantum
1667 4107 1922 4174 temporis
1966 4114 2049 4160 est

466 4220 571 4273 quo
603 4212 930 4272 pugnaturus
959 4201 1093 4255 eris!
1133 4210 1188 4254 et
1231 4208 1488 4269 quantum
1518 4200 1777 4266 temporis
1805 4197 1906 4252 erit
1941 4212 2047 4267 quo

466 4299 516 4349 in
560 4304 846 4356 aeternum,
895 4293 1130 4346 victurus
1171 4293 1306 4345 eris!
1355 4291 1470 4345 Jam
1519 4290 1760 4356 cmpisti,
1807 4291 2040 4359 perfice:
2071 4277 2114 4339 C

465 4385 625 4442 hodie
655 4393 877 4454 apparet
905 4399 1001 4438 cur
1033 4384 1253 4452 pateris;
1283 4382 1570 4437 Dominum
1604 4381 1734 4436 nihil
1765 4384 1909 4446 latet;
1937 4397 2043 4437 non

463 4489 516 4534 te
547 4479 691 4531 fallat
718 4475 963 4530 diabolus
988 4476 1039 4529 in
1069 4491 1250 4540 causa,
1285 4490 1405 4529 cum
1432 4475 1524 4528 tibi
1551 4474 1746 4544 ingerit
1770 4474 2040 4540 nebulam;

465 4572 567 4626 hoc
587 4572 696 4625 vult
719 4585 786 4624 ne
807 4569 1155 4624 charissimus
1180 4567 1652 4638 patiaris.Verum,
1670 4568 1856 4634 frater,
1880 4568 2044 4623 habes

463 4671 780 4724 certamen;
821 4663 1024 4730 integra
1066 4671 1147 4716 est
1195 4661 1295 4716 ista
1331 4660 1600 4716 confessio
1640 4677 1655 4716 :
1701 4661 1757 4717 Si
1803 4670 2044 4716 mortuus

465 4755 657 4821 fueris,
687 4764 868 4808 certus
898 4765 1036 4817 esto,
1073 4764 1276 4824 martyr
1303 4755 1431 4808 eris.

529 4848 634 4902 Job
662 4860 766 4900 non
797 4847 1025 4901 attendit
1055 4861 1296 4911 uxorem,
1329 4855 1382 4900 et
1413 4845 1533 4900 ideo
1563 4846 1727 4909 vicit;
1759 4860 1862 4900 non
1892 4845 2044 4900 fami-

461 4942 582 5006 lias,
621 4954 728 4993 non
764 4939 999 5006 divitias,
1033 4955 1140 4992 non
1171 4939 1395 5003 amicos,
1430 4947 1484 4992 et
1524 4938 1720 4992 merito
1748 4939 2038 5007 superavit.

460 5031 630 5086 Adam
655 5031 932 5087 mulierem
959 5047 1110 5086 suam
1143 5032 1262 5099 plus
1293 5032 1424 5086 satis
1453 5030 1668 5097 dilexit,
1698 5039 1752 5086 et
1782 5032 1901 5086 ideo
1933 5041 2041 5085 tam

459 5123 882 5195 lacrymabiliter
926 5125 1136 5179 cecidit.
1171 5124 1258 5178 Sic
1296 5123 1426 5177 dicit
1456 5123 1717 5177 Dominus
1747 5140 1760 5176 :
1795 5123 1900 5189 Qui
1939 5139 2044 5177 non

460 5216 712 5270 dimiserit
742 5226 959 5287 patrem,
990 5224 1078 5268 aut
1107 5223 1345 5281 matrem,
1379 5224 1468 5266 aut
1498 5229 1728 5278 uxorem,
1763 5223 1850 5266 aut
1881 5213 2040 5282 filios,

463 5321 546 5363 aut
577 5310 713 5379 ﬁlias
742 5319 947 5381 prapter
977 5325 1054 5362 me
1073 5349 1085 5366 .
1117 5324 1215 5360 non
1247 5317 1320 5360 est
1357 5324 1498 5360 meus
1527 5307 1807 5376 discipulus
1837 5305 2037 5376 (Marc.

462 5417 488 5456 ι
510 5403 546 5471 ).
576 5404 734 5470 Quid,
776 5403 820 5456 si
867 5404 1171 5458 conditione
1201 5402 1321 5455 vita:
1351 5411 1593 5455 mortuus
1621 5415 1799 5461 esses,
1829 5413 1963 5453 uxor
1990 5408 2042 5453 te

462 5505 549 5548 aut
601 5495 797 5550 familia
840 5495 1024 5550 habuit
1069 5494 1361 5549 revocare?
1412 5492 1540 5547 Nam
1590 5508 1746 5562 quem
1799 5491 2038 5555 tenuisti,

464 5601 634 5653 ipsum
658 5588 894 5652 attende,
914 5587 1015 5656 ipsi
1037 5588 1213 5648 licere;
1240 5596 1360 5639 tene
1381 5599 1500 5638 eum
1526 5585 1753 5650 fortiter,
1771 5599 1838 5636 ne
1859 5582 2041 5637 dimit-

2153 3002 2446 3073 chaugelus
2472 3003 2564 3073 qui
2597 3004 2823 3068 cecidit,
2851 3003 3100 3068 dimicat;
3131 3005 3242 3074 ipse
3274 3013 3448 3058 tecum
3481 3003 3758 3069 luctatur;

2151 3096 2246 3151 sed
2288 3107 2463 3150 tecum
2503 3105 2590 3150 est
2624 3094 2786 3152 Pater
2813 3104 2867 3152 et
2896 3096 3068 3152 Filius
3110 3107 3165 3154 et
3209 3097 3441 3167 Spiritus
3487 3105 3757 3152 sanctus.

2153 3189 2284 3243 Vide
2315 3205 2383 3243 ne
2423 3190 2634 3252 timeas,
2665 3188 2878 3258 adjuvat
2927 3200 2978 3244 te
3024 3200 3080 3245 ut
3127 3199 3358 3245 coronet
3409 3200 3480 3244 te.
3512 3189 3754 3259 Septem

2153 3280 2291 3333 filios
2323 3280 2626 3334 Machabaea
2658 3289 2831 3334 mater
2857 3297 2954 3349 pro
2982 3282 3196 3336 Christo
3219 3281 3360 3337 misit
3387 3281 3450 3335 ad
3483 3291 3755 3338 mortem.

2153 3373 2289 3426 Ante
2311 3388 2430 3426 eam
2453 3373 2856 3435 cruciabantur,
2882 3382 2935 3428 et
2964 3373 3076 3442 ipsa
3104 3375 3274 3443 magis
3303 3388 3396 3428 eos
3420 3373 3758 3430 hortabatur

2152 3470 2211 3516 ut
2243 3472 2582 3518 morerentur
2618 3481 2630 3516 :
2664 3464 2778 3532 ipsa
2809 3473 2989 3518 autem
3023 3475 3144 3534 post
3176 3465 3313 3518 filios
3347 3466 3575 3529 occisos,
3610 3479 3759 3522 ecce

2144 3552 2258 3620 jam
2299 3554 2530 3608 exsultat
2572 3570 2692 3608 cum
2741 3555 2864 3610 filiis
2905 3566 3178 3610 coronata.
3241 3557 3470 3624 Respice
3516 3557 3635 3624 quia
3686 3556 3756 3613 in

2150 3656 2305 3700 utero
2338 3649 2525 3701 matris
2551 3649 2690 3702 Deus
2731 3659 2781 3702 te
2810 3649 2966 3713 fecit;
3002 3650 3117 3717 ipse
3148 3650 3238 3704 tibi
3269 3650 3513 3719 spiritum
3539 3658 3592 3705 et
3622 3652 3756 3706 ani-

2151 3751 2289 3790 mam
2321 3739 2486 3800 dedit,
2514 3737 2628 3806 ipse
2659 3749 2707 3793 te
2739 3741 2952 3793 ornavit
2983 3743 3190 3795 ratione
3218 3751 3272 3795 et
3301 3742 3585 3810 sapientia.
3614 3740 3756 3807 lpsc

2149 3831 2341 3883 coelum
2367 3831 2491 3885 fecit
2521 3840 2575 3885 et
2607 3841 2827 3897 terram,
2855 3842 2907 3886 et
2937 3833 3113 3885 omnia
3140 3848 3259 3901 quae
3290 3833 3342 3886 in
3375 3833 3453 3886 eis
3473 3841 3616 3888 sunt.
3643 3832 3754 3890 Sic

2149 3929 2203 3975 te
2235 3922 2347 3974 vult
2368 3923 2644 3991 suscipere
2675 3939 2772 3992 pro
2798 3924 2903 3978 fide
2934 3925 3282 3993 morientem,
3309 3932 3365 3978 ut
3398 3926 3488 3979 tibi
3521 3927 3749 3996 plenam

2148 4012 2401 4067 exhibeat
2437 4013 2798 4082 majestatem.
2841 4015 3067 4084 Respice
3106 4017 3360 4070 mundum
3403 4037 3413 4069 :
3455 4019 3741 4086 periturus

2149 4114 2252 4160 est.
2285 4104 2509 4173 Respice
2536 4107 2708 4160 solem
2745 4115 2800 4161 et
2836 4106 3016 4161 lunam
3049 4118 3102 4162 et
3131 4108 3314 4162 stellas
3348 4125 3360 4161 :
3394 4119 3450 4163 et
3475 4108 3591 4179 ipsa
3623 4112 3750 4166 sol—

2147 4200 2318 4254 venda
2345 4208 2491 4254 sunt.
2522 4199 2764 4269 Conflige
2794 4200 3006 4255 fortiter
3032 4216 3128 4270 pro
3153 4201 3330 4255 anima
3364 4210 3474 4267 tua,
3500 4218 3619 4272 quae
3642 4215 3746 4260 aut

2148 4308 2361 4361 semper
2403 4292 2533 4346 vivit
2571 4302 2661 4346 aut
2691 4307 2905 4360 semper
2936 4293 3096 4361 perit.
3148 4293 3287 4348 Ecce
3333 4293 3557 4349 dimissa
3605 4307 3747 4351 sunt

2148 4385 2244 4439 tibi
2278 4393 2497 4453 peccata
2525 4395 2649 4452 tua;
2676 4395 2731 4441 et
2757 4400 2945 4440 omnes
2973 4385 3282 4455 iniquitates
3313 4397 3431 4442 tuas
3460 4388 3599 4441 Deus
3632 4403 3744 4456 pro

2148 4476 2248 4531 hac
2288 4491 2462 4546 pugna
2504 4477 2726 4543 delebit,
2766 4493 3130 4548 quascumque
3175 4494 3342 4550 usque
3381 4479 3534 4534 hodie
3581 4493 3742 4534 com-

2146 4569 2359 4623 mittere
2397 4570 2639 4638 potuisti.

2218 4660 2354 4713 Audi
2384 4661 2451 4715 de
2484 4661 2582 4715 hac
2608 4676 2665 4716 re
2698 4662 3033 4717 Ezechielem
3063 4661 3379 4733 prophetam
3410 4661 3679 4716 dicentem
3722 4683 3736 4718 :

2151 4754 2484 4820 Quacumque
2520 4754 2600 4806 die
2636 4755 2836 4824 iniquus
2880 4770 3150 4809 conversus
3188 4755 3341 4825 fuerit
3376 4754 3438 4806 ab
3468 4755 3739 4824 iniquitate

2145 4860 2238 4898 sua
2261 4856 2304 4897 et
2328 4846 2503 4915 fecerit
2524 4846 2808 4915 justitiam,
2837 4862 3008 4900 omnes
3036 4847 3333 4915 iniquitates
3359 4849 3470 4916 eius
3499 4863 3598 4899 non
3622 4862 3737 4898 me-

2147 4939 2383 4991 morabor
2405 4939 2560 5001 ultra,
2587 4939 2708 4992 dicit
2733 4939 2984 4992 Dominus
3008 4938 3224 5009 (Ezech.
3248 4941 3352 5008 ιιι).
3377 4938 3596 4994 JttStitia
3622 4949 3734 5002 tua,

2148 5031 2280 5085 ﬁdes
2307 5039 2392 5084 tua
2424 5031 2570 5102 (quia
2591 5035 2769 5104 justus
2797 5049 2857 5086 ea:
2883 5033 2984 5100 ﬁde
3015 5034 3132 5086 sirit
3164 5032 3339 5105 [Rom.
3369 5049 3409 5096 ι,
3441 5031 3592 5085 Hebr.
3623 5031 3735 5103 x]),

2147 5123 2442 5184 tribulatio.
2493 5124 2834 5193 exspoliatio,
2896 5124 3178 5188 exsilium,
3222 5124 3598 5179 remissionem
3634 5125 3732 5178 tibi

2147 5215 2372 5269 contulit
2401 5224 2778 5283 peccatorum;
2812 5230 2958 5270 mors
3002 5224 3180 5270 autem
3211 5217 3387 5285 aperit
3426 5217 3519 5271 tibi
3567 5231 3730 5286 regna

2144 5308 2424 5362 caelorum.
2456 5308 2644 5374 Qualis
2687 5308 2792 5364 eris
2835 5323 2956 5362 cum
2988 5317 3039 5362 te
3065 5323 3188 5363 cum
3228 5317 3420 5364 sancto
3459 5307 3732 5377 Stephano

2144 5402 2373 5458 videris?
2401 5401 2584 5468 Qualis
2611 5403 2721 5458 eris
2745 5417 2864 5458 cum
2894 5403 3109 5463 Petrum
3132 5411 3186 5459 et
3213 5403 3459 5467 Paulum,
3487 5417 3620 5473 quos
3641 5418 3726 5457 ro-

2143 5509 2271 5565 gare
2301 5495 2512 5550 solebas
2542 5505 2596 5548 ut
2624 5504 2902 5564 patronos,
2939 5496 3163 5552 habebis
3193 5497 3426 5552 amicos?
3453 5497 3723 5551 Christum

2145 5600 2268 5639 mox
2295 5595 2378 5640 tua
2410 5586 2587 5640 anima
2621 5587 2858 5653 videbit;
2891 5597 2946 5641 et
2976 5601 3170 5657 corpus
3191 5595 3341 5642 tuum
3365 5588 3470 5643 erit
3496 5589 3546 5642 in
3572 5586 3724 5642 refri~

460 5685 576 5736 tas.
623 5695 688 5731 ne
729 5679 1031 5732 respexeris
1075 5686 1221 5731 retro
1250 5677 1313 5729 ad
1363 5691 1585 5730 uxorem
1631 5687 1721 5731 aut
1758 5675 2031 5731 familiam.
2061 5657 2115 5718 Ῑ)
2140 5679 2289 5746 gerio
2319 5680 2753 5747 resurrectionis,
2784 5689 2843 5736 ut
2881 5691 2934 5736 et
2962 5681 3076 5752 ipsa
3104 5696 3230 5738 caro
3259 5682 3439 5739 videat
3467 5682 3608 5752 quod
3635 5690 3720 5738 tua
