3982 6182
222 241 332 298 569
1167 241 1502 301 EPISTOLA
1540 244 2067 305 CONSOLATORIA
2111 249 2204 305 AD
2243 250 2620 314 ARCADIUM.
3393 278 3500 337 57o

225 360 390 413 anima
422 372 546 414 cum
594 356 788 413 exierit
827 369 955 413 mox
999 357 1231 414 videbit.
1279 358 1489 414 Fremit
1531 359 1801 428 diabolus,
1831 361 1885 421 Α
1911 364 2704 436 pertinetsapientia,licetnon
2722 377 3021 437 recedatab
3039 381 3498 460 anima.Ecceigi.

223 455 405 522 gaudet
453 452 726 508 Christus.
775 452 950 524 Roga,
992 453 1166 524 plora,
1213 468 1380 523 posce
1428 455 1716 521 auxilium;
1748 466 1804 511 et
1905 463 1992 509 tur
2014 458 2064 509 in
2098 458 2210 512 sole
2251 460 2396 515 calor
2431 470 2486 516 et
2513 465 2770 532 splendor
2804 468 2857 524 in
2888 486 2997 526 uno
3024 474 3176 530 radio
3201 488 3360 545 sunt,
3389 452 3489 536 sed

221 560 334 601 mox
364 547 596 616 accipies
621 545 674 600 in
707 555 894 600 meme
933 546 1205 601 solatium.
1243 546 1397 602 Time
1426 561 1612 617 paenas
1641 555 1800 603 aater-
1903 548 2050 602 calor
2069 552 2334 618 exsiccat,
2360 555 2616 622 splendor
2643 557 2906 616 illuminat
2932 580 2943 615 :
2976 565 3121 620 aliud
3149 571 3374 638 suscipit
3399 587 3494 627 ca-

223 654 333 706 nas,
359 639 444 694 ubi
472 654 690 708 semper
719 639 970 705 ardetur,
1002 640 1092 694 ubi
1123 654 1342 709 semper
1386 641 1438 695 in
1477 642 1713 697 tenebris
1748 649 1802 697 et
1903 639 2005 706 lor,
2038 641 2181 697 aliud
2206 645 2432 715 suscipit
2463 647 2740 719 splendor,
2767 653 2888 709 licet
2907 654 2977 710 ab
2999 657 3224 715 invicem
3256 664 3403 718 calor
3433 673 3493 720 et

220 747 405 802 corpus
435 741 487 788 et
514 733 702 786 anima
748 733 1044 796 cruciatur,
1093 732 1185 785 ubi
1215 748 1337 788 cum
1371 732 1588 787 diabolo
1624 735 1798 790 anima
1901 733 2158 800 splendor
2183 751 2286 790 non
2304 740 2511 807 possint
2532 744 2795 810 separari.
2819 745 3066 817 Suscepit
3087 765 3215 821 ergo
3233 754 3491 823 splendor

221 835 272 877 et
318 838 503 893 corpus
565 823 620 877 in
661 831 923 877 aeternum
977 823 1241 878 exuritur.
1302 822 1588 878 Gebennas
1631 839 1796 888 expa-
1901 823 2370 894 illuminationem,
2401 845 2507 884 non
2537 830 2825 901 fervorem;
2855 840 3097 911 suscepit
3124 822 3276 898 calor
3301 844 3483 900 fervo-

219 928 379 980 vesce,
408 924 462 970 et
483 913 760 969 Christum
792 913 954 969 modo
977 923 1123 970 tene.
1155 915 1315 969 Modo
1340 923 1427 970 est
1453 925 1508 968 ut
1538 917 1797 970 autvivas
1900 931 2034 981 rem,
2066 933 2170 972 non
2200 919 2671 981 illuminationem.

215 1017 297 1058 ant
329 1021 534 1075 pereas.
563 1005 734 1061 Nemo
761 1015 815 1062 te
841 1006 1188 1076 recuperabit
1213 1006 1257 1060 si
1290 1008 1339 1060 in
1370 1006 1469 1060 ista
1499 1021 1680 1077 pugna
1701 1009 1796 1062 de-
1967 1007 2126 1064 Aliud
2151 1026 2278 1082 ergo
2299 1015 2641 1085 singulariter
2665 1029 2855 1091 agunt,
2882 1032 2936 1079 et
2957 1033 3138 1082 tamen
3163 1027 3230 1084 ab
3252 1028 3481 1087 invicem

214 1098 418 1152 feceris.
453 1099 520 1153 Et
548 1098 678 1169 quid
712 1098 804 1153 tibi
834 1099 1076 1168 prodest,
1110 1097 1156 1152 si
1184 1098 1398 1152 diabolo
1426 1099 1788 1165 consenseris,
1897 1115 2004 1155 non
2036 1103 2310 1158 recedunt.
2343 1105 2433 1161 Sic
2459 1116 2513 1162 et
2541 1108 2710 1165 Filius
2752 1115 2992 1184 suscepit
3037 1117 3185 1173 solus
3231 1133 3476 1187 carnem,

209 1199 260 1242 et
304 1205 426 1244 mox
467 1204 659 1261 corpus
691 1190 974 1246 amiseris?
1002 1189 1111 1245 Aut
1148 1190 1330 1244 nescis
1369 1191 1492 1258 quia
1531 1189 1637 1244 vita
1664 1205 1790 1245 cor-
1894 1199 1945 1245 et
1972 1201 2147 1249 tamen
2177 1210 2282 1250 non
2303 1197 2541 1254 deseruit
2571 1199 2807 1270 Patrem,
2831 1220 2930 1262 nec
2947 1220 3006 1262 se
3031 1207 3211 1264 divisit
3239 1225 3267 1265 a
3297 1211 3477 1269 Patre.

209 1283 349 1349 poris
387 1283 456 1336 tui
489 1284 540 1336 in
572 1290 843 1351 potestate
871 1290 953 1337 est
987 1282 1080 1335 Dei
1116 1280 1226 1345 tui,
1257 1281 1345 1350 qui
1381 1281 1473 1336 tibi
1501 1281 1788 1337 conlestim
1894 1282 2060 1338 Filius
2097 1286 2275 1356 itaque
2305 1291 2538 1359 suscepit
2567 1307 2783 1349 carnem
2823 1297 2878 1351 in
2919 1300 3271 1369 proprietate,
3314 1311 3367 1358 et
3399 1313 3477 1360 ta-

204 1374 406 1429 auferre
446 1383 627 1445 potest
658 1389 904 1439 carnem,
949 1373 994 1426 si
1029 1372 1383 1442 dereliqueris
1417 1372 1614 1428 fidem?
1655 1374 1787 1440 Qui-
1894 1392 2015 1431 men
2046 1388 2100 1433 et
2129 1379 2289 1435 Pater
2316 1391 2369 1436 et
2395 1382 2630 1451 Spiritus
2661 1399 2879 1443 sanctus
2906 1405 3012 1446 non
3045 1392 3332 1450 defuerunt
3361 1409 3478 1450 ma-

204 1466 314 1520 dam
342 1467 686 1522 Christianus
717 1466 847 1521 dum
876 1481 973 1536 pro
997 1465 1101 1520 fide
1130 1466 1180 1520 in
1207 1466 1393 1521 eculeo
1419 1476 1782 1536 torqueretur,
1885 1467 2102 1535 jestate.
2150 1469 2207 1524 In
2245 1471 2523 1529 divinitate
2568 1477 2866 1546 aequalitas,
2906 1480 2959 1535 in
3001 1496 3164 1538 carne
3194 1483 3318 1539 Filii
3349 1501 3476 1554 pro-

201 1561 379 1617 retulit
418 1563 658 1616 astitisse
702 1561 805 1616 sibi
836 1560 1087 1630 angelum
1131 1560 1414 1630 splendido
1461 1562 1631 1628 vultu,
1663 1577 1782 1617 cum
1891 1561 2091 1629 prietas
2125 1578 2139 1616 :
2171 1579 2267 1618 nec
2313 1573 2492 1620 tamen
2536 1566 2604 1621 ab
2629 1583 2695 1623 eo
2725 1569 2896 1626 Patris
2923 1582 3012 1627 aut
3043 1573 3274 1643 Spiritus
3301 1577 3475 1632 sancti

199 1654 362 1710 linteo
384 1669 522 1724 aqua
543 1653 785 1722 perfuso,
809 1651 900 1722 qui
917 1653 965 1706 ei
992 1667 1180 1722 aquam
1209 1651 1264 1708 in
1296 1653 1484 1708 faciem
1505 1663 1784 1725 spargeret
1888 1655 2113 1709 recessit
2151 1655 2422 1711 divinitas.
2469 1657 2697 1715 Carnem
2738 1663 2972 1732 suscepit
3010 1664 3280 1732 Christus,
3312 1683 3470 1722 num-

194 1754 244 1799 et
275 1747 445 1801 linteo
473 1748 798 1816 detergeret.
845 1745 1026 1801 Donec
1064 1754 1233 1801 tortus
1277 1755 1360 1802 est
1402 1746 1524 1814 iste,
1558 1751 1783 1818 angelus
1815 1736 1863 1797 Β
1888 1749 2014 1819 quid
2034 1766 2064 1803 a
2085 1750 2246 1806 Patre
2273 1760 2364 1804 aut
2390 1766 2417 1804 a
2443 1751 2648 1821 Spiritu
2674 1764 2860 1810 sancto
2888 1760 3147 1813 recessit?
3177 1760 3319 1831 Ergo
3345 1776 3468 1817 vera

190 1854 297 1893 non
320 1839 570 1905 recessit,
595 1837 879 1894 consolans
904 1853 1028 1894 eum
1052 1847 1104 1894 et
1129 1839 1453 1909 refrigerans
1477 1856 1621 1896 eum.
1644 1842 1782 1897 Con-

188 1935 366 1988 fessor
405 1943 582 1988 autem
619 1933 815 1988 Christi
855 1947 1042 2003 poenas
1075 1949 1206 2004 quas
1237 1933 1541 1989 sustinebat
1564 1936 1777 2004 penitus

189 2041 289 2080 non
336 2026 624 2080 sentiebat.
675 2027 848 2082 Minus
889 2035 1154 2081 tormenta
1203 2027 1509 2081 sentiuntur
1558 2027 1775 2097 quando

189 2133 280 2186 pro
310 2116 530 2172 Christo
561 2127 848 2187 pugnatur,
876 2119 999 2188 quia
1033 2118 1203 2171 virtus
1233 2117 1399 2172 animi
1427 2128 1649 2187 superat
1679 2119 1777 2174 do-

185 2210 325 2266 lores
361 2209 580 2274 mundi;
617 2221 671 2264 et
707 2224 829 2263 cum
858 2209 1103 2264 invocata
1139 2210 1298 2264 fuerit
1326 2209 1599 2274 divinitas,
1632 2211 1774 2265 miti-

182 2313 332 2375 gatur
348 2312 748 2360 tormentorum
772 2303 1057 2358 acerbitas.
1079 2303 1221 2358 Ecce
1243 2318 1338 2374 pro
1358 2303 1576 2360 homine
1595 2313 1773 2359 tentus

184 2412 260 2459 es;
297 2406 351 2452 et
377 2396 616 2452 afflictus
655 2411 761 2451 non
795 2396 990 2466 perdes
1021 2395 1204 2461 ﬁdem,
1239 2398 1402 2451 etiam
1446 2397 1493 2451 si
1524 2399 1770 2453 amiseris

182 2505 414 2548 carnem.
465 2492 682 2547 Exhibe
730 2492 842 2546 Deo
895 2491 1032 2547 hanc
1075 2493 1560 2561 perseverantiam,
1607 2499 1663 2546 et
1702 2507 1770 2547 ne

181 2584 326 2640 valde
353 2585 549 2640 timeas
588 2599 837 2655 poenam;
879 2594 973 2641 aut
1007 2585 1148 2639 enim
1177 2585 1394 2654 grandis
1419 2586 1544 2651 erit,
1581 2593 1636 2640 et
1662 2585 1770 2640 cito

181 2673 418 2742 finietur;
473 2685 567 2730 aut
611 2676 748 2731 levis
800 2675 934 2742 erit,
987 2686 1041 2732 et
1087 2691 1192 2732 non
1240 2676 1392 2731 valde
1439 2677 1769 2732 cruciabitur

177 2767 371 2821 anima.
409 2768 488 2822 Tu
523 2777 701 2823 tamen
730 2782 913 2830 exora,
942 2767 1064 2838 quia
1094 2768 1283 2824 luctari
1309 2767 1522 2836 coepisti
1545 2782 1642 2821 nec
1670 2767 1765 2822 de-

175 2858 379 2928 fecisti;
417 2862 736 2934 martyrium
769 2863 1056 2930 inchoasti,
1085 2862 1296 2918 custodi
1329 2862 1563 2917 animam
1595 2871 1763 2916 tuam.

179 2950 377 3019 Adjuro
418 2962 470 3007 te
518 2970 613 3024 per
657 2954 935 3010 Trinitatis
975 2955 1260 3021 unitatem,
1293 2970 1390 3025 pro
1429 2970 1530 3025 qua
1567 2954 1765 3022 pateris

171 3053 430 3114 mortem,
462 3061 615 3101 serva
661 3061 754 3101 cor
792 3059 962 3112 tuum,
996 3057 1052 3101 et
1081 3048 1343 3102 confirma
1376 3063 1470 3115 per
1503 3047 1762 3114 Spiritum

1884 1851 1966 1895 est
1997 1842 2195 1896 unitas.
2228 1842 2476 1912 Implevit
2505 1853 2681 1899 autem
2713 1860 2928 1901 carnem
2960 1849 3187 1921 Christi,
3225 1863 3279 1906 et
3308 1852 3470 1910 Pater

1881 1941 1935 1985 et
1963 1930 2193 2000 Spiritus
2222 1942 2473 1997 sanctus;
2517 1934 2611 1988 sed
2642 1934 2923 2003 maiestate
2961 1952 3067 1993 non
3098 1941 3463 2010 susceptione.

1884 2021 1975 2075 Vis
2013 2020 2151 2076 scire
2178 2023 2298 2091 quia
2331 2023 2385 2077 in
2426 2038 2494 2080 eo
2523 2025 2622 2080 fuit
2651 2025 2810 2080 Pater
2842 2042 2855 2083 :
2891 2025 3012 2081 Non
3048 2045 3161 2083 sum
3190 2032 3351 2099 solus,
3386 2033 3466 2087 in-

1877 2112 1996 2183 quit
2032 2111 2300 2181 Christus,
2339 2117 2431 2170 sed
2454 2125 2500 2170 et
2529 2115 2691 2171 Pater
2736 2134 2933 2172 mecum
2979 2131 3052 2174 est
3099 2119 3287 2191 (Joan.
3319 2127 3462 2193 xvt).

1879 2203 2015 2259 Audi
2054 2205 2122 2262 de
2166 2205 2368 2276 Spiritu
2412 2217 2620 2277 sancto,
2666 2210 2814 2282 quia,
2861 2211 3002 2283 quod
3049 2228 3170 2268 cum
3217 2229 3281 2269 eo
3326 2225 3461 2281 erat,

1876 2299 2200 2369 evangelista
2241 2299 2443 2356 referat
2477 2317 2490 2355 :
2521 2301 2672 2356 Iesus
2717 2301 2900 2372 plenus
2940 2303 3141 2375 Spiritu
3173 2313 3351 2360 sancto
3383 2323 3464 2360 re-

1874 2406 2076 2460 gressus
2101 2392 2170 2444 ad
2197 2390 2482 2447 Jordanem
2529 2393 2694 2464 (Luc.
2722 2393 2825 2464 IV).
2871 2395 3010 2451 Ecce
3041 2397 3186 2452 solus
3209 2397 3461 2454 Christus

1873 2481 2108 2551 suscepit
2136 2497 2382 2552 carnem,
2413 2493 2468 2540 et
2498 2493 2674 2541 tamen
2704 2485 2862 2542 Pater
2895 2495 2947 2542 et
2976 2487 3210 2557 Spiritus
3238 2497 3458 2548 sanctus

1875 2590 1978 2630 non
2023 2575 2310 2634 defuerunt
2354 2581 2656 2651 majestate.
2699 2583 2754 2638 Si
2793 2585 2993 2641 caelum
3035 2595 3089 2641 et
3127 2595 3326 2643 terram
3355 2587 3459 2641 im-

1872 2667 2040 2735 plent,
2055 2683 2274 2726 carnem
2292 2670 2494 2728 Christi
2509 2675 2760 2731 deserere
2783 2692 2888 2732 non
2911 2686 3223 2748 potuerunt,
3240 2679 3456 2749 quando

1873 2761 1924 2814 in
1955 2760 2249 2818 divinitatis
2278 2765 2491 2820 unitate
2519 2777 2844 2822 manserunt.

1943 2853 2023 2908 Ad
2047 2855 2170 2921 hoc,
2192 2857 2454 2911 citharam
2478 2859 2708 2929 respice,
2741 2868 2799 2914 ut
2819 2861 3081 2916 musicum
3109 2859 3282 2915 melos
3306 2860 3456 2917 sonis

1870 2945 2115 3002 dulcibus
2147 2949 2343 3002 reddat
2373 2969 2385 3004 :
2420 2952 2521 3004 tria
2568 2952 2772 3021 pariter
2815 2952 3008 3008 adesse
3043 2953 3314 3016 videntur,
3345 2966 3454 3018 ars,

1873 3051 2060 3091 manus
2084 3048 2139 3092 et
2165 3041 2390 3094 chorda.
2421 3042 2523 3096 Ars
2548 3043 2740 3110 dictat,
2773 3059 2964 3100 manus
3003 3045 3204 3113 tangit,
3236 3053 3458 3100 resonat

171 3145 441 3200 sanctum,
476 3152 635 3203 quem
672 3136 723 3188 in
755 3145 806 3190 te
834 3137 1124 3191 exsulflare
1150 3137 1368 3191 voluisti
1391 3177 1405 3200 ,
1437 3146 1491 3191 et
1521 3150 1680 3204 quem
1714 3136 1761 3188 in

1871 3126 2092 3182 chorda.
2141 3128 2268 3182 Tria
2316 3141 2640 3199 operantur,
2692 3135 2785 3188 sed
2829 3135 2942 3188 sola
2989 3135 3188 3188 chorda
3237 3147 3457 3190 resonat

169 3239 214 3284 te
247 3229 558 3284 honorasti.
585 3231 826 3299 Conllige
871 3231 1080 3285 fortiter
1120 3246 1214 3298 per
1259 3232 1547 3298 puritatem
1595 3229 1766 3298 bapti-

165 3321 294 3385 smi,
330 3319 478 3388 quod
521 3329 866 3375 contemnere
897 3321 1134 3377 noluisti.
1168 3323 1402 3378 Securus
1435 3333 1551 3377 esto
1581 3322 1646 3376 de
1675 3337 1766 3377 co-

168 3427 331 3477 rona;
367 3425 598 3467 securus
638 3428 828 3481 pugna,
875 3413 1050 3468 donec
1091 3413 1326 3469 voluerit
1373 3414 1466 3469 tibi
1503 3415 1763 3470 Dominus

168 3503 469 3559 terminare
520 3503 824 3559 victoriam.
885 3505 1083 3560 Probat
1131 3507 1291 3561 modo
1342 3507 1484 3562 Deus
1522 3509 1759 3562 animum

173 3605 339 3662 tuum;
368 3595 443 3650 ibi
472 3605 555 3652 est
584 3597 772 3652 oculus
796 3597 890 3653 Dei
923 3615 936 3650 :
967 3599 1362 3668 contemplatur
1387 3606 1440 3654 te
1460 3600 1528 3654 de
1554 3599 1684 3653 hora
1709 3600 1761 3654 in

161 3687 386 3756 ,horam,
424 3689 552 3757 quid
593 3704 744 3758 agas,
789 3689 913 3758 quid
955 3690 1181 3758 cogites,
1215 3691 1488 3760 quomodo
1535 3705 1758 3760 pugnes,

173 3780 441 3846 ‘quomodo
472 3790 603 3834 stes.
641 3781 695 3836 Si
729 3781 940 3835 firmum
972 3789 1023 3834 te
1055 3781 1270 3846 viderit,
1301 3781 1501 3852 gaudet
1526 3791 1583 3836 et
1610 3782 1760 3851 adju-

178 3879 282 3934 vat;
310 3873 353 3927 si
378 3871 675 3938 infirmum,
705 3872 971 3927 succurrit
1002 3868 1350 3928 et‘sublevat.

242 3961 317 4016 Tu
345 3970 528 4017 tamen
551 3971 698 4017 certa
742 3979 837 4032 pro
862 3963 1089 4018 veritate
1120 3979 1289 4034 usque
1319 3963 1386 4017 ad
1417 3971 1677 4028 mortem;
1709 3971 1762 4018 et

182 4055 276 4110 eris
304 4072 408 4110 non
434 4058 610 4110 solum
641 4057 760 4122 tibi,
793 4057 884 4111 sed
913 4064 968 4111 et
995 4058 1206 4111 czeteris
1233 4057 1286 4111 in
1314 4056 1542 4111 salutem
1576 4075 1587 4108 :
1621 4055 1755 4110 alio-

182 4147 292 4214 quin
319 4165 346 4202 a
373 4158 425 4205 te
456 4150 602 4203 Deus
623 4150 800 4220 exiget
824 4160 876 4205 et
903 4159 1045 4204 tuam
1077 4151 1312 4204 animam
1339 4159 1394 4204 et
1421 4150 1645 4204 alienas.
1677 4148 1761 4204 Si-

184 4239 337 4304 gnifcr
382 4257 442 4297 es
488 4240 726 4307 Christi;
775 4243 826 4296 in
875 4241 992 4296 acie
1034 4242 1241 4312 primus
1290 4241 1531 4296 ambulas
1568 4259 1578 4292 :
1610 4244 1654 4294 si
1704 4250 1758 4294 tu

186 4331 446 4399 cecideris,
480 4334 550 4388 ab
585 4335 810 4388 aliorum
846 4344 1021 4388 morte
1051 4349 1156 4389 non
1186 4334 1294 4388 eris
1322 4333 1596 4388 immunis.
1635 4332 1758 4388 lianc

187 4420 296 4478 time
326 4443 335 4478 :
368 4442 494 4480 nam
525 4434 608 4491 et,
648 4424 696 4479 si
728 4427 944 4491 viceris,
986 4439 1084 4495 pro
1119 4425 1412 4479 multorum
1453 4425 1629 4479 salute
1661 4441 1758 4494 pu-

1872 3217 2013 3286 qnod
2056 3218 2288 3274 auditur.
2318 3220 2428 3276 Nec
2467 3237 2555 3278 ars
2595 3238 2695 3278 nec
2736 3240 2926 3279 manus
2963 3240 3156 3280 sonum
3200 3225 3452 3292 reddunt,

1869 3308 1964 3363 sed
1987 3325 2110 3366 eum
2138 3324 2258 3366 cum
2289 3312 2487 3368 chorda
2512 3317 2713 3385 pariter
2741 3327 3053 3386 operantur.
3077 3318 3165 3374 Sic
3188 3334 3286 3375 nec
3303 3319 3457 3376 Pater

1870 3415 1967 3455 nec
1998 3401 2230 3470 Spiritus
2274 3415 2490 3460 sanctus
2534 3407 2837 3480 suscipiunt
2874 3423 3113 3476 carnem,
3147 3411 3243 3466 sed
3274 3421 3455 3467 tamen

1868 3507 1988 3547 cum
2018 3494 2156 3548 Filio
2182 3498 2387 3566 pariter
2413 3510 2724 3568 operantur.
2754 3501 2956 3558 Sonum
2984 3502 3097 3556 sola
3127 3502 3326 3558 chorda
3355 3518 3452 3559 ex-

1866 3587 2019 3656 cipit,
2044 3602 2263 3644 carnent
2291 3591 2438 3645 solus
2470 3591 2719 3648 Christus
2745 3596 2971 3664 accepit.
3001 3595 3255 3666 Operatio
3283 3596 3335 3651 in
3362 3597 3455 3652 tri-

1867 3680 1967 3736 bus
1991 3689 2222 3748 constat;
2246 3683 2339 3737 sed
2362 3685 2634 3753 quomodo
2661 3688 2888 3755 pertinet
2908 3691 2973 3742 ad
2998 3690 3165 3744 solam
3192 3689 3451 3744 chordam

1865 3773 1982 3827 soni
2015 3773 2266 3841 redditio,
2299 3775 2382 3830 sic
2413 3777 2641 3844 pertinet
2679 3779 2743 3832 ad
2777 3781 2950 3832 solum
2979 3778 3249 3835 Christum
3274 3782 3454 3838 carnis

1866 3863 2114 3920 humana)
2154 3867 2444 3937 susceptio.
2486 3868 2610 3921 llaec
2653 3882 2682 3920 a
2724 3883 2888 3937 parvo
2918 3869 2971 3922 in
3001 3871 3190 3937 grandi
3220 3886 3455 3927 maerore

1865 3959 2060 4028 posito,
2093 3969 2153 4014 ut
2189 3975 2540 4032 quiscumque
2571 3960 2710 4016 dicta
2743 3961 2871 4028 sint,
2902 3959 2990 4014 vix
3018 3960 3170 4014 cordi
3201 3976 3322 4016 meo
3362 3977 3428 4018 oc

1863 4068 2084 4110 currere
2125 4064 2434 4124 potuerunt.
2473 4056 2594 4110 Haec
2633 4064 2715 4110 est
2755 4061 2900 4110 recta
2940 4053 3124 4124 regula
3173 4053 3318 4108 ﬁdei.
3350 4054 3453 4110 Pro

1864 4146 1963 4202 hac
2011 4149 2057 4202 si
2096 4149 2226 4218 quid
2276 4149 2371 4204 tibi
2423 4151 2736 4220 contigerit,
2787 4149 3106 4222 martyrium
3152 4148 3450 4220 perfecisti.

1862 4237 2112 4293 Christus
2140 4240 2323 4308 alapas
2355 4241 2580 4311 accepit,
2627 4241 2877 4297 Christus
2908 4249 3065 4312 sputa
3090 4242 3261 4296 aliena
3293 4240 3453 4296 susti-

1863 4329 2000 4395 nuit,
2038 4327 2289 4385 Christus
2335 4331 2462 4386 felle
2508 4342 2562 4387 et
2603 4342 2760 4388 aceto
2811 4343 3024 4400 potatus
3068 4341 3172 4397 est,
3204 4331 3452 4386 Christus

1861 4423 2030 4492 spinis
2051 4432 2343 4479 coronatus
2368 4433 2471 4490 est,
2504 4425 2749 4480 Christus
2775 4425 3063 4480 cruciﬁxus
3087 4432 3190 4490 est,
3226 4433 3280 4479 et
3309 4424 3452 4479 inter

185 4517 359 4582 gnasti,
383 4529 436 4573 et
469 4533 728 4572 coronam
760 4516 1115 4585 multiplicem
1146 4517 1418 4585 accepisti.
1453 4516 1594 4570 Deus
1617 4530 1754 4570 unus
1783 4494 1837 4554 Ῑ)
1863 4516 2104 4570 latrones
2128 4515 2347 4586 iniquos
2366 4517 2650 4586 deputatus
2672 4526 2754 4572 est
2770 4518 2968 4586 justus;
2997 4516 3244 4572 Christus
3267 4517 3452 4574 lancea

188 4615 274 4672 est,
313 4609 449 4664 Deus
481 4625 588 4664 non
622 4619 798 4680 potest
843 4624 962 4665 esse
1005 4609 1203 4676 minor,
1245 4609 1388 4663 Deus
1428 4622 1535 4662 non
1579 4618 1755 4679 potest

187 4696 453 4757 immutari.
509 4703 626 4758 Scis
660 4703 780 4767 ista,
831 4711 954 4756 tene
1006 4701 1217 4757 fortiter
1265 4702 1569 4756 veritatem.
1613 4700 1752 4755 Audi

187 4798 345 4845 autem
374 4794 606 4850 breviter
627 4794 770 4864 quod
803 4793 1061 4864 prmmisi.
1093 4793 1238 4847 Deus
1263 4805 1402 4846 unus
1432 4800 1517 4846 est
1549 4810 1562 4846 :
1596 4792 1753 4846 Pater

188 4891 233 4934 et
275 4886 427 4942 Filius
472 4896 527 4943 et
574 4889 803 4958 Spiritus
851 4897 1090 4952 sanctus,
1139 4895 1192 4940 et
1234 4895 1410 4941 tamen
1458 4884 1523 4938 ad
1575 4885 1750 4939 solum

187 4975 432 5038 Christum
462 4984 699 5052 pertinet
719 4997 866 5036 caro.
889 4981 1090 5050 Nempe
1112 4980 1256 5034 aliud
1279 4988 1362 5034 est
1386 4979 1584 5047 anima,
1607 4977 1750 5033 aliud

187 5069 332 5124 ratio:
359 5084 410 5128 et
437 5086 615 5129 tamen
642 5075 693 5129 in
720 5074 895 5128 anima
922 5083 1007 5128 est
1038 5072 1196 5126 ratio.
1225 5071 1291 5124 Et
1315 5085 1415 5124 una
1445 5080 1528 5125 est
1548 5071 1748 5135 anima;

188 5161 267 5212 sed
297 5164 426 5222 aliud
459 5168 638 5221 anima
671 5165 800 5236 agit,
833 5165 978 5220 aliud
1011 5164 1148 5218 ratio
1178 5181 1192 5217 :
1226 5163 1400 5217 anima
1426 5162 1577 5229 vivit,
1612 5164 1752 5218 ratio

185 5253 414 5320 iapit.Ad
445 5261 679 5315 animam
710 5258 944 5327 pertinet
970 5257 1110 5321 vita;
1140 5257 1204 5311 ad
1231 5255 1493 5311 rationem
1518 5257 1751 5323 pertinet

186 5349 421 5413 sapientia
458 5373 474 5409 :
505 5365 559 5410 et
589 5365 766 5410 tamen
797 5367 897 5408 nec
926 5353 1105 5409 anima
1137 5360 1222 5407 est
1242 5351 1359 5407 sine
1387 5352 1619 5418 ratione,
1649 5366 1751 5407 nec

193 5441 312 5494 ratio
339 5444 449 5501 sine
471 5447 671 5511 anima;
704 5454 758 5500 et
787 5461 907 5500 cum
933 5460 1096 5500 unum
1127 5444 1254 5508 sint,
1275 5442 1454 5497 anima
1487 5443 1601 5498 sola
1632 5459 1756 5497 sus-

189 5533 310 5597 cepit
330 5538 510 5606 vitam,
536 5541 672 5595 ratio
698 5539 813 5596 sola
846 5539 1087 5608 suscepit
1109 5537 1455 5607 sapientiam.
1486 5538 1575 5592 Sic
1602 5537 1761 5594 Pater

188 5630 238 5675 et
252 5625 415 5700 Filius,
434 5633 558 5689 licet
576 5650 739 5689 unum
759 5634 884 5701 sint,
901 5642 956 5690 et
970 5647 1112 5688 unus
1125 5632 1267 5687 Deus
1284 5633 1377 5698 sit,
1394 5640 1572 5688 tamen
1592 5633 1656 5686 ad
1676 5648 1762 5690 so-

191 5723 264 5768 Um
291 5717 556 5782 Christum
581 5727 812 5796 pertinet
833 5740 983 5792 caro,
1006 5723 1145 5780 sicut
1181 5722 1248 5777 ad
1284 5723 1452 5777 solam
1482 5722 1759 5780 rationem

1863 4606 2171 4677 perforatus
2216 4614 2319 4671 est,
2360 4607 2600 4661 Christus
2633 4608 2748 4662 hac
2791 4623 2892 4678 pro
2933 4610 3085 4678 culpa
3113 4617 3225 4674 tua,
3252 4621 3453 4681 quanto

1863 4701 2030 4770 magis
2063 4708 2119 4752 tu
2147 4699 2332 4754 firmus
2362 4708 2508 4754 stare
2534 4701 2698 4755 debes
2722 4715 2822 4770 pro
2853 4701 3034 4756 anima
3066 4711 3178 4767 tua,
3211 4714 3268 4757 ut
3294 4719 3452 4758 nemo

1862 4794 2018 4849 tollat
2039 4807 2295 4848 coronam
2326 4801 2490 4847 tuam.
2515 4792 2632 4847 Jam
2659 4794 2711 4848 in
2742 4794 2916 4848 stadio
2941 4810 3021 4860 es;
3044 4796 3192 4850 calca
3216 4795 3449 4861 fortiter,

1863 4901 1930 4940 ne
1959 4885 2169 4950 timeas;
2215 4883 2345 4938 nihil
2394 4899 2611 4954 paveas,
2652 4884 2784 4940 nihil
2825 4886 3037 4955 penitus
3073 4888 3449 4957 pertimescas,

1858 4978 1984 5049 quia
2007 4979 2184 5033 omnis
2207 4993 2306 5048 pro
2335 4987 2388 5032 te
2416 4978 2657 5033 Ecclesia
2680 4979 3005 5049 deprecatur
3030 4989 3085 5034 ut
3103 4981 3304 5038 vincas.
3340 4976 3447 5037 Es-

1855 5079 2066 5141 spectat
2112 5081 2164 5125 te
2208 5071 2450 5127 Ecclesia
2493 5072 2758 5127 Catholica
2816 5082 3108 5144 martyrem
3156 5089 3342 5141 suum,
3395 5087 3452 5129 ut

1856 5163 2175 5220 honorificet
2206 5165 2346 5220 sicut
2374 5163 2711 5234 Stephanum
2744 5179 2923 5220 suum.
2955 5165 3090 5222 Vide
3120 5183 3187 5223 ne
3219 5168 3452 5223 confun-

1853 5257 1949 5312 das
1975 5272 2072 5312 nos
2102 5257 2156 5312 in
2189 5255 2292 5311 hoc
2323 5255 2539 5311 saeculo.
2572 5255 2706 5310 Vide
2732 5270 2800 5311 ne
2825 5254 3078 5311 humilies
3117 5271 3216 5313 nos
3243 5259 3294 5311 in
3325 5272 3452 5311 con~

1865 5360 2050 5421 spectu
2113 5349 2566 5405 adversariorum.
2636 5347 2883 5404 Sustinet
2946 5357 3124 5405 tecum
3192 5349 3454 5405 Dominus

1867 5442 2131 5510 Christus,
2161 5443 2388 5498 sustinet
2419 5450 2596 5496 tecum
2622 5440 2889 5496 Ecclesia.
2913 5440 3047 5497 Esto
3074 5441 3453 5497 securissimus

1869 5539 1936 5595 de
1957 5552 2178 5604 corona;
2208 5552 2316 5594 non
2344 5539 2534 5593 timeas
2561 5537 2774 5606 penitus
2798 5534 3072 5608 praeterita
3096 5549 3452 5606 quaecumque

1868 5635 2208 5692 committere
2237 5631 2455 5702 potuisti
2496 5638 2735 5701 peccata.
