4028 6184
520 243 634 324 's'ts

1805 258 1858 317 S.
1905 258 2180 317 XYSTUS
2219 259 2287 315 111
2328 259 2530 317 PAPA.

3703 258 3815 314 576

520 386 633 440 tina
668 382 719 437 in
771 389 961 454 crypta
1003 381 1156 450 juxta
1193 394 1393 450 corpus
1421 379 1561 435 beati
1595 378 1868 434 Laurentii
1893 377 2113 448 [Baller.
2143 389 2193 446 Α
2223 388 2565 449 episcopatus
2591 375 2706 434 dies
2735 376 2924 449 viginti
2950 376 3085 434 duos
3115 377 3218 449 (a).

521 477 591 532 ad
621 475 680 531 S.
717 473 1089 543 Laurentium]
1131 472 1440 528 vkalendas
1487 471 1708 542 Aprilis.
1763 472 1830 526 Et
1878 473 2111 526 cessavit

523 639 668 694 mina
699 636 896 704 scripta
931 632 1144 687 fuerunt
1169 651 1179 684 :
1202 632 1527 704 primumde
1548 631 1772 704 divitiis;
1814 630 2108 704 secundum

524 711 590 762 de
623 706 775 759 malis
795 701 1128 768 doctoribus,
1154 705 1406 773 operibus
1432 703 1551 755 fidei
1587 715 1638 755 et
1663 702 1867 770 judicio
1899 701 2106 766 futuro;

524 780 738 832 tertium
765 791 895 829 vero
926 774 992 829 de
1021 776 1286 829 castitate.
1323 774 1446 828 llaec
1479 774 1883 841 Pelagianismis
1911 773 2107 827 referta

522 864 643 904 esse
675 845 910 900 ostendit
962 847 1225 899 Baroniua
1255 861 1382 898 ann.
1413 843 1538 909 Mt),
1574 861 1720 898 num.
1757 845 1813 908 7,
1857 845 1910 909 8,
1955 845 2005 908 9,
2045 845 2110 898 10

522 932 576 974 et
611 920 694 982 11,
729 934 794 972 ex
833 932 899 971 eo
931 916 1070 984 quod
1107 917 1279 985 primo
1315 917 1588 969 volumine
1618 915 1963 983 Pelagianum
2008 914 2108 969 hoc

525 993 820 1053 coiitineat,
857 1003 961 1041 non
997 1002 1153 1054 posse
1182 989 1375 1040 salvari
1405 986 1644 1048 divitem,
1679 989 1777 1039 nisi
1806 987 1984 1039 omnia
2013 1001 2106 1039 sua

528 1062 855 1130 pauperibus
883 1069 1100 1127 eroget;
1126 1129 1131 1130 γ
1157 1060 1396 1112 secundo
1440 1057 1709 1130 volumine
1740 1059 1923 1130 omnia
1945 1071 2106 1124 opera

527 1127 696 1184 libero
724 1130 966 1193 arbitrio,
1002 1129 1186 1196 gratia:
1217 1129 1414 1182 divinae
1446 1128 1577 1181 nihil
1613 1128 1844 1191 tribuat;
1896 1127 2111 1181 demum

527 1202 669 1270 quod
703 1203 860 1255 tertio
887 1201 1158 1253 volumine
1208 1214 1302 1254 eos
1347 1199 1659 1270 subsannet,
1704 1199 1794 1268 qui
1835 1201 2112 1270 exwgratia

530 1269 623 1326 Dei
658 1273 855 1326 bonum
893 1273 1153 1325 castitatis
1194 1269 1485 1340 provenire
1523 1272 1870 1340 contendant.
1897 1269 1990 1322 His
2021 1269 2114 1322 ita-

530 1357 634 1410 que
660 1342 936 1396 coloribus
967 1339 1210 1395 libellum
1246 1341 1530 1394 manifeste
1558 1341 1686 1393 satis
1714 1339 2112 1410 depictum,qui

533 1428 640 1466 non
669 1413 784 1465 sine
817 1412 966 1482 gravi
997 1411 1234 1482 periculo
1278 1411 1517 1464 ﬁdelium
1551 1412 1767 1465 nomine
1807 1412 1942 1464 Sixti
1976 1411 2113 1464 haud

534 1483 743 1554 pridem
784 1481 1017 1538 excusus
1058 1481 1181 1548 fuit,
1231 1482 1400 1536 lector
1431 1495 1682 1552 agnosce,
1712 1497 1796 1552 ,ne
1833 1482 1900 1536 de
1950 1496 2114 1536 aureo

1683 1649 1800 1656 ορ-..
1843 1648 1946 1654 ——.._

2216 631 2383 686 ealice
2429 629 2718 702 Babylonis
2745 645 2986 696 venena,
3021 631 3214 702 insigni
3243 630 3464 686 nomine
3496 630 3811 697 honestata,

2217 702 2388 756 bibas.
2424 702 2551 757 διν.
2589 702 2792 756 Βιαιυε.
3615 745 3619 748 .

2289 773 2364 843 (τι)
2403 772 2592 826 Verius
2646 772 3002 842 quadraginta
3055 772 3284 828 duobus.
3335 772 3409 843 Ita
3439 770 3582 827 enim
3617 772 3825 827 scribit

2213 841 2430 898 sanctus
2460 841 2697 912 Prosper
2729 847 2779 897 in
2804 841 3004 898 Chron.
3035 859 3161 898 ann.
3186 843 3329 901 H0:
3367 841 3623 912 Defuncto
3650 843 3822 897 Sixto

2214 915 2453 986 pontiﬁce
2480 914 2715 986 kalendis
2740 915 2959 982 Aprilis,
2986 915 3336 986 quadraginta
3368 915 3586 986 amplius
3619 914 3821 967 diebus

2216 984 2454 1037 Romana
2485 985 2716 1038 Ecclesia
2736 988 2846 1038 sine
2867 984 3094 1040 antistite
3116 984 3238 1055 fuit,
3269 985 3487 1038 mirabili
3510 1000 3631 1054 pace
3657 994 3827 1053 atque

2216 1057 2462 1126 patientia
2511 1055 2782 1110 adventant
2820 1057 3026 1111 diaconi
3068 1056 3255 1111 Leonis
3307 1065 3632 1126 exspectans:
3662 1071 3827 1124 quem

2219 1138 2339 1180 tunc
2358 1129 2487 1179 inter
2509 1128 2710 1180 Aetium
2734 1139 2778 1179 et
2801 1127 3043 1180 Albinum
3061 1129 3250 1198 (duces
3273 1126 3500 1198 Romani
3517 1127 3826 1198 exercitus)

2218 1198 2458 1270 amicitia:
2488 1198 2911 1270 redintegranda:
2936 1196 3103 1270 causa
3134 1197 3321 1253 Gallia
3347 1196 3662 1270 detinebant,
3709 1206 3824 1270 etc.

2223 1268 2278 1321 In
2313 1268 2453 1322 hunc
2484 1269 2664 1338 itaque
2697 1266 2886 1323 'locum
2919 1269 3189 1323 Anastasii
3236 1267 3506 1338 mendum,
3534 1266 3828 1338 irrepsisse

2221 1339 2440 1394 dubium
2471 1337 2705 1394 nonest.
2734 1339 2932 1394 Baron.
2967 1349 3115 1396 torno
3151 1339 3242 1405 Vl,
3275 1353 3416 1394 anno
3446 1337 3574 1403 440,
3607 1352 3756 1393 num.
3789 1338 3816 1392 1

2221 1420 2274 1464 et
2299 1409 2354 1462 2.
2380 1410 2514 1465 δεν.
2549 1410 2752 1466 Brutus.

2319 1650 2322 1652 .
2355 1647 2404 1654 υ
2429 1647 2646 1656 ----ο-.οσ-

1757 1755 2088 1818 NOTITIA
2135 1755 2597 1817 GALLANDII.

1628 1904 1721 1968 (Ex
1749 1904 1876 1954 Bibl.
1897 1904 2034 1953 γεω..
2062 1903 2196 1953 Patr.
2226 1902 2447 1952 Galland.
2474 1910 2590 1954 tom.
2617 1902 2726 1963 IX.)

611 2075 662 2128 1.
696 2068 989 2127 Caelestino
1018 2066 1107 2134 qni
1135 2077 1280 2118 anno
1310 2061 1435 2128 152,
1466 2069 1704 2116 exeunte
1731 2060 1896 2126 Julio,
1933 2074 1996 2114 ex
2029 2058 2130 2112 hac
2160 2059 2207 2120 B
2233 2067 2328 2125 est,
2363 2059 2692 2115 dilectissime
2718 2061 2898 2130 frater,
2935 2070 2991 2114 ut
3032 2064 3230 2135 proprii
3273 2065 3396 2118 doni
3436 2073 3625 2134 custos,
3659 2070 3837 2124 eccle-

540 2169 650 2222 vita
686 2164 954 2235 migravit,
994 2160 1179 2214 Xistus
1223 2157 1385 2225 paulo
1430 2165 1547 2224 post
1580 2153 1847 2207 sufﬁcitur
1887 2159 2046 2219 atque
2079 2152 2130 2204 in

543 2258 839 2313 Romanam
873 2252 1056 2307 sedem
1086 2249 1354 2304 evehitur.
1385 2247 1488 2314 Qui
1516 2261 1638 2299 cum
1671 2244 1818 2298 /Etio
1848 2253 1892 2296 et
1924 2242 2135 2296 Valerio

543 2367 674 2404 coss.
720 2356 936 2403 creatus
977 2344 1144 2397 fuerit
1184 2341 1446 2411 pontifex,
1497 2348 1777 2408 postquam
1818 2338 1964 2391 annis
2012 2336 2044 2389 8
2087 2342 2135 2387 et

550 2440 729 2492 diebus
763 2440 827 2492 18
869 2435 1237 2504 pontiﬁcatum
1270 2433 1546 2501 gessisset,
1579 2445 1720 2484 anno
1761 2429 1975 2484 deruunt
2003 2427 2130 2493 440,

560 2529 922 2583 Valentiniano
951 2536 1169 2596 augusto
1208 2541 1240 2577 v
1280 2533 1326 2577 et
1365 2522 1605 2576 Anatolio
1644 2538 1776 2574 coss.
1810 2537 1840 2575 c
1871 2521 2003 2575 vivis
2043 2535 2136 2574 ex-

546 2620 730 2684 cessit,
764 2627 822 2673 ut
845 2633 909 2673 ex
940 2617 1193 2686 Prosperi
1225 2614 1494 2669 Chronico
1514 2613 1793 2669 erudimur
1825 2612 1922 2683 (a).
1955 2613 2029 2666 De
2051 2611 2137 2666 die

546 2720 724 2766 autem
764 2718 818 2764 et
856 2724 1040 2764 mense
1071 2723 1178 2777 quo
1214 2707 1326 2761 sive
1359 2706 1520 2759 fuerit
1554 2703 1856 2770 ordinatus,
1889 2704 2003 2757 sive
2041 2718 2135 2757 su-

548 2818 791 2873 premum
830 2802 974 2857 diem
1017 2800 1295 2862 clauserit,
1341 2797 1479 2850 haud
1522 2809 1752 2850 concors
1782 2803 1866 2849 est
1895 2794 2135 2848 erudito-

544 2911 664 2950 rum
696 2895 984 2950 sententia.
1017 2891 1120 2946 Alii
1164 2891 1306 2944 enim
1344 2889 1461 2956 ejus
1503 2887 1899 2941 ordinationem
1944 2885 2032 2940 die
2067 2887 2130 2939 51

544 2989 696 3053 Julii,
743 3002 860 3055 qua}
905 2986 959 3040 in
1003 2984 1143 3038 diem
1195 2981 1524 3036 Dominicam
1572 2978 1861 3044 incidebat,
1908 2987 2134 3032 mortem

544 3097 677 3137 vero
706 3081 792 3136 die
837 3081 903 3135 18
955 3076 1177 3147 Augusti
1209 3073 1627 3146 consignandam
1659 3081 1880 3128 censent
1903 3072 1998 3143 (b).
2033 3072 2134 3127 Alii

546 3183 726 3229 autem
776 3172 935 3242 paulo
975 3171 1152 3224 aliter.
1210 3187 1228 3220 ‹
1284 3167 1336 3222 In
1381 3167 1521 3222 libro
1566 3165 1890 3231 Pontificali,
1937 3166 2012 3218 ait
2053 3165 2137 3218 vir

547 3265 741 3320 doctus
788 3261 883 3328 (ε),
933 3263 1015 3316 cui
1066 3269 1430 3330 pervetustum
1486 3256 1761 3324 exemplar
1803 3254 2136 3309 Corbeiense

547 3359 745 3428 aliique
802 3355 1160 3410 Romanorum
1210 3352 1516 3422 pontiﬁcum
1559 3359 1767 3404 veteres
1811 3346 2034 3416 catalogi
2075 3360 2138 3401 ac

2239 2152 2500 2205 siasticam
2540 2169 2713 2221 pacem
2743 2168 3045 2209 conservare
3085 2155 3348 2226 dignetur.
3383 2157 3651 2213 Praeterea
3693 2159 3834 2214 illud

2240 2257 2453 2312 quoque
2490 2244 2810 2312 praeclarum
2853 2253 2981 2300 tunc
3018 2247 3232 2313 accidit,
3273 2248 3414 2318 quod
3456 2250 3575 2318 ejus
3614 2251 3839 2307 Ordina-

2244 2333 2375 2388 tioni
2407 2344 2550 2388 totus
2587 2335 2778 2389 Oriens
2817 2336 3216 2405 quodammodo
3259 2340 3586 2407 interfuerit,
3631 2344 3837 2414 quippe

2241 2444 2359 2498 quae
2390 2436 2605 2498 peracta
2638 2429 2708 2484 sit
2740 2431 3098 2496 praesentibus
3126 2431 3465 2503 Hermogene
3503 2449 3566 2488 ac
3603 2435 3839 2507 Lampe-

2243 2520 2316 2573 tio
2367 2520 2742 2588 episcoporum
2794 2519 3146 2576 Orientalium
3194 2524 3404 2594 legatis.
3450 2523 3540 2580 Sic
3585 2527 3736 2579 enim
3786 2528 3838 2582 in

2242 2612 2428 2666 eadem
2475 2611 2540 2666 ad
2583 2609 2844 2682 Cyrillum
2875 2613 3106 2682 epistola
3143 2616 3379 2686 loquitur
3406 2627 3624 2673 sanctus
3654 2619 3838 2686 ponti-

2242 2704 2326 2757 fex
2359 2705 2435 2775 (g)
2463 2721 2478 2759 :
2511 2702 2751 2758 Gratiam
2777 2705 3015 2761 habentes
3045 2707 3142 2762 Dei
3163 2711 3322 2764 nostri
3357 2711 3493 2763 circa
3525 2728 3616 2765 nos
3645 2712 3836 2766 huma-

2241 2797 2413 2860 nitati,
2441 2798 2577 2865 quod
2608 2814 2666 2851 eo
2701 2807 2923 2868 tempore
2958 2816 3056 2866 quo
3092 2817 3183 2854 nos
3220 2801 3288 2854 ad
3322 2818 3625 2872 supremum
3660 2821 3841 2859 sacer-

2242 2887 2370 2941 dotii
2404 2890 2597 2959 apicem
2638 2906 2820 2942 vocare
2862 2891 3106 2962 dignatus
3145 2903 3241 2957 est,
3283 2895 3529 2948 concessit
3569 2897 3717 2950 nobis
3766 2915 3840 2952 se-

2241 2983 2469 3033 cundum
2498 2982 2737 3047 pietatem
2768 2991 2929 3046 tuam,
2953 2986 3278 3054 prwsentiam
3299 2995 3588 3039 sanctorum
3605 2987 3841 3057 fratrum

2242 3080 2288 3126 et
2318 3073 2738 3143 coepiswporum
2768 3087 3062 3129 nostrorum
3089 3075 3431 3148 Hermogenis
3460 3087 3506 3132 et
3537 3077 3804 3147 Lampetii
3821 3098 3838 3144 ,'

2242 3171 2532 3224 necessario
2554 3172 2621 3223 ad
2647 3179 2866 3224 vestram
2892 3171 3265 3241 fraternitatem
3291 3189 3381 3241 per
3396 3189 3480 3226 eos
3510 3173 3600 3226 has
3631 3173 3836 3229 litteras

2243 3263 2499 3329 dedimus,
2522 3272 2671 3316 testes
2703 3264 3045 3317 ordinationis
3071 3272 3281 3317 nostrae.
3315 3263 3380 3317 In
3402 3263 3482 3318 liis
3501 3265 3637 3318 enim
3657 3281 3835 3320 omnes

2243 3369 2327 3406 vos
2370 3370 2402 3406 a
2438 3356 2617 3420 quibus
2659 3354 2739 3407 illi
2781 3355 2922 3409 missi
2964 3356 3192 3425 fuerunt,
3227 3355 3446 3410 astitisse
3470 3356 3835 3412 credidimus:

549 3451 806 3518 Prosper,
850 3449 1041 3500 saltem
1090 3448 1141 3497 in
1184 3446 1473 3498 novissima
1516 3442 1775 3506 editione,
1819 3439 2126 3503 concinunt,

2240 3447 2656 3514 quandoquidem
2694 3447 2987 3500 nullatenus
3025 3445 3296 3500 intervallo
3337 3456 3665 3515 separantur,
3703 3464 3835 3518 quos

550 3539 693 3594 idem
738 3537 976 3604 pontifex
1018 3535 1173 3587 annis
1217 3536 1249 3589 8
1288 3550 1348 3587 ac
1387 3534 1575 3588 diebus
1607 3534 1671 3588 18
1709 3532 1962 3587 Ecclesia:
1993 3545 2133 3599 prae-

555 3632 724 3688 fuisse
755 3629 970 3684 dicitur.
1002 3629 1342 3696 Quapropter
1378 3627 1646 3681 Antonius
1675 3626 1867 3695 Pagius
1902 3626 2016 3693 ejus
2042 3638 2132 3676 or-

550 3726 883 3780 dinationem
939 3723 990 3776 in
1053 3721 1252 3776 mensis
1297 3721 1424 3775 Julii
1477 3721 1603 3775 anni
1657 3718 1765 3773 452
1822 3718 2133 3788 vigesimum

550 3827 796 3890 quartam
844 3832 962 3884 qua:
1004 3813 1272 3871 dominica
1305 3823 1442 3878 erat,
1481 3821 1535 3868 et
1577 3812 1783 3865 obitum
1816 3811 1866 3864 in
1903 3809 1960 3862 11
1993 3808 2134 3862 diem

549 3910 751 3967 mensis
783 3911 1005 3980 Augusti
1035 3909 1160 3964 anni
1193 3908 1318 3975 440,
1349 3908 1528 3963 differt
1556 3906 1675 3975 (d);
1708 3904 1874 3957 fultus
1905 3915 2134 3969 praeserv

552 4004 648 4058 tim
688 4002 868 4058 verbis
908 4002 1183 4071 PrOSperi,
1215 4001 1305 4069 qui
1335 4014 1403 4055 eo
1431 3996 1684 4050 defuncto
1714 3993 2059 4062 quadraginta
2089 3999 2136 4044 et

548 4094 769 4165 amplius
799 4092 975 4146 diebus
1004 4097 1375 4158 exspectatum
1410 4085 1594 4150 tradit,
1620 4092 1677 4137 ut
1705 4084 1755 4136 in
1789 4083 1932 4136 illius
1956 4083 2134 4136 locum

550 4185 909 4240 sufﬁceretur.
946 4180 1118 4249 Major
1155 4190 1334 4232 tamen
1366 4185 1512 4231 esset
1550 4189 1670 4229 cum
1704 4173 1972 4244 praedictis
2000 4174 2136 4228 Pro-

547 4276 694 4346 speri
723 4275 904 4330 verbis
931 4270 1239 4336 consensio,
1271 4271 1316 4323 si
1348 4269 1574 4339 Xystum
1606 4267 1749 4321 circa
1779 4265 1905 4320 Julii
1932 4267 2134 4319 exitum

551 4368 752 4424 obiisse
779 4374 1091 4436 poneretur.
1124 4383 1142 4415 s
1180 4363 1306 4416 Haec
1335 4361 1444 4415 ille.

619 4461 673 4513 2.
726 4460 1100 4515 Pontificatum
1153 4456 1272 4511 iniit
1313 4469 1557 4510 summus
1597 4452 1846 4516 antistes,
1887 4452 1961 4506 ait
2004 4451 2136 4506 Pro-

549 4567 674 4624 sper
715 4551 813 4623 (e),
865 4553 1021 4605 totius
1066 4549 1219 4604 Urbis
1260 4565 1381 4618 pace
1425 4557 1470 4602 et
1514 4547 1842 4602 consensione
1887 4545 2135 4600 mirabili.

550 4649 717 4716 Cujus
770 4646 984 4717 quidem
1042 4645 1118 4700 rei
1175 4655 1368 4700 testem
1424 4643 1788 4712 locupletem,
1849 4643 2138 4711 ipsummet

549 4741 776 4812 Xystum
819 4740 1097 4796 habemus.
1135 4738 1392 4793 Scriberis
1423 4738 1566 4790 enim
1609 4735 1674 4790 ad
1711 4734 1974 4804 Cyrillum
2007 4733 2134 4788 Ale-

2239 3539 2488 3591 connectit
2517 3539 2685 3608 gratia
2715 3540 2986 3607 spiritalis.

2310 3629 2359 3682 3.
2405 3632 2648 3701 Magnam
2698 3632 2779 3684 sui
2825 3630 3058 3686 nominis
3098 3630 3462 3686 celebritatem
3506 3641 3834 3688 consecutus

2240 3733 2322 3778 est
2351 3722 2573 3793 Xystus,
2607 3738 2727 3777 cum
2770 3724 2942 3777 adhuc
2975 3723 3276 3793 presbyteri
3317 3737 3542 3778 munere
3572 3722 3829 3791 fungere.

2242 3823 2349 3869 tur.
2395 3816 2608 3870 Primus
2653 3816 2792 3870 enim
2843 3815 3100 3870 adversus
3137 3816 3448 3886 Pelagianos
3488 3830 3671 3871 coram
3717 3816 3823 3871 fre-

2239 3908 2592 3976 quentissimo
2645 3908 2845 3977 populo
2887 3910 3172 3963 anathema
3220 3907 3602 3976 pronuntiavit,
3648 3916 3707 3960 ut
3761 3909 3832 3962 ait

2241 3998 2568 4067 Augustinus
2612 3999 2678 4053 ad
2725 4000 2897 4069 ipsum
2941 4000 3310 4070 presbyterum
3357 4000 3579 4069 Xystum
3627 4001 3829 4055 rescri-

2240 4091 2372 4144 bens
2399 4089 2478 4160 (Ii)
2507 4107 2520 4143 :
2553 4090 2641 4158 qui
2673 4100 2726 4145 et
2754 4090 2881 4145 alibi
2917 4098 3145 4146 testatur
3174 4091 3263 4162 (i),
3293 4090 3409 4160 ejus
3441 4090 3668 4156 litteras,
3699 4089 3827 4148 bre-

2239 4182 2416 4237 viores
2451 4184 2598 4250 licet,
2635 4184 2736 4237 hac
2767 4185 2836 4239 de
2878 4200 2936 4239 re
2978 4185 3045 4238 ad
3087 4185 3457 4240 beatissimum
3495 4199 3680 4240 senem
3715 4187 3829 4240 Au-

2189 4273 2431 4328 .relium
2481 4290 2573 4344 per
2623 4275 2855 4329 Leonem
2901 4275 3210 4344 acolythnm
3260 4276 3476 4341 missas,
3530 4275 3826 4331 exsultanti

2241 4365 2521 4422 alacritate
2562 4367 2629 4421 ab
2672 4382 2732 4422 se
2779 4367 2946 4422 fuisse
2989 4367 3309 4437 descriptas,
3352 4377 3406 4422 et
3447 4369 3564 4423 aliis
3603 4369 3830 4437 quibus-

2241 4473 2468 4528 cumque
2495 4467 2706 4530 poterat
2734 4474 2928 4529 magno
2955 4460 3134 4515 studio
3176 4461 3457 4528 perlectas.
3493 4460 3631 4527 Quid
3660 4463 3823 4529 enim,

2240 4552 2441 4615 subdit,
2465 4553 2660 4625 gratius
2682 4553 2781 4623 legi
2809 4553 2884 4607 uel
2910 4552 3083 4606 audiri
3112 4561 3293 4622 potest,
3322 4568 3478 4622 quam
3505 4552 3683 4622 gratia
3725 4553 3829 4607 Dei

2242 4655 2344 4699 tam
2381 4663 2514 4717 pura
2553 4646 2783 4715 defensio
2821 4645 3063 4700 adversus
3094 4646 3329 4700 inimicos
3355 4647 3466 4716 ejus
3502 4660 3564 4698 ex
3599 4660 3685 4698 ore
3713 4647 3827 4714 ejus

2240 4739 2327 4807 qui
2372 4739 2666 4792 eorumdem
2713 4738 3034 4791 inimicorum
3078 4739 3250 4808 magni
3291 4737 3534 4791 momenti
3577 4746 3824 4804 patronus

546 4833 866 4890 xantlrinum
899 4832 978 4902 (f)
1021 4849 1031 4881 :
1075 4830 1232 4895 Quali
1260 4840 1427 4884 autem
1457 4831 1685 4881 omnium
1716 4828 2010 4894 concordia,
2048 4827 2130 4880 in-
2162 4826 2214 4888 D
2239 4843 2356 4887 ante
2387 4832 2721 4904 jactabatur?
2769 4829 2972 4885 Deinde
3007 4830 3243 4899 acceptis
3280 4829 3435 4898 paulo
3475 4837 3596 4899 post
3625 4828 3694 4883 de
3725 4827 3824 4881 hoc

547 4930 680 4995 quit,
717 4945 806 5000 per
832 4928 1019 4981 divina:
1052 4925 1396 4979 Providentia:
1425 4925 1879 4994 dispensationem,
1903 4923 2012 4976 ltwc
2041 4938 2136 4976 no-

546 5032 654 5074 stra
694 5023 831 5090 facta
870 5021 1027 5089 fuerit
1075 5019 1356 5086 ordinatio,
1396 5018 1481 5070 ubi
1521 5018 1764 5071 sanctitas
1801 5025 1970 5070 vestra
1999 5016 2132 5069 didi-

545 5115 670 5170 cerit
701 5123 810 5166 tum
840 5130 902 5167 ea:
934 5114 1120 5167 nostris
1153 5112 1356 5177 litteris,
1385 5120 1494 5164 tum
1517 5127 1578 5164 ex
1607 5110 1852 5163 relatione
1883 5110 2134 5178 fratrum;

545 5209 751 5264 omnino
791 5210 1008 5279 gratiam
1043 5206 1283 5277 prtebenti
1321 5204 1541 5258 Domino
1584 5219 1676 5272 pro
1721 5203 1864 5257 nobis
1894 5202 2133 5255 habitura

582 5411 692 5512 ⁷φ)
732 5409 920 5478 Prosp.
940 5406 1138 5462 Chron.
1166 5405 1322 5459 inter.
1349 5420 1473 5475 opp.
1501 5404 1630 5459 edit.
1656 5418 1781 5458 nov.
1810 5415 1962 5471 pagg.
1991 5401 2116 5464 452,

582 5486 609 5512 7

545 5483 693 5675 36)
733 5551 947 5675 Tillggtg.
1001 5546 1315 5673 tqqnzx‘ljr,
1344 5545 1684 5674 inﬁmam,
1716 5544 1842 5599 265.
1891 5551 1945 5599 et
1990 5552 2118 5598 tom.

644 5668 658 5675 _
692 5640 810 5675 una.
951 5663 964 5675 .
997 5637 1027 5674 n
1097 5659 1108 5671 .
1133 5629 1152 5649 ⁵
1176 5661 1189 5675 .
1337 5653 1350 5672 ι
1385 5659 1396 5671 .
1577 5656 1590 5669 .

546 5617 810 5693 XV,'pag.
841 5622 964 5685 889,
997 5628 1108 5674 not.
1133 5621 1189 5683 ‘2,
1217 5635 1304 5670 sur
1337 5617 1396 5674 S.
1431 5617 1590 5670 Leon.

615 5697 689 5762 (ο)
729 5695 979 5762 (lutitant.
1009 5687 1638 5762 Epistt._liom.-Pontili_'.
1674 5701 1792 5754 pag.
1830 5685 1989 5762 #1227:

615 5754 695 5827 id)
737 5761 883 5828 Pagi.
919 5761 982 5814 ad
1016 5754 1141 5812 ann.
1175 5758 1300 5822 452,
1332 5755 1360 5825 ς
1391 5758 1445 5821 6,
1475 5766 1529 5810 et
1558 5758 1623 5809 ad
1654 5771 1781 5808 ann.
1817 5754 1942 5819 ut).
1975 5754 2000 5820 δ
2029 5758 2078 5806 κ.

2244 4928 2361 4996 ipso
2391 4935 2706 4993 argumento
2737 4923 2977 4992 ejusdem
3009 4923 3162 4994 Xysti
3190 4923 3489 4994 presbyteri
3521 4922 3821 4992 prolixiori-

2243 5017 2553 5072 buslitteris
2579 5015 2700 5071 ﬁdei
2729 5029 2840 5068 sua:
2866 5014 3178 5069 sinceritate
3205 5014 3400 5082 plenis,
3421 5029 3609 5084 magna
3640 5013 3820 5083 perfu-

2241 5126 2333 5165 sus
2358 5119 2440 5164 est
2460 5109 2622 5163 animi
2647 5108 2830 5163 laztitia
2856 5115 3073 5162 sanctus
3102 5107 3336 5163 Doctor:
3371 5107 3462 5177 qui
3491 5107 3671 5161 statim
3699 5107 3823 5160 doc-

2243 5201 2501 5257 tissimam
2529 5200 2594 5254 ad
2628 5199 2800 5270 ipsum
2821 5198 3048 5270 Xystum
3079 5197 3394 5270 perscripsit
3419 5198 3700 5269 epistolam
3721 5195 3815 5267 (j),

2321 5400 2370 5469 ε)
2414 5400 2604 5469 Pr05p.
2637 5401 2673 5455 l.
2702 5414 2749 5455 c.
2783 5413 2904 5469 pag.
2932 5399 3059 5455 452.

2323 5473 2372 5540 Γ)
2414 5471 2570 5540 Xyst.
2598 5471 2757 5540 epist.
2792 5470 2844 5533 1,
2877 5486 3028 5525 num.
3056 5473 3108 5536 1,
3143 5471 3301 5526 infra.

2321 5541 2371 5607 g)
2413 5542 2489 5596 Id.
2525 5541 2661 5595 ibid.

2323 5613 2378 5678 It)
2418 5613 2548 5682 Aug.
2583 5614 2740 5681 epist.
2778 5612 2897 5674 191,
2935 5627 3079 5666 num.
3116 5613 3164 5670 1.
3191 5628 3317 5682 opp.
3352 5623 3482 5672 tom.
3517 5616 3580 5671 11.

2297 5684 2363 5750 (i)
2410 5683 2485 5752 ld.
2517 5683 2675 5752 epist.
2710 5684 2830 5752 191,
2866 5700 3011 5738 num.
3051 5685 3100 5752 1,
3132 5682 3261 5739 ibid.

2299 5755 2367 5818 (i)
2410 5751 2485 5809 Id.
2520 5751 2680 5821 epist.
2711 5751 2811 5808 194
2837 5753 2927 5809 cit.
