4028 6184
214 211 316 271 577
1556 160 1565 165 Α
1578 207 2111 271 PBOLEGOMENA.
3392 222 3498 283 δη

213 325 263 381 in
324 340 425 395 qua
488 320 770 382 catholica
829 322 1092 381 doctrinm
1147 323 1409 381 adversus
1473 324 1789 396 Pelagianos
1817 330 2036 400 Asiane
2073 328 2344 385 notissimi.
2385 329 2617 387 Proinde
2658 333 2753 388 alii
2794 337 3019 393 severius
3063 343 3350 411 coercendi,
3396 347 3492 400 alii

213 425 430 473 asserta:
480 429 692 472 summa
747 418 921 487 capita
971 416 1239 485 exhibuit,
1288 416 1404 472 haec
1447 417 1548 471 sub
1593 418 1799 473 initium
1903 422 2200 492 rigilantius
2218 422 2503 493 vestigandi
2519 424 2654 490 ;alii
2676 430 2932 482 tractandi
2955 430 3161 499 quidem
3191 432 3375 501 lenius,
3403 438 3493 491 sed

213 511 465 580 adjiciens
493 508 572 583 (a)
607 528 620 565 :
652 509 859 580 Itaque,
889 514 1050 580 frater
1086 510 1406 577 charissime,
1437 512 1665 579 quamvis
1702 527 1802 565 non
1904 533 2008 570 non
2035 517 2239 587 segnius
2265 517 2483 571 docendi
2514 535 2533 572 :
2572 526 2628 572 ut
2654 520 2700 573 si
2728 537 2831 575 non
2863 523 3128 592 timentur,
3150 542 3215 581 ne
3241 529 3491 596 perdant;

216 612 259 656 te
286 602 552 656 videamus
582 601 745 656 oculis
774 602 967 666 carnis,
990 602 1166 655 animo
1187 610 1355 656 tamen
1388 602 1443 656 in
1467 602 1570 671 ﬁde
1592 601 1801 670 Christi,

211 694 265 747 in
295 695 463 766 gratia
493 691 704 759 Christi,
738 695 792 748 in
824 692 1063 749 membris
1100 691 1293 749 Christi
1329 702 1576 760 tenemus,
1605 695 1802 766 ample-

215 789 418 853 ctimur,
455 790 764 843 osculamur.

285 880 334 936 4.
381 880 619 951 Hujusce
672 879 1080 951 Angustiniana:
1149 880 1390 950 epistola:
1449 881 1804 950 fragmentum

217 973 403 1029 recitat
463 972 724 1045 Prosper;
772 974 859 1043 qui
903 973 1227 1044 pastoralem
1277 972 1429 1044 Xysti
1475 973 1804 1043 vigilantiam

216 1064 465 1131 laudans,
494 1066 594 1119 ista
635 1066 911 1134 praemittit
940 1065 1015 1135 (b)
1044 1084 1057 1120 :
1092 1064 1413 1134 Conﬁdimus
1446 1065 1652 1120 Domini
1680 1082 1803 1138 pro-

214 1159 431 1213 tectione
463 1159 829 1227 prwstandum,
856 1168 911 1213 ut
938 1163 1077 1229 quod
1106 1167 1346 1229 operatus
1367 1166 1440 1212 est
1468 1160 1522 1212 in
1553 1157 1809 1213 Innocen-

216 1247 308 1317 tio,
338 1247 566 1311 Zosimo,
602 1247 897 1321 Bonifacio,
927 1248 1223 1315 Caelestino,
1260 1259 1494 1320 operetur
1521 1251 1575 1303 in
1608 1249 1808 1320 Xysto;

213 1350 259 1393 et
285 1342 338 1394 in
367 1342 605 1396 custodia
638 1341 895 1396 Dominici
917 1343 1086 1414 gregis
1117 1342 1224 1397 haec
1245 1343 1313 1395 sit
1341 1359 1461 1410 pars
1489 1344 1669 1412 glorise
1687 1344 1808 1397 huic

214 1442 472 1485 reservata
499 1433 719 1503 pastori,
748 1444 804 1485 ut
828 1433 958 1485 sicut
980 1432 1059 1484 illi
1082 1432 1230 1500 lupos
1255 1433 1465 1503 abegere
1487 1434 1807 1500 manifestos,

214 1522 285 1575 ita
325 1525 410 1578 hic
450 1524 678 1596 depellat
714 1524 941 1578 occultos
968 1539 987 1577 :
1016 1522 1107 1577 illo
1143 1525 1348 1577 auribus
1383 1524 1490 1578 suis
1523 1523 1809 1579 doctissimi

214 1615 350 1669 senis
395 1615 745 1687 (Augustini)
776 1616 1039 1669 intonante
1066 1631 1317 1681 sermone,
1349 1632 1451 1686 quo
1481 1616 1807 1671 collaboran-

1905 625 2007 663 non
2036 619 2206 662 tamen
2233 609 2581 681 negligantur,
2613 627 2676 665 ne
2704 622 2933 683 pereant.
2968 635 2986 668 s

1980 702 2033 757 5.
2077 700 2327 771 Prosperi
2352 710 2475 757 vota
2507 703 2667 760 rebus
2700 708 2958 776 praeclare
2988 712 3151 778 gestis
3177 716 3496 785 comproba-

1907 794 1983 849 vit
2026 794 2226 865 Xystus
2268 795 2321 849 in
2371 795 2519 851 Petri
2563 798 2817 854 cathedra
2860 804 3201 859 constitutus.
3247 806 3303 861 Id
3337 824 3496 879 porro

1909 885 2184 939 cumulate
2214 885 2347 941 satis
2379 896 2642 943 testantur
2666 890 2784 959 ejus
2811 892 3075 962 epistolae,
3106 911 3239 966 quas
3269 899 3500 956 Coutan-

1909 979 2039 1032 tium
2069 977 2237 1032 secuti
2264 994 2476 1034 rursum
2507 980 2774 1038 edidimus
2804 1001 2815 1036 ι
2847 998 2913 1040 ex
2936 1000 3161 1053 quarum
3191 1004 3297 1044 una
3318 990 3496 1047 locum

1910 1067 2144 1122 recitans
2185 1067 2499 1125 Vincentius
2540 1072 2858 1138 Lirinensis,
2909 1075 3022 1130 biec
3049 1076 3211 1131 habet
3254 1079 3374 1150 (d):
3416 1084 3497 1135 Ad

1909 1168 2189 1213 extremum
2211 1161 2513 1230 adjecimus.
2528 1202 2564 1215 ..
2581 1164 2875 1231 apostolica:
2893 1166 3029 1221 sedis
3048 1171 3444 1238 auctoritatem,.
3457 1213 3492 1228 ..

1909 1253 2103 1306 scilicet
2131 1255 2298 1307 sancti
2328 1268 2477 1323 papa:
2506 1251 2681 1324 Xysti,
2713 1257 2801 1327 qui
2828 1274 2964 1313 nunc
2992 1258 3280 1318 Romanam
3313 1264 3497 1321 Eccle-

1907 1345 2041 1397 siam
2086 1344 2408 1399 venerandus
2458 1345 2808 1403 illustrat.....
2859 1350 2945 1404 Ait
2993 1353 3067 1406 ita
3113 1366 3318 1410 sanctus
3364 1375 3497 1430 papa

1909 1433 2107 1504 Xystus
2136 1437 2187 1489 in
2218 1436 2434 1506 epistola
2460 1454 2614 1507 quam
2643 1439 2707 1493 de
2735 1456 2893 1496 causa
2925 1441 3154 1499 Nestorii
3182 1447 3496 1505 Antiochcna

1910 1528 2048 1580 misit
2076 1528 2314 1599 episcopo
2338 1529 2412 1599 (e)
2443 1548 2455 1583 :
2487 1548 2505 1582 ε
2527 1528 2687 1601 Ergo,
2719 1533 2905 1604 inquit,
2937 1538 3081 1606 quia,
3114 1540 3245 1593 sicut
3266 1542 3340 1595 ait
3361 1544 3497 1615 Apo-

1908 1620 2091 1688 stolus,
2132 1623 2260 1693 ﬁdes
2293 1640 2398 1677 una
2436 1635 2509 1680 est
2543 1642 2655 1695 qute
2692 1629 2952 1683 euidenter
2992 1631 3097 1702 [ΑΙ.
3141 1643 3187 1687 et
3220 1635 3496 1710 vincenter]

212 1713 313 1757 tem
352 1721 534 1759 secum
564 1705 798 1759 hortatus
836 1714 937 1770 est,
968 1704 1139 1760 dicens
1170 1704 1245 1777 (c)
1277 1723 1290 1759 :
1324 1723 1343 1757 α
1375 1705 1508 1759 Sunt
1534 1708 1667 1761 enim
1695 1710 1812 1778 qui-
1841 1712 1886 1771 Β
1915 1716 2153 1783 obtinuit,
2180 1716 2400 1770 dicenda
2418 1718 2709 1785 credamus,
2732 1730 2781 1774 et
2804 1724 3024 1776 tenenda
3049 1723 3301 1781 dicamus.
3330 1747 3349 1780 ι
3371 1704 3498 1794 Qua;

207 1796 335 1848 dant
367 1798 461 1865 qui
480 1797 769 1869 justissime
792 1799 1056 1852 damnatas
1082 1798 1368 1866 impietates
1399 1798 1568 1851 adhuc
1598 1800 1807 1855 liberius

208 1887 575 1957 defendendas
617 1899 799 1961 putant
837 1907 856 1944 :
896 1900 942 1944 et
979 1899 1097 1944 sunt
1131 1891 1219 1959 qui
1256 1890 1505 1944 occultius
1542 1900 1806 1959 penetrant

207 1978 418 2045 domos,
457 1987 505 2032 et
534 1980 672 2049 quod
700 1982 752 2034 in
782 1990 957 2053 aperto
987 1980 1213 2036 clamare
1233 1983 1347 2053 jam
1373 1992 1625 2043 metuunt,
1653 1984 1706 2037 in
1729 1998 1805 2037 se-

206 2078 345 2122 creto
374 2072 632 2124 seminare
659 2088 760 2125 non
786 2074 1075 2143 quiescunt.
1113 2072 1250 2129 Sunt
1285 2082 1456 2128 autem
1485 2074 1570 2143 qui
1600 2076 1804 2131 omnino

207 2160 491 2227 siluerunt,
524 2180 711 2234 magno
751 2166 931 2220 timore
973 2168 1284 2236 compressi;
1315 2168 1405 2221 sed
1444 2167 1613 2222 adhuc
1653 2171 1804 2224 corde

208 2253 484 2307 retinentes
520 2256 661 2325 quod
698 2271 786 2310 ore
822 2261 1052 2327 proferre
1094 2274 1193 2313 non
1231 2260 1460 2325 audent;
1505 2260 1593 2330 qui
1637 2272 1807 2317 tamen

206 2358 313 2397 esse
342 2344 598 2413 fratribus
628 2359 840 2418 possunt
868 2366 932 2403 ex
960 2351 1132 2421 priore
1159 2353 1322 2423 ipsius
1351 2355 1605 2425 dogmatis
1634 2354 1811 2426 delen-

274 2503 350 2577 (ᾳ)
390 2505 535 2577 Aug.
562 2507 719 2577 epist.
754 2508 878 2573 194,
909 2525 1058 2565 num.
1090 2510 1145 2565 2.

273 2573 351 2715 ﬂ
394 2573 795 2646 Prospfcontr.
829 2580 1022 2635 Collat.
1055 2595 1172 2650 cap.
1208 2582 1300 2648 21,
1330 2583 1401 2638 al.
1435 2584 1525 2654 44,
1562 2600 1709 2640 num.
1739 2587 1795 2641 4.

299 2661 325 2695 c
391 2650 537 2715 Aug.
570 2650 728 2715 epist.
763 2649 865 2706 I94
892 2652 1011 2715 cit.,
1043 2668 1190 2708 num.
1216 2653 1271 2707 2.

299 2649 351 2715 ε)
391 2650 537 2718 Aug.
570 2650 728 2718 epist.
763 2649 865 2706 I94
892 2652 1011 2720 cit.,
1043 2668 1190 2708 num.
1216 2653 1271 2707 2.

1915 1816 2036 1861 sunt
2074 1807 2279 1861 tandem
2318 1807 2412 1861 illa
2450 1809 2705 1864 credenda
2746 1821 2796 1864 et
2841 1813 3098 1868 dicenda?
3142 1817 3406 1888 Sequitur,
3448 1829 3498 1875 et

1913 1898 1986 1951 ait
2013 1914 2031 1950 :
2061 1916 2079 1949 ι
2112 1896 2208 1951 Nil
2238 1899 2397 1966 ultra,
2422 1899 2607 1967 inquit,
2632 1900 2784 1954 liceat
2812 1903 3045 1966 novitati,
3068 1908 3191 1976 quia
3220 1910 3349 1963 nihil
3372 1910 3495 1963 addi

1914 1989 2147 2044 convenit
2184 1991 2438 2045 vetustati.
2477 1991 2759 2063 Perspicua
2788 1998 3043 2064 majorum
3074 2000 3200 2061 ﬁdes
3228 2011 3277 2055 et
3314 2003 3497 2056 credu-

1913 2082 2032 2136 litas
2065 2082 2213 2136 nulla
2241 2084 2367 2137 caeni
2407 2085 2743 2154 permixtione
2769 2088 3017 2141 turbetur.
3058 2108 3077 2141 ι
3115 2090 3335 2147 Omnino
3364 2110 3496 2161 apo-

1910 2174 2086 2229 stolice
2109 2190 2128 2228 :
2156 2184 2210 2228 ut
2235 2178 2491 2248 majorum
2519 2175 2877 2231 credulitatem
2908 2179 3285 2249 perspicuitatis
3306 2181 3495 2238 lumine

1914 2275 2141 2334 ornaret,
2187 2270 2402 2325 nouitias
2445 2285 2561 2326 uero
2607 2270 2949 2342 profanitutes
2992 2273 3122 2326 cani
3162 2274 3494 2344 permixtione

1918 2358 2243 2415 describeret.

1978 2518 2060 2659 ἑά)
2101 2518 2255 2575 Vinc.
2288 2519 2397 2576 Ltr.
2426 2532 2709 2580 hommon.
2738 2524 2794 2580 2.
2826 2539 2946 2598 cap.
2974 2525 3062 2583 52.

2001 2589 2048 2659 e)
2089 2587 2245 2659 Xyst.
2279 2607 2367 2659 ep.
2398 2594 2451 2659 6,
2484 2612 2630 2651 num.
2663 2596 2718 2659 7,
2749 2595 2905 2652 inira.

2001 2589 2048 2659 e)
2089 2587 2245 2662 Xyst.
2279 2607 2367 2662 ep.
2398 2594 2451 2660 6,
2484 2612 2630 2651 num.
2663 2596 2718 2662 7,
2749 2587 2905 2652 inira:

1226 2818 3491 2849 _——-————'———-——I—_———--‘

1326 2917 1658 2980 NOTITIA
1703 2917 2344 2980 SCHOENEMANNI.

1268 3062 1373 3123 (Ex
1422 3062 1621 3111 Schmn.
1664 3059 1789 3108 Bibl.
1838 3059 1967 3109 Hist.
2007 3058 2099 3108 litt.
2140 3069 2254 3110 tom.
2304 3060 2401 3123 II.)

684 3192 713 3263 ς
744 3193 783 3246 l.
827 3192 945 3246 Vita
980 3190 1132 3261 Χειιεὶ
1168 3205 1337 3262 papae.

271 3283 417 3338 Ortu
450 3280 749 3349 Romanus,
777 3282 1074 3338 Caelestino
1102 3279 1365 3338 successit
1391 3294 1532 3333 anno
1555 3278 1682 3343 452,
1714 3292 1802 3332 or-

192 3375 425 3431 dinatus
459 3374 754 3431 secundum
787 3375 1071 3430 Baronium
1091 3373 1160 3430 26
1189 3374 1275 3430 die
1293 3374 1505 3444 Aprilis,
1532 3373 1693 3442 Pagio
1714 3373 1804 3443 ju-

194 3466 317 3523 dice
331 3464 514 3522 ὤθει
528 3468 729 3523 mensis
748 3467 895 3525 Julii.
928 3466 1028 3523 Hic
1043 3466 1168 3522 dum
1197 3466 1374 3521 adhuc
1395 3467 1446 3520 in
1466 3465 1798 3536 presbyterio

201 3558 545 3615 constitutus
595 3570 778 3627 esset,
824 3558 949 3616 odio
998 3559 1051 3615 in
1103 3559 1375 3629 Pelagium
1400 3569 1454 3614 et
1480 3556 1793 3614 leestium

204 3666 407 3708 nomen
440 3665 602 3707 suum
636 3653 892 3725 inclytum
940 3652 1084 3707 fecit.
1131 3651 1263 3706 Nam
1304 3666 1424 3706 cum
1467 3652 1649 3706 nescio
1691 3663 1796 3718 quo

207 3750 365 3810 pacto
392 3741 541 3798 fama
565 3744 745 3814 aliqua
772 3744 993 3799 suborta
1017 3752 1188 3811 esset,
1226 3742 1451 3815 Xystum
1484 3758 1589 3797 non
1620 3742 1794 3797 solum

210 3828 414 3903 Pelagii
437 3833 699 3889 doctrinm
744 3833 947 3900 favere,
974 3833 1069 3889 sed
1100 3834 1335 3903 ipsorum
1364 3834 1524 3888 etiam
1556 3832 1795 3901 Pelagia-

212 3936 401 3980 norum
430 3926 665 3981 amicum
697 3940 761 3982 ac
792 3938 1076 3995 patronum
1117 3941 1237 3982 esse
1263 3943 1276 3980 :
1323 3926 1458 3981 adeo
1487 3926 1665 3979 animo
1712 3926 1793 3979 in-

214 4026 405 4072 census
428 4027 514 4073 est
544 4017 611 4072 ad
642 4016 782 4073 banc
802 4018 1127 4073 calumniam
1153 4017 1482 4083 diluendam,
1506 4025 1564 4070 ut
1588 4016 1791 4085 primus

214 4104 262 4159 in
283 4109 518 4165 concilio
549 4107 789 4166 leestii
820 4125 981 4165 causa
1009 4126 1061 4165 a.
1088 4110 1194 4167 H8
1221 4109 1403 4165 habito
1429 4108 1710 4163 anathema
1735 4107 1787 4161 in

209 4210 327 4259 ltum
358 4205 757 4272 pronuntiaret.
790 4203 909 4259 Mox
935 4204 1095 4259 etiam
1122 4204 1313 4259 litteris
1341 4203 1406 4257 ad
1430 4202 1786 4273 Augustinum

214 4301 262 4345 et
307 4296 561 4367 Alypium
594 4297 809 4368 scriptis
857 4297 1157 4352 doctrinam
1202 4310 1353 4352 suam
1401 4296 1469 4350 de
1516 4296 1685 4366 gratia
1716 4293 1786 4349 ita

216 4387 512 4460 explicavit,
548 4403 603 4447 ut
631 4393 727 4448 ille
758 4392 857 4448 sibi
884 4406 1210 4462 magnopere
1237 4406 1354 4445 eam
1385 4389 1600 4460 probari
1626 4400 1787 4459 atque

217 4476 413 4542 Placere
440 4483 691 4553 epistolis
715 4486 1010 4539 etiamnum
1032 4482 1411 4553 superstitibus
1435 4482 1778 4551 signiﬁcaret.

219 4567 334 4635 Quae
357 4578 544 4634 omnia
564 4579 613 4632 ei
638 4593 743 4633 non
771 4586 1057 4647 potuerunt
1089 4591 1192 4631 non
1222 4575 1476 4645 prodesse
1497 4573 1564 4627 ad
1595 4587 1788 4627 conse—
1812 4573 1866 4634 D

222 4670 473 4731 quendum
514 4686 783 4727 summum
835 4670 1213 4727 ecclesiasticae
1251 4668 1522 4739 dignitatis
1552 4666 1785 4737 apicem.

223 4752 439 4833 Contigit
463 4772 674 4829 autem,
705 4773 764 4817 ut
793 4763 846 4818 in
873 4764 991 4832 ipsa
1018 4760 1356 4818 ordinatione
1397 4760 1514 4830 ejus
1536 4759 1789 4813 adessent

222 4846 364 4918 ligati
405 4858 599 4930 Cyrilli
647 4856 997 4913 Aleaandrini
1033 4857 1370 4924 aliorumque
1411 4854 1785 4923 episcoporum

225 4944 353 5003 Pacis
378 4946 428 5002 in
458 4949 684 5006 Oriente
713 4947 1098 5018 componendae
1118 4962 1279 5003 causa
1309 4946 1375 5000 ad
1404 4958 1784 5016 praecessorem

228 5028 329 5097 illis
372 5041 561 5105 missi;
612 5049 937 5109 quapropter
987 5039 1184 5095 eximie
1226 5038 1441 5094 laetatur
1480 5038 1531 5092 in
1559 5037 1785 5104 epistola

230 5122 288 5175 id
312 5127 565 5198 Cyrillum
587 5134 655 5188 de
681 5133 1019 5189 ordinatione
1039 5148 1134 5189 sua
1160 5132 1301 5189 data.
1334 5132 1537 5204 Cyrillo
1559 5133 1700 5187 enim
1731 5140 1785 5186 et

227 5208 455 5279 Ephesini
489 5225 707 5279 concilii
739 5224 950 5294 placitis
976 5226 1251 5280 Caelestini
1296 5208 1546 5291 exemplo
1575 5222 1786 5277 fortiter

228 5302 430 5367 adhaesit
469 5316 777 5385 frustraque
826 5318 892 5372 ab
939 5316 1128 5372 iisdem
1175 5331 1295 5372 eum
1329 5315 1567 5370 alienare
1606 5314 1782 5369 conati

230 5404 335 5453 sunt
382 5404 666 5464 Eutherius
695 5407 1034 5479 Thyanensis
1063 5418 1117 5464 et
1142 5408 1418 5465 Helladius
1465 5405 1778 5473 Tarsensis,

232 5488 464 5565 episcopi,
497 5500 623 5556 licet
650 5515 779 5556 vere
816 5516 919 5557 non
975 5502 1153 5558 minus
1197 5516 1356 5570 quam
1402 5502 1637 5571 graviter
1679 5499 1780 5569 ipsi

232 5581 567 5663 Wipsissent,
601 5592 905 5648 Nestorium
944 5608 1096 5660 mque
1125 5608 1189 5648 ac
1215 5592 1349 5648 alios
1379 5593 1660 5663 episcopos
1701 5591 1784 5645 in-

232 5662 356 5737 ῑυιιθ
378 5692 491 5739 esse
519 5682 821 5755 damnatos,
853 5684 1139 5742 duodecim
1170 5683 1352 5760 Cyrilli
1380 5662 1614 5757 capitula
1665 5682 1784 5741 bla-

1830 3186 1876 3249 C
1906 3184 2183 3252 sollemam
2214 3201 2335 3243 esse
2379 3188 2669 3245 novitatem
2723 3192 2993 3251 universa:
3026 3198 3306 3268 scripturae
3354 3217 3485 3258 con-

1908 3276 2147 3343 trariam,
2181 3277 2549 3349 legitimasque
2579 3293 2635 3336 et
2660 3283 2908 3353 antiquas
2928 3298 3236 3347 sanctorum
3272 3292 3485 3351 Patrum

1903 3369 2221 3425 traditiones
2276 3375 2844 3444 anatliematizantem,
2894 3390 3042 3449 gesta
3092 3383 3235 3440 illius
3266 3389 3477 3444 concilii

1900 3462 2020 3516 sine
2046 3462 2252 3518 ratione
2278 3475 2334 3518 et
2363 3464 2570 3534 legibus
2596 3478 2649 3524 et
2683 3470 2749 3522 ab
2780 3470 2899 3540 ipso
2926 3474 3168 3545 principe
3198 3481 3485 3549 reprobata

1900 3552 2229 3623 omninoque
2250 3552 2435 3626 Cyrilli
2458 3557 2772 3616 effrenatam
2805 3562 2856 3617 in
2885 3565 2989 3620 illis
3012 3567 3175 3625 luisse
3195 3570 3486 3632 licentiam.

1898 3644 2070 3699 Tanto
2101 3647 2272 3715 majus
2306 3652 2403 3718 ipsi
2435 3653 2685 3718 gaudium
2732 3652 2833 3709 fuit
2876 3661 3101 3716 mutatio
3130 3662 3353 3720 Joannis
3376 3667 3485 3721 An-

1898 3736 2149 3800 tiocheni,
2203 3741 2292 3808 qui
2347 3739 2465 3807 ipso
2514 3742 2837 3811 imperatore
2868 3747 3116 3806 bortantc
3171 3756 3384 3812 tandem
3425 3773 3484 3819 se

1896 3831 2181 3884 sententia:
2209 3831 2262 3884 in
2304 3831 2609 3889 Nestorium
2658 3836 2881 3902 prolata:
2926 3844 3188 3899 assentire
3230 3857 3286 3901 et
3314 3849 3482 3904 Maxi-

1894 3920 2131 3976 mianum
2157 3938 2254 3994 pro
2282 3925 2536 3995 episcopo
2566 3926 3158 3999 Constantinopolimno
3188 3953 3483 4005 agnoscere

1893 4011 2173 4081 professus
2221 4026 2359 4071 erat.
2402 4016 2545 4072 Inter
2593 4028 2865 4074 extremas
2896 4021 3011 4090 ejus
3044 4024 3229 4081 laudes
3282 4031 3483 4098 referre

1895 4106 2092 4176 solent,
2114 4109 2255 4176 quod
2275 4124 2302 4161 a
2329 4108 2594 4180 Prospero
2610 4114 2933 4182 accepimus,
2950 4132 3071 4173 eum
3094 4117 3287 4175 Jttliani
3315 4134 3480 4195 artes,

1890 4201 2084 4268 quibus
2108 4203 2297 4257 iterum
2337 4204 2389 4258 in
2420 4205 2675 4262 Ecclesiae
2714 4208 2994 4267 catholicae
3041 4216 3476 4276 communionem

1887 4292 2129 4364 irrepere
2164 4306 2391 4351 conatus
2422 4299 2511 4362 sit,
2536 4300 2804 4366 vigilantia
2832 4318 2928 4358 sua
2956 4304 3206 4361 elusisse.
3238 4308 3385 4363 Obiit
3408 4326 3475 4366 ex

1889 4381 2105 4438 Baronii
2125 4386 2331 4440 calculo
2354 4388 2440 4442 die
2464 4389 2534 4443 28
2548 4390 2911 4461 Martii,juxta
2926 4395 3167 4464 Pagiuns,
3184 4399 3271 4453 die
3291 4399 3347 4454 11
3371 4406 3479 4456 Au.

1888 4478 2213 4547 gusti,juxta
2237 4479 2608 4536 Constantium
2634 4500 2760 4538 vero
2789 4486 2891 4541 sub
2920 4489 3263 4546 exitumJulii
3284 4492 3476 4551 a.MO.

2284 4570 2311 4641 ς
2352 4572 2417 4627 ll.
2461 4571 2670 4641 Scripta
2712 4573 2867 4645 Xysti
2914 4596 3079 4649 pupa'.

1966 4659 2219 4732 Epistolas
2259 4665 2376 4733 ejus
2404 4667 2726 4733 superstites
2753 4668 2968 4739 scriptae
3010 4681 3171 4728 sunt:
3199 4675 3219 4730 1
3248 4688 3299 4732 et
3329 4677 3372 4733 ll
3412 4681 3478 4733 ad

1891 4752 2141 4823 Cyrillum
2162 4755 2494 4812 Alexandriae
2507 4759 2823 4830 episcopum,
2851 4775 2958 4818 scr.
2989 4766 3166 4821 medio
3186 4783 3328 4823 anno
3349 4770 3475 4827 452.

1888 4843 2113 4900 Nonnisi
2143 4863 2205 4902 ex
2240 4847 2682 4919 interpretatione
2725 4853 2910 4910 Graeca
2959 4856 3113 4914 nobis
3146 4864 3477 4918 transmissa:

1890 4944 2035 5002 sunt,
2079 4935 2271 4993 Latine
2316 4938 2616 4996 Cotelerius
2655 4944 2849 5011 vertit,
2893 4947 2984 5016 qui
3029 4948 3188 5004 etiam
3225 4950 3476 5007 observat

1893 5028 2147 5098 priorem,
2179 5033 2280 5085 etsi
2309 5032 2410 5085 soli
2439 5030 2641 5104 Cyrillo
2686 5036 3024 5106 inscriptam,
3077 5054 3262 5096 revera
3311 5057 3474 5114 ency-

1891 5122 2047 5175 cliam
2096 5122 2283 5178 fuisse.
2335 5124 2420 5191 Ill,
2474 5125 2542 5177 ad
2581 5127 2834 5194 eumdem,
2876 5144 2983 5185 scr.
3015 5145 3066 5186 a.
3108 5133 3237 5189 455.
3286 5134 3373 5203 IV,
3405 5138 3473 5190 ad

1890 5211 2149 5269 Joannem
2178 5216 2474 5288 episcopum
2502 5218 2896 5287 Antiochenam,
2943 5237 3051 5279 scr.
3082 5225 3277 5283 eodem
3306 5243 3471 5284 anno.

1890 5307 1956 5370 V,
1984 5310 2051 5361 ad
2082 5309 2383 5383 Perigcnem
2410 5310 2792 5368 Corinthiorum
2820 5317 3135 5388 episcopum,
3183 5336 3292 5377 scr.
3332 5336 3472 5378 anno

1890 5398 2015 5455 435.
2055 5400 2137 5467 γι,
2189 5405 2257 5454 ad
2310 5405 2566 5473 synodum
2610 5403 2994 5462 Thessalonica:
3029 5412 3469 5483 congregandam,

1858 5564 1865 5569 ﬁ
1890 5508 1998 5548 scr.
2035 5504 2093 5549 ut
2118 5504 2172 5549 et
2198 5509 2430 5565 sequens
2458 5512 2508 5551 a.
2540 5497 2670 5552 455.
2700 5498 2811 5566 VII,
2836 5501 2905 5554 ad
2936 5499 3185 5556 Proetum
3214 5501 3468 5558 Constan-

1887 5588 2283 5659 tin0politanum
2333 5591 2649 5662 episcopum,
2691 5605 2797 5646 scr.
2830 5607 2955 5651 cum
2985 5596 3309 5668 sequentia.
3338 5594 3465 5660 437.

1886 5680 2027 5755 VIII,
2068 5684 2136 5740 ad
2162 5684 2315 5744 totius
2341 5682 2546 5759 Illyrici
2578 5685 2866 5763 episcopos.
