4028 6184
441 262 548 322 B95

1336 249 1540 309 XYSTI
1579 251 1643 308 111
1684 250 1885 308 PAPE
1924 249 2287 308 EPISTOLIE
2328 250 2417 306 ET
2459 250 2783 307 DECRETA

3622 254 3759 314 59G

446 391 578 450 pore
610 373 715 430 alia
743 370 1031 429 luminaria
1064 373 1389 444 prreparavit
1419 372 1486 426 ad
1534 384 1722 426 eorum
1772 369 2027 426 ducatum
2059 373 2108 431 Α
2137 369 2258 424 bem
2293 379 2580 434 terrarum,
2618 376 2674 423 et
2709 368 2763 423 in
2793 368 2881 423 illa
2913 375 3066 436 parte
3095 382 3216 437 quae
3241 376 3407 432 errat,
3452 377 3508 423 et
3549 370 3599 424 in
3642 371 3746 427 illa

447 468 539 538 qui
572 467 729 521 bona:
760 464 869 520 sint
891 465 1207 530 voluntatis,
1232 475 1258 502 κ
1297 465 1799 534 convictionemque
1828 473 2037 518 contra-

374 555 380 604 ῖ
447 560 655 614 riorum
683 569 739 613 et
761 557 1029 612 mendacii
1059 557 1276 626 quidem
1306 555 1754 624 destructionem,
1797 555 2039 609 veritatis

449 661 627 706 autem
655 652 1146 707 conﬁrmationem.
1171 650 1322 706 Sicut
1346 652 1509 705 etiam
1540 650 1640 705 sub
1688 649 1781 704 illo
1799 648 1827 687 ι)
1855 663 2038 703 amaro

377 757 381 770 ‘
448 741 734 800 Pharaone
767 745 984 800 beatum
1010 745 1226 816 Moysen
1257 754 1445 798 contra
1477 745 1696 798 Jamnes
1718 753 1771 797 et
1802 743 2040 798 Mamhre

309 843 319 867 '-
378 819 385 888 ί
453 835 523 909 (11
553 833 686 898 Tim.
714 852 793 902 ιιι,
821 831 972 908 ’8),ει
999 838 1140 891 sicut
1165 851 1259 904 per
1281 835 1559 892 Simonem
1579 835 1786 904 Magum
1821 835 2038 889 Petrum

384 1000 388 1008 ι
451 928 592 984 bene
619 931 956 995 vincentem;
988 929 1067 984 sic
1102 939 1156 983 et
1178 936 1363 984 contra
1392 942 1487 983 eos
1517 928 1608 996 qui
1635 942 1780 981 nunc
1803 926 2038 980 insurre-

439 1027 676 1086 "xerunt,
693 1020 940 1075 inimicos
965 1029 1109 1074 tuam
1133 1019 1356 1089 protulit
1383 1019 1745 1084 sanctitatem,
1769 1034 1862 1087 per
1884 1031 2041 1087 quam

437 1111 613 1167 ‘bonae
641 1112 757 1180 spei
787 1127 973 1168 sumus
995 1120 1050 1166 et
1081 1123 1198 1176 nos,
1219 1109 1358 1180 quod
1377 1111 1526 1164 orbis
1558 1118 1820 1164 terrarum
1849 1109 1915 1162 ab
1941 1107 2040 1163 1E-

433 1204 676 1274 ‘gyptiov
695 1205 950 1259 liberetur
974 1219 1194 1268 errore;
1215 1203 1305 1272 qui
1338 1203 1551 1274 Moyses
1581 1217 1749 1256 novus
1781 1202 2043 1268 existens,

457 1301 673 1350 dntnem
701 1295 917 1365 quidem
938 1293 1246 1364 Egyptium
1276 1293 1588 1349 haereticum
1621 1295 1921 1363 percuties,
1943 1294 2047 1345 sal-

455 1387 608 1442 vabis
659 1401 789 1441 vero
833 1399 1048 1440 omnem
1085 1381 1397 1440 'lsr'aelitam
1450 1385 1837 1440 orthodoxum.
1885 1385 2047 1454 Igitur

458 1487 652 1532 eontra
681 1479 965 1530 veritatem
998 1477 1182 1530 multis
1212 1476 1447 1530 millibus
1472 1476 1638 1546 gestis
1668 1485 1723 1530 et
1757 1475 2046 1529 mundissi-

459 1583 549 1625 ma
570 1564 971 1624 orthodoxite"l
1010 1571 1298 1640 margarita
1325 1569 1522 1623 multas
1549 1568 1852 1636 excipiente
1883 1568 2052 1621 inimi-

462 1663 638 1728 citias,
667 1671 722 1717 et
746 1670 975 1729 quantas
1021 1662 1163 1716 nulla
1192 1675 1445 1731 umquam
1495 1659 1655 1715 tradit
1687 1659 1927 1725 historia,
1982 1660 2049 1712 ah

2138 480 2259 536 qua:
2284 465 2624 536 tyrannidem
2669 465 2918 530 sustinet,
2950 479 3183 536 qumque
3213 465 3280 519 ad
3320 465 3422 519 hoc
3451 464 3749 537 impugna-

2141 568 2248 621 tur,
2296 566 2354 612 ut
2393 557 2602 627 iisquae
2648 573 2754 612 non
2787 558 3111 612 conveniunt
3145 570 3430 612 assensum
3473 557 3742 626 praebeat,

2139 662 2206 702 eo
2233 648 2376 718 quod
2401 663 2501 703 nec
2528 647 2664 702 velit
2686 662 2786 703 nec
2816 647 3071 716 expedire
3098 647 3324 716 judicet,
3355 656 3414 700 ut
3445 645 3744 719 Egyptia-

2142 753 2260 794 rum
2291 738 2652 806 capitulorum
2680 741 2858 794 varias
2885 754 3076 793 vocum
3112 739 3379 794 novitates
3400 740 3659 809 excipiat.

2213 832 2268 886 3.
2304 832 2563 888 Scriberis
2593 832 2736 888 enim
2773 830 3011 902 Cyrillus
3053 832 3445 888 Alexandrinus
3479 831 3749 902 blasphe-

2143 937 2285 978 mam
2316 938 2515 978 vocum
2540 925 2847 978 novitatem'
2864 939 2958 992 per
2977 923 3060 978 bis
3086 937 3216 979 sena
3249 924 3473 992 capitula
3503 925 3748 980 univer-

2146 1028 2220 1070 sa:
2243 1015 2502 1069 divinitus
2535 1015 3128 1085 inspirata-Scriptura
3147 1016 3492 1080 contrariam,
3525 1025 3582 1070 et
3604 1031 3745 1072 ana-

2146 1107 2590 1162 thematizantem
2623 1108 2896 1176 legitimas
2926 1119 2980 1162 et
3008 1109 3258 1178 antiquas
3293 1107 3741 1164 sanctorum'l’a-

2148 1207 2286 1252 trum
2331 1197 2670 1262 traditiones,
2721 1211 2775 1253 et
2825 1201 3060 1254 maxime
3108 1199 3324 1254 illorum
3375 1200 3467 1269 qui
3518 1200 3738 1255 excelsa

2148 1291 2362 1358 quidem
2417 1291 2616 1346 Christi
2666 1291 2936 1347 divinitati
2983 1294 3280 1358 ascribunt,
3337 1292 3563 1349 humilia
3608 1307 3738 1349 vero

2151 1379 2472 1436 humanitati
2497 1381 2767 1452 ejusdem,
2802 1399 3062 1453 nusquam
3099 1384 3341 1440 unitione
3365 1387 3484 1454 ejus
3512 1383 3737 1440 interci-

2151 1473 2358 1537 dettda;
2392 1478 2671 1543 proposuit
2712 1477 2760 1530 ei
2789 1477 2879 1546 qui
2914 1485 3045 1531 tunc
3075 1484 3318 1532 sanctam
3363 1478 3547 1532 sedem
3583 1492 3740 1548 rege-

2153 1563 2240 1618 bat
2271 1565 2446 1634 magni
2477 1566 2710 1620 nominis
2750 1567 2898 1621 urbis
2922 1576 2972 1636 8,
3000 1568 3092 1638 qui
3122 1567 3222 1622 fuit
3251 1583 3282 1623 a
3313 1569 3578 1638 principio
3606 1583 3739 1640 pro-

2153 1655 2311 1710 batus
2332 1667 2384 1710 et
2418 1667 2576 1712 notus
2599 1659 2740 1713 circa
2769 1659 2952 1726 ﬁdem,
2983 1660 3129 1715 circa
3157 1661 3341 1727 vitam,
3369 1663 3513 1716 circa
3536 1662 3738 1718 doctri-

443 1754 546 1808 '-his
569 1755 658 1824 qui
689 1755 877 1809 harum
909 1767 1097 1806 vocum
1140 1752 1432 1807 novitatem
1461 1762 1651 1806 contra
1676 1761 1950 1819 paternam
1983 1752 2044 1804 ιι-
2080 1745 2124 1806 Β
2155 1763 2276 1804 nam
2320 1748 2476 1804 Verbi
2505 1759 2559 1805 et
2588 1753 2730 1804 circa
2781 1753 3057 1819 universa,
3091 1753 3365 1821 Nestorio,
3399 1766 3455 1809 ut
3487 1765 3578 1809 aut
3603 1770 3736 1811 con-

464 1848 585 1903 dem
617 1848 969 1915 apostolicam
994 1855 1018 1883 ο
1047 1831 1395 1914 repererunt:
1431 1853 1671 1899 nostrum
1699 1843 1915 1912 quidem
1941 1852 2046 1907 est,

464 1940 557 2009 qui
589 1940 824 2009 triplices
845 1937 1284 2007 multiplicesque
1317 1937 1553 2005 patimur
1589 1944 1965 2005 tempestates,
1998 1944 2052 1989 et

449 2047 606 2104 'pene
632 2033 685 2086 in
713 2029 1240 2102 piratasincidimus,
1265 2029 1331 2082 ad
1353 2043 1474 2082 eum
1502 2029 1737 2084 clamare
1763 2029 1854 2098 qui
1883 2043 1910 2082 a
1941 2028 2051 2082 Deo

469 2127 760 2194 productus
787 2137 870 2181 est
889 2126 1248 2197 gubernator,
1280 2138 1514 2192 eumque
1542 2137 1636 2191 pro
1681 2136 1864 2175 amore
1916 2122 2055 2175 veri-

467 2219 594 2274 tatis
623 2228 821 2290 quanta
848 2216 1107 2288 possibile
1131 2225 1214 2270 est
1241 2215 1503 2270 educere:
1535 2221 1639 2267 tuae
1667 2222 1843 2266 autem
1871 2214 2056 2282 gratiae

449 2312 858 2381 '-sapienti:cqne
880 2320 961 2365 est
990 2325 1096 2364 non
1126 2309 1408 2377 despicere
1437 2322 1609 2376 neque
1656 2307 1831 2361 otiose
1884 2315 2057 2360 trans-

471 2418 690 2459 currere
718 2402 1024 2472 hujusmodi
1069 2401 1424 2470 qnmstionem
1459 2408 1767 2468 tantamque
1813 2415 2054 2466 causam,

471 2493 568 2549 sed
598 2505 650 2548 et
682 2492 1005 2563 perscrutari
1029 2508 1148 2546 cum
1167 2493 1458 2547 dilectione
1479 2492 1604 2552 bini
1634 2492 1855 2558 laboris,
1883 2503 1935 2546 et
1962 2492 2057 2546 im-

472 2598 676 2654 ponere
728 2583 1160 2639 emendationem
1211 2599 1332 2637 cum
1367 2593 1473 2638 tota
1521 2586 1825 2638 constantia
1859 2595 1913 2639 et
1950 2585 2058 2638 Deo

473 2675 908 2733 dilecta-ﬁducia.

543 2768 598 2823 2.
636 2769 700 2822 Et
727 2767 856 2823 olim
909 2767 1177 2837 siquidem
1225 2767 1422 2837 saepius
1448 2768 1580 2836 jam,
1623 2781 1688 2822 ex
1730 2766 2060 2822 Alexandria

475 2861 787 2933 huiusmodi
836 2860 1106 2916 hazreticis
1146 2860 1366 2915 zizaniis
1406 2859 1810 2929 insurgentibus
1851 2859 2063 2914 suffecit

476 2966 656 3012 vestra
687 2956 982 3026 apostolica
1027 2955 1185 3012 sedes
1212 2970 1308 3026 per
1340 2957 1652 3010 universum
1681 2967 1894 3023 tempus
1932 2955 2059 3008 illud

478 3046 546 3101 ad
571 3047 908 3102 mendacium
939 3046 1392 3111 convincendum,
1423 3047 1865 3116 impietatiemque
1895 3047 2063 3118 repri-

2155 1839 2381 1895 sentiret
2433 1842 2686 1911 capitulis
2734 1844 2872 1912 ejus,
2919 1855 3081 1915 atque
3128 1846 3503 1902 subscriberet
3544 1862 3630 1915 ea,
3687 1856 3744 1902 et

2159 1943 2497 2001 permaneret
2543 1934 2864 2005 episcopus,
2909 1943 3002 1990 aut
3052 1946 3202 1992 certe
3249 1938 3641 2007 periclitaretur
3683 1941 3740 1994 in

2156 2027 2342 2097 gradu,
2384 2038 2436 2082 et
2482 2044 2510 2080 a
2542 2039 2725 2083 sancta
2773 2031 3011 2086 Ecclesia
3055 2032 3368 2101 pelleretur.
3403 2032 3490 2087 Ille
3525 2042 3734 2101 autem,

2159 2119 2518 2189 propositioni
2557 2136 2784 2187 nequam
2827 2120 2922 2174 Dei
2966 2123 3158 2176 timore
3196 2125 3437 2191 praelato,
3469 2121 3617 2192 eligit
3650 2137 3748 2192 po-

2160 2211 2265 2267 tius
2291 2213 2473 2266 multis
2506 2213 2743 2266 millibus
2779 2214 3034 2283 periculis
3069 2215 3168 2267 sibi
3214 2215 3410 2284 injuste
3453 2215 3749 2270 inferendis

2161 2306 2378 2360 tradere
2429 2307 2799 2374 semetipsum,
2829 2322 2989 2376 quam
3031 2308 3172 2362 dolis
3205 2307 3474 2362 haereticis
3504 2308 3749 2378 praebere

2161 2412 2509 2459 consensum,
2545 2409 2599 2453 et
2621 2398 2939 2452 conﬁrmare
2969 2400 3129 2453 totius
3157 2400 3308 2453 orbis
3337 2414 3602 2455 errorem.

2234 2494 2286 2542 4.
2335 2488 2418 2542 Ad
2468 2489 2581 2542 haec
2626 2489 2864 2558 synodus
2905 2491 3159 2545 convenit
3208 2492 3259 2544 in
3299 2491 3537 2558 Epheso,
3586 2501 3644 2547 et
3696 2492 3746 2546 in

2164 2579 2311 2634 nullo
2333 2588 2638 2648 correptus,
2684 2596 2856 2649 neque
2887 2582 3151 2636 rationem
3189 2582 3417 2638 reddere
3450 2585 3746 2654 expetitus,

2162 2683 2448 2741 antequam
2482 2673 2834 2728 convenirent
2856 2675 2947 2743 qui
2978 2672 3006 2711 h
3036 2677 3454 2731 sustinebantur
3482 2677 3745 2746 universi,

2163 2775 2389 2820 exactus
2420 2776 2502 2820 est
2534 2766 2818 2833 ultionem,
2847 2767 2974 2821 dum
3000 2768 3214 2822 illorum
3243 2770 3606 2838 capitulorum
3637 2771 3750 2823 bla-

2164 2860 2427 2930 sphemiae
2463 2861 2788 2926 obviaverit,
2821 2869 2875 2916 et
2904 2863 3051 2916 omni
3085 2863 3407 2919 credulitate
3434 2863 3481 2918 ei
3515 2880 3632 2933 quae
3660 2864 3749 2918 di-

2165 2955 2306 3008 citur
2347 2953 2682 3008 damnationi
2731 2965 2784 3008 et
2831 2955 2952 3008 aliis
2999 2955 3271 3025 aliquibus
3319 2956 3594 3025 subjectus
3641 2966 3743 3023 est,

2164 3045 2290 3101 dum
2320 3055 2474 3101 certe
2494 3046 2733 3117 Cyrillus
2754 3049 3133 3102 auctoritatem
3152 3048 3352 3118 judicis
3374 3065 3480 3102 non
3504 3047 3747 3114 haberet,

477 3139 751 3205 mendam,
801 3148 855 3194 et
882 3139 1198 3209 corrigenda
1237 3155 1358 3208 quae
1385 3141 1751 3194 necessarium
1789 3139 1910 3205 fuit,
1940 3156 2062 3194 mu-
2093 3122 2138 3185 Ο
2169 3139 2263 3193 sed
2292 3139 2411 3206 ejus
2455 3139 2544 3206 qni
2569 3138 2893 3207 judicandus
2922 3149 3004 3193 est
3039 3138 3310 3209 ordinem,
3359 3157 3426 3194 eo
3453 3140 3596 3210 quod
3627 3155 3749 3194 cono

477 3230 846 3302 niendumque
889 3233 1074 3288 orbem
1121 3244 1389 3286 terrarum
1440 3231 1506 3286 ad
1550 3233 1778 3301 gloriam
1839 3232 2062 3295 Christi,

479 3332 586 3376 tam
621 3325 722 3378 sub
756 3324 847 3378 illo
879 3334 961 3379 ter
985 3325 1144 3378 beato
1175 3333 1230 3379 et
1261 3324 1405 3380 inter
1431 3334 1650 3378 sanctos
1679 3325 1922 3381 habendo
1951 3327 2066 3395 epi-

481 3427 647 3482 sc0po
673 3415 691 3451 ί
732 3415 991 3480 Damaso,
1025 3430 1182 3483 quam
1231 3417 1332 3469 sub
1375 3415 1616 3482 pluribus
1662 3417 1784 3470 aliis
1817 3417 2065 3486 gloriosis

480 3515 644 3572 atque
670 3505 1098 3560 admirabilibus.
1143 3506 1308 3574 Cujus
1346 3509 1421 3562 rei
1453 3509 1626 3576 gratia
1657 3516 1714 3562 et
1740 3524 1838 3564 nos
1865 3526 2064 3578 praesu-

481 3595 683 3649 mimus
729 3595 824 3648 has
853 3595 1272 3664 supplicationes
1299 3596 1494 3652 oﬂ'erre
1526 3617 1538 3653 :
1576 3608 1633 3652 ut
1665 3601 1936 3668 adjuvetis
1979 3619 2067 3657 or-

483 3757 639 3828 jussu
673 3757 985 3828 pelleretur.
1013 3757 1109 3813 llic
1147 3757 1319 3814 obiter
1349 3761 1611 3814 notandus
1657 3760 1912 3814 Ecclesia)
1944 3774 2061 3815 mos

476 3829 757 3897 antiquus.
789 3845 894 3900 quo
924 3845 1112 3886 recens
1154 3832 1380 3885 instituti
1409 3831 1645 3900 episcopi
1680 3845 1899 3892 nomen,
1931 3845 2058 3900 syn-

486 3901 658 3955 odicis
685 3902 804 3967 ejus
826 3902 1110 3970 sn=ceptis,
1142 3900 1195 3955 in
1244 3903 1639 3955 communionis
1687 3900 1941 3954 imlicium
1984 3901 2062 3954 di-

488 3971 701 4054 ptychis
733 3971 955 4054 inscribi
977 3971 1328 4054 si_i|el)_at.lloe
1362 3980 1524 4054 pacto.
1546 3971 1829 4054 Bassianus
1863 3971 2060 4054 Ephesi

487 4039 774 4111 episcopus
816 4045 866 4096 in
897 4041 1324 4097 Chalcedonensi
1357 4042 1581 4094 COllCiilO
1612 4049 1716 4093 act.
1754 4039 1812 4094 11
1849 4057 1900 4108 p.
1934 4041 2060 4104 695,

485 4123 612 4168 eum
634 4113 824 4168 Proclo
848 4113 1275 4166 communicasse
1296 4125 1355 4165 se
1382 4111 1717 4177 approbavit,
1738 4112 2064 4168 testantibus

481 4183 750 4239 Ecclesia:
780 4183 884 4237 (ΣΡ.
914 4182 1124 4236 clericis
1146 4226 1160 4248 ,
1191 4181 1330 4248 quod
1373 4196 1546 4233 revera
1589 4183 1808 4250 suscepit
1856 4199 1990 4247 eum,
2021 4194 2068 4237 et

489 4254 884 4327 cpmmunicavit
909 4255 955 4307 ei
982 4253 1139 4327 beata;
1169 4251 1426 4327 memoria:
1458 4251 1693 4327 Proetus,
1721 4262 1766 4303 it
1798 4254 1915 4321 fecit
1940 4271 2065 4324 syn-

495 4322 669 4379 daicas
698 4326 916 4390 litteras,
941 4333 988 4378 et
1018 4329 1071 4376 in
1102 4322 1360 4393 dypticht's
1381 4338 1495 4375 eum
1519 4323 1709 4392 posuit.

568 4406 594 4433 ι
630 4396 739 4450 Hoc
763 4406 863 4459 est,
890 4395 952 4447 ad
980 4410 1072 4449 eos
1097 4393 1451 4448 revinceridos
1469 4409 1553 4462 qm
1587 4393 1891 4447 hominibus
1913 4396 2068 4451 bona:

497 4468 786 4522 voluntatis
812 4467 1178 4520 adversantur.

567 4538 594 4575 ι’
625 4539 806 4608 Lupus
836 4552 1009 4589 amore
1032 4537 1080 4588 in
1114 4533 1406 4608 archetypo
1435 4533 1721 4608 offendisse
1754 4553 1810 4588 se
1843 4554 2068 4604 praimo-

498 4623 652 4673 nens,
705 4605 753 4662 in
788 4618 932 4662 textu
979 4605 1461 4678 majoreexhibet,
1488 4608 1638 4678 quasi
1681 4607 1766 4662 hic
1807 4609 2067 4665 Pharaoni

496 4691 839 4745 comparatus
891 4674 1124 4746 Cyrillus
1155 4674 1362 4746 Pharao
1393 4677 1562 4729 minor
1591 4677 1850 4732 dicendus
1881 4681 2068 4734 innua-

497 4758 606 4804 tur.
630 4749 734 4805 Sed
758 4745 1005 4818 neqnein
1028 4748 1126 4800 hac
1146 4745 1459 4818 conjectura
1488 4757 1655 4811 stans,
1694 4749 1828 4802 forte
1851 4751 2065 4815 Achori,

497 4833 604 4890 quo
653 4816 869 4874 nomine
911 4816 1633 4890 Pharaonem_llebr:eorum
1669 4831 2066 4888 persecutorem

499 4886 793 4946 secundum
825 4890 1080 4958 quosdam
1120 4886 1442 4955 appellatum
1475 4889 1566 4952 ait,
1601 4886 1696 4956 pro
1741 4907 1915 4945 amore
1949 4893 2070 4946 sub-

487 4962 826 5015 istittiendum
856 4961 1124 5028 opinatur.
1159 4959 1328 5027 Ipsam
1361 4958 1640 5030 archetypi
1665 4962 1949 5030 lectimiem
1976 4963 2071 5016 Ba-

501 5030 697 5096 luzius,
739 5031 951 5087 etiamsi
985 5031 1127 5082 onmi
1175 5043 1336 5083 sensu
1361 5029 1670 5083 desmutam
1698 5029 1948 5097 fateatur,
1981 5050 2065 5089 re-

501 5103 738 5160 vocavit.
763 5101 1071 5170 Simplicior
1086 5099 1290 5154 acnnlli
1312 5100 1482 5153 errori
1506 5101 1737 5155 obnoxia
1756 5111 1841 5156 est
1861 5114 2063 5158 nostra.

629 5173 755 5230 Scil.
782 5171 996 5245 Cyrillo.

574 5239 603 5280 ά
621 5245 676 5299 ld
703 5252 806 5307 est,
823 5239 1102 5298 'Nestorio.

577 5324 602 5386 ἒ
633 5316 783 5383 Apud
812 5315 1040 5384 Lupum,
1067 5322 1386 5386 pepererunt.
1411 5313 1597 5386 Cyrilli
1623 5313 1688 5368 l2
1717 5316 2070 5374 anathemati-

498 5385 601 5439 smi
636 5388 720 5442 hic
752 5394 1016 5440 taxantur.

580 5451 601 5490 ί
623 5457 755 5512 Cum
788 5471 1095 5525 nuncupare
1121 5456 1319 5511 Iulium
1352 5457 1672 5526 potuissent,
1693 5458 1782 5526 Qui
1824 5457 2064 5514 Athana-

495 5525 564 5582 sii
602 5529 667 5582 ad
698 5544 758 5583 se
783 5526 1138 5595 coul’tigientis
1169 5525 1407 5592 causam,
1438 5528 1606 5582 donec
1629 5525 1744 5582 sedi
1773 5545 1881 5582 sua:
1914 5533 2066 5585 resti-

505 5609 768 5665 tueretur,
796 5612 1135 5668 propugnare
1159 5613 1262 5651 non
1295 5599 1525 5662 destitit;
1560 5599 1842 5661 Damasum
1873 5601 1926 5653 in
1955 5617 2065 5655 me-

507 5671 650 5720 dium
687 5667 924 5730 proferre
951 5667 1358 5726 maluerunt,'ut
1384 5669 1470 5734 qui
1496 5669 1807 5734 Apollinarii
1839 5672 2062 5724 damna-

483 5731 583 5812 ξςει
609 5737 887 5794 haeresim,
917 5749 1106 5797 quama
1143 5735 1347 5802 Cyrillo
1383 5731 1732 5789 instauratam
1776 5739 2055 5800 volebant,

2169 3235 2252 3282 tra
2278 3229 2506 3284 invicem
2534 3230 2801 3284 moverint
2829 3232 3176 3300 quaestiones.
3213 3233 3277 3286 Et
3304 3242 3424 3287 erat
3458 3232 3750 3302 praesidens

2172 3336 2300 3376 reus
2355 3334 2410 3377 et
2443 3322 2459 3359 ί
2493 3325 2788 3378 sententiat
2847 3326 3141 3393 princeps,
3194 3326 3336 3395 quii
3387 3326 3754 3381 sustinebatur

2174 3415 2355 3468 multis
2387 3417 2670 3470 sententiis
2702 3418 3115 3486 suppmtendus.

2245 3508 2296 3562 5.
2329 3507 2424 3564 His
2448 3510 2638 3580 gestis,
2672 3510 2793 3564 aliis
2841 3511 3062 3580 quidem
3098 3522 3286 3566 cuneta
3322 3526 3441 3580 qua:
3479 3521 3596 3566 acta
3630 3522 3754 3566 sunt

2174 3603 2423 3673 lacrymis
2463 3603 2648 3674 digna,
2693 3605 2814 3660 aliis
2844 3619 2974 3661 vero
3021 3607 3246 3661 ridicula
3289 3607 3653 3670 videbantur;
3686 3608 3752 3661 ita

2166 3762 2431 3839 Quocirca
2471 3767 2844 3822 Theodoretus
2885 3769 2976 3824 lib.
3024 3785 3054 3824 v
3088 3771 3223 3824 Hist.
3257 3786 3375 3839 cap.
3413 3772 3447 3824 5
3475 3772 3748 3826 Meletium

2169 3836 2506 3909 Apollinario
2537 3841 2623 3903 qui
2654 3855 2776 3892 cum
2807 3839 3037 3893 Damaso
3076 3836 3478 3895 communicare
3509 3859 3566 3896 se
3596 3845 3754 3909 jacti-

2168 3909 2335 3982 tabat,
2366 3907 2570 3963 dixisse
2605 3919 2829 3961 testator
2855 3928 2865 3962 :
2900 3911 3060 3964 Miror
3089 3923 3155 3976 te,
3195 3930 3223 3965 ο
3253 3915 3434 3971 amice.
3461 3925 3561 3965 tam
3589 3907 3754 3982 impu-

2169 3976 2344 4028 denter
2389 3995 2669 4048 repugnare
2697 3982 2916 4041 raritati,
2949 3983 3102 4050 idque
3141 4000 3257 4036 cum
3300 3985 3455 4050 probe
3480 3986 3614 4038 scias
3647 3976 3753 4036 Da-

2171 4063 2368 4099 masum
2417 4067 2638 4101 asserere
2684 4053 2959 4120 perfectum
3012 4053 3265 4106 hominem
3313 4072 3344 4104 a
3403 4057 3506 4107 i‘eo
3554 4073 3754 4109 assunt-

2171 4127 2336 4191 ptum,
2368 4129 2414 4170 le
2440 4123 2752 4174 tanti-arium
2783 4123 3034 4191 a/ﬁrmare
3073 4141 3172 4176 non
3199 4141 3491 4178 cessare...
3540 4126 3688 4190 Quod
3712 4127 3752 4179 si

2173 4187 2309 4257 falsa
2337 4201 2453 4240 sunt
2483 4208 2596 4256 qua:
2617 4187 2860 4257 dicimus,
2893 4210 3027 4246 nunc
3047 4195 3225 4247 saltem
3257 4196 3492 4248 renuntia
3521 4187 3748 4257 not-itali,

2173 4269 2221 4334 et
2242 4256 2454 4313 Damasi
2467 4263 2765 4334 aeolrinam
2789 4263 3115 4334 amplectere.
3149 4268 3279 4319 'l‘um
3303 4270 3383 4319 his
3414 4268 3560 4318 adilit
3583 4256 3755 4320 Theo;

2173 4327 2419 4406 dpretus,
2443 4331 2538 4406 _E_:r:
2561 4337 2654 4406 liae
2677 4327 3037 4404 (Apollinarii)
3074 4338 3249 4389 radice
3282 4336 3549 4406 pullulavil
3574 4339 3624 4389 in
3658 4337 3751 4390 Ec-

2173 4400 2342 4453 clesiis
2369 4403 2542 4469 opinio
2572 4400 2693 4462 illa,
2730 4421 2884 4456 unum
2915 4400 3028 4459 esse
3051 4400 3290 4460 naturam
3314 4411 3480 4459 carnis
3515 4417 3561 4459 et
3589 4409 3752 4460 deita-

2174 4471 2259 4546 tis,
2295 4482 2342 4523 et
2363 4474 2482 4546 Ailla
2530 4489 2644 4535 qua:
2689 4474 2950 4544 Unigeniti
2989 4478 3248 4530 divinitati
3281 4481 3562 4546 passionem
3601 4485 3751 4530 (ιίνὶ-

2096 4574 2149 4634 D
2175 4542 2299 4621 buit.
2352 4542 2558 4624 Quibus
2595 4542 3020 4634 .veirltisvnnotare
3072 4549 3229 4634 forte.
3258 4542 3431 4634 voluit.
3467 4546 3748 4615 Cyrillum,

2173 4612 2284 4683 cui.
2319 4615 2439 4680 quia
2470 4615 2628 4680 epist.
2671 4616 2689 4669 1
2722 4616 2785 4668 ad
2817 4618 3133 4672 Successum
3180 4618 3229 4672 id
3264 4621 3480 4683 excidit,
3514 4612 3754 4672 ntunant

2173 4679 2269 4735 Dei
2314 4679 2448 4738 verbi
2495 4679 2729 4738 naturam
2781 4687 3103 4741 incarnntam
3161 4692 3385 4748 diceret,
3442 4679 3747 4754 liujttsiuodi

2172 4754 2482 4829 opinionem
2536 4755 2904 4812 Theodoretus
2948 4773 3008 4812 ac
3052 4761 3182 4813 socii
3220 4761 3354 4812 falso
3401 4760 3751 4829 efﬁngebant.

2173 4821 2330 4880 Unde
2360 4827 2642 4880 Damasum
2688 4843 2791 4880 non
2823 4830 2999 4892 modo,
3033 4841 3090 4883 ut
3127 4830 3307 4896 Lupus
3340 4821 3749 4897 interpretator.

2173 4907 2393 4970 propter
2423 4899 2638 4952 Lucium
2666 4899 2936 4970 iArianum
2979 4902 3312 4970 episcopum,
3351 4913 3438 4955 aut.
3465 4901 3751 4958 Maximum

2171 4963 2427 5037 Cynicum
2459 4969 2617 5021 abeo
2645 4969 2948 5032 damnatos,
3003 4963 3096 5023 sed
3145 4963 3307 5025 etiam
3359 4975 3592 5025 maxime
3635 4991 3751 5039 pro-

2179 5048 2296 5111 pter
2330 5040 2649 5103 Apollinarii
2687 5055 2898 5092 errores
2929 5043 2994 5093 ab
3025 5042 3212 5094 eodem
3245 5044 3405 5111 epist.
3501 5045 3568 5096 ad
3615 5045 3748 5098 l‘au-

2177 5107 2347 5161 linum
2420 5112 2794 5177 proscriptos,
2866 5111 2951 5163 hic
3011 5107 3492 5168 commemoratum
3555 5115 3750 5171 intelli-

2176 5192 2303 5248 gere
2339 5187 2445 5234 est.

2250 5259 2277 5296 ι
2303 5248 2928 5316 Constantinopolitanre.

2257 5316 2558 5398 {Graecum
2612 5323 2830 5398 γεῲιιηι
2874 5325 3061 5377 Latino
3105 5328 3546 5394 exspectabantur,
3577 5329 3748 5398 aptius

2181 5391 2450 5448 redditum
2491 5404 2654 5446 esset.
2689 5393 2763 5446 De
2805 5393 3007 5448 Joanne
3041 5391 3374 5450 Antiocheno
3417 5409 3471 5452 et
3508 5391 3628 5454 aliis
3658 5404 3745 5464 qui

2174 5477 2294 5537 cum
2325 5479 2390 5516 eo
2416 5475 2592 5537 erant,
2626 5464 2726 5537 hoc
2753 5464 2952 5537 dictum
2985 5480 3104 5519 esse
3137 5466 3289 5521 facile
3321 5470 3546 5537 quisque
3578 5472 3744 5526 videt.

2170 5533 2274 5588 Sed
2311 5543 2471 5617 antea
2509 5534 2789 5588 Nestorins
2823 5535 2952 5588 falso
2999 5548 3224 5604 negatur
3267 5533 3510 5594 rationem
3538 5543 3747 5597 reddere

2169 5613 2445 5670 expetitus.

2246 5673 2262 5711 ί
2295 5672 2479 5737 Forte,
2510 5677 2865 5732 sententiabat.

2244 5743 2258 5792 l
2311 5743 2542 5803 Wirsum
2593 5748 2676 5798 hic
2737 5747 3124 5814 prcherettdttm
3180 5751 3370 5806 fuisset
3415 5753 3743 5815 exspectaba-
