4028 6184
274 295 373 371 597

716 306 929 364 EPIST.
967 305 1055 362 ιν.
1101 302 1423 361 EUTHERII
1462 265 1854 357 TYANiENSlS
1893 291 2132 359 EPISC.,
2175 291 2354 360 ET(J.,
2399 285 2491 348 AD
2517 261 2816 346 ’iYSTUM
2855 291 3110 348 PAPAM.

3429 293 3536 349 598

209 415 214 421 ’
266 403 328 482 iit
354 435 406 481 et
449 400 541 480 il‘le
580 411 669 491 qui
699 419 1089 475 Antiochenam
1136 409 1356 494 tenebat
1388 399 1688 494 Eccleslaiii
1711 385 2430 476 iDéi,'Ai'ii’tt'jii'e'eo’ti'ciiiiim
2454 447 2469 471 ,
2524 391 2745 474 ét'iibbd
2788 385 3039 457 omnibus
3069 403 3395 471 placuisset,
3431 419 3534 458 una

263 515 388 593 post
421 509 537 575 haec
567 507 1110 586 veniens,'Cyrillum
1150 492 1368 580 quidem
1409 515 1465 590 et
1490 492 1845 593 ‘Memnonem

271 585 601 670 damnationi
629 585 929 676 subiiceret
971 604 1245 659 communi
1270 611 1296 640 ⁸
1323 585 1547 656 decreto
1575 598 1685 653 Deo
1704 585 1846 650 abii-

273 697 605 764 cissimorum
653 699 1229 766 sanctissimorumque
1266 696 1642 766 episcoporum
1674 687 1848 760 usque

271 801 343 856 ad'
364 795 804 870 viginti'duorum
828 790 1391 860 metr0politanorum,
1415 793 1849 850 cteterorumque

269 894 354 964 qui
381 893 588 963 pariter
617 890 864 955 aderant,
893 885 985 956 qui
1016 882 1143 937 illos
1174 881 1448 935 haereseos
1474 891 1537 932 ac
1565 872 1849 930 seditionis

269 976 541 1055 principes
576 976 903 1054 indicarunt
951 989 1007 1032 et
1045 974 1540 1030 ecclesiasticarum
1565 967 1595 1006 1³
1618 965 1848 1022 aemulos

265 1079 635 1141 sanctionum;
679 1083 908 1130 caeteros
935 1085 1062 1124 vero
1090 1066 1180 1138 qui
1223 1065 1306 1121 eis
1351 1062 1418 1117 ad
1447 1060 1628 1116 omnia
1656 1057 1848 1117 incen-

266 1187 397 1241 grua
427 1170 718 1240 complices
751 1165 1098 1225 exstiterant,
1131 1159 1339 1213 alienos
1389 1171 1417 1210 a
1460 1152 1847 1208 communione

269 1235 528 1320 iecerunt.
554 1235 681 1318 'Se'd
714 1260 793 1313 illi
823 1253 1027 1328 egregii
1060 1261 1250 1307 contra
1281 1251 1567 1304 veritatem
1602 1235 1846 1300 simulet

263 1356 474 1426 regulas
511 1349 870 1419 sibimetipsis
920 1344 1307 1412 indulgentiam
1346 1341 1682 1403 relaxantes,
1737 1345 1845 1391 ter-

262 1447 492 1501 ribilium
547 1441 928 1515 mysteriorum
987 1433 1424 1491 communionem
1482 1431 1846 1484 irreverenter

259 1538 362 1592 sibi
388 1538 648 1592 continuo
678 1535 1170 1602 praesuinpserunt;
1213 1525 1346 1579 alios
1378 1538 1506 1578 vero
1543 1521 1846 1576 communi-

258 1647 381 1687 care
414 1633 516 1686 sibi
551 1627 852 1699 periculose
883 1622 1127 1677 fecerunt
1159 1638 1171 1674 :
1201 1623 1276 1674 ita
1316 1627 1372 1672 ut
1418 1629 1608 1670 omnes
1647 1613 1845 1669 divinae

257 1725 465 1795 regulae
494 1733 515 1759 ε
547 1723 770 1774 decreto
796 1716 1129 1786 subjaceant,
1154 1726 1275 1781 qua:
1303 1725 1398 1766 eos
1426 1709 1514 1779 qui
1545 1708 1618 1761 ita
1652 1715 1843 1777 regunt

255 1819 490 1870 omnino
525 1813 860 1878 perdamnat.

333 1909 387 1962 6.
437 1908 558 1961 llaec
589 1904 870 1960 addiscens
919 1903 1031 1958 Deo
1062 1898 1424 1956 amicissimus
1454 1905 1511 1952 et
1551 1896 1728 1950 bonus
1763 1893 1845 1947 vi-

252 2013 374 2059 ctor
407 2003 680 2071 princeps,
733 1998 987 2052 continuo
1030 1989 1322 2050 deﬁnivitd
1354 2005 1551 2046 vacare
1593 2002 1714 2058 qua:
1763 1985 1843 2040 sic

245 2084 566 2149 inordinate
592 2093 1155 2160 inconsequenterque
1177 2093 1301 2140 sunt
1328 2091 1481 2154 gesta
1507 2088 1696 2134 contra
1719 2091 1842 2131 eum

250 2188 338 2259 qui
389 2187 444 2242 in
479 2186 629 2241 nullo
656 2184 938 2239 convictus
968 2189 1072 2247 est,
1112 2178 1344 2246 abrupte
1375 2191 1507 2230 vero
1553 2181 1608 2227 et
1640 2170 1842 2225 furiose

241 2279 530 2344 addictus;
561 2279 742 2332 denuo
788 2285 971 2329 autem
1017 2272 1087 2327 de
1126 2270 1381 2341 dogmate
1425 2280 1547 2320 cuin
1597 2260 1842 2318 veritatis

247 2387 438 2427 amore
469 2370 584 2425 ﬁeri
616 2369 973 2438 quaestionem
1015 2379 1109 2431 per
1145 2358 1630 2430 interrogationem
1671 2365 1726 2410 et
1756 2371 1841 2411 re-

245 2467 604 2536 sponsionem
637 2472 692 2518 et
713 2458 1258 2524 demonstrationem,
1284 2469 1405 2526 quae
1434 2450 1694 2508 omnibus
1717 2464 1840 2504 sua-

246 2557 424 2624 deret,
463 2571 572 2610 non
597 2571 717 2625 qua:
746 2553 1070 2608 auctoritate
1113 2547 1396 2618 tyrannica
1431 2548 1741 2614 imperaret.

299 2649 370 2726 ¹7.
414 2647 501 2703 llli
543 2661 673 2700 vero
719 2644 784 2699 ad
831 2643 1156 2699 solutionem
1201 2651 1471 2693 canonum
1524 2635 1577 2690 id
1620 2649 1838 2704 quoque

227 2743 588 2814 adjecerunt,
622 2751 679 2796 ut
711 2756 810 2796 nec
837 2739 922 2794 his
954 2737 1056 2808 piis
1082 2736 1277 2790 litteris
1309 2733 1626 2790 ohedirent.
1663 2731 1730 2785 Et
1756 2732 1839 2785 ni-

247 2835 323 2890 hil
354 2837 425 2891 de
459 2836 564 2889 lide
593 2834 772 2890 dicere
802 2832 888 2889 vel
919 2830 1105 2886 audire
1147 2827 1558 2898 acquiescentes
1586 2823 1832 2886 ulterius,

241 2928 312 2982 ad
343 2927 521 2983 solam
557 2941 616 2996 se
663 2925 901 2981 universi
943 2920 1298 2993 pertinaciam
1339 2921 1708 2975 contulerunt.
1755 2916 1836 2971 Ad

243 3035 575 3077 consensum
595 3027 882 3087 coeperunt
902 3017 1102 3071 habere
1129 3014 1301 3082 iniqui
1325 3012 1536 3082 iudicii,
1558 3010 1696 3064 alios
1717 3009 1836 3078 qui-

243 3111 371 3168 dem
406 3111 614 3176 frande,
647 3111 782 3165 alios
815 3108 1093 3174 violentia,
1123 3106 1260 3159 alios
1289 3102 1549 3173 praemiis.

316 3205 376 3258 8.
409 3202 806 3270 Constupcntes
833 3215 996 3266 super
1037 3200 1124 3253 his
1155 3212 1277 3261 nos,
1311 3212 1410 3266 per
1441 3195 1671 3250 multum
1701 3202 1835 3248 tem-

244 3306 348 3364 pus
397 3293 756 3363 rogabamus,
808 3291 1233 3352 obtestabamur,
1277 3302 1400 3342 cum
1441 3287 1589 3342 omni
1641 3286 1836 3343 ﬁducia

241 3386 703 3456 provocabamus,
730 3393 788 3440 ut
816 3382 950 3438 nihil
978 3380 1426 3437 irrationabiliter
1457 3378 1612 3434 ﬁeret
1633 3388 1725 3433 aut
1757 3388 1835 3433 te-

242 3489 508 3542 neretur;
536 3476 633 3531 sed
659 3477 727 3531 de
753 3474 1054 3546 quaestione
1093 3472 1317 3544 quidem
1345 3472 1657 3541 ilogmatum
1686 3479 1742 3526 et
1765 3472 1834 3528 de

245 3569 441 3642 Cyrilli
478 3569 730 3640 capitulis
779 3566 1084 3623 communis
1132 3574 1530 3638 proponeretur
1570 3572 1834 3621 tractatus

251 3760 358 3818 tur,
413 3761 511 3806 tioc
537 3759 640 3813 est.
675 3752 741 3805 de
787 3765 894 3817 quo
925 3747 1374 3815 exspectabamus
1405 3747 1518 3802 fore
1561 3756 1619 3801 ut
1652 3747 1839 3802 multi-

235 3821 377 3889 plici
424 3826 707 3877 sententiae
749 3821 1114 3889 subjiciendus
1163 3829 1307 3874 esset
1347 3828 1406 3873 ut
1459 3834 1608 3885 reus,
1651 3818 1696 3872 is
1721 3819 1838 3888 ipse

254 3895 573 3948 sententiam
602 3895 734 3948 dicit
763 3901 820 3946 ut
845 3892 1031 3960 jndex.

326 3996 349 4020 ⁸
376 3986 659 4040 Decretum
691 3987 792 4039 hoc
818 3999 938 4037 cuin
970 3982 1042 4036 45
1067 3983 1444 4050 episcoporum
1474 3980 1834 4050 subscriptio-

257 4055 410 4110 nibns
441 4068 618 4111 exstat
649 4060 700 4110 iii
727 4055 998 4125 Epliesino
1019 4054 1398 4108 Conciliabulo.
1431 4052 1563 4106 Lab.
1589 4063 1716 4125 tom.
1744 4052 1831 4117 Ill,

259 4141 375 4197 pag.
417 4128 547 4184 598.
574 4129 694 4182 Mox
727 4124 1186 4194 t'ortelegendum,
1223 4133 1376 4194 atque
1398 4124 1833 4193 vigintiduorum.

323 4217 350 4256 ι’
377 4221 494 4281 Hoc
520 4233 622 4285 est,
656 4221 994 4274 adversarios.
1044 4218 1273 4272 Eosdem
1318 4219 1371 4271 in
1411 4216 1632 4272 decreto
1679 4216 1840 4270 modo

245 4292 418 4362 χ(ξὶΑιεὶιυ
445 4294 529 4348 sic
554 4293 912 4359 compellant:
939 4289 1040 4356 Tit,
1074 4287 1270 4360 Cyrille
1296 4289 1668 4362 Alexandrine.
1686 4299 1733 4339 et
1760 4296 1836 4362 tu,

265 4357 504 4447 dienmon
550 4357 704 4447 hujus
751 4357 1264 4447 civitati'scpis'cope‘,
1311 4363 1492 4412 scitote
1521 4376 1608 4412 vos
1637 4359 1839 4426 deposi-

265 4439 423 4488 tos....
451 4444 512 4488 ut
537 4429 630 4506 qui
655 4436 705 4487 in
740 4450 895 4486 causa
927 4433 1095 4503 fuistis
1127 4429 1189 4506 ut
1209 4429 1428 4483 Patrum
1467 4445 1689 4483 canones
1718 4445 1841 4481 con-

263 4501 604 4574 gtticarenttir.
644 4517 688 4558 et
727 4501 1088 4574 imperatorum:
1113 4501 1838 4574 decreta_contemnerentur.

1952 497 2222 554 sententia
2256 497 2599 561 ﬁrmaretur;
2643 495 2710 550 de
2749 507 2814 548 eo
2843 505 2866 531 θ
2891 493 3021 549 vero
3070 496 3159 565 qui
3196 494 3535 563 tyrannidem

1935 578 2031 645 Hc
2069 581 2254 657 aperte
2295 583 2612 656 pertulerat,
2652 586 2916 658 judicium
2962 597 3133 642 verax
3181 587 3335 642 ﬁeret
3377 600 3540 654 atque

1929 669 2279 752 “le%iti‘m’i’im;
2311 692 2371 735 ut
2402 677 2682 737 Convictus
2712 679 2930 749 quidem
2953 680 3023 734 de
3059 679 3415 748 corruptione
3445 695 3539 735 ve-

1952 776 2143 842 ritatis,
2165 768 2625 847 ‘a‘djiidica'tionei'n
2649 777 2888 830 consone
2923 774 3219 828 sustineret
3261 773 3328 828 ab
3359 775 3537 828 omni-

1947 867 2081 924 bus:
2114 869 2158 922 si
2192 879 2324 940 vero
2353 883 2418 922 ex
2444 865 2558 921 toto
2596 866 2846 921 innoxius
2875 865 3213 935 probaretur,
3247 865 3300 918 in
3334 865 3537 932 scripto

1951 955 2226 1014 abdicaret
2253 957 2343 1013 illa
2369 958 2645 1012 nobiscum
2673 963 3027 1026 quaecumque
3055 955 3350 1024 incOngrua
3369 949 3392 991 ί
3416 954 3537 1023 qni-

1951 1053 2074 1109 dam
2094 1055 2180 1108 vel
2209 1052 2328 1123 ejus
2356 1065 2600 1122 persona:
2625 1051 2710 1105 vel
2741 1057 2810 1105 ex
2846 1051 3078 1104 aliorum
3107 1049 3329 1103 nomine
3356 1062 3420 1103 ex
3445 1062 3536 1102 su-

1943 1150 2192 1220 'spicione
2218 1157 2325 1202 aut'
2343 1147 2690 1202 accusatione
2708 1145 3072 1215 iactaverant.

2019 1237 2073 1294 9.
2105 1238 2211 1296 Sed
2253 1239 2354 1292 ista
2385 1236 2600 1307 quidem
2645 1234 3004 1305 displicebant
3053 1235 3118 1289 iis
3153 1234 3245 1305 qui
3295 1248 3367 1289 ex
3416 1233 3532 1287 sola

1949 1333 2272 1389 auctoritate
2311 1331 2619 1396 devincere,
2666 1345 2773 1385 non
2814 1340 2994 1384 autem
3041 1327 3130 1383 vel
3179 1309 3416 1383 suadere
3441 1326 3534 1382 vel

1949 1426 2165 1481 suaderi
2216 1424 2489 1479 volebant.
2540 1421 2935 1492 Praecipiebaut
2986 1435 3118 1476 vero
3162 1419 3427 1474 universis
3470 1427 3533 1472 ut

1948 1516 2173 1587 abrupte
2200 1512 2720 1571 anatheinatizarent
2755 1521 2810 1568 et
2853 1513 3184 1567 damnationi
3221 1509 3532 1565 subscribe-

1947 1619 2087 1665 rent.
2129 1607 2469 1677 Quicumque
2508 1613 2689 1660 autem
2736 1618 2795 1660 se
2836 1605 3114 1674 integriori
3149 1601 3529 1658 deliberationi

1948 1710 2238 1766 servasset,
2275 1700 2652 1765 damnabatur,
2685 1705 2712 1744 ε
2736 1696 3093 1751 ordinabatur
3122 1696 3190 1748 ab
3219 1693 3320 1759 eis,
3361 1693 3530 1762 subji-
3597 1715 3622 1726 ··

1873 1798 1920 1858 Β
1947 1794 2186 1850 ciebatnr
2215 1791 2522 1856 calumniis,
2553 1790 2711 1844 malae
2738 1789 2997 1843 doctrinae
3023 1787 3340 1841 vocabatur.
3371 1784 3523 1840 Ordi-

1948 1888 2213 1941 nabantur
2260 1899 2362 1953 pro
2407 1881 2607 1936 talibus
2634 1879 2794 1935 alteri
2825 1896 2839 1932 :
2866 1881 2988 1949 quia
3033 1878 3338 1934 consentire
3371 1877 3513 1931 nole~

1948 1981 2077 2035 bant
2107 1975 2132 2015 ιι
2161 1977 2382 2032 laudare
2425 1976 2642 2046 quidem
2687 1973 3033 2029 damnatione
3074 1973 3232 2041 digna
3271 1971 3524 2040 capitula,

1946 2072 2208 2125 damnare
2231 2083 2360 2125 vero
2383 2084 2504 2122 eum
2527 2067 2641 2138 qui,
2673 2075 2930 2136 quantum
2961 2078 3059 2118 nos
3085 2063 3292 2118 conscii
3319 2077 3528 2127 sumus,

1947 2163 2078 2218 nihil
2107 2163 2251 2217 aliud
2285 2162 2422 2216 dixit
2453 2159 2557 2215 nisi
2597 2173 2660 2214 ea
2701 2174 2824 2228 qua:
2853 2173 2881 2210 a
2919 2157 3121 2210 sanctis
3165 2155 3445 2224 prophetis
3475 2163 3531 2207 et

1944 2255 2289 2327 evangelistis
2310 2265 2365 2310 et
2391 2253 2652 2323 apostolis
2674 2266 2770 2322 per
2791 2250 3055 2322 Spiritum
3081 2257 3328 2303 sanctum
3359 2246 3530 2299 mani-

1943 2349 2080 2405 feste
2099 2358 2224 2403 sunt
2250 2345 2464 2402 tradita.

2017 2440 2102 2495 10.
2156 2439 2419 2495 Volebant
2456 2438 2602 2493 enim
2653 2446 2708 2492 et
2744 2434 3014 2506 apostolos
3060 2431 3355 2497 criminari,
3400 2429 3528 2484 dum

1940 2557 2272 2614 supervacue
2329 2539 2640 2611 adjudicant
2682 2539 2833 2594 illum
2881 2536 2972 2607 qui
3021 2549 3082 2590 ea
3120 2548 3239 2604 quae
3287 2531 3530 2601 ipsorum

1939 2657 2064 2703 sunt
2096 2644 2441 2718 praedicabat.
2469 2642 2656 2699 Talem
2695 2657 2925 2712 namque
2970 2649 3024 2694 et
3065 2652 3249 2692 eorum
3295 2650 3417 2704 quae
3446 2631 3529 2688 di-

1939 2757 2132 2805 cuntur
2167 2757 2443 2819 gestorum
2487 2743 2732 2800 fecerunt
2784 2742 3084 2802 actionem,
3134 2747 3192 2790 ut
3235 2737 3530 2790 inconsona

1937 2861 1995 2908 et
2024 2851 2225 2906 incerta
2263 2848 2526 2903 adversus
2567 2846 2716 2899 illum
2759 2845 2933 2896 virum
2965 2838 3288 2908 proferrent,
3328 2842 3383 2889 et
3411 2835 3526 2901 ple-

1938 2969 2164 3023 rumque
2192 2948 2692 3018 iri-epreliensibilia
2732 2942 3190 3010 reprehenderent
3225 2952 3240 2990 :
3275 2936 3400 3002 Cur,
3444 2937 3526 2989 in-

1938 3053 2145 3123 quiunt,
2173 3049 2445 3103 Nestorius
2477 3047 2631 3113 dixit,
2656 3045 2796 3116 quod
2825 3042 2997 3113 passio
3016 3057 3118 3093 non
3143 3037 3402 3102 deitatem,
3438 3036 3530 3089 sed

1864 3167 1910 3230 ρ
1942 3151 2317 3206 humanitatem
2357 3147 2550 3204 Christi
2588 3146 2603 3185 ι
2636 3144 2903 3214 attigerit?
2937 3141 3204 3196 interdum
3237 3154 3366 3195 vero
3399 3137 3530 3192 falsa

1947 3255 2272 3323 scriberent,
2326 3249 2578 3324 ponendo
2624 3248 2770 3319 quod
2817 3247 2886 3303 ab
2941 3246 3056 3315 ipso
3107 3243 3245 3298 dicta
3297 3239 3533 3295 fuissent

1943 3359 2110 3414 verba
2153 3371 2272 3426 quas
2325 3369 2426 3409 nec
2472 3352 2802 3422 quicumque
2851 3346 3169 3411 inﬁdelium,
3212 3344 3379 3399 immo
3431 3357 3532 3398 nec

1940 3460 2235 3533 agrestium
2262 3457 2594 3523 daemonum,
2625 3453 2807 3508 dicere
2840 3449 3296 3522 praesumpsisset,
3332 3446 3382 3500 id
3418 3453 3524 3511 est,

1939 3564 2079 3637 quod
2129 3559 2367 3617 Christus
2405 3555 2582 3613 esseti
2624 3555 2862 3610 Christus
2915 3552 3149 3619 Domini,
3202 3552 3334 3606 sicut
3373 3547 3530 3615 Saul,

1942 3745 2312 3820 Chrysostomi
2343 3744 2684 3800 adversarios
2713 3745 2910 3799 abusos
2943 3759 3062 3798 esse
3093 3740 3525 3797 observavimus.

2012 3826 2039 3866 ά
2071 3827 2215 3882 Inter
2257 3836 2373 3882 acta
2423 3824 2683 3894 Ephesini
2725 3824 3066 3878 coneiliabuli
3110 3837 3232 3891 pag.
3271 3823 3376 3876 705
3412 3821 3528 3874 haec

1941 3899 2235 3954 Theodosii
2265 3897 2474 3951 sanetio
2506 3895 2758 3950 habetur.

2018 3989 2041 4016 θ
2065 3977 2334 4034 Nestorio.

2020 4057 2275 4126 'Negare
2321 4072 2426 4110 non
2460 4055 2680 4119 audent,
2731 4054 3015 4126 incongrua
3061 4048 3346 4126 et_scripto
3376 4047 3527 4099 abdi-

1941 4131 2113 4184 cando
2144 4119 2265 4184 esse
2285 4145 2342 4181 en
2367 4143 2593 4198 quorum
2624 4140 2784 4180 causa
2808 4119 3089 4178 Nestoriiis
3114 4119 3396 4173 damnatus
3419 4130 3526 4170 e5t.

2017 4212 2044 4251 ⁶
2068 4211 2343 4266 Orationis
2362 4196 2532 4263 series
2560 4208 2794 4273 postulat
2817 4203 3169 4266 abdicabatur,
3195 4213 3288 4252 seu
3309 4196 3526 4266 depone-

1945 4281 2092 4335 hatur
2121 4281 2182 4334 ob
2212 4283 2306 4345 eis,
2346 4290 2436 4333 aut
2465 4279 2589 4346 quid
2619 4278 2815 4332 simile.

2017 4359 2278 4414 hClarius
2323 4361 2424 4413 hoc
2471 4359 2542 4413 ita
2593 4357 2896 4418 efferretur,
2929 4356 3049 4424 quia
3090 4348 3354 4424 comitiis
3391 4349 3441 4424 in
3472 4363 3530 4399 ro

1944 4433 2225 4485 consentire
2269 4429 2528 4494 nolebant,
2560 4436 2616 4481 ut
2656 4419 3163 4495 laiidarent'quidem
3201 4419 3530 4495 damnatione

1946 4503 2102 4570 digna
2123 4501 2371 4570 capitulo,
2391 4501 2693 4552 damnarent
2723 4494 3034 4570 vero._Qtiod
3073 4504 3249 4570 autem
3283 4494 3531 4570 proxime

267 4567 359 4627 Ubi
397 4562 699 4633 observare
745 4562 846 4638 est,
890 4574 938 4626 id
985 4572 1124 4640 quod
1174 4572 1285 4624 illic
1330 4571 1549 4623 Patrum
1595 4585 1838 4630 canones,
1871 4571 1923 4628 D
1948 4562 2196 4637 legimus,
2234 4562 2623 4640 Ordinabantur
2650 4585 2742 4638 pro
2767 4567 2951 4620 talibus
2976 4565 3147 4630 alteri,
3182 4575 3413 4640 maxime
3446 4562 3531 4609 ili-

268 4641 347 4697 hic
388 4647 764 4701 ecclesiasticas
821 4645 1202 4697 constitutiones
1249 4643 1454 4694 vocari.
1511 4642 1626 4708 Ipse
1681 4642 1838 4692 etiam

267 4709 499 4774 Joannes
553 4719 602 4770 in
649 4716 918 4787 prominio
957 4713 1540 4787 sentcntiieadversus
1581 4710 1844 4787 Cyrillum

270 4798 315 4834 οι
354 4781 694 4843 Memnonem
742 4788 962 4855 prolatze
1002 4783 1364 4838 Ini-titionibus
1416 4782 1604 4836 iisdem
1640 4781 1845 4850 promi-

272 4868 388 4908 scue
417 4862 605 4914 utitur.

343 4951 713 5008 cAntiocheni
765 4950 1020 5004 videlicet
1064 4946 1314 5008 concilii,
1367 4944 1523 5011 cujus
1569 4959 1781 4999 canone
1811 4943 1846 4997 4

277 5024 612 5099 consumitur
645 5039 657 5073 :
689 5021 748 5075 Si
791 5022 902 5090 quis
930 5021 1198 5099 episcopus
1225 5016 1474 5099 dsynodo
1501 5016 1656 5099 fuerit
1685 5015 1847 5098 depo:

278 5089 489 5163 sitne...
520 5105 567 5147 et
589 5086 970 5163 prtesum'pserit
993 5086 1266 5163 sacerdotii
1296 5086 1385 5163 seu
1412 5087 1550 5139 sacri
1571 5086 1839 5163 ministerii

279 5159 492 5225 aliquam
519 5154 788 5223 actionem,
812 5154 922 5214 'non
963 5163 1006 5213 ei
1029 5158 1250 5229 amplius
1287 5159 1434 5211 liceat
1466 5175 1626 5227 neque
1653 5158 1705 5209 in
1735 5154 1841 5229 alia

279 5237 460 5296 εειηοάο
504 5251 645 5303 spem
675 5234 1011 5303 restitit'ionis
1045 5228 1317 5303 habere....
1357 5229 1447 5303 sed
1487 5238 1532 5303 et
1559 5228 1842 5303 communi-

284 5315 439 5359 cantes
459 5308 507 5360 ci
530 5297 680 5377 ἑτι)Ῑὶιοὶ
708 5306 769 5356 ab
795 5301 1045 5377 Ecclesia.
1068 5301 1407 5377 Quapropter
1435 5297 1576 5352 infra
1609 5298 1847 5377 restitui-

283 5383 389 5446 lnus
426 5369 743 5446 perdaiimat,
783 5374 869 5426 tibi
910 5372 1593 5446 obtinebatperdomitam.
1636 5369 1846 5446 Clarius

285 5438 558 5513 legeretur,
582 5456 639 5500 ut
667 5461 840 5498 omnes
867 5445 1156 5514 subiaceant
1187 5444 1390 5496 decreto
1416 5441 1605 5514 divine
1629 5439 1846 5514 regulae,

284 5509 402 5581 quis.
435 5509 711 5573 Sed’hiinc
741 5509 1002 5570 canOnein
1039 5515 1091 5567 iti
1117 5517 1260 5581 ipsos
1286 5514 1373 5581 qui
1409 5513 1557 5565 illum
1592 5509 1853 5581 objiciunt

286 5579 428 5662 facile
456 5600 771 5662 retorquere
799 5587 943 5646 licet,
973 5579 1230 5662 siqiijdeiii
1257 5579 1632 5662 communione
1659 5579 1850 5662 Nesis):

288 5650 346 5703 rii
377 5671 474 5710 non
500 5650 851 5720 absistebant,
882 5650 1049 5723 quem
1071 5653 1346 5710 leestini
1373 5653 1613 5724 iejnsque
1640 5650 1852 5724 concilii

289 5727 561 5793 Sententia,
613 5744 642 5782 a
695 5736 771 5782 tot
811 5722 1093 5795 Epl’iesinte
1139 5726 1328 5793 synodi
1363 5722 1612 5778 Patribus
1643 5722 1853 5795 conﬁr-

293 5803 442 5857 mata.
481 5792 781 5862 depositum
817 5792 1098 5852 noverant.
1151 5792 1354 5850 Eodem
1390 5795 1610 5850 decreto
1636 5792 1858 5848 Joannis

1947 4632 2091 4692 ciinn
2116 4632 2198 4693 est
2228 4651 2446 4711 propter
2473 4632 2978 4711 Nestoiiiiin,_cujiis
3005 4635 3122 4688 loci»
3146 4632 3432 4711 ordinatus
3451 4640 3535 4711 est

1950 4701 2341 4767 Maximianus.‘
2362 4716 2442 4764 An
2481 4707 2729 4763 similiter
2770 4709 2860 4762 alii
2891 4701 3129 4761 aliorum
3162 4703 3294 4757 locis
3325 4701 3535 4755 sulTet'ti

1950 4784 2082 4848 sint,
2110 4785 2439 4850 ignoramus.
2479 4778 2710 4834 Tantum
2746 4780 2929 4846 plures
2960 4775 3242 4850 c_svdibns
3267 4773 3381 4826 suis
3416 4771 3535 4839 pui-

1948 4868 2042 4908 sos
2069 4847 2188 4906 esse
2218 4868 2366 4906 num.
2405 4853 2457 4906 ll
2496 4860 2553 4905 et
2583 4852 2650 4905 12
2677 4849 2958 4919 perspicue
2989 4847 3267 4901 docemur.

2026 4932 2041 4971 ί
2071 4933 2128 4988 In
2159 4949 2223 4987 eo
2253 4948 2358 4987 non
2388 4942 2504 4985 erat
2537 4931 2956 4997 reprehensione
2984 4927 3200 4997 dignus,
3234 4921 3373 4992 quod
3396 4921 3538 4997 duas

1949 5004 2152 5060 Christi
2186 5013 2405 5058 naturas
2439 4993 2797 5070 distinguens,
2848 4993 3153 5070 passionem
3187 4993 3534 5070 humanitati,

1946 5075 2268 5138 nondeitati,
2304 5066 2662 5136 attribuebat;
2685 5073 2779 5127 sed
2805 5066 2968 5141 quod,
3002 5084 3240 5141 personze
3272 5066 3534 5141 unitatem

1947 5166 2049 5201 non
2072 5136 2378 5204 admittens.
2407 5145 2570 5198 Deum
2596 5159 2810 5212 passum
2824 5136 3081 5210 negabat,
3102 5139 3175 5191 nti
3193 5136 3415 5212 negabat
3443 5148 3539 5212 iiaf

1945 5226 2078 5272 tum.
2112 5217 2447 5285 Quapropter
2488 5224 2540 5269 et
2584 5205 2820 5284 Deiparm
2864 5205 3054 5285 nomen
3090 5205 3280 5265 Marini
3313 5205 3539 5258 nolebat

1947 5283 2184 5341 ascribi:
2224 5283 2571 5353 lioc‘taulum
2620 5283 2932 5353 exigebatur
2974 5283 3042 5337 ab
3082 5298 3166 5353 eo,
3209 5289 3267 5332 nt
3319 5286 3540 5343 propter

1951 5359 2128 5411 unitas
2158 5362 2209 5410 in
2249 5373 2350 5410 una
2403 5352 2560 5410 Verbi
2593 5352 2826 5425 persona
2857 5366 3076 5408 naturas
3101 5352 3270 5405 Deum
3315 5360 3537 5417 passum

1950 5443 2071 5483 esse
2094 5429 2376 5482 fateretur.

2031 5507 2044 5558 i
2083 5508 2274 5574 Lupus,
2303 5508 2390 5575 qui
2415 5507 2542 5576 legit
2567 5502 2758 5560 Christi
2784 5504 3057 5566 Dominus,
3087 5508 3233 5576 recte
3257 5495 3535 5576 a-Balusitt

1958 5571 2276 5634 emendatus
2307 5571 2423 5643 est;
2458 5571 2716 5641 nusquam
2760 5578 2901 5628 enim
2936 5580 3012 5628 vel
3045 5575 3197 5636 Sani,
3230 5574 3314 5643 vel,
3348 5571 3471 5622 Davi
3504 5575 3537 5628 ιη

1963 5650 2044 5703 vel
2073 5651 2267 5720 Cyrus,
2299 5657 2390 5701 aut
2411 5641 2590 5720 quivis
2612 5649 2745 5702 alius
2768 5645 2957 5720 Christi
2983 5646 3230 5720 Dominus
3247 5641 3469 5720 dictusi
3535 5657 3538 5684 :

1963 5732 2052 5775 aut
2081 5711 2188 5774 dici
2225 5711 2405 5789 queat.
2436 5711 2592 5786 Quod
2639 5727 2816 5773 autem
2861 5719 3132 5773 llelladius
3161 5727 3214 5770 et
3245 5711 3498 5789 Eutherii.
3537 5733 3542 5746 ·-

1964 5807 1992 5846 a
2018 5779 2268 5849 Nestorio
2299 5779 2497 5846 dictum
2531 5797 2746 5858 negant,
2775 5789 2872 5844 lioc
2900 5792 2966 5844 ab
2997 5790 3089 5844 illo
3113 5789 3313 5843 dictum
3345 5795 3467 5840 esse
3487 5779 3544 5836 ii,
