4028 6184
290 241 384 303 σοι

956 243 1168 302 EPIST.
1217 245 1277 301 V.
1318 244 1525 302 XYSTl
1567 245 1768 302 PANE
1805 244 1899 301 AD
1936 242 2290 303 CYRILLUM
2328 242 2895 301 ALEXANDRINUM.

3454 250 3563 313 €02

282 365 406 435 quid
436 356 501 419 do
529 380 591 419 eo
610 378 767 433 impie
794 363 991 417 dictum
1014 372 1112 428 est,
1138 364 1263 418 dum
1289 374 1440 419 certe
1463 374 1648 432 aperte
1679 362 1864 416 dicere
1892 374 1936 431 Α
1971 370 2169 412 nostra:
2209 374 2333 429 erga
2386 369 2626 413 vestram
2680 361 2955 414 credimus
3005 363 3366 418 sanctitatem.
3416 366 3562 423 Civis

283 458 583 524 debuisset,
619 468 672 511 ut
704 457 773 511 ab
803 473 867 512 eo
898 471 1061 511 sensu
1101 458 1328 528 quisque
1359 458 1572 511 cautior
1600 455 1863 511 reddere-

283 562 369 607 tur
398 569 415 607 :
448 552 584 607 sicut
627 551 775 605 clare
820 551 1200 605 abominamur
1250 564 1345 604 nos
1380 549 1571 620 Cyrilli
1602 547 1863 616 capitula,

281 652 340 699 et
359 657 668 713 quzesumus
695 641 979 696 universos
1002 653 1059 695 ιιι
1085 656 1145 697 se
1166 642 1235 695 ab
1258 641 1419 695 insita
1443 642 1586 695 illius
1619 640 1866 708 maligni-

282 745 394 792 tate
441 735 772 804 custodiant,
817 735 1316 803 praecauvinrentes
1355 748 1446 787 eas
1475 749 1595 803 qua:
1646 735 1697 786 in
1730 732 1864 799 ipsis

280 842 402 886 sunt
431 831 821 898 blasttliemias,
851 837 908 882 et
937 842 1028 883 eas
1051 828 1196 882 clare
1224 828 1475 881 omnibus
1508 826 1858 895 publicanles.

348 924 437 981 12.
469 924 595 980 Haec
625 938 791 993 pauca
822 922 889 977 de
924 922 1168 990 plurimis
1197 936 1319 975 cum
1363 920 1528 973 multa
1571 920 1861 973 abbrevia-

277 1018 425 1074 tione
451 1016 872 1087 conscripsimus
895 1055 910 1080 ,
938 1016 1171 1069 scientes
1198 1013 1339 1084 quod
1373 1013 1563 1067 horum
1596 1014 1858 1066 malorum

276 1112 533 1166 nimietas
568 1127 673 1165 nou
704 1110 878 1164 solum
912 1108 1159 1164 Jet‘emize
1190 1106 1667 1162 lamentationibus
1702 1107 1859 1176 digna

278 1205 390 1268 sit,
421 1204 513 1258 sed
545 1214 597 1257 et
625 1204 930 1258 universam
959 1200 1275 1271 tragazdiam
1304 1201 1658 1267 superaverit.
1689 1199 1862 1269 [toga-

274 1314 399 1353 mus
430 1313 587 1364 vero,
618 1307 671 1352 et
701 1299 905 1351 Sanctis
936 1303 1042 1348 tua:
1074 1293 1443 1362 religiositatis
1491 1291 1858 1361 proviilvimur

272 1392 502 1461 pedibus
523 1433 538 1456 ,
569 1402 625 1444 ιιι
658 1405 875 1445 manum
907 1386 1158 1458 porrigas
1187 1387 1475 1441 salutarem
1501 1427 1515 1451 ,
1556 1395 1608 1440 et
1649 1384 1859 1440 auferas

269 1486 461 1541 mundi
491 1484 869 1552 naufragium,
913 1481 1263 1549 omniumque
1308 1479 1500 1533 borum
1547 1478 1856 1546 inquisitio»

267 1580 394 1632 nc‘m
421 1578 615 1645 jubeas
644 1574 758 1629 fieri
781 1618 795 1641 ,
827 1582 884 1627 et
915 1572 998 1626 his
1030 1572 1231 1626 illicitis
1258 1574 1535 1627 caele-teut
1568 1570 1856 1638 superduci

263 1670 674 1725 correctioaem
698 1688 721 1735 ,ν
745 1679 801 1719 ιιι
828 1675 1146 1721 revocentur
1173 1664 1388 1734 quidem
1419 1666 1583 1718 sancti
1615 1675 1857 1732 pastores

1969 453 2113 506 enim
2157 462 2342 505 noster
2373 461 2399 488 σι
2432 454 2707 518 existens,
2754 469 2941 508 errore
2982 458 3148 511 totius
3189 460 3341 509 orbis
3382 460 3563 514 extin-

1968 556 2086 609 cto,
2123 545 2266 598 illius
2294 545 2611 612 apostolica:
2641 546 2783 600 sedis
2815 548 2986 602 factus
3017 559 3101 604 est
3131 565 3514 607 ornamentum
3537 596 3553 617 ,

1968 646 2024 690 et
2061 652 2090 689 a
2137 636 2293 689 beato
2338 637 2499 690 Petro
2530 638 2810 692 dexteram
2841 641 3121 695 societatis
3149 646 3357 709 accepit
3391 643 3555 715 (Cal.

1967 741 2036 793 tt,
2059 726 2129 799 9)
2150 769 2164 790 .
2198 738 2254 781 ιιι
2281 740 2564 797 appareret
2589 730 2657 783 ab
2686 733 2931 801 utrisque
2960 748 3168 803 mquam
3200 736 3555 793 subtilitatem

1965 820 2272 891 dogmatum
2305 822 2590 876 custodiri.

2038 913 2122 968 15.
2152 915 2324 969 Etiam
2352 930 2663 984 quaesumus
2694 932 2761 973 ne
2788 918 3151 989 despiciamur
3180 935 3209 974 a
3238 922 3393 975 vobis
3422 938 3553 987 nos,

1966 1024 2100 1077 quos
2128 1019 2205 1063 tot
2233 1011 2370 1063 mala
2397 1012 2758 1065 circumdant.
2787 1013 2901 1067 Non
2926 1015 3068 1067 enim
3097 1015 3166 1068 de
3196 1017 3439 1083 pecuniis
3467 1018 3550 1070 vel

1963 1100 2130 1170 gloria
2175 1108 2268 1154 ant
2308 1102 2553 1169 quolibet
2593 1103 2702 1156 alio
2745 1106 3122 1173 tctnporalium
3167 1106 3547 1173 decertamus;

1962 1194 2055 1247 sed
2100 1210 2193 1262 pro
2226 1197 2439 1263 pietatis
2473 1198 2817 1264 possessione
2846 1199 3120 1253 comatuui
3144 1240 3160 1264 ,
3192 1215 3289 1269 pro
3322 1214 3551 1267 paterno

1963 1285 2082 1339 fidei
2116 1290 2401 1352 thesauro,
2433 1304 2528 1354 pro
2559 1304 2653 1356 spe
2680 1289 2954 1344 communi
2980 1291 3217 1344 fidelium
3236 1332 3251 1355 ,
3280 1307 3379 1359 pro
3409 1292 3547 1355 bona

1961 1377 2303 1432 eottfessinne
2334 1378 2706 1445 apostolorum
2731 1422 2746 1446 ,
2781 1396 2877 1447 pro
2918 1381 3212 1435 immortali
3242 1384 3544 1437 cert-utine

1962 1480 2288 1540 martyrum,
2314 1480 2362 1525 et
2390 1472 2623 1525 maxime
2649 1487 2745 1539 pro
2766 1475 2997 1528 adventu
3026 1475 3419 1544 clementiaque
3446 1475 3549 1529 Do-

1961 1561 2191 1624 minica;
2224 1561 2379 1629 cujus
2406 1561 2659 1617 virtutem
2688 1564 3056 1619 invincihilem
3086 1564 3400 1620 invocantes
3428 1567 3549 1624 sine

1960 1652 2265 1707 cessatione
2281 1654 2607 1705 clamamus:
2634 1653 2817 1717 Parce,
2839 1655 3075 1719 Domine,
3095 1658 3283 1724 papula
3300 1667 3547 1719 "10,"le

262 1763 363 1832 qui
404 1764 604 1828 :ninsm
633 1768 759 1815 sum
796 1774 825 1813 ὃ
867 1760 978 1812 suis
1005 1758 1196 1812 ovum,
1224 1757 1440 1826 all-"sati
1462 1799 1477 1823 ’
1510 1765 1565 1811 et
1594 1757 1852 1811 ,ιρὼιηιιηι
1889 1747 1929 1805 Β
1959 1745 2157 1797 dederis
2188 1746 2534 1798 Iia'redttatem
2564 1754 2703 1798 tuam
2734 1748 2786 1798 in
2819 1748 3148 1817 opprobrium
3173 1750 3332 1816 (Joel.
3352 1765 3409 1815 ll,
3431 1750 3540 1817 17).

262 1853 531 1925 gregibus
560 1853 693 1907 ordo
721 1862 773 1907 et
798 1850 1015 1920 antiqua
1047 1850 1333 1904 concordia
1358 1890 1373 1913 ,
1407 1860 1459 1902 et
1491 1857 1544 1901 ut
1580 1865 1686 1901 non
1719 1848 1856 1901 ultra

260 1946 600 2000 lamentatus
630 1954 685 1999 et
711 1942 945 2013 mugitus
974 1958 1068 2011 pro
1095 1943 1237 1996 votis
1268 1942 1569 1996 offerantur
1608 1956 1673 1994 ac
1716 1939 1857 2008 psal-

258 2037 373 2092 mis
398 2078 412 2102 ,
440 2037 569 2090 dum
604 2037 755 2090 multi
786 2035 1014 2105 dispersi
1046 2042 1212 2093 sunt;
1247 2046 1299 2089 et
1332 2050 1399 2088 ne
1426 2033 1855 2103 quiquam-peri-

256 2130 531 2186 clitemur
559 2129 703 2183 circa
733 2143 795 2181 ea
828 2144 948 2197 qua:
976 2128 1245 2197 praecipua
1292 2136 1414 2179 sunt
1436 2168 1449 2187 ,
1498 2126 1624 2178 dum
1671 2130 1850 2177 vitant

254 2224 329 2277 ab
365 2222 640 2277 haereticis
667 2222 750 2276 vel
780 2221 1050 2275 lavacrum
1081 2219 1508 2289 regenerationis
1537 2220 1619 2273 vel
1652 2219 1836 2287 mySIi-

254 2329 384 2369 cam
433 2314 872 2368 communionem
914 2313 1207 2379 accipere,
1255 2326 1376 2380 qua:
1418 2310 1486 2363 ab
1535 2310 1850 2366 orthodoxis

252 2420 488 2461 sumere
517 2404 583 2458 ad
613 2405 843 2459 salutem
875 2404 1093 2458 minime
1118 2405 1521 2472 permittuntur.

334 2496 422 2553 13.
452 2498 583 2565 Quae
609 2515 672 2551 ex
701 2505 853 2567 parte
877 2497 1094 2567 quidem
1126 2496 1372 2549 videntes
1393 2536 1408 2560 ,
1438 2511 1503 2549 ex
1532 2504 1683 2563 parte
1713 2510 1846 2549 vero

253 2590 550 2647 audientes
568 2633 584 2658 ,
606 2593 736 2645 olim
766 2590 1230 2645 concurrissemus
1253 2590 1315 2641 ad
1341 2590 1677 2643 sanctitatem
1705 2599 1845 2641 tuam

253 2700 363 2739 nos
393 2684 484 2752 qui
514 2698 547 2739 e
574 2683 804 2738 diversis
833 2683 1146 2753 regionibus
1175 2698 1392 2747 smnus,
1425 2683 1475 2736 id
1510 2691 1594 2737 est
1632 2700 1695 2736 ex
1745 2684 1849 2736 Eu-

249 2778 569 2846 phratesia,
604 2792 667 2832 ex
698 2789 927 2849 utraque
958 2778 1170 2845 Cilicia,
1201 2778 1434 2833 seeunda
1466 2775 1804 2847 Cappadocia
1829 2819 1845 2845 ,

244 2868 510 2939 Bithynia
533 2908 547 2932 ,
577 2867 855 2925 Thessalia
887 2880 938 2925 et
971 2870 1156 2925 Mmsia
1187 2886 1200 2922 :
1230 2880 1286 2924 ut
1315 2880 1366 2924 et
1400 2872 1574 2924 fontes
1603 2872 1847 2924 ell'untle-

243 2975 445 3017 remus
476 2959 832 3030 lacrymarum
853 3004 867 3027 ,
894 2972 949 3015 et
972 2961 1185 3030 publice
1209 2961 1536 3015 delleremus
1562 2976 1741 3028 peregi
1758 2960 1843 3015 ina

239 3064 305 3108 et
339 3052 555 3106 insueta
588 3053 750 3120 hujus
777 3054 900 3105 vita:
926 3054 1063 3107 mala
1085 3092 1103 3117 ,
1135 3053 1239 3105 nisi
1265 3053 1534 3106 detineret
1561 3066 1658 3104 nos
1693 3054 1845 3119 lupo-

236 3160 380 3199 rum
438 3152 612 3196 terror
660 3143 1031 3198 insidiantium
1077 3145 1332 3212 gregibus
1382 3144 1446 3197 ad
1499 3142 1741 3208 rapinam
1788 3152 1847 3197 et

234 3234 323 3289 ad
375 3246 620 3286 errorem
661 3248 986 3299 omnemque
1027 3233 1432 3287 adversitatem.
1483 3233 1631 3288 Unde
1672 3237 1842 3289 coacti

230 3338 451 3381 sumus
495 3332 676 3378 nostra
718 3324 835 3379 vice
873 3325 1110 3394 dirigere
1142 3326 1587 3395 religiosissimos
1614 3327 1843 3383 clericos

230 3424 308 3473 cl
342 3416 681 3483 monachos,
714 3418 805 3487 qui
841 3418 1100 3485 impleant
1135 3420 1310 3473 locum
1357 3430 1624 3475 nostrum.

323 3508 422 3563 Η.
455 3508 777 3575 Quaesumus
803 3512 963 3581 igitur
990 3522 1047 3565 ut
1070 3512 1273 3581 absque
1300 3512 1562 3569 dilatione
1588 3530 1843 3586 exsurga-

238 3603 316 3657 tis
344 3642 365 3667 ,
399 3611 453 3655 et
487 3600 694 3656 fervido
724 3604 842 3657 zelo
871 3619 1122 3674 maguum
1154 3604 1396 3659 victoria:
1428 3614 1687 3673 tropzeum
1719 3622 1848 3661 cou-

238 3706 329 3751 tra
376 3696 698 3749 :etnulurtun
743 3711 946 3751 cuneos
984 3698 1237 3767 erigatis,
1272 3710 1398 3753 ante
1427 3701 1615 3755 oculos
1647 3700 1846 3755 haben-

241 3798 337 3843 tes
370 3786 501 3842 boni
534 3787 772 3841 Pastoris
800 3788 1134 3857 diligentiam
1165 3788 1325 3843 simul
1356 3799 1409 3845 et
1437 3792 1674 3845 studium
1703 3792 1843 3846 circa

239 3895 416 3934 ovem
444 3894 563 3948 quae
587 3890 867 3934 erraverat
892 3880 1047 3950 (Luc.
1071 3897 1165 3948 xv,
1186 3880 1265 3949 4).
1298 3882 1363 3935 Ει
1392 3898 1495 3936 nou
1523 3882 1728 3951 absque
1756 3897 1846 3951 pe-

240 3973 437 4030 riculo
463 3973 760 4042 deputetis,
789 3974 833 4028 si
862 3976 987 4043 quid
1018 3974 1296 4031 fastidiose
1321 3978 1464 4032 circa
1493 3987 1569 4032 tot
1598 3989 1841 4047 pastores

240 4074 300 4120 et
331 4077 474 4117 oves
503 4073 727 4132 agatur;
770 4063 896 4117 dum
940 4066 1045 4119 illze
1086 4066 1304 4135 quidem
1346 4076 1564 4130 errent.
1600 4070 1671 4122 illi
1714 4086 1842 4124 vero

241 4153 594 4228 tyrannicam
637 4155 941 4210 sustineant
976 4158 1308 4212 violentiam.
1343 4158 1631 4215 Imitatnini
1666 4162 1841 4230 potius

243 4258 301 4302 et
365 4260 623 4314 maguum
676 4246 896 4316 pietatis
949 4263 1250 4317 praeconem
1309 4250 1574 4317 Paulum,
1624 4254 1840 4308 oculum

243 4338 479 4404 mundi,
531 4354 686 4410 quem
739 4355 841 4395 nos
883 4351 940 4395 ut
983 4343 1176 4412 pignus
1217 4344 1420 4401 habere
1460 4346 1842 4403 familiaritatis

2034 1837 2328 1891 Eutherius
2356 1839 2640 1906 episcopus
2671 1840 2989 1905 metmpnlis
3017 1839 3385 1910 Tyaneusium
3417 1841 3543 1894 sub-

1960 1930 2148 1997 scripsi
2178 1970 2194 1995 ,
2226 1939 2281 1983 et
2310 1944 2495 1997 quasso
2524 1937 2581 1981 ut
2612 1945 2696 1983 me
2725 1944 2849 1983 ores
2882 1931 3241 1995 incolumem,
3273 1933 3382 1985 Deo
3407 1932 3544 1987 anti-

1958 2020 2175 2074 cissiine
2206 2030 2260 2074 et
2289 2022 2628 2075 sanetissime
2664 2031 2835 2089 pater.

2028 2111 2306 2185 llelladius
2347 2113 2635 2181 episcopus
2681 2112 2996 2181 metropolis
3028 2112 3180 2166 Tarsi
3210 2113 3539 2183 subscripsi;

1954 2216 2008 2260 et
2044 2221 2173 2276 rogo
2213 2216 2271 2259 ut
2310 2221 2397 2261 me
2437 2222 2561 2261 ores
2591 2206 2954 2271 incolumem,
2992 2206 3103 2260 Deo
3127 2205 3458 2260 amicissime
3484 2215 3543 2261 et

1951 2299 2287 2354 sanctissime
2319 2308 2488 2369 pater.

2493 2390 2518 2429 δ
2564 2390 2901 2448 EPISTOLA
2940 2390 3005 2458 V,

1996 2498 2045 2538 8.
2078 2499 2229 2539 XYS'I'I
2262 2501 2409 2539 ΡᾹΡΔΕ
2462 2502 2529 2539 AD
2562 2500 2824 2539 CYRILLUM
2876 2497 3319 2539 ALEVANNUNUI.
3366 2497 3499 2539 Ροίτ

2022 2571 2191 2609 ΡΑΟΕΜ
2223 2572 2433 2609 FACTA.“
2467 2572 2624 2610 INTER
2655 2572 2808 2610 ll'sUM
2831 2571 3090 2610 εγιιιιιυιι
3119 2571 3182 2609 ΕΤ
3200 2570 3461 2610 ιοιικδεν.

1951 2646 2047 2700 Rei
2078 2652 2230 2719 lmjus
2266 2650 2565 2703 relationem
2605 2650 2657 2702 in
2696 2659 2943 2719 canuentu
2975 2651 3416 2719 episcoportttt_t_se
3444 2665 3537 2703 no-

2020 2716 2350 2788 tant'ferisse.
2401 2721 2606 2784 Quanta
2638 2721 2752 2771 hinc
2785 2718 3028 2771 Ecclesia!
3068 2720 3268 2770 fictilia.
3305 2716 3534 2773 Felicem

2020 2792 2180 2860 fuisse
2220 2790 2456 2843 (altorum
2502 2790 2685 2857 (Jyt'illi
2732 2791 2925 2842 exitum
2947 2831 2960 2849 ,
2995 2805 3180 2857 eosque
3208 2790 3305 2840 sibi
3336 2800 3382 2841 et
3414 2805 3536 2841 cou~

2019 2860 2139 2913 cilto
2168 2878 2260 2913 suo
2292 2864 2345 2913 in
2380 2862 2613 2913 omnibus
2649 2861 2894 2923 probatas
2925 2874 3052 2911 ειδε.

1983 2950 2197 3005 Xvsrus
2224 2955 2508 3020 episcopm
2542 2950 2776 3004 CvntLLo
2807 2950 3069 3018 episeopo
3100 2947 3493 3004 Alexandrino.

2022 3063 2070 3115 l.
2102 3064 2286 3131 Magna
2328 3076 2513 3116 sumus
2552 3062 2735 3115 laetitia
2775 3061 3074 3115 alacritatis
3111 3060 3351 3128 impleti,
3384 3070 3535 3128 post-

1950 3168 2140 3220 quam.
2176 3157 2315 3207 sicut
2345 3155 2605 3221 legimus,
2641 3170 2708 3207 ex
2743 3154 2853 3207 alto
2887 3170 2983 3205 nos
3014 3153 3212 3209 Oriens
3244 3164 3267 3193 ο
3302 3154 3536 3211 visitavit

1952 3245 2105 3317 (an.
2138 3262 2185 3311 t,
2213 3248 2326 3313 '78).
2364 3248 2500 3301 Ecce
2530 3249 2672 3302 enim
2705 3246 2955 3300 sollicitis
2985 3246 3173 3311 nobis,
3205 3246 3329 3317 quia
3362 3249 3536 3302 nemi-

1953 3354 2073 3392 Itcm
2119 3339 2297 3406 perite
2348 3340 2626 3402 Volumus,
2667 3340 2934 3392 sanctitas
2980 3348 3066 3390 tua
3111 3338 3535 3401 retlitt'eglatttttt

1949 3447 2143 3501 Corpus
2166 3432 2419 3486 Ecclesia:
2448 3431 2559 3485 suis
2586 3431 2834 3501 epistolis
2860 3431 3134 3486 indicavit.
3165 3430 3534 3488 Redeuntibus

1949 3524 2067 3592 ejus
2092 3523 2142 3577 in
2169 3541 2263 3578 stta
2294 3525 2531 3578 membra
2557 3525 2926 3594 compagibus.
2958 3526 3229 3580 nemiuem
3262 3524 3525 3592 lorisjam

1953 3618 2198 3670 videmus
2230 3633 2444 3681 errare,
2476 3619 2597 3685 quia
2632 3621 2770 3671 imus
2800 3634 2990 3673 omnes
3025 3630 3229 3686 positos
3263 3619 3398 3675 fides
3425 3635 3529 3675 una

1952 3718 2198 3762 testatur.
2230 3708 2501 3761 laetamur
2545 3725 2575 3761 e
2618 3710 2797 3762 medio
2839 3722 3083 3763 nostrum
3122 3712 3212 3779 qtti
3257 3712 3356 3763 hoc
3395 3726 3536 3782 opus

1949 3798 2075 3854 ferit
2115 3800 2349 3852 ablatum
2384 3797 2408 3835 ἀ
2443 3818 2454 3852 :
2485 3800 2585 3853 soli
2630 3799 2732 3851 sibi
2777 3815 2919 3852 nunc
2959 3816 3065 3852 non
3102 3803 3344 3854 credenti
3385 3802 3533 3871 quod

1947 3893 2123 3947 sensit
2164 3892 2411 3960 intelligit
2452 3890 2725 3954 obfuisse,
2774 3889 2863 3954 qui
2909 3900 3096 3943 contra
3144 3889 3286 3943 hunc
3314 3900 3337 3928 ε
3370 3893 3531 3947 nisus

1949 3993 2029 4037 est
2050 3997 2250 4049 ,quem
2286 3982 2603 4049 profitemur
2633 3980 2885 4033 omnibus
2918 3977 3205 4045 profuisse.

2017 4073 2072 4129 2.
2103 4073 2207 4127 Sed
2239 4074 2495 4126 convenit
2526 4091 2552 4124 a
2588 4070 2833 4125 tristibus
2864 4084 2963 4124 nos
2994 4069 3059 4122 ad
3104 4070 3224 4123 latta
3265 4070 3533 4139 transire,

1949 4166 2074 4235 quia
2106 4166 2220 4232 ipse
2251 4167 2335 4219 cui
2368 4166 2598 4234 quaestio
2630 4173 2772 4217 mota
2815 4163 3016 4227 fuerat,
3049 4160 3116 4216 de
3148 4160 3387 4215 Ecclesia
3420 4162 3533 4216 uui-

1950 4256 2148 4310 versali
2180 4272 2415 4311 mmrore
2443 4256 2677 4319 sublato,
2712 4262 2923 4323 tempus
2951 4252 3107 4307 nobis
3134 4250 3380 4321 praestitit
3408 4267 3535 4321 gau.

1949 4346 2185 4402 diorum.
2217 4346 2465 4402 Christus
2490 4348 2725 4416 denique
2755 4345 2899 4400 Deus
2926 4352 3137 4409 noster,
3167 4357 3328 4413 quam
3362 4340 3380 4381 ί
3412 4358 3535 4402 vero

246 4524 487 4595 propius
516 4523 705 4595 abest,
737 4523 878 4595 quod
904 4522 1138 4581 Joannes
1165 4524 1219 4579 in
1245 4526 1471 4593 epistola
1503 4527 1567 4580 ad
1593 4527 1842 4582 Tlieodo-
1869 4530 1922 4589 D
1949 4527 2165 4581 Patrum
2197 4528 2399 4590 editor,
2435 4529 2547 4591 ipsa
2578 4526 2736 4578 verba
2761 4565 2777 4587 ,
2826 4524 2920 4578 sed
2950 4524 3252 4578 sententias
3276 4525 3537 4594 quasdam

250 4594 403 4652 bium
452 4594 657 4665 Synod.
687 4594 826 4667 βίη).
858 4595 953 4667 9l__
976 4612 1094 4661 pag.
1127 4598 1232 4650 798
1260 4600 1333 4649 ait
1364 4615 1377 4648 :
1415 4598 1709 4667 Depoiiltmt
1738 4600 1842 4652 sive

247 4669 561 4722 damnatum
609 4665 851 4718 habemus
900 4665 1200 4719 Nutarium
1231 4706 1244 4720 .
1276 4706 1290 4720 .
1326 4706 1340 4719 .
1370 4706 1382 4719 .
1413 4665 1840 4721 anathematismo

248 4737 587 4809 subjicienles
614 4752 944 4809 quarumque
964 4738 1025 4809 ali
1052 4753 1110 4789 eo
1132 4737 1298 4809 aliene
1322 4754 1384 4790 ac
1407 4742 1676 4809 peregrine
1703 4739 1839 4792 dicta

249 4807 378 4864 nuit
408 4818 589 4860 contra
615 4808 946 4874 apostolicam
974 4807 1277 4860 doctrinam.

322 4888 354 4917 ι
390 4878 587 4943 υινοιε
617 4889 771 4932 nitus
804 4876 991 4942 Tarsi,
1021 4882 1177 4944 cujus
1208 4876 1485 4932 Helladius
1513 4877 1564 4931 id
1597 4877 1839 4934 scribens

248 4950 547 5019 episcopus
574 4958 710 5001 erat.

322 5020 354 5059 b
387 5019 658 5089 Cyr-idus,
690 5027 748 5071 ut
781 5018 1030 5071 ltustirus
1058 5018 1232 5087 V’igilii
1277 5033 1427 5089 papre
1454 5017 1713 5073 diaconus
1741 5019 1844 5075 ali-

226 5100 467 5162 ~qnanto
497 5100 616 5153 post
650 5089 859 5143 initium
884 5089 1008 5162 diale
1031 5089 1080 5159 gi
1110 5089 1629 5162 contraAcephalos
1655 5089 1845 5145 obser-

252 5158 339 5215 vat
370 5202 386 5225 ,
416 5162 660 5229 epistolas
690 5176 807 5213 suas
839 5172 882 5211 et
912 5158 1255 5214 Orientalium
1280 5160 1343 5214 de
1368 5158 1491 5224 price
1517 5162 1843 5216 transmissus

256 5230 786 5301 RomamziEcclesiae
814 5230 918 5284 sed:
944 5248 975 5282 a
1004 5231 1325 5284 sanctissimo
1350 5230 1517 5301 Xysto
1545 5231 1847 5299 conﬁrmari

253 5305 460 5372 sati-git.
496 5300 707 5373 Xystus
727 5301 970 5373 epistolis
998 5301 1103 5355 illis
1136 5303 1186 5355 io
1215 5300 1424 5373 synodo
1464 5304 1804 5373 sacerdotum
1828 5346 1844 5369 ,

255 5376 347 5438 qui
370 5371 450 5426 ad
482 5372 835 5428 ordinationis
862 5371 1031 5437 ipsius
1060 5373 1201 5428 diem
1228 5371 1616 5429 celebrandum
1649 5388 1848 5428 conve-

259 5453 489 5505 nerant,
527 5443 779 5510 perlectis
803 5483 818 5505 ,
846 5459 909 5515 ex
939 5444 1125 5515 eadem
1171 5444 1416 5515 synodo,
1447 5444 1524 5497 uti
1563 5444 1695 5496 inl‘ra
1730 5462 1785 5501 ιι.
1816 5445 1847 5498 7

258 5524 517 5576 testatur,
548 5516 823 5581 rescripsit
850 5514 1031 5567 Cvrilli
1065 5514 1277 5568 labores
1318 5531 1438 5569 cum
1472 5531 1500 5568 a
1531 5532 1589 5567 se
1632 5525 1739 5568 tum
1780 5515 1848 5569 ab

260 5588 409 5641 Omni
443 5584 779 5638 ftaternitate
808 5585 1021 5654 probari
1054 5586 1103 5636 itt
1136 5587 1385 5639 omnibus
1424 5592 1479 5639 et
1508 5586 1842 5639 confirmari.

263 5658 381 5713 lloc
411 5658 735 5723 tescriptum
764 5658 925 5710 etiam
950 5655 1205 5710 Itusdcus
1237 5660 1285 5709 in
1314 5661 1475 5708 citato
1501 5657 1713 5724 dialogo
1740 5657 1851 5710 tau-

261 5728 443 5787 davit.
502 5736 554 5779 et
603 5741 665 5781 ex
711 5741 777 5782 eo
826 5742 970 5788 non,
1021 5732 1077 5778 ut
1120 5725 1443 5781 existimavit
1493 5724 1843 5782 Bibliotheca:

1946 4598 2255 4651 summatim
2286 4598 2551 4651 delibatas
2580 4598 2868 4658 excerpsit.
2904 4596 3033 4648 Tam
3081 4596 3377 4665 pretiosum
3422 4613 3538 4652 mo-

1948 4670 2245 4722 nimentum
2291 4668 2361 4721 ab
2404 4669 2642 4722 Antonio
2670 4666 2737 4720 de
2767 4668 2978 4732 Aquino
3005 4681 3035 4719 e
3066 4665 3324 4721 Vaticano
3354 4670 3541 4725 et-diea

1948 4739 2282 4807 descriptum
2318 4739 2580 4791 ltaronius
2613 4739 2664 4790 itt
2712 4738 3007 4807 Annalibus
3051 4738 3116 4788 ad
3157 4751 3289 4789 anu.
3319 4736 3427 4793 455
3450 4755 3543 4792 etl-

1946 4806 2181 4863 dendutn
2212 4816 2441 4863 curant.
2472 4809 2603 4861 Illud
2633 4808 2824 4861 deinde
2854 4806 3103 4861 Labbeus
3151 4807 3312 4869 paulo
3351 4824 3541 4862 emen-

1948 4882 2124 4933 datius
2181 4881 2313 4933 actis
2378 4880 2666 4942 Ephesium
2717 4877 2921 4948 Synodi
2974 4887 3114 4945 part.
3172 4892 3228 4931 Ill
3282 4892 3408 4947 cap.
3472 4878 3534 4933 41

1948 4965 2066 5020 pag.
2110 4950 2245 5004 1175
2274 4950 2523 5018 subjecit.

2024 5016 2046 5058 ἱ
2082 5021 2164 5075 Ad
2192 5016 2455 5074 Joannem
2488 5019 2680 5073 alludit
2704 5018 2794 5088 qui
2836 5016 3041 5090 Orienti
3085 5025 3355 5085 prmerat,
3389 5018 3547 5090 cujus

1943 5090 2054 5160 jam
2097 5103 2381 5155 acceperat
2427 5093 2631 5144 litteras
2671 5106 2791 5145 cum
2835 5089 3051 5143 caeteris
3089 5090 3241 5159 pacis
3281 5089 3548 5146 coal'eaae

1948 5164 2121 5232 gestis
2149 5178 2268 5231 qum
2294 5160 2527 5231 Cyrillns
2557 5162 2801 5216 miserat.

2023 5231 2049 5269 ἀ
2081 5230 2386 5287 Nestorium
2435 5232 2717 5295 videlicet,
2763 5230 2918 5299 cujus
2956 5244 3121 5299 opera
3165 5230 3235 5284 ab
3280 5231 3542 5288 Ecclesia:

1953 5319 2219 5373 compage
2251 5306 2416 5373 multa
2451 5305 2690 5357 membra
2721 5301 3106 5373 discesserant.

2028 5385 2050 5411 ο
2084 5369 2178 5427 llic
2220 5372 2469 5428 Nestorio
2511 5373 2710 5442 opponi
2742 5373 2955 5425 videtur
2981 5369 3252 5441 Cyrillns,
3284 5372 3374 5439 qui
3407 5372 3537 5427 huic

1956 5445 2221 5499 resistens
2244 5485 2258 5507 ,
2291 5446 2539 5497 omnibus
2570 5443 2809 5510 profuit;
2844 5443 2937 5495 sed
2969 5442 3108 5495 hunc
3142 5452 3319 5495 tamen
3366 5445 3547 5509 potius

1956 5516 2259 5583 intelligere
2284 5528 2365 5568 est
2394 5516 2664 5567 Christum
2690 5556 2705 5579 ,
2734 5528 2889 5578 cujus
2916 5513 3231 5579 dignitatem
3261 5514 3543 5568 Nestorius

1953 5588 2302 5653 impugnavit.
2333 5585 2500 5639 ’l‘otus
2530 5588 2629 5639 iste
2659 5586 2809 5640 locus
2849 5586 2988 5653 apud
3034 5582 3234 5639 Baron.
3268 5584 3427 5639 valde
3454 5594 3538 5646 est

1952 5659 2301 5720 depraviittts.

2025 5726 2046 5767 ί
2082 5728 2154 5783 Ιιιι
2188 5728 2383 5785 Baron.
2416 5728 2484 5785 At
2512 5725 2670 5797 Lah.,
2698 5742 2854 5797 quant
2884 5742 3005 5783 vero
3028 5726 3120 5781 sit.
