4028 6184
517 376 637 431 ωδ

1441 365 1643 421 XYSTI
1686 366 1752 420 Ill
1789 366 1992 421 ΡΑΡᾹΞ
2033 363 2389 420 EPIS'lOLiE
2433 364 2518 418 ET
2561 362 2894 418 DECRETA.

3695 367 3805 427 6οδ

507 489 603 542 "sit
638 499 733 541 sua
764 495 957 553 causa,
991 480 1346 544 monstravit,
1381 480 1597 548 quando
1640 480 1709 532 ita
1751 495 1837 534 res
1869 480 2119 550 dignatus
2147 484 2194 540 Α
2295 480 2347 533 4.
2390 479 2506 533 Νοιι
2552 493 2610 533 se
2659 478 2828 532 exsuli
2859 486 2886 525 κ
2913 486 3096 532 vestro
3137 483 3354 533 sanctus
3407 474 3575 533 frater
3626 490 3806 536 noster

520 579 992 648 ‘est'gubernare;
1015 579 1072 629 tit
1118 584 1279 628 tanta:
1311 573 1388 627 rei
1421 583 1474 626 et
1503 572 1626 624 talis
1658 581 1682 607 ιι
1711 571 1968 625 indicium
2002 587 2120 626 ser-

521 680 688 724 ‘varet
717 675 937 724 suorut'n
971 657 1268 722 c'onventui
1298 666 1663 719 sacerdotum.
1703 663 1758 718 lu
1798 681 1960 718 unmn
1992 679 2123 719 con-

533 761 740 832 gregati
771 760 1013 830 'apost’oli
1045 761 1120 814 'de
1160 758 1264 812 llde
1303 769 1447 824 sanie
1492 765 1792 810 tractarunt
1825 776 1835 810 :
1870 759 1920 811 in
1959 772 2122 812 unum

536 873 679 910 nunc
706 853 1099 909 convenientes
1124 851 1406 921 apostolici
1429 849 1502 903 'de
1530 851 1647 918 ejus
1679 850 1908 904 victoria
1941 861 2124 920 gratu-

537 949 744 1003 lantur.
785 945 830 1001 0
869 945 1058 1000 rélatib
1099 943 1262 1012 digna
1304 942 1582 1007 mittente,
1617 942 1775 1011 digna
1813 945 2121 997 conventu!

537 1041 730 1096 Gaudii
761 1038 1002 1095 c'mlest'ls
1031 1037 1288 1092 indicium
1323 1035 1457 1088 tales
1488 1035 1688 1088 habere
1720 1035 1909 1088 debuit
1938 1038 2125 1105 cogni-

511 1137 711 1188 itores.
746 1132 812 1185 Et
837 1130 962 1200 quia
997 1143 1083 1183 res
1113 1139 1166 1182 et
1194 1141 1355 1181 causa
1389 1127 1668 1195 deposcit,
1700 1126 1878 1180 locutu
1911 1143 2127 1197 quoque

525 1223 804 1279 'couvenit
833 1220 861 1259 ι)
894 1236 1001 1274 non
1031 1219 1220 1274 taceri.

611 1316 668 1370 '5.
700 1315 782 1370 Ad
815 1314 1033 1367 beatum
1063 1312 1367 1380 apostolum
1401 1309 1619 1363 Petrum
1661 1308 1978 1364 fraternitas
2007 1311 2128 1362 uni-

533 1423 699 1463 versa
742 1405 994 1461 convenit
1022 1420 1035 1457 :
1067 1418 1195 1458 ecce
1223 1401 1545 1456 auditorium
1576 1416 1606 1456 c
1631 1416 1882 1470 ingruens
1912 1401 2125 1454 audito-

533 1499 719 1561 ‘ribus,
764 1496 1096 1550 conveniens
1125 1495 1428 1548 audiendis.
1462 1494 1776 1547 Habuerunt
1819 1493 2127 1562 coepiscopi

544 1591 715 1644 nostri
747 1589 894 1641 illum
935 1587 1418 1656 congratulationis
1460 1597 1686 1650 testem,
1718 1601 1876 1655 quem
1911 1597 1930 1622 ε
1967 1588 2128 1640 habe-

546 1693 665 1734 mus
701 1680 926 1733 honoris
956 1679 1236 1732 exordium
1264 1693 1279 1743 ;
1311 1689 1508 1732 sanctze
1540 1693 1768 1746 namque
1807 1687 1860 1731 et
1902 1692 2126 1731 venera-

534 1759 640 1827 ibili
679 1773 919 1844 synodo,
962 1787 1116 1841 quam
1157 1773 1352 1826 natalis
1388 1769 1414 1807 ἀ
1447 1773 1574 1825 mihi
1615 1772 1726 1825 dies
1767 1771 1980 1826 favunte
2026 1772 2130 1826 Do-

2227 570 2462 625 Joanncs
2500 570 2810 633 addiderat,
2853 585 2959 623 non
2999 568 3116 638 ejus
3154 577 3238 624 est
3258 568 3577 638 blasphema
3598 573 3802 638 prtedi-

2227 665 2438 718 catione
2481 664 2782 732 deceptus;
2815 678 2934 716 nam
2957 705 2972 728 ,
3003 671 3262 731 quantum
3289 677 3473 716 rerum
3504 663 3678 721 exitus
3710 663 3808 720 do-

2227 767 2349 823 cet,
2382 758 2665 826 suSpendit
2697 772 2845 810 suam
2874 758 3195 811 sententiam
3220 799 3236 822 ,
3269 772 3372 811 non
3403 759 3637 827 negavit.
3670 757 3805 813 Nam

2228 849 2357 919 quid
2406 850 2457 903 in
2492 851 2826 904 inventorem
2861 849 3121 903 malorum
3150 857 3334 918 posset
3356 850 3496 904 aliud
3518 852 3766 920 judicare
3788 896 3803 919 ,

2230 945 2331 998 nisi
2363 940 2392 982 Ιι
2419 946 2558 1012 quod
2591 945 2852 1013 probatur
2884 944 2996 1011 ipse
3027 958 3123 1012 per
3149 942 3456 998 sacerdotes
3485 956 3609 998 suos
3648 944 3810 1014 cujus

2227 1036 2483 1106 agebatur
2509 1049 2670 1089 causa
2691 1077 2707 1100 ,
2739 1034 2987 1089 sentire?
3015 1035 3287 1090 Statuerat
3316 1034 3416 1088 hoc
3444 1034 3694 1088 nimirum
3731 1034 3808 1089 de

2230 1138 2543 1180 nostrorum
2580 1127 2858 1181 desertore
2888 1134 3189 1180 castrorum
3211 1167 3225 1189 ,
3256 1123 3398 1192 quod
3425 1138 3454 1177 a
3481 1123 3709 1178 ducibus
3739 1123 3807 1177 li-

2231 1217 2316 1272 dei
2352 1215 2368 1254 ί
2405 1216 2657 1270 suaderet
2689 1215 2908 1285 perfidia
2933 1215 3184 1285 judicari.
3227 1213 3525 1283 Numquam
3571 1223 3633 1268 "se
3661 1228 3689 1267 a
3721 1229 3810 1268 no-

2231 1319 2345 1363 stro
2385 1323 2608 1362 numero
2638 1316 2949 1377 separasset
2969 1348 2984 1372 ,
3015 1307 3066 1360 in
3097 1321 3256 1377 quem
3290 1307 3464 1375 potuit
3499 1314 3553 1360 et
3583 1307 3804 1361 reverti.

2308 1400 2340 1454 5
2372 1401 2612 1466 Exsulta,
2643 1398 2808 1454 frater
2833 1399 3170 1464 charissime,
3200 1407 3254 1451 et
3283 1397 3348 1450 ad
3383 1412 3482 1452 nos
3507 1397 3808 1452 recollectis

2234 1493 2486 1547 fratribus
2512 1496 2683 1545 victor
2708 1491 2939 1545 exsulta.
2969 1490 3256 1558 Quaarcbat
3288 1488 3527 1543 Ecclesia
3557 1504 3696 1559 quos
3729 1503 3812 1546 re-

2231 1586 2390 1655 cepit.
2425 1584 2556 1637 Nam
2599 1585 2643 1638 si
2673 1585 2948 1638 neminem
2982 1584 3157 1651 perire
3186 1580 3435 1634 volumus
3464 1579 3532 1635 de
3561 1580 3809 1649 pusillis.

2232 1687 2431 1745 quanto
2482 1678 2648 1745 magis
2696 1675 3031 1744 gaudendum
3069 1675 3225 1727 nobis
3251 1682 3334 1726 est
3372 1673 3599 1728 sanitate
3627 1682 3811 1729 recto-

2236 1770 2394 1823 rum?
2446 1769 2695 1837 Legimus
2728 1784 2829 1821 una
2873 1768 2987 1820 ovis
3023 1778 3281 1836 quantum
3313 1765 3493 1835 gaudii
3537 1775 3811 1835 reportata

542 1864 694 1917 mino
742 1871 1132 1933 congregarat,
1185 1862 1309 1932 quia
1362 1862 1437 1914 sic
1487 1862 1813 1916 credeudum
1856 1870 1968 1930 est,
2016 1864 2130 1930 ipse
2162 1869 2207 1927 Β
2237 1860 2549 1929 ιιι-ιυειίιυιοίι
2575 1859 2729 1923 (Luc.
2761 1875 2845 1924 xv,
2873 1859 2969 1929 6);
3003 1867 3054 1912 et
3078 1856 3276 1910 idcirco
3301 1857 3711 1926 intelligendum
3733 1866 3815 1914 est

527 1951 831 2022 'prtesedit,
873 1953 1306 2024 quandoquidem
1345 1953 1616 2021 probatur
1658 1968 1756 2006 nec
1797 1953 1991 2022 spiritu
2033 1969 2130 2007 nec

546 2058 777 2112 corpore
805 2043 1066 2098 defuisse.
1099 2042 1265 2096 Alluit
1297 2044 1517 2110 palmae,
1549 2045 1637 2111 qui
1662 2044 1991 2098 contentionl
2023 2060 2129 2098 non

537 2134 917 2204 ﬂefuit;j'uvit
951 2135 1254 2189 animorum
1285 2143 1407 2187 vota
1440 2145 1782 2200 nostrorum,
1814 2137 1903 2203 qui
1935 2145 1958 2172 θ
1987 2136 2134 2189 videt

525 2227 791 2295 symbolo
822 2227 1052 2296 primum
1095 2229 1233 2279 inter
1265 2225 1555 2294 Apostolos
1598 2225 1798 2278 tradito
1838 2226 2088 2294 derogari
2117 2245 2129 2279 :

549 2335 653 2373 non
685 2335 874 2389 passus
913 2330 996 2374 est
1032 2317 1050 2356 ί
1085 2318 1376 2373 nefandum
1415 2326 1576 2385 caput
1614 2317 1852 2385 gaudere
1881 2319 2131 2384 solatiis,

550 2426 647 2465 nec
677 2412 878 2464 turbari
919 2410 1011 2464 diu
1054 2409 1178 2463 sivit
1219 2410 1481 2462 lutulento
1523 2410 1734 2478 gurgite
1775 2410 1943 2463 fontis
1991 2411 2134 2466 illius

537 2503 819 2571 'jter'spicui
850 2504 1163 2571 puritatem.
1193 2502 1270 2555 Ad
1302 2517 1401 2555 nos
1431 2503 1633 2556 reversi
1667 2513 1791 2555 sunt
1818 2503 2032 2566 fratres,
2065 2506 2132 2558 ad

549 2607 678 2659 nos,
712 2594 968 2662 inquam,
1003 2595 1090 2661 qui
1134 2595 1378 2647 morbum
1416 2595 1686 2647 communi
1731 2595 1910 2648 studio
1946 2611 2130 2663 perse-

548 2695 810 2757 quentes,
841 2688 1142 2742 animarum
1171 2688 1478 2742 curavimus
1510 2689 1819 2743 sanitatem.

626 2878 650 2907 ι
681 2869 743 2923 Et
775 2868 861 2922 hic
888 2868 1137 2922 indicium
1161 2907 1174 2930 ,
1205 2875 1258 2920 et
1296 2865 1434 2917 infra
1459 2905 1472 2927 ,
1505 2863 1700 2916 Gandii
1739 2865 1953 2916 caelestis
1991 2865 2128 2917 indi-

550 2943 686 2994 cium
734 2939 1115 3007 praeferimus;
1167 2938 1410 3005 quamvis
1456 2936 1760 3007 utrobique
1793 2937 1847 2988 in
1897 2937 2126 3004 vulgatis

552 3005 1092 3082 obtineatjudicium.
1114 3007 1332 3075 Quippe
1362 3007 1516 3082 de‘re
1546 3023 1650 3082 non
1683 3005 1857 3074 agitur
1884 3007 2128 3082 judican-

547 3083 616 3136 tla
641 3123 654 3145 ,
683 3083 776 3135 sed
810 3077 875 3133 de
907 3082 1186 3134 indicanda
1218 3091 1272 3132 et
1303 3077 1678 3145 percipienda,
1727 3092 1845 3145 quae
1885 3077 2127 3143 cognito-

547 3168 640 3208 res
670 3170 775 3207 non
805 3153 869 3206 ad
913 3151 1287 3206 excutiendam
1333 3163 1588 3210 causam,
1634 3148 1727 3201 sed
1771 3147 1838 3200 ad
1887 3149 2124 3201 laetitiam

553 3239 672 3278 cum
714 3226 792 3278 eis
832 3239 898 3276 ex
937 3237 1097 3278 causa
1147 3219 1379 3275 feliciter
1428 3219 1574 3270 finita
1620 3219 2123 3272 comnmnicandam

924 3273 1194 3347 veteribus
1226 3300 1400 3343 autem
1431 3288 1583 3343 libris
1623 3290 1884 3362 judicium
1908 3300 1962 3344 et
1989 3289 2128 3343 indi-
2155 3273 2199 3335 Ο

558 3367 694 3418 cium
721 3380 826 3418 non
860 3365 1014 3418 aliter
1046 3365 1352 3430 pinguntur.

629 3435 655 3472 ³
685 3435 840 3498 Apud
875 3437 1065 3486 Baron.
1092 3474 1105 3495 ,
1137 3433 1368 3484 convenit
1397 3431 1606 3482 intueri.

631 3515 652 3542 ε
678 3504 872 3558 Affinis
894 3512 976 3556 est
999 3504 1082 3554 hic
1106 3504 1255 3555 locus
1279 3502 1354 3552 illi
1375 3502 1547 3553 Sit‘iti'ii
1574 3502 1622 3552 in
1645 3503 1866 3554 exordio
1889 3503 2045 3568 epist.
2066 3505 2127 3557 λιι

557 3573 685 3628 Cum
718 3575 772 3625 in
807 3589 958 3624 unum
990 3572 1196 3639 plurimi
1240 3572 1645 3623 convenissemus
1688 3573 1756 3623 ad
1802 3574 1968 3624 sancti
2005 3590 2131 3639 apo-

558 3645 674 3698 sto’li
709 3643 847 3695 Petri
877 3644 1150 3714 reliquias,
1194 3657 1282 3714 per
1323 3656 1551 3714 quernei
1584 3644 1901 3709 apostolatus
1936 3652 1983 3696 et
2017 3645 2128 3714 epi-

544 3724 797 3777 tscopatus
828 3715 879 3765 in
911 3712 1110 3767 Christo
1137 3713 1285 3776 carpit
1315 3712 1602 3767 exordium.

551 3839 556 3846 ,
629 3783 655 3821 ἀ
687 3785 802 3838 Non
848 3787 892 3838 is
937 3800 1042 3853 quo
1085 3785 1136 3837 in
1183 3784 1338 3836 terris
1378 3793 1560 3847 ortus,
1605 3783 1696 3833 sed
1742 3800 1844 3846 quo
1881 3785 2130 3838 Ecclesia:

559 3854 816 3910 Romana!
841 3856 1120 3909 ordinatus
1144 3862 1228 3910 est
1250 3854 1552 3922 cpiscopus.
1584 3854 1735 3906 lluuc
1761 3855 1900 3906 diem
1934 3856 2133 3916 pariter

558 3929 624 3981 ab
655 3928 935 3982 Anastasio
965 3928 978 3978 Ι
1007 3929 1232 3980 natalem
1256 3937 1403 3976 suum
1429 3935 1672 3975 vocatum
1703 3938 1823 3976 esse
1843 3969 1858 3993 ,
1883 3926 1947 3974 ad
1978 3939 2132 3977 eum-

557 4013 695 4064 que.
746 3999 904 4052 veluti
955 4014 1105 4051 more
1153 4000 1258 4062 jam
1306 4004 1556 4060 recepto,
1609 3996 1808 4064 multos
1849 3993 2133 4062 episcopus

559 4062 773 4122 invitari
823 4069 1205 4128 consuevisse,
1259 4064 1411 4134 Xysti
1457 4062 1899 4134 SttccessntriLeo
1953 4067 2132 4132 plures

558 4140 609 4192 in
642 4140 828 4193 eadem
853 4140 1167 4192 celebritate
1195 4132 1471 4189 sertiiones
1501 4132 1702 4185 habuit.
1753 4133 1817 4184 Et
1863 4135 1914 4186 in
1959 4135 2131 4202 primo

559 4211 813 4277 quidem,
844 4225 964 4275 cap.
999 4210 1034 4263 5
1058 4253 1070 4277 ,
1107 4207 1365 4277 plurimos
1381 4204 1680 4277 episcopos
1711 4204 1774 4255 ad
1810 4203 1954 4277 illam
1998 4223 2128 4259 con-

557 4273 741 4334 venire
773 4273 960 4334 solitos
993 4273 1140 4331 notat
1170 4276 1253 4330 his
1283 4274 1461 4327 verbis
1491 4291 1502 4326 :
1538 4273 1762 4341 Cumque
1800 4273 1937 4327 hanc
1979 4292 2129 4329 vene-

555 4351 794 4406 rabilium
833 4349 1250 4404 consociat-datum
1286 4344 1748 4414 splendidissimum
1792 4345 2133 4415 frequentiam

557 4424 735 4485 video,
765 4423 1051 4493 angelicum
1071 4419 1224 4493 nobis
1261 4419 1428 4493 intot
1465 4417 1652 4493 sanctis
1691 4418 1853 4493 sentio
1892 4418 2133 4493 interesse

557 4486 879 4547 conventum.
917 4491 1119 4545 Exinde
1147 4487 1511 4543 celebritatem
1548 4487 1721 4550 illam,
1757 4486 1906 4556 Xysti
1941 4490 2128 4556 instar,

557 4565 622 4615 ad
653 4564 792 4617 beati
828 4563 967 4618 Petri
995 4562 1219 4631 gloriam
1250 4557 1517 4631 referens,
1549 4557 1777 4624 adjecit:
1812 4557 1922 4631 Nec
1952 4561 2126 4626 abest,

557 4647 612 4686 ut
653 4634 887 4701 conﬁdo,
933 4629 1118 4686 abi/ioc
1145 4641 1274 4685 coetu
1304 4629 1577 4682 beatissimi
1607 4631 1827 4701 apostoli
1867 4629 2004 4682 Petri
2044 4633 2129 4701 pia

558 4705 788 4771 dignatio
813 4715 859 4758 et
877 4699 1003 4774 ﬁda
1044 4704 1243 4756 devOtio
1261 4743 1275 4763 ,
1320 4717 1413 4774 nec
1449 4709 1667 4752 vestram
1695 4699 2013 4774 devotionem
2041 4699 2129 4755 ille

557 4770 776 4840 deserit,
821 4770 967 4844 cujus
1009 4791 1100 4827 nos
1150 4770 1424 4844 reverentia
1471 4772 1814 4841 congregavit.
1866 4772 2127 4838 Quocirca

557 4841 924 4901 sct‘tnottemS
950 4847 1026 4898 sic
1051 4843 1252 4897 claudit
1279 4861 1291 4895 :
1335 4841 1423 4893 Illi
1446 4857 1565 4910 ergo
1594 4846 1726 4894 hunc
1755 4845 2009 4894 servitutis
2037 4860 2130 4894 no-

553 4928 674 4971 stra:
698 4932 1025 4974 ΝΔτΔιιτιωιι
1053 4929 1200 4978 ntttu,
1232 4912 1310 4965 illi
1339 4912 1655 4964 ascribamus
1684 4914 1775 4962 hoc
1803 4912 2003 4980 festum,
2032 4929 2126 4966 cu-

551 4990 639 5058 jus
684 4989 969 5055 patrocinio
1009 4986 1154 5058 sedis,
1184 4984 1343 5058 ipsius
1386 4985 1664 5058 meruimus
1703 4998 1816 5058 esse
1845 4993 2125 5036 consortes.

559 5053 756 5112 Eadem
802 5073 1013 5126 quoque
1057 5057 1268 5108 ratione
1309 5053 1376 5107 de
1419 5053 1519 5105 hoc
1563 5053 1698 5106 t‘esto
1742 5053 1948 5106 llilarus
1991 5068 2125 5124 papa

554 5129 712 5195 epist.
745 5129 778 5184 8
807 5129 1058 5196 loquitur.

627 5211 649 5237 °
684 5200 836 5269 Apud
870 5191 1095 5257 Baron.,
1121 5193 1446 5269 quivideret.
1481 5193 1609 5269 Qua}
1647 5192 1699 5269 in
1742 5191 2027 5269 epistolam
2061 5195 2130 5249 15

551 5264 783 5327 Nestorii
831 5286 978 5323 num.
1031 5270 1061 5320 4
1102 5266 1170 5318 de
1214 5264 1414 5318 Nic-aeni
1466 5264 1697 5333 sytttboli
1743 5264 2126 5330 depravatione

549 5351 802 5398 annotata
837 5351 1001 5401 sunt,
1037 5337 1257 5390 videsis.

625 5414 643 5452 τ
675 5416 809 5468 Cum
842 5411 1042 5474 Xystus
1070 5405 1373 5460 Nestorium
1421 5422 1562 5460 nunc
1608 5404 1885 5474 nefandum
1930 5413 2121 5473 caput,

551 5501 674 5540 mox
701 5472 932 5538 exsulem
958 5488 1173 5532 vestrum
1196 5521 1207 5540 ,
1239 5477 1463 5531 subinde
1492 5472 1799 5529 inventorem
1829 5472 2080 5526 malorum
2104 5515 2118 5538 ,

547 5566 734 5624 postea
763 5555 1075 5624 desertorem
1113 5560 1397 5624 castrorum
1425 5557 1614 5624 vocet,
1661 5548 1869 5614 aliaque
1911 5545 2118 5598 ratione

547 5619 708 5695 supra
741 5623 1020 5691 indigitet,
1073 5621 1274 5695 nomini
1317 5620 1460 5695 illius
1507 5619 1720 5695 videtur
1760 5631 1976 5684 parcere
2024 5630 2120 5670 vo-

551 5689 714 5749 luisse
736 5735 748 5755 ,
783 5689 921 5759 quod
959 5706 1021 5743 ne
1052 5693 1216 5741 Semel
1249 5690 1463 5754 quidem
1497 5689 1748 5755 aiq‘tellat.

619 5774 644 5809 ι
680 5757 926 5814 liusticus
956 5761 1210 5811 diaCottus
1242 5760 1400 5824 paulo
1433 5770 1553 5823 post
1586 5759 1788 5808 initium
1824 5757 1956 5807 Dial.
1987 5769 2117 5808 cort-

552 5839 634 5885 tra
671 5830 876 5892 Aceph.
919 5830 1136 5894 proprio
1176 5828 1316 5893 stylo
1364 5827 1460 5878 ista
1512 5828 1587 5879 sic
1627 5824 1837 5878 reddit:
1865 5826 2116 5887 Quoniam

2236 1955 2360 2022 qttid
2391 1953 2563 2007 laudis
2606 1953 2797 2005 habeat
2827 1961 3002 2005 tantos
3045 1965 3329 2005 revocasse
3372 1960 3629 2020 pastores.
3668 1951 3811 2008 Gre-

2237 2061 2328 2115 ges
2379 2047 2713 2114 aspiciuntur
2763 2045 2816 2098 in
2874 2044 3138 2112 singulis;
3188 2057 3288 2098 nec
3324 2041 3476 2097 unius
3524 2041 3608 2096 bic
3644 2057 3818 2099 causa

2241 2148 2532 2203 tractatur,
2583 2137 2795 2206 quoties
2845 2138 3021 2205 agitur
3063 2136 3130 2190 de
3175 2138 3402 2190 sanitate
3439 2135 3454 2185 i
3496 2137 3818 2192 multorum.

2241 2230 2508 2283 Laetamur
2542 2227 2567 2265 ¹ι
2602 2230 2687 2282 hic
2717 2229 2848 2281 nihil
2879 2228 3053 2298 egisse
3089 2242 3184 2281 nos
3207 2243 3576 2296 pra-coquum,
3602 2228 3821 2297 quando

2241 2320 2416 2375 fructu
2466 2331 2664 2375 nostra:
2711 2323 2996 2374 sententia.-
3044 2321 3398 2389 gratulamur.
3448 2320 3820 2375 Sustinuimus

2240 2412 2453 2476 fratres,
2485 2413 2618 2466 certi
2646 2427 2738 2466 eos
2767 2430 2870 2466 non
2903 2411 3116 2481 spinas,
3165 2412 3257 2466 sed
3286 2427 3416 2466 uvas
3444 2426 3565 2467 esse
3593 2411 3612 2450 ι
3645 2411 3816 2468 factu-

2237 2518 2326 2558 ros
2360 2503 2579 2574 (Matth.
2613 2519 2706 2568 vn,
2741 2503 2852 2571 17).
2889 2502 2943 2556 In
2971 2503 3205 2556 evidenti
3249 2512 3332 2557 est
3359 2513 3676 2556 nostrorum
3708 2504 3817 2557 vin-

2236 2597 2409 2651 demia
2440 2596 2756 2665 gaudiorum
2777 2637 2790 2662 ,
2820 2611 2940 2665 qua:
2966 2604 3207 2672 sanctam
3251 2595 3515 2666 synodum
3568 2595 3819 2665 largitate

2235 2688 2609 2757 gratulationis
2655 2687 2918 2756 implevit.
2954 2686 3175 2741 Vineam
3209 2701 3359 2741 suam
3392 2696 3576 2741 custos
3608 2687 3714 2742 ille
3735 2702 3817 2742 cu-

2232 2881 2523 2940 numquam
2555 2865 2749 2940 similia
2793 2865 3041 2940 _Nestorio
3090 2871 3296 2940 sapuit,
3346 2869 3436 2922 sed
3480 2886 3511 2922 a
3559 2871 3819 2940 principio

2233 2937 2386 3010 fuerit
2422 2934 2746 3010 orthodoxus
2777 2936 3006 2992 Joannes
3037 2934 3392 2994 sanctissimus
3422 2934 3583 3010 frater
3611 2934 3813 3003 noster,

2231 3007 2349 3078 licet
2380 3006 2504 3058 olim
2533 3009 2833 3060 sententiam
2874 3025 3020 3061 suum
3058 3012 3384 3078 suspenderit
3408 3006 3430 3075 ,’
3454 3023 3506 3063 ιιι
3544 3010 3821 3066 nobiscum

2235 3076 2538 3129 Nestorium
2564 3079 2770 3130 minime
2802 3076 3187 3133 condemnaret.
3215 3080 3348 3135 Cum
3380 3080 3732 3138 orthodoxus
3760 3085 3820 3137 ab

2234 3148 2389 3221 initio
2423 3150 2585 3201 fuerit
2617 3148 2855 3221 Joannes
2876 3192 2890 3213 ,
2922 3159 3078 3216 atque
3106 3153 3320 3221 egregia
3351 3153 3575 3220 epistola
3619 3154 3817 3209 Nestoo

2234 3219 2372 3271 rium
2400 3261 2414 3285 ,
2451 3228 2736 3288 antequam
2769 3219 3407 3290 datnnaretur,‘arguere
3446 3239 3551 3277 non
3596 3224 3818 3280 dubita-

2234 3291 2409 3353 verit,
2461 3306 2557 3342 cur
2604 3292 2943 3357 postmodum
2991 3293 3059 3345 ab
3108 3293 3206 3346 hoc
3253 3293 3503 3348 lneretico
3552 3297 3819 3352 condetu-

2239 3359 2581 3434 nando__sese
2620 3362 2910 3434 sustinuit?
2953 3361 3063 3415 Hoc
3103 3364 3352 3417 nimirum
3397 3365 3444 3416 in
3485 3380 3644 3419 causa
3695 3367 3816 3434 fuit,

2237 3431 2379 3508 quod
2427 3429 2705 3485 Nestorius
2753 3443 2967 3499 accepta
2993 3434 3178 3508 _ipsius
3223 3435 3448 3508 epistola
3499 3429 3816 3508 reseripsit,

2239 3499 2360 3553 ideo
2392 3509 2598 3553 tantum
2626 3520 2652 3552 a
2684 3519 2742 3556 se
2771 3517 2964 3556 nomen
2993 3503 3235 3570 Deiparar
3262 3499 3420 3560 vitari
3443 3546 3457 3569 ,
3486 3522 3554 3562 ne
3580 3499 3713 3563 inde
3734 3499 3818 3562 nos

2237 3587 2474 3646 sequaces
2504 3572 2730 3646 lueretici
2757 3571 3067 3646 Apollinarii
3093 3577 3536 3646 reprehenderent.
3581 3577 3748 3634 Unde
3773 3591 3823 3634 et

2236 3640 2471 3716 Joannes
2515 3640 2848 3716 adFirmum
2891 3640 3157 3716 Synodiei'
3191 3662 3310 3714 cap.
3360 3645 3392 3698 4
3445 3647 3512 3702 de
3560 3647 3821 3704 Nestorio

2235 3714 2463 3788 scribit;
2499 3713 2632 3788 Quia
2657 3730 2774 3788 vero
2805 3725 2851 3767 et
2881 3713 2996 3767 ante
3023 3719 3247 3788 supuerit
3278 3717 3383 3788 (de
3417 3718 3505 3770 l)ei
3550 3720 3820 3786 genitrice

2237 3783 2398 3857 sicut
2413 3789 2552 3850 nos),
2575 3784 2694 3837 inde
2723 3788 3033 3839 convincitur
3053 3783 3174 3857 quia
3199 3800 3244 3841 et
3267 3783 3366 3841 cito
3384 3783 3611 3841 constitit
3633 3793 3820 3844 admo-

2239 3855 2472 3930 nentibus
2502 3856 2683 3930 nobis,
2710 3857 2840 3930 sicut
2866 3874 2897 3908 a
2926 3855 3146 3927 propriis
3189 3859 3243 3925 ﬁt
3267 3901 3282 3923 ,
3328 3869 3374 3912 et
3420 3860 3591 3930 ipsum
3631 3877 3820 3916 nomen

2238 3927 2429 4001 accepit
2448 3964 2464 3989 ,
2494 3933 2542 4001 et
2569 3927 2622 3977 in
2648 3924 3194 4001 duobussermonibus
3225 3944 3403 4001 sanam
3440 3924 3566 4001 ﬁdei
3607 3933 3814 4001 exposi-

2240 3994 2424 4045 tionem
2453 4003 2499 4046 et
2527 3995 3020 4061 irrepreliensibilem
3049 4000 3187 4051 nobis
3213 3999 3422 4053 direxit.
3441 3994 3451 4000 ⁷
3469 3994 3694 4054 νθιιἰιιι”
3716 4004 3821 4058 ha:-

2241 4062 2440 4142 reticus
2481 4065 2569 4142 ille
2608 4069 2822 4142 etiamsi
2858 4070 3189 4142 quandoque
3220 4070 3475 4142 linguam,
3521 4087 3818 4142 numquam

2239 4141 2416 4214 tamen
2459 4138 2730 4203 animum,
2776 4139 3012 4193 virorum
3063 4140 3382 4208 prudentum
3418 4138 3816 4210 judiciofmu-

2239 4211 2391 4258 tavit.

2309 4272 2336 4310 ιι
2371 4275 2424 4329 ld
2447 4286 2556 4357 est,
2585 4278 2684 4332 nisi
2716 4279 2788 4341 id,
2819 4281 2961 4349 quod
2992 4279 3274 4357 Christus,
3302 4283 3456 4357 cujus
3499 4299 3660 4357 causa
3692 4302 3814 4357 ags-

2238 4346 2408 4427 butur,
2443 4347 2689 4414 probatur
2719 4365 2807 4415 per
2831 4346 3121 4427 sacerdotes
3149 4369 3269 4407 suos
3301 4346 3590 4424 itr'synodo
3623 4346 3810 4426 Ephe-

2238 4423 2354 4487 sina
2375 4429 2727 4487 congregatos
2750 4423 2966 4476 sentire.

2315 4485 2331 4525 ί
2367 4485 2607 4543 Labbcus
2641 4491 2850 4555 mallet,
2880 4510 2974 4544 sua
3020 4491 3236 4547 deberet.
3285 4493 3640 4547 Retinendum
3674 4513 3807 4550 sua-

2238 4558 2376 4610 deret
2402 4560 2500 4612 ltoc
2529 4561 2819 4626 intellectu,
2853 4563 3114 4615 Joannem
3147 4565 3195 4616 id
3225 4564 3290 4617 de
3323 4563 3562 4617 Nestorio
3586 4568 3813 4620 statuis-

2237 4644 2315 4691 so,
2346 4631 2485 4694 quod
2518 4632 2734 4698 pertidia
2775 4633 2890 4700 ejus
2937 4647 3058 4687 noxa
3087 4635 3338 4690 suaderet
3366 4635 3430 4689 de
3476 4633 3564 4688 lllO
3595 4649 3627 4688 a
3660 4636 3815 4690 duci-

2235 4700 2332 4752 bus
2363 4701 2482 4753 fidei
2510 4701 2763 4767 judicari.

2310 4771 2323 4818 l
2366 4770 2478 4822 Non
2509 4771 2751 4838 displicet
2795 4771 2988 4826 Labbei
3021 4774 3328 4842 conjectura
3355 4820 3370 4843 ,
3401 4790 3508 4843 qua
3549 4787 3814 4832 rectorum

2236 4841 2373 4917 forte
2405 4843 2683 4917 legendum
2716 4857 2836 4896 esse
2865 4841 3141 4917 admonet.
3174 4841 3504 4917 Quamquam
3527 4863 3651 4902 cum
3698 4848 3812 4917 ple-

2235 4912 2318 4985 bis
2372 4911 2657 4965 multitudo
2721 4923 3004 4966 censeatur
3055 4915 3108 4967 in
3166 4916 3510 4985 rectoribus,
3576 4911 3808 4975 rectoris

2233 4981 2493 5048 cujusque
2519 4989 2742 5046 sanitas,
2777 4986 2977 5038 sanitas
3005 4995 3086 5040 est
3112 4987 3425 5042 multorum.

2308 5052 2331 5090 ¹ι
2365 5053 2513 5124 Hanc
2543 5054 2858 5107 sententiam
2894 5053 3140 5108 Rusticus
3162 5059 3277 5110 Ιοου
3302 5061 3465 5112 citato
3483 5058 3558 5112 sic
3588 5059 3807 5124 retinet.

2234 5135 2288 5198 ut
2322 5123 2481 5198 verba
2512 5137 2742 5198 prorsus
2766 5134 2935 5178 mutet
2975 5126 3025 5178 in
3057 5127 3194 5198 hunc
3222 5128 3437 5182 modum
3478 5146 3492 5182 :
3522 5131 3646 5198 quia
3685 5123 3808 5184 bene

2230 5194 2467 5267 fecimus,
2500 5195 2583 5260 qui
2614 5192 2742 5245 nihil
2767 5205 2941 5247 contra
2965 5211 3082 5248 eum
3107 5197 3428 5266 deﬁnivimus
3449 5192 3806 5267 immaturum;

2231 5264 2425 5338 cla_rent
2455 5267 2588 5338 enim
2619 5275 2904 5338 nostrorum
2934 5264 3200 5338 vindemia:
3226 5269 3553 5338 gaudiorum.

2310 5333 2324 5378 ι
2353 5332 2514 5408 Apud
2548 5333 2740 5408 Baron_.
2763 5379 2776 5401 ,
2812 5336 3050 5389 lecturos.
3083 5332 3313 5392 l..ab.'ad
3344 5354 3539 5407 marg,
3568 5341 3800 5408 laturos;

2228 5407 2430 5478 rectius
2486 5415 2676 5478 tamen,
2712 5405 2769 5478 in
2821 5414 2965 5478 textu
2992 5446 3034 5478 ,g
3061 5409 3313 5477 facturos.
3349 5405 3551 5464 Allu'dit
3576 5405 3796 5478 quidem

2228 5473 2427 5550 Xystus
2451 5476 2517 5550 ad
2550 5475 2680 5550 illud
2709 5476 2900 5550 Matth.
2933 5494 2946 5528 :
2984 5473 3249 5548 Numquid
3276 5481 3523 5550 colligunt
3546 5473 3608 5537 de
3635 5481 3802 5550 spinis

2226 5562 2349 5599 uvas
2372 5548 2398 5620 εξ
2423 5548 2516 5600 sed
2549 5547 2893 5620 hincprobat
2920 5549 3100 5614 spinas
3129 5547 3231 5603 non
3263 5547 3420 5611 esse}
3464 5554 3589 5620 quia
3621 5547 3802 5607 certus

2225 5629 2340 5669 erat
2376 5617 2490 5671 fore
2515 5628 2568 5669 ut
2595 5618 2781 5672 facturi
2809 5629 2987 5671 essent
3016 5634 3176 5685 uvas;
3204 5635 3325 5674 cum
3349 5617 3595 5678 Christus
3618 5624 3793 5677 dicat:

2230 5688 2351 5762 Non
2380 5689 2721 5762 potest_arbor
2768 5689 2902 5762 nulla
2932 5691 3128 5762 fructus
3153 5690 3308 5745 bonos
3341 5692 3525 5762 facere.
3573 5696 3686 5762 Quo
3740 5693 3791 5746 in

2226 5760 2344 5812 loco
2368 5773 2504 5813 vers.
2539 5760 2624 5825 17,
2661 5761 2719 5814 18
2745 5770 2797 5813 et
2823 5759 2905 5822 l9,
2934 5760 3080 5813 verbi
3107 5763 3304 5830 facere,
3339 5759 3440 5817 non
3472 5759 3625 5831 ferre,
3655 5777 3796 5816 con-

2228 5837 2379 5883 stans
2406 5843 2535 5883 usus
2564 5841 2667 5885 εει,
