4028 6184
221 303 319 363 605

879 295 1095 352 EPIST.
1135 292 1205 349 ν.
1248 291 1453 350 XYSTI
1491 290 1697 347 ΡΑΡιΕ
1736 291 1830 347 AD
1865 289 2222 350 CYRJLLUM
2261 292 2831 355 ALEXANDRINUM.

3380 291 3492 359 ‘sos

222 422 372 488 ﬂvit,
403 431 565 489 quem
613 413 684 470 ad
735 411 1148 469 custodiendam
1196 409 1415 490 domum
1465 407 1632 463 lsra’el
1691 421 1790 463 nec
1819 413 1873 470 Α
1895 417 2022 462 sunt
2043 424 2255 477 semper
2277 409 2538 466 molestiae
2569 412 2726 468 fidem
2761 413 3093 483 przcdicanti.
3115 418 3208 472 His
3237 434 3471 490 namque

224 509 510 574 dormitare
559 522 662 563 nec
684 506 996 562 obdormire
1051 503 1218 558 David
1259 501 1517 572 propheta
1567 510 1797 557 testatur

227 605 389 675 (Psal.
419 619 542 668 cxx,
569 600 649 673 4).
682 598 1034 654 lniecundum
1061 597 1188 652 illud
1211 596 1430 651 Christo
1456 603 1664 658 nostro,
1700 607 1798 648 uec

224 696 722 759 aﬂ’erens'fructum,
753 691 997 761 suscepit
1019 690 1234 744 flamma
1262 697 1594 743 sarmentum
1613 686 1794 757 (Joan.

224 803 309 857 xv,
341 787 416 858 6).
447 785 557 842 Sed
591 797 647 839 ut
677 784 780 837 hoc
802 782 1050 836 videmus
1082 781 1374 835 convenire
1413 779 1689 844 damnato,
1727 778 1798 831 ita

224 883 285 938 de
307 879 637 938 reversisad
687 891 784 932 nos
816 873 1073 930 fratribus
1109 874 1368 928 convenit
1407 871 1586 926 dicere
1610 912 1625 935 ,
1671 870 1798 940 quia

223 995 322 1034 non
350 979 582 1048 potuit'a
613 974 834 1030 diabolo
865 969 1128 1026 eradicari
1159 968 1422 1038 plantat-io
1454 979 1614 1035 quam
1644 964 1800 1032 plan-

225 1070 613 1126 ta'verat‘Pater
639 1064 853 1136 (Matth.
887 1078 981 1130 xv,
1014 1061 1126 1132 lii).
1162 1060 1314 1114 Illum
1350 1065 1490 1127 ergo
1527 1057 1630 1110 sibi
1661 1056 1800 1124 ignis

208 1163 606 1229 aeternus/has
635 1157 974 1230 possessoris
990 1153 1187 1209 aeterni
1225 1151 1381 1205 vinea
1417 1147 1712 1204 vindicavit
1745 1146 1797 1200 in

221 1261 421 1310 tantum
459 1263 514 1308 ut
545 1251 896 1307 Antioc‘hena:
925 1245 1186 1302 Ecclesize
1227 1243 1569 1297 sacerdotem
1612 1239 1797 1294 vocari

219 1361 247 1401 a
277 1345 559 1401 sanctitate
587 1355 674 1398 tua
701 1344 811 1412 jam
842 1355 986 1394 nunc
1031 1335 1398 1390 Venerabilem
1441 1335 1616 1387 virum
1664 1341 1718 1385 et
1774 1341 1800 1368 ιι

203 1437 468 1492 domuum
492 1435 844 1506 gaudeamus.
881 1432 947 1484 Et
967 1428 1162 1482 merito
1185 1433 1404 1479 vocatur
1425 1423 1678 1484 domnus,
1710 1421 1799 1490 qui

217 1543 557 1583 communem
601 1526 889 1580 Dominum
932 1521 1275 1588 recognovit,
1326 1517 1413 1586 qui
1467 1513 1798 1568 incarnatio-

217 1624 294 1678 nis
323 1625 441 1691 ejus
475 1618 792 1692 mysterium
830 1627 957 1669 voce
1001 1610 1267 1666 catholica
1316 1607 1596 1662 nobiscum
1627 1605 1799 1661 conli-

212 1728 376 1773 lﬁllll‘.

1903 515 2024 554 cum
2085 502 2419 558 beatitudine
2463 506 2681 574 copiosa
2731 523 2941 563 merces
2998 520 3214 579 paratur
3263 513 3314 567 in
3347 516 3493 569 coelo

1905 591 2069 666 (Ibid.
2106 595 2219 666 1‘2),
2253 597 2448 666 quibus
2477 606 2700 666 propter
2723 600 2987 667 justitiam
3035 604 3445 659 maledictiones
3469 647 3483 671 ,

1905 687 2308 755 persecutiones
2357 699 2410 742 et
2439 703 2600 745 omne
2621 691 2818 746 malum
2851 694 3162 762 principitur
3192 700 3484 752 sustinere.

1906 777 2100 832 Passus
2122 793 2178 834 es
2211 778 2524 849 falsitatem,
2555 790 2614 836 ut
2633 785 2909 839 victricem
2932 786 3141 841 faceres
3162 789 3446 843 veritatem
3475 807 3488 855 ;

1904 877 1956 924 et
2011 869 2132 925 ideo
2181 886 2321 925 nunc
2369 873 2734 930 insultandum
2767 886 2852 933 est
2880 877 3121 945 falsitati,
3156 881 3280 950 quia
3311 882 3492 938 nullus

1904 960 2081 1030 perire
2108 963 2280 1030 potuit
2311 964 2546 1019 veritati.

1977 1052 2030 1105 7.
2071 1051 2465 1122 Exspectamos
2532 1057 2696 1126 Igitur
2743 1061 3025 1115 memorati
3080 1061 3266 1117 fratris
3317 1065 3490 1120 nostri

1905 1143 2132 1201 Joannis
2171 1147 2419 1214 clericos,
2457 1159 2511 1203 et
2541 1161 2791 1218 optamus
2819 1155 3004 1209 venire
3033 1173 3045 1207 :
3078 1157 3278 1212 scimus
3308 1168 3360 1212 et
3393 1175 3493 1229 pro

1908 1239 2115 1294 honore
2149 1248 2208 1294 et
2248 1240 2431 1295 labore
2479 1250 2573 1296 tuo
2614 1243 2746 1299 dare
2795 1259 3138 1314 responsum.
3181 1250 3297 1304 Non
3335 1262 3356 1290 ε
3388 1266 3448 1307 es
3474 1294 3489 1318 ,

1901 1331 2074 1384 secuti
2106 1329 2258 1385 fratri
2280 1340 2343 1386 et
2373 1334 2702 1404 coepiscopo
2745 1346 2936 1392 nostro
2979 1338 3310 1396 Maximiano
3346 1357 3490 1413 saepe

1899 1421 2011 1490 'jam
2066 1425 2426 1494 scripsimus,
2479 1427 2639 1479 etiam
2687 1426 2802 1496 ipse
2853 1428 3204 1484 redeuntibus
3251 1432 3492 1488 difficilis

1907 1516 2121 1581 aperire
2143 1517 2362 1584 januam
2412 1534 2426 1571 :
2456 1527 2517 1571 ut
2548 1531 2674 1572 vere
2715 1520 2818 1572 nisi
2850 1520 3170 1590 perditionis
3219 1523 3360 1577 filius
3395 1539 3489 1578 ne-

1909 1623 1996 1663 mo
2021 1610 2092 1664 sit
2123 1611 2366 1679 perditus
2397 1610 2601 1681 (Joan.
2633 1598 2740 1666 xvu
2769 1653 2784 1678 ,
2819 1613 2884 1666 12
2911 1616 2965 1683 );
2999 1615 3177 1685 sitque
3217 1617 3264 1670 ei
3316 1616 3489 1685 major

1904 1713 2064 1753 causa
2098 1703 2349 1770 lugendi,
2382 1702 2526 1769 quod
2573 1703 2771 1756 meruit
2809 1705 2957 1757 solus
2997 1707 3234 1760 excludi.
3268 1705 3392 1761 Haec
3420 1707 3487 1762 ad

282 1812 338 1864 6.
372 1809 524 1862 Bene
569 1804 725 1860 nobis
763 1802 996 1858 breviter
1027 1809 1114 1853 tua
1160 1797 1474 1852 fraternitas
1504 1811 1627 1866 qua:
1668 1803 1799 1850 sunt
1829 1801 1879 1859 B
1906 1792 2312 1846 venerationem
2347 1803 2490 1846 tuam
2521 1793 2830 1847 fraternitas
2862 1810 3074 1850 mecum
3116 1805 3303 1852 sancta
3355 1798 3491 1853 scri-

209 1915 379 1970 super
402 1900 591 1956 eodem
624 1897 840 1967 negotio
864 1902 1008 1964 gesta
1048 1893 1315 1957 narravit;
1348 1889 1448 1944 sed
1473 1888 1651 1943 mirati
1684 1903 1793 1942 non

208 2007 422 2059 sumus,
449 1991 592 2060 quod
623 2005 651 2043 a
681 1985 1127 2042 dissentientibus
1154 1984 1205 2037 in
1242 1992 1294 2038 te
1323 1981 1679 2051 compositam
1719 1980 1795 2034 le-

205 2085 379 2153 gimus
407 2082 436 2121 1’
469 2080 789 2151 dejectionis
819 2076 1068 2147 injuriam
1111 2073 1348 2144 (Matth.
1385 2090 1437 2141 v,
1475 2072 1535 2125 ll
1561 2072 1600 2143 ).
1633 2070 1795 2124 Novi-

205 2189 319 2229 mus
352 2187 712 2239 [RDQUEN’I‘ER
741 2185 948 2225 cavsas
991 2166 1279 2222 calumniis
1325 2164 1641 2227 veritatem,
1696 2176 1795 2216 nec

206 2275 384 2323 tamen
444 2279 695 2335 umquam
756 2279 916 2334 posse
971 2261 1204 2314 falsitate
1261 2257 1528 2328 superari.
1587 2254 1794 2310 Votivzc

272 2512 301 2541 ι
339 2500 595 2574 Cyrillus
627 2499 685 2554 in
727 2494 1091 2574 inscriptione.
1126 2491 1370 2574 epistolae
1411 2486 1790 2574 quamloauui

207 2583 325 2646 post
347 2560 712 2646 compositam
755 2560 940 2646 pacem
975 2564 1141 2646 misit,
1177 2561 1376 2630 Ephes.
1406 2560 1603 2646 concil.
1650 2566 1786 2646 part:

209 2627 499 2711 ἷιίζρῖδςιζ
531 2627 680 2696 illum
723 2627 955 2713 appellat
996 2627 1296 2713 dominum,
1329 2633 1437 2713 _sed
1485 2647 1588 2713 non
1611 2627 1792 2713 "addit

212 2699 554 2772 iiene-rabilem
574 2699 771 2767 virum:
791 2699 1131 2777 Quapmpter
1151 2705 1429 2782 epistolam
1452 2718 1481 2755 a
1504 2701 1702 2782 (ivrillo
1723 2699 1787 2782 ad

216 2771 395 2858 ipsum
422 2786 658 2856 Xystum
691 2771 970 2858 scriptam,
994 2771 1114 2858 quin
1135 2777 1495 2858 desideratur,
1530 2772 1618 2858 hic
1648 2771 1786 2858 indi:

216 2842 325 2914 cari
361 2842 780 2925 existimamus.
804 2842 874 2906 'Si
922 2842 1125 2925 nul—lum
1159 2855 1245 2902 est
1273 2842 1791 2925 lucio-archetypo

217 2930 501 2992 mendum,
531 2926 727 2981 fallitur
755 2922 1074 2996 Questiellus
1101 2930 1215 2973 not.
1261 2919 1332 2972 45
1377 2915 1796 2996 in-Leonisepi-

212 3002 413 3054 stolam
443 2986 532 3062 3d,
559 2999 648 3052 ubi
675 2986 822 3049 vocis
844 2993 1063 3068 domnus
1104 3004 1259 3068 usum
1284 2996 1408 3068 ante
1433 2986 1632 3068 Leonis
1657 2994 1793 3068 tetu-

212 3085 347 3138 pora
388 3055 667 3137 receptum
700 3073 879 3132 negat.
905 3061 1089 3138 ipsius
1117 3060 1355 3138 opinioni
1388 3057 1514 3109 item
1544 3055 1796 3138 adversa-

211 3120 504 3208 trtir,“q—uo_d
522 3120 667 3204 rapud
691 3120 1048 3208 Attgttstitit_ttn
1076 3120 1368 3208 aii-calcem
1398 3124 1668 3208 sermonis
1695 3120 1791 3208 liii

204 3197 339 3266 nov.
374 3197 509 3260 edit.
534 3197 803 3274 legimus?
835 3203 983 3274 Quod
1010 3197 1392 3274 navita/raritas
1419 3203 1584 3248 vestra
1614 3207 1794 3273 sugge-

201 3283 378 3334 rimus
407 3292 427 3328 :
479 3267 614 3329 diesv
635 3272 1012 3326 anniversarios
1062 3267 1402 3322 ordinationis
1449 3278 1609 3318 boum
1644 3267 1791 3334 (senis

203 3347 422 3405 Aurelii
453 3345 711 3400 crastinus
739 3343 1007 3397 illucescit.
1039 3343 1116 3393 Ad
1148 3339 1263 3393 haec
1294 3338 1345 3390 in
1378 3337 1607 3389 concilio
1630 3333 1791 3388 Chal-

203 3420 643 3477 cedonensiact.
682 3432 732 3478 x,
779 3429 900 3482 pag.
951 3413 1076 3482 657,
1116 3411 1170 3474 d,
1217 3409 1358 3482 idem
1392 3421 1520 3482 usus
1550 3405 1804 3482 firmatur

205 3476 294 3546 his
327 3489 545 3544 verbis:
579 3476 793 3540 Dousus
819 3476 989 3536 autem
1012 3479 1224 3536 Samuel
1253 3480 1383 3532 male
1410 3477 1646 3532 habebat.
1675 3476 1802 3529 Por-

207 3578 269 3618 ro
303 3559 591 3615 nominum
613 3557 855 3610 dominus
887 3564 938 3606 et
967 3553 1183 3605 domnus
1229 3551 1520 3603 discrimen
1553 3558 1608 3602 ct
1647 3562 1800 3618 usum

206 3616 438 3704 exponit
468 3630 716 3704 antiquus
768 3629 868 3680 iste
901 3637 1087 3679 versus
1122 3639 1150 3676 a
1197 3621 1362 3692 Pugio
1394 3621 1459 3673 ad
1501 3635 1626 3673 anu.
1674 3616 1797 3685 455,

210 3699 364 3759 nutu.
395 3700 455 3768 4,
485 3699 730 3754 laudatus
759 3715 772 3750 :

298 3866 571 3920 Celestetn
594 3863 877 3922 Dominum,
903 3868 1202 3912 terrestrem
1227 3861 1379 3910 dicite
1403 3860 1654 3909 domuum.

210 4038 412 4094 Eodem
445 4053 548 4092 usu
575 4045 629 4110 et
675 4033 1496 4110 Grzeci__cteles_temDominum
1524 4033 1796 4110 Xu'ptov_et

209 4119 522 4181 terrestrem
546 4109 697 4181 κύρον
719 4107 1010 4181 appellant.
1041 4105 1385 4181 Quocirca‘in
1433 4106 1550 4158 loco
1577 4103 1790 4181 concilii

207 4174 672 4235 Cltalcedoiiensis
704 4174 946 4245 proxime
988 4177 1202 4230 laudato
1223 4219 1236 4240 ,
1290 4175 1544 4245 domnus,
1573 4174 1790 4229 Samuel

207 4253 382 4326 κύρειςέ
411 4266 523 4326 non
549 4244 727 4326 mipr
756 4248 1083 4326 VOCﬂllll'Lln
1123 4247 1263 4326 hunc
1289 4256 1466 4326 autem
1507 4244 1662 4316 Xysti
1696 4245 1788 4326 lo-

209 4315 321 4376 cu'm
353 4321 558 4389 Pagius
590 4315 729 4372 istud
751 4329 944 4372 notat:
982 4317 1142 4371 Porro
1173 4318 1387 4386 depositi
1419 4333 1520 4370 non
1561 4315 1789 4389 amplius

209 4388 517 4448 vocabantur
546 4405 728 4450 boum,
761 4407 852 4443 nec
879 4392 993 4443 ulla
1021 4390 1231 4442 honoris
1272 4390 1424 4440 titulo
1466 4388 1788 4441 exornaban-

211 4470 303 4516 tur.
336 4466 413 4518 Ac
443 4463 644 4516 deinde
669 4461 860 4514 infert:
895 4459 1091 4530 Xystus
1117 4459 1305 4531 gaudet
1341 4457 1598 4531 Joannem
1627 4475 1661 4531 a_
1684 4455 1788 4526 Cy-

209 4532 320 4588 rillo
339 4538 457 4608 jant
502 4534 761 4608 nominari
811 4528 1146 4608 uenerabilem
1189 4532 1476 4608 damnum;
1504 4528 1787 4608 exindeque

212 4595 392 4671 collidit
420 4603 608 4658 latsum
628 4603 851 4656 Joannis
880 4603 1122 4654 honorent
1147 4603 1296 4671 plane
1323 4602 1624 4671 resarcitum
1654 4595 1785 4662 furis-

1904 1882 2006 1949 bit,
2033 1883 2267 1951 probans
2298 1892 2417 1937 tuos
2449 1885 2500 1937 in
2524 1883 2775 1938 omnibus
2807 1894 2861 1938 et
2885 1887 3211 1942 confirmans
3239 1889 3487 1944 labores:

1902 1980 1992 2047 qui
2033 1987 2213 2031 tamen
2250 1993 2439 2047 graves
2486 1987 2578 2032 aut
2621 1979 2790 2031 amari
2843 1992 2962 2033 esse
3014 1995 3120 2034 non
3171 1991 3485 2050 potuerunt,

1902 2070 2022 2139 quia
2057 2070 2179 2124 huic
2210 2071 2434 2139 impensi
2465 2079 2608 2134 sunt,
2640 2070 2791 2139 cujus
2830 2085 2969 2125 onus
3020 2072 3137 2127 leve
3186 2081 3244 2152 et
3283 2074 3473 2144 jugum

1903 2177 2067 2217 suave
2101 2173 2372 2232 portamus
2422 2163 2637 2232 (Matth.
2667 2179 2755 2229 xt,
2809 2161 2922 2229 30).
2955 2161 2980 2201 ἀ
3013 2165 3204 2218 Datum
3259 2167 3327 2220 15
3372 2165 3482 2221 kal.

1901 2255 2170 2322 Octobris,
2204 2255 2511 2311 Theodosio
2541 2271 2638 2310 xm
2665 2265 2723 2311 et
2745 2255 2976 2311 Maximo
3006 2255 3338 2312 consulibus.

1902 2497 2024 2562 esse
2042 2495 2316 2554 oporteret
2343 2486 2478 2562 ;_se_d
2506 2486 2572 2541 ad
2594 2487 2740 2542 illum
2771 2490 2957 2562 referri
2981 2491 3189 2562 nequit,
3213 2506 3338 2548 cum
3359 2505 3486 2553 ante

1903 2554 2087 2633 initam
2117 2557 2458 2633 pacetnuiliil
2481 2569 2652 2628 esset,
2686 2574 2783 2633 cur
2826 2561 2894 2617 de
2926 2554 3083 2618 illius
3118 2554 3185 2618 ad
3233 2568 3485 2633 aperien-

1900 2625 2022 2704 da_m
2053 2628 2399 2704 redeuntibus
2417 2625 2647 2704 januam:
2667 2631 2918 2687 facilitate
2949 2633 3153 2704 Xystus
3185 2625 3282 2688 ad'
3305 2637 3478 2691 Maxi-

1902 2696 2136 2750 mianum
2192 2700 2475 2752 scriberet.
2541 2699 2745 2754 Idcirco
2796 2696 3186 2759 restituendum
3219 2707 3477 2762 duximus

1903 2764 2124 2843 Nones,
2159 2779 2211 2843 ιιι
2240 2769 2286 2822 id
2312 2770 2377 2823 de
2407 2770 2610 2843 Cyrillo
2640 2774 2757 2840 ipso
2785 2773 3017 2837 dicatur,
3043 2776 3195 2842 cujus
3220 2791 3316 2841 pro
3347 2792 3488 2843 pace

1902 2839 2133 2912 studium
2159 2838 2360 2912 Xystus
2390 2838 2550 2907 supra
2584 2841 2635 2894 in
2661 2838 2893 2909 epistola
2930 2846 2980 2908 l,
3013 2838 3131 2912 qua}
3167 2838 3232 2897 et
3270 2838 3480 2900 ad'llla-

1907 2910 2196 2960 ximianum
2229 2911 2390 2961 missa
2415 2920 2523 2983 est,
2557 2926 2623 2964 eo
2652 2910 3039 2977 Commendat,
3067 2915 3208 2982 quod
3238 2918 3478 2983 proprias

1902 2989 2223 3053 contemnens
2270 2981 2639 3053 contunielias,
2691 2985 2855 3051 magis
2906 2981 3166 3038 Ecclesias
3213 2981 3477 3053 ordinari,

1900 3061 2052 3121 quant
2081 3065 2133 3121 se
2160 3048 2410 3121 uindicari
2437 3051 2732 3115 desiderat;
2762 3048 3031 3121 confestim
3060 3063 3228 3108 autem
3264 3057 3318 3109 in
3344 3048 3477 3112 nant;

1903 3117 2072 3189 fragio
2098 3117 2444 3189 laborantibus
2474 3121 2596 3187 petit
2622 3124 2814 3183 aperiri
2844 3117 3066 3189 portum,
3094 3135 3200 3180 etc.

1973 3183 1999 3220 ά
2041 3186 2318 3253 Septemb.
2355 3189 2442 3242 die
2474 3183 2560 3243 ’15
2609 3206 2734 3245 ann.
2781 3183 2908 3248 435.
2956 3183 3282 3252 Chronicam
3339 3196 3478 3255 banc

1902 3264 2086 3336 notam
2135 3257 2347 3326 Pagius
2376 3259 2489 3314 falsi
2541 3272 2847 3329 suspectam
2880 3263 3078 3329 habet,
3137 3269 3260 3336 quia
3289 3283 3411 3323 cum
3443 3285 3476 3326 e

1895 3328 2127 3402 concilio
2152 3343 2550 3402 ep_tsc0porttm,
2579 3347 2715 3402 quos
2741 3328 3477 3395 anniversarius'ordinatio-

1910 3399 1993 3449 nis
2020 3397 2171 3470 Xysti
2193 3397 2309 3454 dies
2337 3397 2705 3479 congregarat,
2740 3406 2939 3475 scripta
2968 3408 3032 3462 sit
3063 3409 3176 3464 haec
3199 3411 3426 3479 epistola
3455 3455 3469 3478 ,

1905 3481 2029 3522 cum
2054 3487 2118 3524 eo
2141 3481 2316 3552 tamen
2346 3473 2559 3552 diequo
2577 3472 2813 3552 Xystum
2828 3472 3200 3534 consecratum
3225 3472 3348 3538 esse
3375 3472 3471 3552 pro

1904 3550 2054 3593 certo
2084 3543 2249 3619 ponit,
2278 3555 2402 3596 nata
2436 3545 2522 3619 illa
2568 3543 2816 3619 componi
2851 3565 2955 3604 non
2989 3560 3179 3619 potest.
3210 3543 3473 3610 Observat

1904 3623 2118 3692 quoque
2143 3612 2545 3692 ΤιΙΙιξιιιοιιιίιις»,Δ
2587 3612 2809 3673 Joannis
2847 3612 3095 3692 clericos,
3142 3624 3231 3692 qui
3262 3624 3470 3680 litteras

1903 3681 2022 3758 ejus
2069 3681 2244 3751 Xysm
2288 3685 2546 3758 reddituri
2596 3681 3093 3758 exspectabantur,
3142 3681 3366 3750 necdum
3415 3698 3468 3752 in

1901 3753 2089 3833 urbem
2139 3757 2471 3833 pervenisse,
2517 3771 2637 3808 cum
2673 3753 3079 3833 _b:ec_cpistola
3121 3768 3319 3833 scripta
3346 3775 3466 3832 est;

1901 3822 2412 3901 adeoque_liujus_et
2434 3828 2717 3901 sequentis
2748 3822 2996 3901 epistolae
3018 3871 3032 3894 ,
3064 3848 3182 3897 quae
3224 3822 3344 3901 post
3373 3822 3468 3890 ad;

1899 3901 2118 3946 ventum
2146 3893 2719 3968 Joatuiisclericorum
2759 3897 2880 3950 data
2911 3893 3028 3962 eSt,
3071 3893 3331 3968 epocliam
3359 3922 3467 3964 non

1901 3977 2062 4044 uuam
2085 3965 2498 4044 esse_tlebttisse.
2545 3967 2665 4044 _Non
2701 3968 2966 4044 inliciatur
2997 3965 3174 4044 tamen
3208 3975 3319 4044 fieri
3367 3991 3466 4044 po-

1900 4035 2067 4116 tuisse
2091 4046 2166 4100 ut,
2192 4036 2319 4090 licet
2341 4039 2648 4116 _una_p_rius,
2677 4041 2842 4116 altera
2869 4041 3131 4116 pOSterius
3154 4035 3463 4116 scriptasit,

1896 4107 2068 4184 amba:
2099 4115 2285 4184 tamen
2307 4107 2469 4162 simul
2499 4109 2640 4184 datae
2668 4107 2964 4184 eodemque
3012 4111 3099 4167 die
3135 4107 3466 4184 consignata}

1883 4172 2118 4231 fuerint.
2144 4176 2249 4232 Sed
2275 4177 2374 4232 hoc
2396 4181 2591 4248 posito,
2611 4172 2922 4236 mutandum
2943 4183 3108 4240 fuisse
3125 4172 3318 4241 cense?
3341 4202 3463 4242 eum

1896 4261 2044 4300 num.
2074 4248 2104 4300 7
2135 4248 2551 4323 locum,iu_quo
2577 4250 2776 4323 Xystus
2827 4253 3049 4308 Joannis
3097 4257 3322 4311 clericos
3361 4272 3461 4314 ex-

1893 4326 2137 4394 spectare
2158 4335 2216 4372 se
2245 4318 2394 4374 dicit.
2428 4318 2728 4377 Verum'ex
2780 4327 2941 4379 meris
2993 4326 3293 4394 hujusmodi
3332 4344 3463 4383 ron-

1887 4389 2113 4464 jecturis
2135 4400 2312 4464 certas
2334 4402 2508 4464 notas,
2538 4408 2669 4461 quas
2695 4404 2847 4448 vetus
2863 4389 3142 4464 exemplar
3165 4397 3297 4452 alias
3316 4398 3368 4453 in
3395 4402 3458 4456 iis

1890 4459 2209 4538 exhibendis
2233 4459 2390 4514 fidele
2420 4459 2694 4538 asservat,
2717 4465 2962 4538 Διἰῄὶιῖςςιτξ
2992 4459 3075 4520 vel
3106 4477 3311 4522 mutare.
3338 4487 3460 4538 pru-

1889 4527 2065 4611 dentis
2090 4543 2192 4611 non
2221 4540 2322 4591 est,
2341 4539 2409 4611 et
2435 4532 2550 4611 ipse
2603 4527 2819 4600 quidem
2863 4534 3088 4611 Xystus,
3137 4539 3226 4607 qui
3272 4527 3456 4611 Gyrilli

1891 4598 2094 4670 litteras
2117 4598 2172 4653 in
2202 4599 2432 4653 concilio
2459 4598 2838 4670 episcoporum
2873 4598 2936 4659 ad
2964 4598 3458 4668 ordinationis'suaa

213 4688 277 4726 te.
307 4668 512 4728 Verum
542 4688 608 4728 ex
639 4673 816 4727 verbis
833 4672 1126 4749 ‘Xyslihoc
1147 4668 1154 4671 ’
1176 4680 1382 4725 tantum
1433 4669 1694 4749 sequitur.
1720 4678 1778 4722 ut
1808 4689 1858 4748 υ
1887 4668 2028 4749 diem
2061 4680 2502 4749 congregatorum
2529 4668 2704 4749 lectas
2729 4685 2782 4729 et
2811 4673 2879 4730 ab
2902 4680 3168 4749 universis
3198 4682 3452 4749 probatas

209 4743 437 4814 Cyrillus
471 4743 787 4798 honorilicis
811 4740 977 4797 titulis
1000 4743 1261 4797 Joannem
1283 4755 1574 4805 exornans,
1603 4740 1774 4807 palam

214 4813 324 4869 eum
349 4815 754 4872 communionis
781 4813 1022 4891 ejusdem
1055 4821 1367 4891 consortem
1397 4823 1688 4891 agnoscere
1715 4824 1776 4891 se

213 4891 431 4942 testatus
461 4886 557 4940 sit.
589 4886 658 4940 At
690 4879 949 4938 non'inde
973 4887 1173 4950 pariter
1200 4879 1460 4950 sequitur]
1507 4888 1566 4934 ut
1603 4879 1779 4950 Cyril-

213 4953 289 5008 lus
315 4969 465 5013 antea
495 4956 726 5011 Joannis
753 4956 1008 5009 honorem
1041 4952 1269 5014 lmserit,
1314 4963 1406 5005 aut
1447 4966 1570 5005 eum
1599 4962 1655 5004 ut
1677 4951 1773 5006 de-

216 5027 475 5090 positione
499 5028 814 5081 mulctatum
839 5025 1106 5079 habuerit.
1158 5024 1317 5077 Certe
1360 5031 1548 5076 auctor
1576 5022 1626 5076 ei
1679 5022 1775 5076 fuit

211 5093 551 5161 leestinus,
585 5108 639 5150 ut
673 5113 877 5151 summa
920 5113 1040 5150 cum
1080 5095 1166 5148 illo
1198 5093 1478 5163 prudentia
1507 5101 1562 5147 et
1587 5093 1771 5148 mode-

215 5170 409 5238 ratione
435 5179 642 5238 ageret.

276 5235 303 5275 δ
335 5233 536 5294 Βιιτοῖι.
576 5249 630 5294 et
669 5236 804 5295 Lab.
855 5240 918 5291 ad
963 5238 1258 5306 marginem
1286 5276 1301 5299 ,
1353 5233 1594 5306 dictionis
1614 5234 1775 5306 {sed

212 5320 354 5379 recte
392 5309 721 5379 praeferunt,
773 5304 1236 5379 dejectionis—Non
1270 5308 1412 5379 enim
1463 5305 1548 5358 hic
1598 5304 1775 5373 aliqua

218 5377 466 5458 adversus
494 5381 756 5458 Cyrillum
782 5377 946 5458 dictio
967 5388 1059 5458 aut
1089 5377 1514 5458 contumeliosus
1549 5390 1728 5458 sermo
1756 5416 1772 5458 ε

215 5449 301 5518 sed
329 5465 388 5503 ea
421 5446 641 5504 notatur
669 5451 1021 5518 depositionis
1066 5450 1328 5502 sententia
1349 5488 1362 5510 ,
1411 5461 1530 5518 qum
1578 5446 1773 5514 Ephesi

218 5517 464 5591 adversus
494 5521 641 5574 illum
672 5517 830 5576 abiis
860 5523 949 5591 qui
979 5520 1238 5591 Joannem
1274 5517 1663 5591 Autittchcnutn
1689 5532 1774 5571 se-

217 5589 532 5656 quebantur,
562 5595 664 5648 lata
709 5601 761 5646 et
802 5589 1094 5659 parietibus
1133 5590 1288 5644 affixa
1338 5589 1541 5659 fuerat,
1575 5589 1641 5642 de
1671 5603 1774 5656 qua

217 5676 460 5718 ninnrum
491 5667 728 5738 synodus
759 5658 1026 5731 Epltesina
1053 5661 1210 5730 epist.
1237 5661 1309 5715 20
1336 5665 1400 5713 ad
1427 5658 1773 5713 Caelestinum

217 5738 762 5810 n.5Lc0uquet'itur.“
1144 5803 1157 5810 ,
1220 5803 1232 5810 _
1322 5802 1343 5810 _
1578 5801 1608 5810 ..

343 5796 398 5860 in
432 5796 676 5872 vulgatis,
715 5806 835 5860 Non
875 5813 992 5870 est;
1021 5803 1160 5870 quod
1202 5803 1270 5857 de
1316 5802 1519 5855 Joanne
1559 5801 1756 5854 dictum

1881 4739 2044 4822 fuisse
2070 4739 2318 4822 superius
2349 4758 2495 4822 num.
2525 4745 2558 4796 2
2583 4743 2738 4822 docet
2785 4748 3002 4822 eosdem
3038 4739 3321 4822 episcopos
3363 4769 3453 4822 pa-

1881 4810 2011 4865 riter
2070 4811 2370 4865 litterarum
2430 4813 2654 4868 Joannis
2722 4817 3008 4872 lectionem
3067 4810 3452 4879 audivisse-in

1881 4883 2107 4959 epistola
2134 4884 2378 4959 sequenti
2405 4899 2552 4959 num.
2583 4884 2616 4938 5
2644 4885 2866 4959 indicat.
2917 4888 3069 4946 Unde
3105 4891 3350 4959 sequitur
3399 4903 3459 4950 ut

1880 4951 2080 5023 Xystus
2126 4953 2410 5022 episcopos
2457 4957 2546 5023 qui
2593 4957 2657 5009 ad
2717 4959 2909 5012 natalis
2951 4962 3033 5015 sui
3088 4951 3453 5022 celebritatem

1878 5034 2260 5083 convenerant.
2292 5026 2356 5077 ad
2382 5026 2703 5080 clericorum
2735 5028 2957 5084 Joannis
2992 5031 3281 5088 adventum
3313 5036 3454 5091 deti-

1883 5093 2089 5173 nendos
2117 5095 2404 5173 judicar_it._;
2432 5112 2539 5173 quo
2571 5097 2602 5150 ii
2634 5099 2726 5168 qui
2749 5098 2934 5173 Cyrilli
2965 5101 3031 5155 de
3062 5119 3193 5173 pace
3215 5104 3455 5162 Orientis

1887 5163 2081 5235 litteris
2106 5166 2335 5220 recreati
2360 5163 2470 5235 jani
2504 5163 2752 5234 fuerant,
2794 5163 2867 5224 de
2914 5163 3100 5228 eadem
3147 5191 3212 5230 re
3253 5177 3456 5232 auditis

1885 5234 2106 5314 Joannis
2133 5234 2636 5314 scriptjscertiores
2683 5240 2837 5314 facti,
2869 5244 3108 5314 perfecto
3136 5247 3332 5314 gaudio
3361 5263 3457 5302 cu-

1888 5309 2241 5383 mularentur.
2285 5307 2820 5383 ﬁec__ambigendutn
2862 5307 2991 5383 quin
3035 5307 3195 5370 simul
3255 5323 3454 5374 retenti

1885 5379 2068 5452 sititet
2096 5379 2184 5452 qui
2216 5393 2252 5452 ar
2276 5377 2479 5452 Cyrillo
2499 5377 2778 5449 venerant,
2815 5377 2916 5437 nec
2944 5387 3046 5438 nisi
3076 5402 3197 5452 cum
3227 5387 3453 5443 Joannis

1884 5449 2097 5502 clericis
2124 5447 2572 5521 fuerint'dimissi.
2593 5452 2728 5507 Tum
2746 5447 2987 5521 utrisque
3007 5449 3196 5512 eodem
3214 5459 3300 5513 die
3313 5459 3454 5514 datae

1884 5528 2011 5593 sunt
2065 5519 2346 5593 epistolas,
2379 5531 2433 5593 et
2485 5523 2609 5578 licet
2640 5538 2745 5578 una
2796 5519 2952 5593 paulo
2981 5535 3108 5583 aute
3157 5529 3452 5586 adventum

1883 5590 2213 5667 clericorum
2248 5590 2467 5667 Joannis
2510 5594 2708 5667 scripta
2739 5590 2835 5667 eos
2885 5601 3184 5667 exspectari
3231 5600 3450 5666 indicet,

1885 5661 2026 5738 istud
2054 5675 2158 5714 non
2185 5661 2362 5715 debuit
2387 5661 2750 5738 mutari,cum
2783 5665 2817 5719 ii
2850 5681 2946 5736 per
2971 5661 3104 5738 quos
3143 5661 3452 5728 mittebatur

1885 5731 1950 5783 ad
1982 5748 2160 5786 rerum
2188 5739 2460 5801 gestarum
2489 5735 2728 5792 ordinem
2760 5731 3121 5796 enarrandum
3151 5741 3330 5799 idonei
3358 5755 3449 5800 el-

1866 5812 2004 5855 sent.
