4028 6184
530 195 628 252 σιι

1432 190 1633 247 XYSTI
1675 191 1739 244 III
1781 188 1981 244 PAI’AS
2024 188 2377 244 I'LPISTOLIE
2422 188 2505 241 ET
2548 186 2884 243 DECRETA.

3695 184 3815 239 012

533 323 734 369 tantum
767 311 989 366 honoris
1009 310 1258 374 contulit,
1285 317 1342 361 ut
1373 322 1469 377 pro
1487 318 1537 361 te
1564 315 1750 361 contra
1770 320 1863 359 eos
1893 305 1979 372 qui
2022 304 2113 357 tibi
2142 308 2195 365 Α
2219 304 2312 357 Cui
2344 318 2565 358 necesse
2593 313 2675 358 est
2704 319 2802 357 nos
2828 317 3039 373 quoque
3058 343 3070 366 ,
3096 300 3282 370 siquid
3312 308 3523 354 tentare
3551 300 3811 362 voluerit,

536 416 661 461 tunc
681 404 858 459 aemuli
882 404 1093 459 fuerant
1122 408 1469 470 repugnaret.

1057 570 1082 596 ⁸
1110 558 1446 614 EPISTULA
1492 558 1626 622 VIII,

692 692 840 731 ηετι
887 692 943 729 III
996 690 1141 729 1⁵11⁵8
1184 689 1250 727 ΑΙ)
1289 686 1521 726 εγκοῐιυιι
1572 683 1980 723 τιιιῖεελιοκιοιιι

1108 758 1552 799 CONGREGANDAI.

547 856 738 911 Vicarii
768 857 1065 924 dignitatem
1096 870 1183 921 per
1206 852 1476 924 Illyricum
1502 866 1555 924 se
1578 850 1641 904 de
1672 865 1813 924 more
1853 847 2125 924 Anastasio

609 919 1047 980 Thessalonicensi
1073 919 1311 995 episcopo
1366 922 1617 995 tribuisse.
1657 922 1784 995 Qua;
1824 919 2129 995 t’jtts‘silptt-

612 1007 787 1062 testas,
820 1013 934 1065 qua:
981 988 1177 1048 munia.
1218 993 1282 1048 Ut
1329 996 1372 1045 ei
1426 991 1695 1061 Perigenes
1741 988 2127 1042 Corinthiorum

612 1071 881 1140 episcOpus
904 1069 1233 1133 subiiciatur.

544 1206 919 1262 Dilectissimis
977 1204 1232 1259 fratribus
1278 1201 1542 1255 universis
1600 1201 1867 1268 episcopis
1924 1201 2131 1271 synodo

685 1278 825 1346 apud
854 1276 1285 1331 Thessalonicam
1314 1273 1702 1341 congregandis
1732 1271 1962 1325 Xvsrus.

616 1413 670 1465 1.
700 1410 755 1464 Si
778 1418 1037 1478 quantum
1064 1406 1354 1460 iuservitur
1378 1404 1583 1473 legibus
1604 1412 1657 1457 et
1680 1404 1979 1472 principum
1999 1418 2132 1457 con-

545 1502 775 1565 stitutis,
818 1516 934 1567 mia:
959 1508 1081 1551 sunt
1130 1498 1444 1565 temporalia
1474 1506 1527 1551 et
1570 1506 1862 1563 mutantur,
1897 1507 1947 1550 et
1993 1511 2135 1564 sa‘pe

547 1592 742 1659 saepius
771 1590 1069 1653 abolentur,
1104 1596 1308 1641 tantum
1341 1588 1535 1641 divinis
1568 1587 1772 1656 legibus
1812 1590 2137 1655 aeternisque

550 1684 815 1737 mandatis
846 1682 1143 1736 obedentite
1166 1691 1561 1750 praestaremus,
1609 1697 1851 1735 essemus
1894 1681 2136 1751 profecto
2166 1720 2214 1781 Β

550 1790 775 1829 summa:
801 1774 1143 1829 beatitudinis
1170 1784 1472 1840 compotes,
1506 1783 1559 1827 et
1581 1773 1863 1827 mundana:
1898 1773 2133 1827 vesano-

551 1868 633 1921 nis
670 1868 944 1922 molestias
967 1866 1281 1931 vitaremus,
1306 1866 1398 1919 illo
1434 1876 1644 1919 rectore
1675 1866 1755 1919 vel
1783 1866 2011 1934 prtesule
2050 1866 2140 1933 qui

552 1960 777 2014 subinde
805 1958 1091 2013 subvenire
1127 1959 1349 2024 cupiens
1399 1958 1722 2025 quolidianis
1755 1960 1976 2013 vocibus
2028 1958 2139 2011 cla-

554 2061 660 2103 mat
696 2069 708 2103 :
738 2050 1098 2103 Convertimini
1124 2049 1191 2100 ad
1214 2064 1313 2113 me,
1339 2059 1384 2100 et
1419 2060 1685 2100 convertar
1724 2051 1791 2101 ad
1817 2065 1901 2101 vos
1951 2046 2138 2115 (Zach.

554 2157 594 2205 ι,
624 2144 749 2198 5i...
806 2140 975 2209 (Inter
1021 2151 1202 2193 ctelera
1232 2148 1279 2192 et
1312 2141 1378 2191 ad
1410 2140 1598 2208 locum)
1628 2140 1731 2193 Nos
1778 2140 1925 2193 lratri
1972 2151 2026 2193 et
2054 2154 2142 2197 cce

555 2236 809 2303 episcopo
834 2233 1311 2287 nostroAnastasio
1338 2241 1539 2286 tantum
1556 2232 1866 2296 tribuimus,
1884 2244 2141 2301 quantum

556 2328 931 2383 decessoribus
951 2328 1113 2391 ipsius
1141 2340 1169 2377 a
1196 2324 1392 2378 nostris
1415 2324 2138 2380 deccssoribusattributum.

560 2422 801 2475 Priorum
822 2421 1080 2487 judicium
1131 2421 1426 2487 sequimur,
1457 2418 1568 2472 bare
1617 2416 1995 2471 constituendo
2020 2433 2138 2485 qua:

556 2514 624 2568 ab
650 2513 733 2566 his
755 2514 997 2566 novimus
1027 2514 1316 2566 constituta
1343 2528 1355 2564 :
1384 2512 1502 2580 quia
1527 2523 1580 2564 et
1626 2512 1799 2578 ipsum
1832 2512 1990 2578 hujus
2024 2527 2147 2577 pro-

560 2607 748 2661 bamus
780 2608 977 2670 meriti,
1009 2606 1161 2674 cujus
1196 2606 1410 2657 fuerunt
1443 2605 1515 2657 illi
1547 2607 1635 2673 qui
1664 2604 1786 2657 talia
1815 2612 2143 2657 meruerunt.

560 2697 745 2751 Nullus
774 2698 952 2751 obviet
989 2696 1295 2751 salubribus
1351 2698 1677 2759 constitutis,
1728 2697 1905 2750 nullus
1948 2712 2147 2765 prince-

562 2790 830 2859 ptiottibtts
861 2790 939 2842 Itis
966 2788 1471 2843 resultet.llabeant
1495 2788 1750 2841 honorem
1769 2803 1924 2841 suum
1950 2800 2149 2841 metro-

563 2884 783 2951 politani
820 2881 843 2917 ιι
868 2881 1219 2949 singularum,
1278 2880 1427 2932 Salvo
1474 2879 1634 2947 hujus
1673 2880 1946 2948 privilegio
1988 2894 2145 2947 quem

564 2979 830 3031 honorare
871 2976 1101 3030 debeant
1157 2976 1386 3044 amplius
1441 2975 1708 3031 bonOrati.
1778 2976 1834 3030 In
1877 2977 2147 3044 provincia

2222 398 2479 461 obviare;
2512 398 2601 467 qui
2626 399 3013 466 prmteritorum
3057 392 3269 462 quteilli
3316 406 3409 459 per
3441 404 3540 443 nos
3571 392 3813 459 przestita

2223 498 2349 543 sunt
2375 502 2639 543 memores
2660 501 2845 543 sumus
2890 496 2944 541 et
2975 486 3178 540 illicitis
3200 498 3416 553 semper
3442 483 3819 550 usurpationi-

2226 582 2326 635 bus
2353 583 2653 636 obviatnus.

2297 680 2352 734 ὅ.
2390 678 2464 732 De
2492 677 2702 731 (ueteris
2732 691 2880 738 vero,
2902 689 3252 744 quaacumque
3294 673 3399 728 illa:
3447 682 3595 737 sunt,
3619 678 3824 727 nostris

2230 769 2586 837 prmsentibus
2618 766 2867 821 volumus
2894 766 3188 821 finiantur:
3218 763 3470 833 quoniam
3502 759 3528 798 ἀ
3558 771 3665 817 tuta
3697 762 3826 815 illu-

2230 875 2348 914 rum
2377 859 2517 928 apud
2541 875 2637 915 nos
2679 860 2810 913 fides
2853 866 2955 923 est,
2995 866 3051 911 ut
3075 872 3193 927 qua:
3224 856 3297 908 illi
3327 856 3687 924 probaverint,
3716 870 3828 909 nos

2230 950 2515 1005 credamus
2540 950 2809 1018 judicasse
2865 951 3066 1017 pariter
3093 957 3149 1003 et
3188 949 3462 1016 probasse.
3513 956 3536 983 °
3566 946 3695 1000 Data
3716 962 3830 1001 Vill

2231 1042 2349 1096 idus
2376 1041 2567 1110 Julias,
2591 1042 2898 1097 Theodosio
2928 1057 3002 1095 xv
3034 1050 3088 1096 et
3142 1040 3509 1094 Valentiniano
3546 1053 3601 1093 tv
3643 1054 3828 1108 augu-

2232 1136 2331 1190 stis
2351 1136 2683 1190 consulibus.

2814 1225 3145 1281 EPISTOLA
3178 1224 3270 1289 IX,

2248 1320 2408 1373 Xvsrt
2462 1336 2517 1373 ιιι
2575 1335 2720 1373 una:
2748 1336 2813 1373 Αι)
2860 1334 3101 1372 enocwn
3152 1330 3830 1373 coasnnrtnorounuua

2886 1405 3190 1445 εριδουρωι.

2252 1504 2320 1558 Ut
2344 1508 2452 1557 sine
2476 1504 2940 1557 Thessalonicensis
2962 1503 3205 1556 antistitis
3261 1504 3502 1572 formata,
3528 1518 3593 1555 ex
3617 1502 3681 1555 iis
3704 1518 3833 1568 pra-

2320 1576 2498 1628 vinciis
2520 1592 2632 1644 quae
2662 1578 2727 1627 ad
2752 1577 2895 1627 illum
2944 1575 3215 1640 pertinent,
3259 1572 3464 1627 nullum
3517 1573 3836 1627 sacerdotem

2316 1649 2384 1699 ad
2408 1664 2460 1699 se
2492 1649 2767 1700 venientem
2794 1646 3061 1716 suscipiat.

2491 1758 2849 1814 Dilectissimo
2878 1758 3025 1811 fratri
3056 1758 3264 1813 Pnocm
3306 1757 3542 1812 er-ws.

2316 1873 2367 1925 1.
2405 1871 2549 1925 Licet
2596 1870 2979 1924 fraternitatem
3034 1881 3199 1937 tuam,
3238 1870 3536 1938 disciplinis
3575 1868 3836 1924 ecclesia-

2242 1967 2394 2022 sticis
2420 1966 2705 2029 eruditam,
2731 1980 2790 2019 ea
2816 1966 2992 2018 omnia
3021 1981 3137 2032 qua:
3168 1965 3231 2017 ad
3260 1965 3558 2033 regularum
3582 1970 3637 2016 et
3661 1978 3838 2016 cano-

2244 2078 2372 2115 num
2395 2062 2795 2115 observantiam
2822 2060 3092 2127 pertinent
3108 2058 3381 2112 custodire
3401 2071 3601 2111 summa
3624 2056 3840 2110 sollici.

2246 2155 2431 2209 tudine
2457 2154 2785 2217 noverimus,
2849 2168 2947 2205 nec
2966 2152 3253 2219 quidquam
3282 2159 3376 2205 aut
3406 2152 3568 2218 ipsam
3626 2151 3839 2212 facere,

2246 2258 2335 2299 aut
2366 2245 2545 2299 facere
2582 2245 2715 2297 alios
2740 2244 3053 2297 sacerdmes
3086 2258 3143 2296 se
3179 2240 3199 2279 ί
3247 2243 3573 2297 connivente
3613 2242 3843 2309 ρει-ωηο

2248 2348 2381 2404 tere,
2416 2336 2555 2405 quod
2588 2344 2793 2389 vetu~ta
2827 2335 3040 2389 Patrum
3089 2332 3375 2389 constituta
3412 2341 3707 2401 pervertat,
3743 2331 3843 2384 do-

2246 2429 2513 2483 cumentis
2536 2428 2872 2481 evidentibus
2914 2427 3318 2495 probaverimus
3350 2425 3424 2497 (id
3452 2427 3595 2478 enim
3630 2425 3843 2493 optimo

2247 2522 2497 2575 Convenit
2520 2533 2571 2573 et
2604 2521 2709 2573 Deo
2731 2520 3045 2589 dignissimo
3067 2518 3336 2571 sacerdoti
3355 2559 3368 2582 ,
3396 2524 3452 2568 ut
3471 2529 3524 2569 et
3548 2515 3613 2568 ad
3629 2530 3692 2569 se
3718 2531 3839 2581 per-

2252 2614 2469 2667 tinentia
2495 2628 2595 2680 qua
2637 2622 2807 2680 potest
2841 2627 2967 2663 cura
3018 2609 3299 2673 custodiat,
3330 2608 3537 2662 ctalius
3583 2608 3839 2660 fratribus

2250 2706 2359 2759 suis
2388 2706 2561 2758 debita
2588 2706 2806 2758 minime
2833 2704 3129 2770 inquietare
3153 2704 3231 2755 vel
3259 2713 3524 2755 temerare
3553 2715 3619 2754 ex
3660 2701 3838 2769 aliqua

2250 2806 2423 2865 parte,
2455 2810 2865 2849 MODERA'I'IOIIEI
2903 2808 3386 2848 BONORIFICENTIAI
3430 2806 3579 2844 suam
3631 2791 3842 2860 majore

2248 2889 2416 2961 gloria
2446 2900 2777 2955 servaturos,
2800 2890 2842 2941 si
2871 2889 2998 2941 nihil
3025 2888 3184 2941 licere
3206 2896 3390 2940 contra
3442 2899 3644 2937 morem
3692 2894 3841 2937 vete-

2251 2999 2371 3037 rum
2404 2982 2785 3036 attentantibus
2812 2981 2996 3049 sinat),
3042 2988 3219 3033 nostra
3248 2987 3425 3031 tamen
3461 2976 3842 3030 adhortatione

563 3070 756 3138 suajus
785 3070 1016 3123 habeant
1037 3068 1315 3123 ordinandi
1344 3084 1359 3133 ;
1393 3069 1484 3123 sed
1510 3068 1630 3133 hoc,
1665 3069 1835 3123 inscio
1866 3069 1948 3123 vel
1981 3070 2148 3124 invito

2260 3091 2349 3143 per
2369 3075 2590 3141 gratiam
2623 3074 2899 3127 charitatis
2924 3074 3021 3124 hoc
3061 3068 3377 3124 fraternitati
3410 3077 3511 3121 tute
3533 3068 3842 3136 specialiter

564 3177 721 3225 quem
760 3162 826 3213 de
852 3160 1102 3214 omnibus
1152 3162 1399 3215 volumus
1446 3160 1871 3214 ordinationibus
1920 3162 2152 3227 consuli,

566 3254 743 3309 nullus
772 3255 968 3307 audeat
995 3253 1261 3308 ordinare.
1294 3254 1375 3307 Ad
1404 3254 1935 3307 Thessdoniceusem
1978 3257 2151 3319 majo-

568 3363 655 3403 res
684 3362 859 3402 causa:
890 3347 1192 3401 referantur
1218 3350 1533 3401 antistitem.
1566 3347 1742 3415 Ipsum
1801 3348 1972 3413 major
2022 3364 2150 3402 cura

573 3452 861 3508 respetht,
894 3454 986 3492 eos
1025 3442 1113 3507 qui
1143 3440 1208 3493 ad
1252 3441 1617 3509 episc0patum
1675 3452 1933 3497 vocantur
1971 3443 2152 3496 discu-

570 3532 736 3584 tiendi
766 3531 1045 3584 sollicitius
1074 3542 1128 3584 et
1157 3531 1437 3598 probandi.
1467 3533 1584 3599 Ipse
1605 3534 1839 3601 Optimos
1862 3534 2151 3589 solertissi-

569 3636 794 3689 mosque
815 3623 880 3675 de
905 3632 1083 3675 vestro
1099 3636 1324 3675 numero
1344 3622 1530 3691 eligat,
1559 3640 1696 3693 quos
1718 3625 1944 3695 negotiis
1975 3640 2155 3679 secum

570 3714 801 3768 asciscat
828 3713 1092 3777 arbitros;
1119 3723 1212 3766 aut
1237 3714 1356 3768 sine
1387 3729 1446 3768 se
1481 3716 1699 3783 tribuat,
1743 3718 1832 3785 qui
1893 3718 1944 3771 in
1985 3717 2161 3771 disce-

574 3808 864 3876 ptationem
892 3809 1051 3860 missa
1082 3818 1388 3876 componat.

641 3902 695 3955 2.
720 3900 1272 3956 NoveritCoriuthius
1302 3904 1587 3971 episcopus
1638 3902 1735 3955 sibi
1767 3902 2036 3955 licentiam
2069 3917 2161 3969 po-

573 3994 1231 4051 testatisliberteminime
1260 3995 1615 4061 tribuendam,
1650 3994 1693 4046 si
1749 3994 1869 4046 huic
1924 3994 2159 4048 voluerit

575 4088 881 4144 Ecclesia}.e
932 4088 1217 4152 resultare,
1258 4103 1417 4155 quam
1467 4088 1565 4142 sibi
1610 4088 1819 4141 noverit
1870 4089 2152 4157 profuisse.

571 4263 814 4316 sc0pum,
846 4246 947 4299 nisi
975 4244 1093 4299 Rufi
1110 4245 1608 4299 Thessalonicensis
1632 4246 1887 4301 antistitis
1919 4247 2161 4301 testimo-

573 4323 663 4375 nio
686 4330 739 4374 et
781 4334 968 4385 opera.
999 4317 1205 4369 institui
1257 4317 1510 4370 noluerit.
1546 4316 1833 4385 Perigenes
1859 4328 2059 4377 tamen.
2104 4320 2157 4372 ni
2190 4337 2198 4347 -

576 4402 756 4445 nostra
792 4404 887 4443 nos
916 4388 1049 4440 fallit
1072 4388 1405 4455 conjectura,
1426 4404 1581 4456 quam
1614 4403 1677 4441 ex
1706 4387 1902 4443 Leonis
1931 4389 2158 4457 epistola

575 4461 643 4517 15
671 4461 884 4515 firmare
910 4460 1051 4519 licet,
1085 4459 1306 4528 synodis
1339 4474 1365 4510 a
1401 4458 1865 4514 Thessalonicensi
1905 4464 2162 4529 episcopo

574 4531 787 4655 indilctis
824 4531 1119 4595 interesse,
1176 4540 1267 4583 aut
1293 4530 1343 4583 ci
1384 4530 1486 4582 ulla
1536 4530 1586 4582 in
1634 4545 1690 4584 re
1730 4530 1953 4586 subesse
1982 4532 2163 4586 detre-

579 4613 664 4655 cta
691 4612 782 4655 tat.

579 4613 782 4657 ctahat.

2260 3166 2421 3218 debet
2451 3164 2737 3227 accedere,
2801 3171 2855 3215 ut
2891 3172 3077 3215 contra
3122 3161 3494 3228 subreptiones
3538 3159 3839 3225 aliquorum

2259 3258 2647 3324 circumspecta
2670 3253 2922 3308 sanctitas
2964 3263 3047 3305 tua
3097 3251 3404 3305 facultatem
3454 3266 3558 3303 non
3604 3252 3840 3318 prmbeat

2262 3352 2451 3405 horum
2471 3350 2780 3419 incongrua!
2795 3348 3073 3408 voluntati,
3100 3347 3187 3413 qui
3212 3346 3465 3401 Ecclesiis
3482 3359 3579 3413 per
3601 3359 3663 3398 se
3697 3360 3841 3399 scan-

2259 3443 2438 3496 dalum
2460 3442 2677 3509 cupiunt
2704 3440 3099 3495 etdiscordiam
3136 3453 3429 3507 generare,
3465 3438 3725 3493 volentes
3756 3451 3843 3505 per

2262 3536 2619 3590 Ecclesiarum
2655 3532 3108 3602 perturbationem
3166 3545 3433 3592 crescere,
3467 3539 3520 3582 et
3542 3530 3727 3583 locum
3750 3530 3840 3583 sibi

2263 3644 2358 3698 per
2384 3628 2837 3696 dispensationem
2878 3624 3057 3678 facere
3090 3624 3450 3678 sacerdotum.

2331 3722 2385 3775 2.
2411 3720 2466 3774 Id
2489 3734 2637 3789 ergo,
2670 3717 2809 3787 quod
2838 3732 2935 3771 nos
2962 3731 3175 3786 quoque
3199 3728 3499 3781 servamus,
3529 3713 3843 3768 fraternita-

2264 3822 2370 3867 tem
2399 3822 2566 3876 tuam,
2599 3826 2755 3879 quam
2800 3810 2997 3863 scimus
3038 3808 3140 3863 hoc
3187 3823 3288 3860 suo
3325 3822 3474 3861 more
3500 3816 3524 3852 ε
3558 3807 3838 3865 facturam,

2263 3907 2511 3959 volumus
2549 3904 2849 3964 custodire;
2877 3903 2925 3955 id
2967 3912 3069 3964 est,
3103 3912 3157 3954 ut
3183 3902 3228 3955 si
3270 3901 3392 3969 quis
3436 3900 3500 3953 ad
3534 3899 3764 3953 fratrem
3793 3908 3843 3951 et

2262 3996 2644 4066 coepiscopum
2676 4005 2916 4048 nostrum
2948 3992 3441 4047 Thessalonicensis
3471 3992 3616 4044 urbis
3635 3989 3843 4045 antisti-

2266 4100 2373 4144 tem
2420 4089 2608 4141 harum
2641 4088 3034 4157 provinciarum
3058 4085 3110 4153 ιι,
3139 4102 3258 4155 qua:
3286 4083 3351 4139 ad
3394 4100 3518 4139 eum
3552 4085 3840 4153 pertinent,

2346 4259 2370 4295 κ
2405 4248 2520 4317 Quo
2563 4249 2814 4302 nimirum
2864 4264 2923 4302 ca
2958 4264 3076 4317 quae
3123 4246 3504 4317 ecclesiastica!
3543 4246 3841 4317 disciplina:

2265 4332 2411 4385 sunt,
2438 4316 2665 4373 servare
2697 4322 2852 4375 solet.
2893 4316 3166 4374 Ut'autem
3201 4319 3327 4371 nihil
3362 4333 3391 4371 a
3415 4316 3610 4371 Proclo
3646 4316 3839 4370 durum

2264 4402 2358 4445 aut
2389 4395 2503 4459 ipso
2551 4392 2818 4457 indignmn
2863 4391 3077 4458 exigere
3114 4406 3171 4441 se
3199 4388 3440 4451 suadeat,
3474 4398 3524 4441 et
3560 4388 3662 4442 hoc
3700 4386 3840 4455 quod

2266 4472 2435 4533 rogat
2467 4478 2495 4516 a
2536 4478 2592 4517 se
2639 4478 2762 4530 erga
2794 4465 3076 4529 episeopos
3104 4460 3300 4529 Illyrici
3346 4460 3545 4513 servari
3597 4460 3841 4525 proxime

2266 4543 2514 4587 testatur.

2340 4606 2365 4639 ¹ι
2392 4604 2696 4658 llolstenius
2727 4600 2813 4656 hic
2837 4603 3035 4669 aliquid
3062 4601 3271 4665 deesse,
3302 4610 3458 4669 atque
3486 4599 3556 4651 ita
3583 4598 3836 4665 suppleas

645 4684 671 4709 “
701 4674 926 4752 Τειῃῑιξηι
960 4672 1235 4752 decurtata
1265 4670 1471 4725 iunctis
1520 4671 1738 4752 concilii
1760 4671 2012 4752 .Romani,
2044 4689 2161 4752 qua:
2191 4693 2240 4752 Ι)
2269 4675 2393 4727 dum
2431 4686 2577 4741 putat
2612 4693 2621 4725 ε
2661 4674 2785 4738 Quae
2833 4673 2898 4724 ad
2930 4684 3069 4725 tuam
3118 4680 3379 4752 spectaret.
3411 4670 3717 4752 Ecclesium,
3752 4684 3836 4720 so-

574 4746 744 4800 Lucas
777 4744 1088 4796 llolstenius
1130 4744 1179 4796 in
1226 4745 1394 4796 lucem
1426 4743 1624 4805 emisit,
1657 4744 1863 4811 prolata
1919 4754 2017 4797 est.
2054 4745 2161 4797 Nec

574 4815 715 4869 aliud
744 4816 1303 4879 succurritexeinplar
1336 4813 1475 4866 unde
1512 4814 1855 4866 resarciatur.
1902 4814 1986 4867 Nil
2018 4824 2162 4868 ceile

575 4889 673 4939 fuit
701 4886 958 4939 omissum
990 4884 1129 4956 quod
1152 4886 1213 4938 ad
1240 4885 1550 4956 apostolica:
1574 4884 1717 4937 sedis
1747 4888 1795 4937 in
1816 4886 2005 4956 Illyrici
2036 4902 2159 4953 pro-

574 4957 777 5009 vincias
807 4956 889 5021 ius
918 4955 1296 5008 stabiliendum
1330 4952 1668 5021 conferebat,
1695 4970 1815 5008 cum
1865 4952 1925 5010 ea
1957 4952 2161 5009 tantum

575 5030 641 5081 de
669 5042 826 5080 cauSa
860 5028 1064 5093 prolata
1098 5030 1185 5079 sit.

650 5098 673 5134 δ
706 5097 911 5165 Supple
937 5098 1339 5168 provinciarum.

656 5179 676 5205 ε
708 5168 1200 5221 ΤΙιθεεειΙοιιιεειιεὶ.

645 5239 671 5276 ἀ
705 5240 865 5307 Lego,
894 5250 1052 5292 tanta.
1100 5238 1193 5292 llic
1228 5238 1357 5292 fides
1383 5239 1795 5294 commendatur
1839 5239 2154 5305 legatorun,

576 5328 720 5384 quos
742 5311 943 5384 Xystus
974 5311 1036 5384 ad
1069 5309 1329 5384 synodum
1362 5312 1624 5365 mittebat.

654 5380 821 5437 “Julii
854 5383 887 5437 8
911 5382 1034 5434 anni
1056 5380 1177 5434 455.

656 5454 679 5493 ί
707 5456 857 5521 Apud
885 5454 1153 5515 I‘iolstenw
1186 5449 1469 5504 cohibente.
1503 5451 1716 5520 Experti
1753 5450 1880 5503 nihil
1933 5452 1983 5502 in
2014 5461 2159 5503 vete-

580 5528 729 5582 ribus
759 5526 905 5580 lihris
930 5524 1172 5578 usitatius
1210 5523 1425 5583 offendi,
1482 5540 1636 5589 quain
1685 5532 1738 5573 ιιι
1762 5538 1859 5591 pro
1893 5523 2164 5572 connirere

579 5608 632 5652 et
660 5596 975 5651 conniventia
1006 5597 1251 5662 pingatur
1289 5594 1551 5647 conhibere
1600 5604 1651 5646 et
1709 5591 2050 5658 conhibentiu,
2080 5593 2163 5645 hic

582 5670 866 5723 restituere
895 5687 995 5721 non
1021 5667 1327 5719 dubitamus
1359 5664 1674 5718 connivents.

1232 5751 1307 5767 ,τε

2270 4749 2447 4798 cerdos
2477 4748 2585 4799 sine
2613 4757 2697 4797 ttto
2718 4760 2968 4798 consensu
2995 4746 3282 4806 arcesserit,
3306 4742 3379 4795 vel
3403 4752 3579 4794 contra
3606 4741 3671 4793 ad
3700 4753 3836 4791 tuam

2269 4818 2587 4869 sanctitatem
2616 4818 2830 4867 istarum
2876 4816 3270 4885 provinciarum,
3305 4830 3415 4880 qua’
3440 4812 3507 4885 ad
3536 4828 3658 4885 eisin
3691 4818 3837 4877 pert:—

2272 4898 2411 4945 nent,
2438 4899 2541 4941 etc.
2563 4885 2754 4939 Verum
2788 4881 2885 4939 hoe
2917 4888 3292 4953 supplemento
3319 4883 3548 4937 antistiti
3578 4881 3835 4936 Constan-

2273 4960 2627 5021 tinopolitauo
2665 4967 2855 5022 printer
2896 4954 3043 5025 Xysti
3091 4965 3349 5017 mentem,
3379 4954 3703 5025 (laudarunt
3730 4953 3832 5002 for-

2272 5038 2557 5093 matarum,
2588 5028 2827 5093 adeoque
2852 5037 2902 5078 et
2925 5024 3373 5091 metropoliticum
3393 5024 3479 5091 jus
3503 5024 3830 5093 conceditur:

2270 5100 2409 5167 quod
2461 5089 2613 5166 longe
2662 5089 3143 5167 posteaiﬂelasitis
3192 5096 3238 5148 ei
3294 5089 3525 5167 negavit.
3557 5097 3715 5167 epist.
3769 5089 3829 5141 ΞΕ

2273 5165 2420 5222 tium.
2458 5165 2818 5235 10,7scrtbens
2842 5166 2943 5221 Cl’.
2978 5168 3250 5219 civitatem
3279 5182 3381 5219 non
3412 5165 3579 5235 solum
3612 5166 3736 5216 inter
3757 5177 3833 5212 se-

2270 5241 2358 5291 des
2382 5232 2586 5292 minime
2617 5240 2892 5299 munerari,
2919 5238 3006 5290 sed
3040 5253 3128 5290 nec
3154 5238 3293 5290 inter
3323 5232 3831 5306 metropolitanorum

2264 5313 2391 5377 jura
2439 5312 2629 5361 censeri
2682 5310 2890 5375 Integer
2916 5308 3018 5361 erit
3047 5308 3217 5373 IOL‘us,
3252 5309 3294 5360 si
3334 5307 3680 5378 itajlegatur,
3715 5310 3763 5353 nt
3793 5314 3831 5378 st

2270 5375 2379 5445 quis
2419 5399 2447 5432 a
2496 5386 2653 5448 fratre
2705 5390 2749 5431 et
2793 5380 3097 5447 coepiscopo
3143 5387 3316 5431 nostra
3368 5375 3829 5448 Thessalonicensis

2272 5452 2408 5503 urbis
2440 5453 2663 5505 antistite
2699 5453 2881 5503 harum
2916 5451 3320 5522 provinciarum,
3354 5459 3458 5522 etc.
3493 5447 3705 5522 Iflanior
3744 5454 3830 5493 all.

2274 5534 2376 5574 tvm
2412 5523 2487 5574 κίιτ
2522 5524 2668 5574 fieret
2701 5539 2713 5575 :
2744 5522 2810 5575 Ut
2844 5524 2885 5574 si
2918 5519 3039 5591 quis
3086 5520 3271 5574 harum
3301 5519 3697 5591 prouinciarum,
3723 5523 3828 5591 quit

2272 5594 2339 5643 ad
2373 5596 2581 5655 fratrem
2611 5602 2656 5645 ct
2686 5589 3045 5663 coepiscopum
3094 5602 3328 5646 nostrum
3376 5589 3832 5643 Thessalonicensis

2273 5663 2413 5717 urbis
2462 5665 2739 5719 antistitem
2786 5665 3067 5734 pertinent,
3096 5673 3206 5720 etc.
3235 5663 3499 5732 Ambigua
3536 5669 3683 5718 certe
3724 5668 3833 5727 non
