4028 6184
159 127 246 187 615

427 121 651 185 EPIST.
692 125 782 182 IX.
823 125 1029 182 XYSTI
1069 123 1271 180 PAPIE
1312 123 1402 178 AD
1441 121 1766 177 PROCLUM
1805 121 2686 181 CONSTANTINOPOLITANUM
2727 126 3135 184 EPISCOPUM.

3314 139 3420 191 6η

158 242 391 304 sacerdos
420 241 676 297 adveniat
705 249 901 311 praeter
941 243 1058 309 ejus
1088 239 1497 306 conscientiam,
1532 235 1579 290 si
1610 236 1726 289 sine
1752 237 1805 297 Α
1831 239 2102 313 Ephesiae
2130 240 2179 292 in
2202 239 2413 313 synodo
2437 239 2722 313 Palestina:
2740 242 3031 311 provmcim
3057 242 3418 313 principatum

157 344 252 412 ejus
274 339 523 411 epistolis
549 347 710 408 atque
752 335 979 390 formata
1022 335 1208 389 venire
1238 333 1551 401 tentaverit,
1585 340 1722 385 tam-

158 449 293 504 quam
321 431 631 500 disciplinte
670 428 1056 485 ecclesiasdcae
1085 427 1373 497 despcctor
1401 435 1455 482 et
1479 434 1726 483 contem-

159 536 261 592 ptor
304 538 602 589 canonum,
631 536 767 590 quos
815 535 914 575 nos
969 522 1220 575 temerari
1251 534 1321 576 ex
1351 521 1532 590 aliqua
1576 527 1728 588 parte

160 634 248 672 non
277 619 537 687 patimur,
573 615 861 670 habeatur.
883 612 1225 668 Reverentiae
1255 623 1448 668 vestrae
1492 613 1545 666 in
1584 628 1730 666 com-

161 725 306 766 mune
323 716 628 779 praestatur,
664 711 708 761 si
735 709 874 762 alter
903 707 1122 761 alterius
1151 707 1344 760 honori
1377 706 1733 773 debita,prae-

163 802 426 857 venientes
443 799 671 856 invicem
701 814 798 868 per
826 799 1105 853 charitatis
1133 799 1376 866 gratiam,
1409 797 1728 860 reservetis;

162 907 264 959 qua:
280 891 400 947 fieri
429 900 455 928 ⁸
479 891 736 946 nolumus
765 899 826 944 ut
854 890 1102 959 legimus.
1133 890 1350 943 Discant
1377 902 1565 941 omnes
1589 888 1731 942 illius

162 984 441 1052 provinciae
472 981 786 1038 sacerdotes
817 991 981 1035 tantm
1012 980 1408 1034 fraternitatem
1443 989 1587 1032 tuam
1610 994 1732 1034 esse

164 1090 416 1140 censurae,
447 1084 505 1128 ut
550 1089 656 1128 non
693 1073 974 1143 permittas
1005 1072 1118 1128 fieri
1171 1072 1314 1143 quod
1366 1086 1473 1126 non
1525 1072 1647 1126 licet
1702 1087 1732 1124 a

160 1168 431 1223 sacerdote
458 1169 678 1222 tentari.

223 1260 275 1314 3.
305 1259 621 1314 Dicercmus
652 1259 828 1329 plura,
859 1259 904 1312 si
958 1258 1175 1312 nonde
1230 1267 1334 1311 tute
1381 1258 1736 1312 fraternitatis

160 1356 329 1403 mente
379 1364 665 1404 nossemus
724 1349 928 1417 majora
958 1357 1013 1401 et
1055 1364 1119 1401 cx
1168 1349 1267 1402 hac
1311 1355 1462 1416 parte
1510 1349 1735 1412 sentire,

162 1453 308 1506 quam
345 1455 444 1494 nos
477 1441 529 1494 in
562 1451 778 1495 nostras
805 1440 1066 1508 epistolas
1101 1439 1259 1494 hasce
1295 1455 1426 1508 quas
1457 1439 1524 1492 ad
1558 1450 1610 1494 te
1651 1440 1735 1492 di-

160 1532 394 1600 rigimus,
429 1546 718 1601 possumus
760 1546 1010 1585 sermone
1043 1530 1314 1600 conferre.
1339 1531 1517 1584 Habes
1549 1546 1738 1584 recen-

161 1625 422 1678 tissimum
476 1641 650 1694 nuper
689 1625 888 1677 habita}
935 1624 1161 1678 actionis
1211 1625 1513 1692 exemplum
1555 1624 1739 1678 fratris
1771 1618 1815 1676 Β

157 1720 325 1774 nostri
359 1718 544 1773 [ddum
576 1718 628 1781 ι),
652 1718 794 1772 circa
827 1734 984 1781 quem
1021 1729 1122 1770 tute
1167 1716 1525 1771 fraternitatis
1555 1717 1743 1771 decre-

155 1811 329 1865 vimus
345 1811 614 1880 judicium
645 1812 940 1875 custodiri;
966 1811 1261 1880 cognitioni
1299 1822 1402 1864 tua:
1447 1811 1622 1864 facere
1644 1826 1743 1864 no-

153 1903 330 1958 lentes
363 1903 642 1972 injuriam,
675 1918 795 1956 cum
836 1903 953 1972 ejus
999 1904 1358 1956 intentionem
1387 1903 1741 1972 justissimaut

154 1998 463 2052 innocentia
515 2000 761 2052 tuereris.
805 1998 1051 2051 Moncndi
1082 2009 1101 2034 ο
1135 2007 1263 2050 sunt
1312 1999 1659 2065 ignorantes;
1692 2005 1747 2049 at

155 2092 420 2147 scientem
448 2101 609 2160 atque
638 2103 944 2146 servantem
987 2092 1118 2144 talia.
1163 2093 1206 2144 si
1263 2090 1470 2144 diutius
1503 2091 1639 2145 velis
1665 2091 1746 2143 in-

156 2193 392 2250 struere,
415 2198 522 2237 non
553 2193 657 2237 tam
696 2184 989 2238 admouere
1029 2199 1186 2249 quam
1222 2184 1557 2252 exprobrare
1591 2184 1746 2251 igno-

155 2278 386 2331 rantiam
434 2275 686 2330 videaris.
733 2276 1015 2332 Sufficiunt
1061 2290 1189 2343 ergo
1235 2290 1353 2344 qum
1404 2277 1742 2344 scripsimus,

158 2371 328 2428 frater
352 2372 690 2435 charissime,
717 2373 970 2439 quoniam
995 2373 1059 2423 ad
1092 2372 1207 2426 haec
1236 2371 1556 2440 corrigenda
1585 2379 1748 2440 atque

153 2464 423 2520 servanda
469 2465 708 2518 animum
745 2473 891 2517 tuum
939 2475 1102 2532 atque
1145 2481 1432 2519 censuram
1467 2465 1746 2519 uobiscum

154 2559 364 2611 sentire
394 2556 719 2610 confidimus
753 2573 765 2607 :
800 2558 1054 2624 quoniam
1087 2573 1249 2610 unum
1280 2572 1375 2611 eor
1403 2564 1459 2610 et
1485 2559 1746 2621 animum,

156 2655 208 2699 ut
235 2647 374 2704 dicit
408 2645 690 2713 Scriptura
725 2644 864 2715 (Act.
898 2661 977 2712 tv,
1011 2646 1128 2710 52),
1168 2648 1310 2702 circa
1343 2647 1622 2714 religionis
1653 2648 1751 2701 οι)-

155 2741 507 2804 servantiam,
543 2754 810 2794 canonum
844 2739 1146 2794 custodiam
1193 2749 1249 2795 et
1288 2739 1630 2810 disciplinam
1662 2757 1752 2796 ec-

154 2835 520 2892 clesiasticam
581 2837 919 2890 retinendam
965 2851 1063 2889 nos
1110 2836 1332 2903 habere,
1376 2848 1435 2891 ut
1488 2838 1753 2893 debemus

153 2923 178 2962 ἀ
208 2937 267 2982 et
295 2927 597 2983 credimus.
629 2937 651 2963 τ’
683 2927 815 2980 Data
849 2926 913 2981 l5
942 2925 1206 2981 kalendas
1253 2927 1563 2994 Ianuarias,
1595 2930 1754 2982 Actio

151 3016 350 3074 iterum
384 3028 439 3075 et
470 3021 780 3086 Segisvulto
812 3019 1147 3071 cettsulibus.

276 3129 602 3186 MONITUM
646 3127 711 3183 IN
753 3127 1142 3183 EPISTOLAM
1183 3127 1622 3193 SEQUENTEM.

213 3227 275 3280 1.
319 3222 404 3276 Ad
437 3221 681 3288 epistolae
721 3219 883 3286 hujus
927 3234 1148 3287 scopum
1199 3219 1596 3285 assequeudum
1645 3233 1752 3272 non

145 3308 348 3362 parum
385 3293 548 3362 refert
581 3303 743 3362 nosse
769 3289 904 3362 quid
929 3289 1031 3342 sibi
1065 3289 1192 3362 velit
1221 3289 1426 3362 Xystus
1473 3290 1556 3343 his
1601 3306 1751 3344 num.

145 3359 176 3421 Β
208 3362 413 3420 verbis
442 3379 454 3415 :
487 3359 601 3414 Nec
629 3361 710 3417 his
738 3376 844 3425 vos,
882 3359 1066 3427 fratres
1095 3359 1408 3425 charissimi,
1442 3362 1754 3426 constitutis,

144 3452 261 3504 quas
290 3442 486 3506 promer
513 3441 696 3506 nostra
727 3441 984 3506 pracepta
1014 3431 1296 3506 Orientalis
1317 3434 1545 3506 synodus
1572 3434 1750 3486 decer-

145 3502 265 3562 nere
293 3502 492 3569 uoluit,
541 3502 768 3556 credatis
818 3503 1002 3569 teneri,
1038 3511 1226 3574 prieter
1251 3505 1306 3556 id
1350 3505 1583 3574 quidem,
1612 3507 1751 3573 quod

147 3577 206 3630 de
246 3577 361 3647 fide
402 3576 548 3647 nobis
593 3573 1040 3647 consentientibus
1063 3573 1520 3644 judicavitsQuaz
1551 3575 1748 3647 sitilla

148 3645 395 3718 synodus
423 3646 736 3718 Orientalis.
785 3659 976 3713 quasve
1008 3645 1154 3698 illius
1195 3648 1514 3710 constituta,
1559 3646 1752 3716 quibus

147 3715 456 3789 Illyricanae
488 3716 886 3789 Ecclesiatinon
919 3725 1207 3789 teneantur
1235 3718 1520 3785 qumritur.

213 3785 272 3843 Ξ.
309 3789 490 3844 Lucas
525 3788 856 3850 llolstenius,
898 3787 1042 3840 nmis
1072 3785 1126 3839 in
1163 3787 1305 3840 hunc
1340 3791 1538 3852 locum,
1573 3787 1752 3842 verbis

150 3858 254 3916 illis
286 3861 446 3915 innui
471 3859 749 3915 existimat
772 3857 1046 3927 negotium
1071 3858 1350 3912 Juvenalis
1373 3860 1636 3928 episcopi,
1664 3861 1751 3928 qui

153 4008 227 4050 est
261 4008 428 4052 mens
454 3993 636 4065 Xysti.
657 3991 784 4065 Vult
812 3991 1010 4065 quippe
1035 3992 1165 4065 nulli
1200 3992 1366 4065 licere
1393 3993 1595 4065 Illyrici
1623 3995 1743 4058 epi-

154 4079 312 4129 scopo
346 4063 622 4134 quoquam
654 4063 772 4118 sine
810 4063 1066 4118 antistitis
1098 4063 1608 4120 Thessalonicensis
1631 4065 1738 4118 for-

153 4148 285 4193 mata
319 4135 621 4204 proﬁcisci.

219 4219 244 4246 ³
268 4205 690 4278 Restituendutu
721 4204 955 4278 videtur,
983 4204 1226 4260 volumus
1247 4215 1320 4278 _ut
1369 4206 1610 4278 legimus,
1635 4207 1742 4262 sci-

160 4277 274 4349 licet
315 4277 462 4348 apud
523 4277 746 4332 Paulum
785 4274 966 4346 (Rom.
1017 4292 1116 4344 xu,
1176 4276 1266 4349 10)
1317 4274 1738 4348 ριἀξὶξίρίεηιθηι,

161 4347 368 4404 Honore
387 4349 611 4419 invicem
640 4350 1029 4419 prtevenientes.

1829 311 2078 365 obtinere
2109 310 2345 374 studuit;
2389 325 2562 379 eaque
2589 311 2656 367 de
2695 310 2755 367 re
2795 313 3191 368 consulendum
3238 310 3424 373 monet

1828 384 2066 438 Leonem
2096 381 2148 454 in
2181 381 2412 448 epistola
2441 385 2506 454 ad
2538 382 2922 439 Maximianum
2952 386 3293 454 episcopum,
3322 389 3424 445 hoc

1828 466 1942 516 est,
1976 453 2214 527 quodin
2261 453 2487 527 epistola
2538 456 2625 508 illa
2677 457 2945 527 legimus:
2981 457 3201 527 Difﬁcile
3248 467 3323 512 est
3367 469 3425 514 ut

1831 525 2085 592 cupiditas
2133 526 2482 596 improborum
2522 542 2624 579 non
2664 525 2868 596 aliquid
2919 525 3080 595 supra
3125 544 3422 583 mensuram

1832 597 2080 672 moliatur
2123 606 2397 672 appetere;
2441 595 2777 672 sicutetiam
2816 600 2889 672 in_
2916 596 3181 672 Ephesiae
3223 602 3428 672 synodo

1831 666 2096 740 Iuvenalis
2119 667 2474 740 episc0pusad
2496 665 2825 721 obtinendum
2849 665 3130 723 Palestina:
3149 665 3426 740 prouincia:

1833 739 2182 810 principatum
2221 736 2460 810 credidit,
2487 753 2542 790 se
2568 754 2719 809 posse
2765 740 3016 810 suﬂicere,
3059 751 3108 794 et
3147 736 3426 796 insolentes

1833 808 2496 881 aususAper_commentitia
2525 808 2719 881 scripta
2746 808 2954 874 ﬁrmare
2977 810 3114 881 (Leo
3139 814 3290 879 epist.
3322 813 3430 868 HO

1835 897 1951 952 cap.
1999 878 2076 952 6).
2101 878 2314 952 AVerutn
2361 878 2426 932 ad
2474 879 2588 933 haec
2637 880 2863 952 Xystnm
2897 878 3118 935 minime
3156 878 3426 951 respicere

1836 950 1964 1004 hinc
1987 950 2143 1003 nobis
2172 965 2484 1018 persuasum
2511 958 2594 1003 est
2618 968 2628 1002 :
2656 950 2830 1018 primo
2854 952 3017 1020 qttod,
3041 950 3426 1020 Cyrillo’Juve-

1836 1021 1978 1075 nalis
2029 1020 2311 1074 ambitioni
2367 1021 2770 1087 intercedente,
2833 1023 2971 1078 irriti
3028 1024 3227 1079 fuerint
3279 1026 3425 1082 illius

1836 1101 2083 1159 conatus,
2113 1091 2253 1146 adeo
2278 1104 2330 1144 ut
2376 1092 2579 1162 nullum
2622 1108 2683 1146 ea
2711 1093 2779 1147 de
2809 1109 2868 1148 re
2908 1095 3209 1162 decretum,
3254 1097 3423 1152 immo

1837 1178 1942 1234 nec
1968 1164 2191 1216 verbum
2224 1163 2277 1215 in
2312 1161 2581 1229 Ephesina
2613 1164 2821 1234 synodo
2847 1175 3054 1232 exstet;
3084 1182 3205 1221 cum
3239 1176 3420 1223 tamen

1836 1233 2007 1304 Xysto
2037 1234 2099 1285 de
2134 1235 2455 1307 constitutis,
2501 1233 2932 1307 nonquaagunus
2974 1240 3278 1307 episcopus,
3327 1241 3423 1294 sed

1837 1321 1956 1373 qua:
1979 1304 2207 1373 synodus
2235 1304 2531 1360 decernere
2554 1306 2739 1370 voluit,
2770 1305 2855 1360 hic
2885 1304 3068 1361 seruio
3098 1304 3185 1362 sit.
3220 1311 3425 1366 Deinde

1839 1377 2052 1448 etiamsi
2081 1375 2704 1448 obtinuissetIuvenalis
2733 1378 2876 1444 quod
2918 1378 3211 1440 ambiebat,
3259 1381 3425 1448 idque

1839 1447 2040 1518 firmari
2091 1446 2311 1518 decreto
2365 1446 2548 1514 aliquo
2599 1450 2974 1515 impetrasset;
3025 1450 3090 1504 ad
3140 1446 3425 1518 episcopos

1837 1516 2035 1591 Illyrici
2065 1516 2193 1591 quid
2221 1517 2484 1570 attinebat
2512 1526 2800 1586 usurpatos
2822 1518 3114 1591 Palestina;
3147 1516 3420 1591 principa-

1844 1589 1964 1641 tus?
2006 1588 2377 1660 qtudve_0pus
2421 1598 2560 1660 erat,
2595 1600 2651 1642 ut
2698 1605 2791 1643 eos
2821 1590 3024 1658 Xystus
3055 1593 3118 1644 ad
3162 1588 3424 1660 synodum

1849 1667 2082 1718 vocaret,
2137 1658 2225 1712 ubi
2276 1659 2583 1729 hujustnodi
2631 1669 2834 1714 statuto
2881 1678 2941 1716 se
2984 1658 3208 1717 minime
3252 1667 3425 1720 teneri

1846 1730 2304 1783 adtnmtereutur?

1921 1803 1973 1874 5.
2008 1802 2205 1854 Eadem
2232 1801 2538 1874 _verh_a_quo
2566 1800 2755 1856 referri
2774 1815 3007 1874 queant,
3033 1804 3423 1874 incompertum

1852 1871 1953 1948 sibi
1981 1887 2118 1948 esse
2137 1871 2324 1923 scribit
2354 1871 2736 1948 Tilletn0tit_ius
2763 1871 2942 1948 (Tom.
2970 1871 3234 1948 XIVthtg:
3267 1876 3426 1948 264),

1854 1943 1950 1994 nisi
1981 1941 2059 1994 his
2089 1942 2363 2015 decretum
2388 1952 2601 2015 notetur
2632 1941 2914 2010 Ephesium
2939 1941 3126 2015 synodi
3151 1941 3255 2000 aet.
3293 1949 3345 2014 7,
3376 1941 3427 2003 in

1851 2027 1957 2086 quo
1993 2029 2096 2065 non
2127 2013 2298 2066 solum
2330 2013 2869 2086 ecclesiarum(lypri
2899 2013 3156 2068 asseritur
3184 2013 3426 2086 libertas,

1851 2083 1943 2158 sed
1975 2093 2040 2158 et
2088 2084 2732 2158 suacazterislicclesiis
2777 2085 2903 2153 jura
2930 2096 3231 2153 servantur,
3265 2083 3430 2158 atque

1850 2155 2113 2229 edicitur:
2143 2152 2352 2229 Placuit
2396 2155 2556 2229 igitur
2588 2152 2787 2208 sanctas
2809 2159 3212 2229 etacumenicw
3230 2152 3429 2229 synodo

1850 2228 2128 2292 unicuique
2178 2225 2456 2297 provincia:
2484 2242 2616 2296 pura
2643 2236 2691 2280 et
2721 2227 2982 2293 inuiolata,
3018 2244 3136 2297 quw
3165 2225 3280 2296 jam
3308 2230 3430 2284 inde

1851 2297 1914 2348 ab
1936 2298 2083 2350 initio
2116 2296 2325 2368 habuit,
2349 2315 2444 2350 sua
2462 2300 2592 2368 jura
2620 2309 2884 2350 serventur
2898 2301 3052 2368 juxta
3076 2308 3289 2352 veterem
3309 2317 3432 2354 con-

1852 2369 2198 2431 suetudinem,
2224 2377 2272 2421 et
2309 2366 2529 2421 liberum
2559 2369 2621 2421 sit
2648 2371 2831 2438 cuique
2858 2366 3259 2435 metropolitano
3284 2382 3431 2426 acto-

1851 2455 1967 2513 rum
2000 2441 2235 2513 exempla
2261 2439 2343 2513 ad
2358 2456 2507 2492 suam
2524 2442 2861 2513 securitatem
2896 2443 3147 2513 excipere.
3175 2442 3245 2496 At
3269 2444 3431 2499 simul

1854 2511 2052 2564 fatetur
2099 2511 2184 2584 vir
2226 2510 2692 2584 modestissimtts,
2752 2510 3027 2567 decretum
3071 2513 3230 2578 illud,
3282 2524 3432 2584 post-

1855 2595 2025 2656 quam
2049 2581 2196 2634 sedis
2225 2583 2535 2650 apostolica:
2567 2582 2720 2651 legati
2755 2585 3022 2650 Ephesum
3059 2581 3426 2656 advenissent,

1855 2653 2206 2728 constitutum
2237 2668 2376 2728 esse,
2415 2670 2512 2728 nec
2541 2662 2716 2708 tamen
2746 2659 2959 2728 uspiam
2985 2657 3273 2728 quidquam
3304 2653 3430 2728 legi,

1857 2725 1996 2777 unde
2030 2725 2235 2792 legatos
2264 2724 2389 2778 illos
2436 2726 2482 2776 ci
2517 2727 2837 2780 reclatnasse
2865 2724 3195 2794 colligamus.
3227 2724 3433 2796 Xystus

1855 2805 2034 2849 autem
2062 2797 2127 2848 de
2155 2797 2460 2849 constitutis
2509 2795 2743 2861 loquitur
2788 2813 2906 2862 quae
2950 2797 3106 2850 sedes
3134 2795 3430 2863 apostolica

1858 2880 2145 2934 numquam
2181 2866 2508 2933 probaverit.
2534 2865 2803 2918 Praeterea
2831 2865 3056 2936 Xystutn
3085 2867 3280 2936 synodi
3309 2882 3432 2936 quae

1859 2951 2124 2988 summam
2161 2937 2273 2988 sedi
2305 2936 2615 3002 apostolica:
2645 2935 3006 2990 reverentiam
3039 2935 3309 2999 exhibuit,
3333 2935 3434 2997 vel

1777 2999 1823 3060 C
1857 3004 2073 3058 det-rcta
2115 2999 2392 3070 reiecisse,
2439 3007 2522 3056 vel
2571 3007 2944 3059 auctoritatem
2979 3005 3300 3060 imminuere
3337 3023 3434 3062 vo-

1856 3075 2023 3126 luisse
2053 3077 2172 3140 quis
2194 3076 2410 3128 credat?
2435 3075 2526 3128 llle
2553 3088 2699 3129 certe
2726 3076 3012 3129 concilium
3040 3079 3432 3134 tecumenicum

1857 3159 1962 3220 non
1980 3159 2132 3220 ἕπεο
2156 3146 2344 3220 synodi
2379 3145 2680 3220 Orientalis,
2709 3146 2804 3200 sed
2833 3145 3022 3200 saltem
3052 3147 3272 3217 proprio
3308 3167 3434 3220 syn-

1859 3216 1943 3266 odi
1975 3213 2248 3281 Epltesinae
2275 3216 2491 3268 nomine
2513 3216 2868 3284 designasset.

1929 3287 1984 3340 4.
2028 3285 2201 3359 llujus
2225 3301 2375 3359 papae
2405 3286 2572 3339 verba
2603 3289 2770 3359 prima
2795 3287 2971 3341 fronte
2994 3303 3294 3359 congruere
3322 3307 3433 3346 ma-

1867 3357 1947 3424 gis
1976 3357 2237 3430 videntur
2274 3358 2883 3430 Constantinopolitanae
2914 3357 3121 3430 synodo
3161 3376 3303 3417 anno
3330 3365 3428 3420 581

1862 3429 2082 3493 habitae,
2118 3437 2309 3498 utpote
2354 3429 2510 3495 cujus
2555 3430 2795 3495 decreta,
2837 3429 2890 3484 itt
2931 3429 2998 3485 iis
3034 3447 3152 3500 qum
3179 3434 3243 3487 ad
3273 3434 3433 3491 fidem

1856 3502 2110 3562 attinent,
2149 3501 2220 3572 ita
2270 3512 2594 3568 receperunt
2634 3501 2861 3556 Romani
2911 3506 3210 3572 pontifices,
3248 3515 3306 3560 ut
3329 3523 3433 3562 ca!-

1856 3579 1969 3647 tera
2001 3570 2295 3624 constituta
2331 3575 2493 3647 etiam
2525 3573 2826 3647 diutissime
2855 3570 2976 3642 post
3007 3575 3157 3647 Xysti
3193 3586 3431 3647 tempora

1853 3642 2087 3711 probare
2114 3657 2337 3716 prorsus
2371 3642 2454 3694 nol
2483 3642 2657 3716 ierint.
2691 3647 2952 3710 Quocirca
2999 3642 3432 3716 hujusmodi'de-

1854 3723 2024 3777 creta,
2059 3729 2177 3765 cum
2206 3712 2274 3766 ab
2299 3715 2563 3784 Anatolio
2598 3717 2753 3768 valde
2790 3712 3192 3784 jactitarentur,
3229 3723 3432 3778 nullius

1857 3785 2113 3837 momenti
2147 3798 2267 3837 esse
2295 3783 2404 3838 Leo
2431 3784 2497 3837 ad
2545 3783 2831 3853 ipsumtuet
2876 3785 3182 3840 Anatolium
3233 3792 3431 3848 rescri.

1857 3855 1995 3909 bens
2041 3855 2326 3910 contendit
2354 3856 2435 3908 his
2464 3856 2682 3910 verbis:
2717 3854 3050 3908 Persttasioni
3087 3859 3222 3909 enim
3253 3869 3357 3914 tua:
3381 3864 3432 3915 in

1855 3993 1908 4045 in
1937 3990 2164 4066 Asianos
2191 3991 2496 4060 provincias
2527 3991 2648 4066 jttre
2676 3990 2899 4066 potitum
2942 4004 3070 4045 esse
3115 3991 3430 4066 largiamur,

1853 4078 1881 4115 a
1915 4062 2200 4116 mendacio
2225 4065 2435 4129 purgari
2469 4065 2657 4130 nequit
2687 4062 2960 4129 l'hilippus
2991 4062 3426 4132 presbyter,cum

1855 4135 1905 4208 in
1930 4134 2379 4208 Chalcedonensi
2411 4133 2646 4208 concilio
2681 4144 2785 4188 act.
2805 4135 2886 4208 7l5
2909 4135 3151 4208 Leontio
3181 4138 3433 4208 episcopo

1852 4204 2174 4259 Asianarum
2236 4207 2631 4275 provinciarum
2679 4205 3015 4275 privilegium
3045 4205 3334 4262 vindicanti
3367 4204 3432 4265 ac

1852 4276 2055 4352 dicenti
2091 4276 2172 4329 :A
2201 4274 2678 4352 sancto_Timotheo
2728 4274 2892 4345 usque
2907 4295 3051 4352 nunc
3097 4279 3166 4331 27
3206 4281 3433 4352 episcopi

1851 4347 1996 4417 facti,
2029 4364 2202 4401 omnes
2263 4351 2310 4399 in
2366 4345 2574 4419 Epheso
2631 4361 2747 4419 sunt
2800 4350 3048 4419 ordinati,
3105 4345 3426 4419 respondit,

225 4421 252 4460 δ
276 4421 559 4499 Ephesino
601 4416 654 4499 in
704 4419 942 4499 concilio
968 4434 1110 4499 _pa_g_.
1131 4417 1348 4499 544,},
1381 4420 1739 4499 depositionis
1768 4417 1817 4477 D
1847 4416 2059 4499 Sancta:
2100 4421 2360 4499 meritoriis
2390 4416 2620 4499 Joannes
2645 4417 2975 4499 (Cltrysost.)
2999 4422 3268 4499 episcopus
3295 4416 3432 4499 Con;

161 4489 386 4548 Nestorii
407 4492 693 4546 sententize
716 4489 1005 4562 subscribit
1038 4490 1244 4562 ldduas
1269 4489 1511 4562 Smyrna:
1539 4493 1735 4562 episco-

160 4579 264 4631 pus.
307 4562 468 4619 Unde
502 4561 814 4616 llolstenius
846 4561 1093 4631 Proclum
1141 4560 1192 4614 iu
1237 4561 1378 4614 hunc
1423 4560 1733 4630 episcopum

161 4630 518 4698 patriarchico
545 4633 667 4700 jure
695 4632 890 4701 egisse,
924 4633 991 4683 ah
1021 4630 1140 4700 ejus
1167 4630 1372 4698 judicio
1419 4632 1636 4685 ldduam
1668 4635 1732 4684 ad

161 4707 508 4772 apostolicam
557 4702 741 4756 sedem
796 4717 1144 4770 provocasse,
1172 4712 1225 4754 et
1281 4702 1505 4772 Xystum
1559 4702 1735 4756 Procli

163 4777 478 4831 sententiam
533 4783 700 4826 ratam
754 4788 874 4827 esse
915 4773 1146 4842 jussisse
1193 4773 1460 4841 opinatur.
1496 4773 1572 4826 Ex
1630 4789 1736 4837 quo

163 4856 475 4916 sequeretur
504 4852 562 4897 ttt
588 4844 792 4914 Xystus
831 4844 1033 4916 ejusin
1055 4845 1305 4897 Asianum
1343 4844 1605 4898 dimcesin
1638 4858 1732 4916 pa-

163 4913 504 4973 triarchicum
548 4913 654 4982 jus,
679 4924 854 4969 ratum
888 4915 1193 4975 habuisset;
1228 4915 1372 4981 quod
1409 4917 1571 4982 ipsius
1611 4913 1724 4967 sedi

163 5001 224 5041 Ite
247 4987 846 5055 Constantinopolitana
874 4985 1088 5055 quidem
1120 4987 1358 5055 synodus
1387 4986 1728 5039 attribuerat.

165 5056 324 5122 Hujus
355 5063 556 5129 quippe
586 5058 776 5127 synodi
808 5071 1014 5129 canone
1108 5057 1414 5110 decernitur
1446 5067 1499 5108 ut
1523 5055 1732 5110 Asiana:

164 5126 387 5200 diwfesis
403 5126 634 5200 episcopi
656 5135 908 5200 quorsum
928 5128 981 5200 in
1006 5126 1118 5179 sola
1132 5129 1324 5179 Asiana
1352 5129 1733 5192 administrent,

164 5207 206 5249 et
235 5198 473 5255 Thracia:
502 5201 731 5267 episcopi
757 5198 1036 5252 Thraciam
1069 5208 1267 5250 tantum
1295 5210 1496 5269 regant.
1519 5201 1736 5269 Quam-

167 5270 236 5323 Vis
264 5283 446 5326 autem
484 5273 586 5325 hoc
610 5271 792 5340 illijus
834 5269 1067 5340 primum
1097 5268 1559 5323 Chalcedonensis
1599 5284 1735 5323 con-

165 5342 265 5396 cilii
290 5357 502 5397 canone
527 5357 842 5398 concesmm
867 5343 956 5404 sit,
984 5340 1110 5394 illud
1136 5351 1308 5395 tamen
1338 5341 1525 5395 Aetius
1558 5340 1736 5395 archi-

164 5410 413 5486 diaconus
469 5414 524 5468 in
566 5415 755 5469 eadem
810 5413 1018 5486 synodo
1074 5422 1182 5467 act.
1225 5413 1311 5476 15,
1341 5428 1461 5484 pag.
1495 5413 1623 5480 796,
1650 5415 1732 5468 sic

163 5481 408 5558 Vindicat,
439 5498 723 5558 quasth
755 5481 1079 5558 elder-tt}ch
1106 5501 1133 5536 a
1164 5491 1266 5540 (ιν.
1310 5481 1515 5558 synodo
1558 5501 1711 5543 attri-

167 5548 341 5628 butum
383 5548 561 5628 fuerit.
600 5548 760 5608 IIlllllO
801 5556 899 5628 nisi
932 5548 1574 5626 ConstautinOptililanutn
1625 5578 1718 5614 an-

169 5625 404 5688 tistitem,
443 5625 545 5680 ctia
575 5649 597 5675 't-
643 5637 764 5678 ante
800 5625 1298 5681 Chalccdencnseut
1328 5634 1587 5690 synodum
1627 5631 1717 5686 hot

1845 4490 2333 4564 stantinop‘olitanus
2361 4489 2660 4564 quindecim
2686 4489 2969 4564 episcopos;
2991 4489 3226 4564 deposuit
3255 4495 3431 4564 profe-

1845 4571 1953 4612 ctus
1994 4561 2046 4611 in
2085 4560 2277 4622 Asiam,
2310 4569 2354 4611 et
2378 4560 2506 4611 alios
2545 4559 2818 4620 ordinavit,
2850 4570 2894 4612 et
2916 4559 3158 4614 Memnon
3175 4559 3265 4616 hic
3289 4559 3430 4620 ordi-

1845 4641 1995 4682 natus
2023 4640 2118 4684 est.
2152 4630 2221 4682 At
2243 4629 2652 4699 Qtlttqtltlitltttdo
2679 4631 3256 4699 Constantinpolitani
3287 4649 3421 4691 con-

1844 4701 1952 4753 cilii
2007 4698 2307 4753 canones?
2346 4710 2400 4772 et
2447 4698 2498 4772 δέ
2527 4702 2863 4766 interpretati
2917 4698 3048 4755 sunt
3072 4704 3232 4772 regiae
3275 4708 3427 4763 urbis

1845 4772 2132 4837 prmsules,
2161 4787 2254 4824 eos
2287 4788 2314 4823 a
2346 4769 2500 4837 Xysti
2523 4772 2948 4839 succesSorihus,
2975 4769 3163 4828 saltem
3191 4775 3256 4829 ad
3287 4777 3424 4832 Hor-

1845 4843 2073 4896 misdam
2107 4857 2298 4911 usque,
2331 4842 2525 4895 nedum
2554 4841 2621 4894 ab
2651 4841 2768 4912 ipso
2795 4842 2985 4914 Xysto,
3019 4845 3287 4901 admissos
3315 4863 3425 4904 non

1838 4929 1958 4966 esse
1989 4924 2194 4966 certum
2228 4923 2332 4968 est.

1916 4995 1938 5021 ο
1972 4985 2087 5038 Non
2133 5001 2253 5038 cum
2298 4985 2540 5053 proxime
2571 4984 2727 5039 dictis
2757 4986 2823 5039 de
2850 4984 3032 5052 lddua,
3059 4987 3210 5056 cujus
3236 5004 3424 5046 exem-

1842 5055 1987 5124 plum
2023 5055 2226 5125 Xystus
2270 5056 2414 5108 velut
2465 5057 2516 5107 in
2567 5067 2879 5110 transcursu
2913 5055 3248 5126 attigit,'sed
3300 5077 3424 5118 cum

1842 5128 2214 5201 superiOrihus
2250 5128 2362 5201 haec
2386 5129 2756 5201 eounectenda
2789 5137 2934 5180 sunt.
2971 5128 3174 5201 Xystus
3205 5147 3424 5200 nempe,

1845 5197 1936 5266 qui
1963 5215 2068 5253 non
2099 5200 2246 5265 plura
2274 5199 2451 5251 dicere
2485 5214 2544 5251 se
2579 5200 2934 5265 praemiserat,
2970 5197 3046 5252 rei
3075 5201 3234 5268 hujus
3261 5197 3431 5257 ratio"

1848 5283 1970 5322 nem
2003 5271 2223 5324 reddit:
2258 5269 2378 5339 quia
2424 5267 2675 5321 nimirum
2732 5269 2979 5337 pluribus
3017 5267 3248 5326 docendi
3299 5284 3430 5329 sunt

1847 5342 1936 5408 qui
1969 5343 2235 5410 ignorant,
2266 5357 2370 5394 non
2403 5341 2512 5409 qui,
2535 5351 2589 5394 ut
2625 5340 2875 5408 Proclus,
2895 5340 3024 5410 quid
3052 5341 3221 5402 ofﬁcii
3249 5343 3340 5404 sui
3358 5345 3430 5405 Si!

1841 5415 2090 5520 apprime
2116 5414 2337 5468 callent.

1962 5483 2166 5520 Qunnln
2218 5487 2289 5520 ita

1962 5483 2184 5553 Supple,
2218 5487 2311 5538 ita.

1906 5563 1932 5592 ⁸
1963 5551 2224 5612 Decemb.
2254 5555 2322 5611 18
2361 5570 2488 5611 ann.
2514 5551 2641 5610 457.
