4028 6184
241 218 352 277 617

681 223 1047 280 APPENDIX.
1090 222 1366 282 NOTITIA
1415 221 1677 280 SCRIPT.
1719 223 1822 291 QU.

1933 224 2014 277 AD
2055 221 2314 278 XISTUM
2357 220 2416 276 III
2460 221 2690 276 PAPAM
2733 222 3096 278 ATTINENT.

3429 225 3533 285 818

235 344 383 397 quas
425 329 491 384 ad
540 331 873 402 singularum
904 334 1180 388 civitatum
1222 334 1409 390 scribit
1443 335 1734 400 Ecclesias,
1768 335 1835 390 de
1861 339 1916 400 Δ
1941 335 2078 388 ciam
2111 351 2216 388 non
2245 335 2554 403 requiratur
2586 352 2598 388 :
2637 344 2695 387 nt
2731 337 2884 389 vobis
2918 338 3120 406 pariter
3147 343 3532 398 convenienti-

236 436 339 476 sna
372 423 426 477 in
449 425 678 480 Domino
705 426 1069 496 gratulatione
1093 437 1339 494 testatur,
1373 443 1508 496 quos
1540 429 1674 499 legis
1702 445 1836 498 prae-

233 516 416 584 ceptis
449 532 643 586 parere
666 519 868 586 videat,
902 529 956 573 et
982 520 1032 573 in
1066 521 1156 575 Dei
1184 521 1352 575 nostri
1375 522 1573 576 timore
1605 522 1832 576 versari.

232 608 294 663 Si
328 618 478 663 tanta
509 611 670 678 igitur
715 611 979 680 Apostolo
1009 620 1116 666 tam
1151 613 1312 667 docto
1335 629 1496 683 quam
1531 625 1721 669 sancto
1751 625 1832 669 est

234 703 444 757 mentis
476 703 739 768 hilaritas,
772 704 918 774 quod
949 714 974 741 α
1004 713 1184 760 tantos
1219 706 1445 774 pariter,
1487 707 1631 776 quod
1682 708 1836 760 novit

236 805 294 850 et
322 795 410 849 his
442 796 507 851 ad
535 812 673 866 quos
702 797 889 851 scribit
918 808 972 851 et
999 799 1244 867 religioni
1270 797 1556 867 proﬁcere.
1588 800 1711 853 nnis
1742 814 1835 868 ap-

236 888 407 956 pellet
426 889 694 959 epistolis,
716 899 916 959 qnanto
943 890 1096 945 nobis
1127 890 1322 959 gaudio
1344 891 1665 945 existimatis
1688 906 1830 957 esse,

233 982 499 1050 quoniam
525 984 576 1037 in
608 997 897 1038 commune
941 984 1241 1038 sanctitatis
1268 993 1458 1038 vestrae
1489 984 1649 1038 datur
1674 984 1832 1038 nobis

229 1076 516 1144 appellare
538 1077 852 1140 concilium,
887 1085 941 1129 et
968 1091 1275 1130 sermonem
1303 1087 1552 1129 nostrum
1584 1074 1830 1130 affectio-

228 1167 323 1220 nis
362 1167 466 1235 pite
493 1168 635 1222 circa
667 1183 762 1222 vos
813 1167 1123 1222 testimonia
1153 1169 1548 1229 continentem,
1580 1183 1704 1221 cum
1745 1182 1833 1221 ve-

227 1267 352 1311 stra
373 1261 663 1314 sanetitate
682 1261 1041 1329 conjungere?
1059 1260 1152 1314 [lle
1170 1263 1314 1313 enim
1331 1260 1597 1328 singulas,
1619 1260 1832 1313 utdixi-

228 1367 380 1419 mus,
398 1353 644 1422 epistolis
669 1353 783 1407 suis
807 1353 987 1406 visitat
1019 1351 1284 1405 Ecclesias
1309 1370 1319 1402 :
1350 1366 1452 1406 nos
1477 1351 1504 1388 ι)
1530 1359 1608 1405 tot
1631 1352 1831 1420 pariter

237 1444 528 1498 credimus
575 1445 849 1499 Ecclesias
892 1444 1093 1497 nostris
1125 1443 1402 1511 appellare
1454 1458 1553 1498 nos
1606 1443 1826 1506 litteris,

223 1546 365 1604 quot
409 1536 543 1590 estis
579 1535 670 1603 qui
704 1534 768 1588 ad
813 1543 1054 1588 sanctam
1091 1534 1356 1604 synodum
1400 1536 1720 1590 convenitis.
1750 1536 1828 1589 Illi

221 1635 309 1681 est
347 1641 534 1681 sermo
562 1641 686 1680 cum
712 1625 943 1680 rudibus
972 1634 1134 1694 atque
1162 1625 1484 1694 discipulis;
1515 1626 1672 1680 nobis
1703 1643 1820 1681 ser-

1942 431 2042 483 bus
2070 430 2233 498 possit
2269 429 2320 482 in
2352 443 2646 483 commune
2673 430 2954 495 constitui,
2990 431 3132 499 quod
3160 431 3530 494 Ecclesiarum

1941 531 2122 576 servet
2148 523 2408 590 quietem,
2439 531 2495 576 et
2525 522 2754 592 populos
2786 531 2972 577 teneat
2999 523 3061 577 ad
3085 524 3341 580 salutem.

2011 613 2063 667 5.
2096 613 2204 668 Nec
2229 613 2312 667 his
2331 627 2446 679 vos,
2469 615 2660 667 fratres
2691 614 3377 685 cbarissimi,constitutis,
3408 633 3531 684 qua:

1940 717 2138 775 praeter
2171 717 2358 761 nostra
2401 717 2670 775 praecepta
2700 707 3000 762 Orientalis
3045 708 3285 777 synodus
3337 709 3530 765 decer-

1939 817 2069 857 nere
2101 802 2298 864 voluit,
2323 800 2560 854 credatis
2591 800 2792 866 teneri,
2822 809 3021 868 prater
3045 801 3096 854 id
3135 801 3356 870 quidem
3386 801 3528 871 quod

1939 894 2005 946 de
2051 893 2154 947 ﬁde
2181 891 2652 946 consentientibus
2679 891 2966 959 judicavit.
3000 891 3045 944 A
3075 907 3344 946 canonum
3379 908 3524 962 pra:-

1938 986 2112 1054 ceptis
2155 994 2396 1038 vestrum
2458 999 2616 1037 nemo
2642 983 2906 1050 discedat,
2941 999 3041 1038 nec
3080 984 3149 1037 ab
3197 986 3278 1040 his
3317 985 3523 1056 deviet,

1937 1077 2225 1144 quaajuxta
2261 1073 2567 1144 regularum
2592 1072 2840 1127 ordinem
2866 1074 3122 1142 frequens
3151 1074 3218 1128 ad
3252 1091 3346 1130 vos
3375 1076 3523 1131 dire-

1936 1174 2018 1221 cta
2076 1166 2221 1220 sedis
2273 1164 2588 1233 apostolicae
2637 1163 2880 1218 decrevit
2933 1166 3255 1220 auctoritas.
3297 1165 3354 1220 Si
3394 1167 3523 1236 quid

1934 1259 2160 1312 forsitan
2185 1267 2276 1311 aut
2297 1257 2438 1312 inter
2466 1256 2661 1310 fratres
2681 1265 2866 1310 natum
2902 1255 3082 1321 fuerit,
3108 1266 3201 1310 aut
3229 1256 3386 1310 fratri
3414 1257 3528 1311 cui-

1933 1351 2074 1419 piam
2102 1349 2281 1418 aliqua
2299 1350 2442 1404 actio
2463 1364 2567 1418 qua
2598 1349 2862 1416 pulsetur,
2885 1348 3066 1414 illata;
3092 1358 3188 1404 aut
3218 1350 3329 1404 illic
3357 1350 3525 1407 fratre

1934 1450 1988 1496 et
2031 1442 2356 1510 coepiscopo
2388 1453 2575 1494 nostro
2607 1442 2898 1495 Anastasio
2921 1441 3106 1511 judice
3134 1443 3397 1498 eveniens
3424 1459 3521 1499 ne-

1934 1532 2142 1602 gotium
2169 1532 2510 1600 terminetur,
2539 1533 2628 1601 qui
2653 1534 2799 1588 vices
2827 1534 3137 1602 apostolicae
3160 1534 3310 1590 sedis
3337 1550 3522 1604 agere,

1935 1635 1990 1678 ut
2018 1626 2194 1679 beatae
2228 1626 2504 1679 memoria:
2538 1625 2709 1680 Rufus
2730 1626 2989 1681 decessor
3017 1627 3212 1695 ipsius,
3244 1643 3308 1681 ex
3341 1637 3527 1684 nostra

221 1732 322 1770 mo
357 1732 486 1771 cum
521 1716 750 1786 collegis
776 1725 830 1769 et
858 1715 1054 1770 doctis.
1087 1716 1154 1769 Et
1182 1727 1236 1770 ut
1267 1732 1294 1769 a
1320 1716 1614 1773 beatissimi
1649 1719 1824 1786 Pauli,
1858 1723 1907 1782 Β
1933 1715 2209 1768 voluntate
2239 1715 2616 1784 cognoscitur;
2649 1725 2744 1769 aut
2771 1716 2837 1770 ad
2876 1732 2996 1781 nos,
3030 1718 3076 1771 si
3105 1719 3216 1772 illic
3245 1717 3386 1773 finiri
3415 1735 3525 1775 non

222 1807 399 1876 cuius
432 1808 670 1861 maxime
703 1807 990 1876 prmeeptis
1020 1806 1246 1861 obedire
1277 1823 1375 1861 vos
1401 1808 1679 1873 convenit,
1719 1825 1824 1864 non

219 1897 561 1952 recedamus
583 1898 865 1966 exemplo,
903 1912 1009 1951 non
1035 1897 1194 1953 vobis
1213 1913 1377 1967 grave
1408 1899 1480 1953 sit
1507 1899 1574 1954 de
1607 1901 1685 1953 his
1710 1916 1829 1968 qua:

217 1988 291 2042 ad
319 1998 570 2043 nostram
601 1987 844 2043 notitiam
894 1988 1238 2058 perveniunt,
1271 1999 1330 2043 nt
1371 1999 1620 2044 servetur
1665 1990 1830 2044 disci-

221 2081 378 2150 plina
413 2080 806 2143 ecclesiastica,
829 2081 1167 2135 commoneri
1187 2095 1249 2134 ac
1270 2081 1317 2134 si
1348 2091 1669 2148 praesentes.
1689 2083 1828 2152 Ergo

231 2174 526 2230 vobiscum
560 2174 700 2243 quod
750 2175 816 2229 ad
861 2177 1171 2245 regularum
1216 2189 1601 2244 canonumque
1649 2185 1830 2230 custo-

218 2265 378 2320 diam
425 2266 686 2335 proficere
733 2267 1016 2330 novimus,
1066 2281 1164 2335 pro
1217 2266 1586 2321 sollicitudine
1637 2278 1826 2322 nostra

217 2357 590 2422 conferimus,
627 2369 912 2427 sequestro
942 2357 1055 2412 filio
1091 2367 1282 2414 nostro
1312 2358 1561 2414 Artemio
1590 2361 1825 2432 presby—

215 2459 350 2506 tero
380 2451 533 2520 cnjns
555 2453 710 2506 nobis
735 2453 974 2506 efficacia
1004 2453 1062 2506 in
1092 2453 1302 2520 agendo
1324 2455 1532 2522 pariter
1562 2465 1614 2508 et
1639 2455 1824 2509 mode-

216 2545 374 2597 ratio
409 2543 685 2612 placuitet
708 2559 880 2611 amor,
915 2554 972 2598 ut
999 2543 1230 2598 traditus
1260 2556 1463 2600 trames
1494 2561 1523 2598 a
1556 2548 1822 2616 patribus,

217 2637 402 2690 firmis
455 2645 656 2691 vestrae
695 2636 1004 2691 dilectionis
1057 2638 1298 2707 vestigiis
1357 2648 1632 2704 teneatur,
1661 2650 1715 2695 et
1761 2656 1824 2696 ea

213 2743 348 2796 qua:
371 2744 402 2782 a
435 2728 591 2783 nobis
623 2739 847 2798 propter
867 2729 1104 2800 quietem
1132 2729 1503 2786 Ecclesiarum
1527 2741 1654 2786 sunt
1675 2743 1696 2770 ε
1725 2747 1822 2787 cu-

217 2819 449 2886 stodita,
482 2830 782 2876 serventur.

287 2913 348 2965 2.
386 2913 692 2985 lllyricanae
731 2930 924 2971 omnes
968 2916 1258 2983 Ecclesiae,
1291 2927 1347 2972 ut
1377 2933 1403 2968 a
1436 2918 1822 2974 decessoribns

212 3007 424 3060 nostris
455 3009 785 3078 accepimus,
817 3019 870 3063 et
896 3023 997 3063 nos
1017 3024 1232 3079 quoque
1261 3010 1507 3073 fecimus,
1543 3011 1609 3064 ad
1633 3026 1819 3065 curam

1938 1807 2200 1876 potuerit,
2227 1807 2421 1861 eodem
2454 1816 2637 1860 tamen
2669 1809 2780 1862 suis
2817 1808 3010 1864 litteris
3046 1825 3264 1865 causam
3305 1827 3522 1868 omnem

1932 1916 2055 1968 qua:
2087 1900 2314 1953 vertitur
2353 1909 2736 1968 prosequente,
2769 1900 2948 1953 veniat
2974 1915 3224 1956 examen.

2001 1997 2055 2049 4.
2091 1993 2311 2048 Nullum
2344 2008 2542 2062 corpus
2576 2004 2680 2059 est,
2706 1994 2850 2064 quod
2902 1995 3076 2064 capite
3123 2012 3233 2051 non
3281 2006 3520 2069 regatur.

1931 2087 2082 2142 Estis
2124 2087 2341 2157 quidem
2389 2087 2654 2152 membra,
2691 2098 2747 2142 ut
2775 2088 3022 2142 novimus
3052 2099 3271 2156 sancta;
3297 2093 3392 2147 sed
3427 2109 3524 2148 ve-

1929 2188 2101 2234 strum
2156 2189 2318 2247 caput
2366 2179 2642 2247 respicere
2678 2188 2734 2234 et
2774 2181 3047 2234 honorare
3089 2196 3188 2236 vos
3213 2183 3520 2239 condecet:

1929 2273 2186 2342 quoniam
2218 2271 2396 2327 honor
2436 2272 2630 2341 capitis
2662 2273 2727 2325 ad
2771 2287 2922 2341 spem
2955 2272 3123 2326 totius
3149 2273 3362 2341 prolicit
3398 2289 3525 2328 san-

1930 2364 2168 2428 ctitatis;
2195 2373 2249 2418 et
2279 2379 2434 2418 suum
2458 2378 2658 2432 corpus
2675 2363 2924 2418 sollicitis
2948 2373 3129 2419 tuetur
3151 2365 3345 2432 oculis,
3377 2365 3524 2434 quod

1930 2458 2029 2511 sibi
2052 2465 2234 2525 aptum
2267 2467 2320 2511 et
2360 2457 2539 2525 dignis
2565 2455 2812 2511 videatur
2843 2455 2911 2510 ad
2941 2471 3377 2525 unamquamque
3406 2472 3524 2512 rem

1937 2548 2132 2603 ofﬁciis
2161 2549 2476 2603 convenire.
2509 2547 2614 2602 Sed
2643 2558 2702 2601 ut
2731 2563 2892 2602 omne
2939 2563 3140 2617 corpus
3168 2549 3346 2618 capite
3379 2551 3522 2618 regi-

1932 2653 2041 2708 tur,
2077 2643 2148 2696 ita
2181 2641 2358 2710 ipsum
2397 2649 2581 2709 caput,
2612 2641 2713 2694 nisi
2742 2656 2843 2695 suo
2882 2655 3115 2710 corpore
3157 2652 3515 2707 sustentetur,

1930 2735 2238 2789 firmitatem
2296 2743 2351 2788 et
2407 2733 2643 2802 vigorem
2693 2749 2853 2787 suum
2904 2733 3100 2800 perdit,
3133 2743 3186 2787 et
3227 2750 3333 2787 non
3375 2741 3524 2788 tenet

1929 2841 2090 2896 quam
2144 2826 2410 2881 habuerat
2457 2824 2800 2893 dignitatem.
2853 2823 3039 2878 Estote
3091 2823 3273 2891 igitur,
3303 2834 3358 2876 ut
3399 2838 3523 2877 esse

1927 2918 2186 2972 convenit
2217 2915 2430 2970 Domini
2458 2915 2789 2976 sacerdotes,
2824 2913 3191 2967 Ecclesiarum
3233 2913 3522 2982 praesules,

1928 3008 2208 3076 religionis
2232 3016 2431 3060 nostrae
2458 3004 3043 3059 doetores.Reservate
3073 3003 3227 3057 fratri
3260 3013 3315 3059 et
3334 3007 3521 3075 coepi~

214 3115 377 3155 nunc
419 3103 694 3169 pertinent
739 3101 1251 3156 Thessalonicensis
1292 3101 1584 3164 antistitis;
1628 3113 1685 3155 nt
1723 3118 1822 3156 sua
1852 3100 1898 3162 C
1931 3111 2098 3164 scopo
2124 3107 2313 3150 nostro
2339 3097 2698 3149 reverentiam
2728 3109 2886 3164 quam
2916 3095 3148 3160 debetis,
3173 3104 3227 3149 et
3260 3095 3398 3151 inter
3423 3114 3522 3154 vos

209 3191 618 3257 sollicitudine,
649 3191 694 3244 si
730 3207 851 3260 quae
885 3192 1030 3246 inter
1057 3194 1258 3246 fratres
1298 3202 1613 3259 nascantur,
1650 3202 1704 3247 ut
1735 3209 1822 3249 as-

221 3283 437 3350 solent,
468 3282 708 3337 actiones
736 3283 1032 3353 distinguat
1057 3295 1220 3354 atque
1254 3284 1500 3348 definiat,
1528 3294 1582 3340 et
1607 3286 1673 3339 ad
1698 3302 1818 3342 eum

212 3377 488 3448 quidquid
534 3393 564 3432 a
611 3378 840 3448 singulis
877 3380 1260 3435 sacerdotibus
1291 3382 1493 3450 agitur,
1528 3380 1813 3436 referatur.

216 3470 304 3525 Sit
337 3469 631 3525 concilium
663 3471 873 3540 quoties
898 3485 1077 3526 causae
1111 3471 1568 3541 fuerint.qnoties
1606 3473 1696 3528 ille
1720 3489 1815 3541 pro

216 3563 610 3617 necessitatum
654 3566 1053 3632 emergentium
1098 3566 1309 3620 ratione
1358 3565 1708 3621 decreverit:
1761 3577 1819 3621 ut

216 3653 422 3709 merito
470 3655 630 3711 sedes
672 3657 994 3725 apostolica,
1027 3658 1296 3714 relatione
1350 3659 1470 3728 ejus
1527 3659 1816 3728 instructa,

217 3761 339 3815 quae
361 3747 567 3803 fuerint
590 3759 706 3804 acta
735 3749 1039 3805 confirmet.
1070 3750 1342 3807 Evocmus
1365 3759 1604 3807 vestrum
1633 3752 1818 3807 venire

217 3853 389 3895 nemo
415 3850 747 3907 contemnat,
779 3857 880 3898 nec
902 3844 1310 3915 congregationi
1335 3853 1540 3900 sanctas
1563 3845 1631 3900 ad
1652 3861 1812 3916 quam

215 3933 376 3991 debet
410 3936 683 4006 festinare,
715 3951 774 3992 se
805 3937 1058 4008 deneget.
1084 3939 1376 3997 Excusatio
1401 3955 1498 4010 per
1528 3949 1811 3996 contuma-

288 4110 312 4172 ξ
343 4101 405 4156 Id
430 4111 533 4167 est,
569 4111 673 4156 tam
699 4106 888 4157 multos
910 4106 1124 4172 pariter.
1689 4157 1695 4165 .

285 4169 310 4208 δ
343 4173 583 4249 Primum
617 4174 760 4229 istud
791 4192 880 4230 nos
910 4169 977 4231 in
1023 4185 1198 4244 recto,
1231 4191 1470 4248 sequens
1507 4177 1561 4234 in
1611 4185 1808 4249 quarto

217 4256 340 4296 casu
366 4245 617 4298 sumitur.

290 4324 309 4351 ε
344 4315 532 4369 Mallet
561 4315 868 4372 Holstenius
892 4320 1186 4373 constituta.
1222 4321 1266 4372 Α
1294 4318 1451 4389 Xyin
1476 4328 1654 4376 tamen
1683 4335 1806 4374 sco-

220 4441 3495 4477 MM

1931 3207 2117 3262 pacem
2150 3200 2203 3244 et
2231 3188 2579 3245 concordiam
2612 3187 2902 3244 custodite.
2926 3189 3011 3243 Sit
3033 3190 3087 3242 in
3116 3189 3291 3253 vobis,
3323 3201 3521 3247 utesse

1931 3283 2224 3347 credimus,
2258 3298 2352 3337 cor
2384 3297 2550 3336 unum
2579 3293 2634 3338 et
2665 3282 2838 3336 anima
2869 3299 2970 3336 una
3001 3283 3139 3354 (Act.
3164 3300 3240 3352 tv,
3269 3285 3384 3355 52).
3409 3286 3523 3344 Nec

1931 3377 2167 3432 credatis
2192 3376 2346 3431 vobis
2389 3375 2552 3428 minui
2599 3375 2857 3445 quidquid
2899 3377 3218 3431 reverentia:
3247 3376 3419 3446 illius,
3447 3379 3521 3436 ad

1930 3486 2091 3540 quem
2132 3479 2188 3525 et
2211 3469 2443 3539 majores
2472 3469 2641 3523 nostri
2675 3478 2728 3524 et
2760 3484 2857 3524 nos
2891 3469 3207 3541 lllyricanas
3240 3472 3516 3528 Ecclesias

1926 3567 2075 3633 juxta
2121 3576 2325 3616 morem
2356 3558 2607 3615 traditum
2640 3560 2906 3616 voluimus
2949 3564 3249 3632 pertinere,
3275 3577 3305 3616 a
3334 3573 3522 3621 vestra

1930 3656 2220 3711 dilectione
2275 3663 2329 3708 et
2374 3653 2579 3707 servari
2630 3654 2876 3708 volumus
2924 3664 2978 3710 et
3025 3656 3243 3713 deferri.
3299 3655 3326 3695 ἀ
3381 3660 3520 3718 Data.

1931 3751 1998 3804 15
2029 3747 2290 3804 kalendas
2318 3745 2627 3811 Januarias,
2672 3746 2828 3801 Aetio
2876 3747 3074 3803 iterum
3115 3760 3170 3804 et
3200 3749 3515 3820 Segisvulto

1927 3842 2263 3898 consulibus.

1925 4119 1993 4173 po
2029 4101 2264 4174 alienum
2299 4111 2404 4150 non
2436 4102 2519 4149 est
2557 4091 2832 4174 custodite.
2855 4087 3015 4174 Nihil
3044 4089 3184 4144 enim
3210 4090 3356 4174 Δῃογί
3387 4106 3515 4148 con.

1918 4164 2118 4236 stituit,
2156 4169 2251 4226 sed
2299 4182 2418 4238 quae
2470 4181 2498 4219 a
2556 4164 2854 4233 majoribus
2896 4171 3020 4216 sunt
3069 4164 3365 4217 constituta
3423 4181 3515 4220 cu.

1917 4244 2108 4300 stodit.

1986 4311 2013 4351 ἀ
2045 4312 2306 4368 Decemb.
2337 4309 2404 4364 18
2435 4307 2561 4362 anni
2590 4309 2716 4363 457.

1349 4575 2382 4693 ΔΡΡΕΝΙΠΧ.

451 4865 780 4927 ΝΟΤΙΤΙΛ
824 4864 1349 4939 RELIQUORUM
1393 4865 1822 4928 SCRIPTORC

1945 4863 2130 4939 QUIE
2179 4861 2286 4921 Al)
2331 4852 2666 4918 XYSTUM
2713 4853 2796 4914 ΙΙΙ
2844 4853 3272 4916 ΑΤΤΙΝΕΝΤ.

399 4991 426 5064 §
455 4989 496 5045 1.
531 4989 656 5055 Qua:
681 4989 879 5060 Xystus
910 4988 1079 5042 adhuc
1115 4987 1374 5058 presbyter
1402 4989 1630 5060 scripsit.

297 5084 583 5155 f.Xystus,
599 5082 817 5137 Zosimo
847 5095 1060 5135 summo
1079 5080 1358 5150 pontifice,
1374 5081 1632 5135 Romana:
1647 5081 1819 5136 eccle-

229 5172 314 5228 siaa
346 5178 628 5246 presbyter
662 5175 794 5229 tanti
828 5183 940 5228 erat
977 5173 1233 5240 nominis,
1270 5183 1327 5228 ut
1351 5189 1474 5229 cum
1513 5173 1652 5228 fama
1692 5189 1816 5230 eum

227 5263 527 5337 Pelagianis
578 5267 760 5322 favere
804 5265 1090 5335 iactasset,
1153 5263 1280 5321 hinc
1333 5281 1441 5321 non
1473 5265 1819 5322 mediocriter

229 5356 542 5417 efferrentur
572 5359 902 5414 Christiana:
929 5357 1118 5428 gratiae
1151 5357 1380 5421 inimici,
1412 5373 1477 5412 ac
1533 5357 1814 5412 nihilomi-

231 5463 319 5504 nus
353 5455 808 5509 contristarentur
835 5452 1081 5521 ejusdem
1111 5454 1299 5522 gratia:
1331 5452 1647 5507 defensores
1679 5451 1813 5524 (Au-

230 5546 409 5606 gustin.
437 5547 586 5617 epist.
615 5544 718 5600 194
745 5563 797 5599 n.
833 5543 908 5614 1).
942 5543 1036 5599 llle
1059 5559 1192 5600 vero
1217 5547 1499 5600 sinistrum
1536 5560 1808 5600 rumorem

233 5638 285 5682 ut.
323 5637 639 5704 quantocius
670 5637 982 5706 dissiparet,
1030 5637 1210 5706 primo
1252 5635 1578 5692 Christianae
1624 5638 1810 5706 gratiae

232 5717 451 5789 inimicis
476 5732 531 5788 in
556 5731 1000 5800 frequentissimo
1026 5729 1214 5801 populi
1231 5740 1376 5789 cmtu
1397 5731 1546 5802 prior
1566 5729 1808 5788 omnium

493 5828 772 5894 ParnoL.
817 5826 890 5888 L.

1837 4991 1894 5052 Ι)
1919 4986 2206 5043 anathema
2238 4977 2639 5053 pronuntiavit;
2671 4991 2730 5030 ac
2775 4975 2970 5030 deinde
3011 4976 3210 5032 Leonis
3244 4987 3355 5034 tum
3390 4997 3515 5036 aco~

1924 5083 2058 5153 lytbi
2086 5094 2248 5150 Opera
2273 5073 2556 5146 epistolam
2581 5069 2646 5124 ad
2679 5069 2955 5124 Aurelium
2988 5083 3171 5124 senem
3196 5072 3359 5137 misit,
3387 5075 3515 5129 bre-

1924 5174 2198 5229 vissimam
2236 5168 2476 5240 quidem,
2512 5163 2604 5218 sed
2639 5166 2690 5216 in
2720 5176 2823 5231 qua
2859 5171 2914 5214 et
2940 5161 3007 5215 de
3052 5165 3511 5230 perniciosissimo

1920 5267 2167 5337 dogmate
2197 5273 2249 5318 et
2277 5263 2348 5316 de
2378 5259 2550 5330 gratia
2588 5256 2680 5310 Dei
2715 5253 2840 5322 quid
2887 5252 3121 5309 sentiret
3161 5257 3293 5310 satis
3339 5273 3498 5326 expo-

1919 5361 2113 5423 nebat;
2147 5372 2247 5411 nec
2269 5353 2483 5409 tacebat
2524 5358 2729 5419 quanto
2753 5348 2960 5417 vigore,
2994 5356 3050 5400 ut
3091 5350 3324 5404 recentis
3355 5367 3508 5404 erro-

1918 5452 1995 5507 ris
2025 5450 2263 5505 fautores
2310 5451 2713 5507 coercerentur,
2748 5445 2950 5511 egisset
2991 5441 3164 5511 (ldem
3209 5444 3360 5513 epist.
3409 5445 3503 5499 191

1920 5561 1972 5598 η.
2009 5541 2082 5613 1).
2110 5542 2334 5596 Demum
2365 5553 2468 5592 non
2503 5536 2573 5590 ita
2616 5536 2784 5588 multo
2814 5542 2934 5604 post
2964 5533 3030 5588 ad
3062 5537 3422 5603 Augustinum
3455 5549 3508 5598 ct

1918 5634 2194 5706 Alypium,
2229 5633 2414 5687 Firmo
2458 5630 2776 5700 presbytero
2820 5625 3119 5690 deferente,
3151 5628 3312 5682 aliam
3345 5629 3506 5699 proli-

1918 5729 2126 5786 xiorem
2162 5724 2464 5784 transmisit
2495 5721 2802 5793 epistolam,
2836 5720 2888 5775 in
2934 5733 3040 5788 qua
3082 5720 3227 5790 quod
3259 5735 3516 5804 asseras-3
