4028 6184
336 192 448 264 619

1340 191 1432 249 AD
1463 190 1691 247 OPERA
1734 188 1912 246 XISTI
1953 187 2019 244 Ill
2058 190 2259 246 PAPAS
2288 184 2661 247 APPENDIX.‘

3548 180 3657 237 89.0

338 329 426 376 rat
455 314 640 388 priore
693 310 854 368 latius
910 314 965 367 et
1005 308 1241 380 apertius
1289 308 1614 377 explicabat.
1657 305 1781 360 Dure
1826 304 1930 359 illac
1962 304 2012 365 A
2038 302 2239 375 Pelagii
2262 305 2607 369 sententiam,
2632 316 2737 373 qua
2766 299 2959 357 divites
2990 312 3019 353 a
3052 310 3223 371 regno
3248 294 3527 355 calorum
3560 310 3664 352 ex-

280 391 291 423 ³
340 408 593 483 epistola!
618 407 955 462 exciderunt.

411 503 465 557 2.
511 500 592 557 Ad
624 500 722 555 has
752 497 1078 569 Augustinus
1103 496 1237 551 duas
1268 495 1507 551 vicissim
1535 492 1793 557 reddidit,
1830 491 1934 546 sci-

344 599 470 652 licet
502 595 597 651 l9|
625 604 678 649 et
710 591 832 647 194.
882 590 1124 647 Seorsim
1178 587 1535 657 rescripserat
1588 596 1639 641 et
1688 585 1932 658 Alypius,

342 688 439 745 sed
466 701 642 757 neque
664 685 769 740 hoc
798 684 1060 754 scriptum
1092 681 1161 736 ad
1188 695 1285 736 nos
1306 680 1577 750 pervenit.

411 780 466 835 5.
508 777 567 837 In
596 776 921 833 bibliotheca
954 776 1173 832 Patrum
1204 774 1271 828 ad
1296 772 1554 829 sreculum
1580 788 1629 826 vt
1649 812 1665 839 ,
1699 780 1808 826 tres
1841 770 1935 825 ba-

346 873 545 929 bentur
572 870 720 935 libri,
750 868 960 939 primus
987 867 1057 923 de
1096 866 1338 932 Divitiis,
1369 866 1510 921 alter
1547 864 1614 921 de
1646 864 1799 919 Malis
1832 864 1935 917 Do-

342 967 581 1024 ctoribus
608 975 663 1022 et
688 964 757 1020 de
786 964 1055 1034 Operibus
1096 960 1271 1027 Fidei,
1319 969 1627 1030 postremus
1656 958 1724 1013 de
1762 958 1935 1013 Casti-

341 1068 473 1125 tste,
502 1058 675 1129 Xysto
701 1057 765 1113 ΙΙΙ
796 1070 949 1125 papa:
968 1071 995 1108 a
1026 1053 1233 1110 Jacobo
1256 1052 1477 1108 Salonio
1508 1052 1739 1122 primum
1770 1047 1937 1104 ascri-

340 1154 441 1222 pti,
469 1151 565 1207 sed
594 1152 644 1207 ei
670 1165 704 1206 a
752 1150 1025 1221 plerisque
1052 1146 1309 1203 omnibus
1348 1145 1574 1201 eruditis
1618 1142 1929 1211 abjudicati.

339 1246 483 1301 Sane
510 1252 569 1301 ut
598 1257 693 1299 eos
725 1242 983 1298 Salonius
1011 1240 1187 1311 Xysto
1229 1249 1415 1295 nostro
1440 1238 1794 1301 attribueret,
1829 1250 1933 1289 una

336 1348 517 1393 motus
546 1345 631 1392 est
655 1334 979 1403 exemplaris
1002 1334 1086 1388 sui
1132 1333 1491 1396 auctoritate;
1520 1339 1577 1385 et
1619 1328 1822 1382 fatetur
1850 1337 1931 1380 ta-

337 1446 463 1487 men
497 1428 551 1484 l'
575 1430 793 1484 titulum
828 1427 912 1482 his
930 1426 1087 1481 libris
1122 1425 1174 1480 in
1204 1439 1303 1481 suo
1324 1422 1621 1492 exemplari
1654 1418 1930 1490 praeﬁxum

2037 396 2227 462 cludit,
2258 412 2286 451 a
2316 396 2489 468 Xysto
2515 404 2899 468 propugnatam
2930 408 3037 448 non
3062 406 3186 447 esse
3216 390 3361 447 istud
3392 392 3659 447 maximo

2038 491 2238 547 indicio
2266 502 2370 559 est,
2404 488 2551 562 quod
2577 506 2698 545 cum
2743 488 3078 560 Augustinus
3105 486 3269 556 epist.
3306 485 3411 542 194
3460 484 3666 542 οωοίλ

2040 584 2214 655 Xysto
2246 594 2504 656 exponat,
2536 582 2805 653 simulque
2836 580 3005 637 diluat
3033 580 3455 651 Pelagianorum
3481 595 3668 657 argu-

2038 688 2241 746 menta,
2282 679 2350 735 de
2378 678 2575 748 quibus
2620 692 2743 732 eum
2773 674 3174 731 admonendum
3204 689 3326 731 esse
3355 673 3665 741 censebat,

2037 772 2105 827 de
2140 772 2240 827 hoc
2267 770 2528 841 singulari
2560 768 2761 841 Pelagii
2787 770 2931 823 circa
2960 767 3155 823 divites
3182 767 3379 838 placito
3408 781 3668 841 prorsus

2037 864 2178 921 silet.
2212 866 2310 921 Vel
2361 866 2487 922 hinc
2517 864 2683 937 igitur
2713 864 2768 919 in
2816 863 3047 936 Xystum
3094 862 3309 919 minime
3340 863 3670 919 convenire

2038 960 2296 1029 probatur
2326 960 2562 1029 primum
2593 958 2661 1013 de
2698 958 2913 1013 Divitiis
2945 957 3181 1022 librum;
3211 972 3315 1026 quo
3343 956 3391 1012 ei
3418 955 3669 1026 abjudi-

2037 1062 2182 1118 cato,
2224 1050 2365 1107 alios
2404 1052 2543 1107 duos
2588 1052 2793 1121 pariter
2844 1050 3022 1106 eidem
3070 1048 3457 1121 abjudicandos
3517 1063 3667 1106 esse

2038 1161 2199 1201 nemo
2226 1144 2432 1200 inficias
2460 1146 2601 1200 ierit.
2637 1144 2901 1200 Praeterea
2946 1144 2990 1199 si
3040 1142 3193 1215 Xysti
3230 1158 3289 1199 re
3322 1143 3443 1214 ipsa
3468 1144 3669 1200 exsti-

2040 1240 2233 1293 tissent
2262 1237 2335 1292 illi
2379 1238 2524 1304 libri,
2559 1252 2680 1291 cum
2714 1237 2869 1291 illum
2900 1236 2966 1291 iis
2999 1236 3051 1291 in
3106 1235 3259 1290 libris
3294 1249 3468 1305 prava
3522 1250 3665 1292 sen-

2035 1332 2178 1388 sisse
2207 1346 2271 1386 ac
2300 1330 2551 1387 docuisse
2582 1330 2923 1400 exploratum
2953 1336 3119 1393 esset,
3154 1342 3259 1382 non
3291 1327 3425 1383 solis
3456 1327 3664 1398 suspi-

2040 1427 2286 1482 cionibus
2317 1442 2381 1481 ac
2424 1426 2734 1481 rumoribus
2765 1424 2935 1491 falsis,
2962 1424 3060 1481 sed
3101 1423 3265 1479 certis
3293 1424 3664 1495 argumentis

338 1536 462 1579 esse
490 1520 815 1577 recentioris
846 1533 1037 1575 manus
1057 1558 1071 1582 ,
1102 1518 1159 1572 2°
1205 1533 1313 1573 non
1341 1515 1495 1587 Χειδιί
1533 1515 1600 1570 lll
1630 1528 1799 1585 ραραῖ,
1834 1510 1931 1567 sed
2039 1530 2099 1576 ut
2128 1520 2508 1577 haereticorum
2540 1519 2719 1575 fautor
2740 1518 2933 1574 audire
2963 1517 3262 1573 debuisset.
3289 1516 3400 1573 Nec
3428 1527 3559 1573 tum
3582 1517 3663 1575 ad

339 1615 663 1688 Iguipapa:
682 1624 732 1669 et
766 1613 1014 1684 martyris
1040 1626 1237 1669 nomen
1265 1609 1616 1681 praeseferre:
1652 1617 1930 1676 postremo
2040 1613 2293 1683 injectam
2334 1613 2402 1669 de
2429 1627 2490 1668 se
2518 1611 2717 1667 famam
2749 1610 3157 1681 expurgandum
3196 1609 3331 1665 satis
3366 1612 3413 1667 ei
3444 1608 3663 1666 fuisset

334 1709 509 1765 libros
566 1708 687 1763 illos
734 1706 907 1778 Xysto
954 1721 1112 1777 papa:
1150 1714 1208 1760 et
1264 1706 1509 1774 martyri,
1546 1710 1735 1771 utpote
1777 1700 1931 1769 cujus
1962 1691 2013 1753 Β
2043 1705 2349 1775 Pelagianis
2376 1705 2665 1761 anathema
2698 1704 2907 1769 dicere;
2939 1704 3035 1761 sed
3062 1702 3223 1758 simul
3246 1702 3555 1761 damnandi
3592 1719 3664 1761 ac

338 1810 497 1857 atate
524 1801 857 1872 posteriores
883 1814 977 1855 eos
1002 1814 1126 1855 esse
1153 1800 1494 1871 exploratum
1528 1806 1613 1851 est
1649 1810 1754 1850 non
1793 1809 1929 1849 con-

336 1910 552 1967 gruere.
587 1895 693 1950 Sed
717 1895 762 1948 si
796 1894 963 1948 falsus
993 1893 1205 1961 titulus,
1253 1892 1382 1963 quid
1420 1900 1541 1947 erat
1582 1904 1681 1945 cur
1708 1904 1779 1944 es
1812 1888 1931 1957 eius

337 1986 446 2043 ﬁde
472 1985 643 2057 Xysto
672 1984 740 2041 Ill
773 1984 1049 2055 βψω,ηυί
1069 1994 1217 2040 certe
1245 1994 1452 2054 martyr
1478 1998 1584 2037 non
1615 1981 1733 2047 fuit,
1764 1980 1933 2036 ascri-

335 2080 629 2138 berentur?
658 2079 866 2136 Deinde
893 2080 1037 2149 apud
1083 2093 1274 2135 omnes
1314 2077 1567 2133 eruditos
1596 2077 1650 2132 in
1681 2076 1931 2132 confesso

338 2183 422 2229 est
464 2173 632 2229 libros
662 2173 786 2228 illos
838 2172 1144 2243 Pelagianis
1203 2171 1485 2227 erroribus
1522 2168 1749 2225 refertos
1785 2182 1931 2232 esse,

335 2267 767 2337 nornin‘ati'mque
832 2266 973 2321 hanc
1036 2264 1238 2335 Pelagii
1282 2262 1649 2327 sententiam,
1710 2260 1933 2315 Divitem

335 2368 625 2413 manentem
666 2360 721 2412 in
768 2358 964 2411 divitiis
1005 2357 1114 2410 suis
1159 2357 1213 2409 in
1269 2371 1487 2423 regnum
1538 2353 1632 2407 Dei
1668 2366 1935 2422 nonposse

336 2448 559 2519 ingredi,
594 2462 755 2517 quam
786 2447 1120 2517 Augustinus
1153 2447 1315 2515 epist.
1350 2446 1449 2499 157
1479 2446 1550 2501 ad
1583 2444 1843 2500 Hilarium
1876 2458 1929 2499 c.

334 2542 372 2596 ι
408 2542 657 2614 pluribus
680 2542 905 2611 refellit,
936 2542 1143 2597 diserte
1172 2543 1230 2596 in
1264 2542 1375 2597 illis
1403 2540 1751 2611 propugnari.

316 2668 321 2673 -
402 2638 461 2692 tl.
502 2636 703 2692 Verum
748 2636 851 2691 hoc
872 2644 1197 2705 argumento
1218 2675 1233 2701 ,
1266 2649 1375 2704 quo
1398 2635 1487 2689 alii
1522 2635 1627 2689 hoc
1660 2646 1796 2703 opus
1823 2632 1935 2704 Xy-

328 2738 420 2786 ste
452 2728 785 2799 abjudient,
834 2728 994 2783 Joan.
1043 2726 1341 2783 Garnerius
1391 2727 1581 2793 utitur,
1621 2737 1681 2781 ut
1714 2727 1847 2781 illud
1881 2727 1931 2782 ei

330 2820 609 2892 adiudicat
633 2838 645 2873 :
666 2822 809 2891 quia,
838 2820 1035 2891 inquit,
1063 2830 1267 2875 constat
1295 2820 1515 2891 ngtum
1535 2820 1659 2873 olim
1684 2818 1935 2889 Pelagia-

327 2916 411 2969 nis
448 2914 662 2985 favisse,
691 2928 938 2985 suumque
975 2915 1102 2982 ipsis
1136 2914 1457 2983 aliquamdiu
1500 2912 1812 2982 impendisse
1838 2928 1936 2981 pa-

330 3010 605 3065 trocinium
645 3008 833 3081 ('(y‘arn.
870 3010 923 3063 in
955 3008 1175 3062 Μαι-θαι.
1202 3024 1258 3075 p.
1290 3024 1307 3061 ι
1342 3024 1466 3079 pag.
1509 3006 1661 3076 362).
1694 3010 1761 3061 At
1789 3008 1936 3077 quod

326 3102 413 3159 vir
438 3102 704 3168 eruditus,
754 3103 905 3157 velut
946 3102 1228 3172 Augustini
1272 3102 1456 3156 verbis
1516 3101 1681 3169 epist.
1735 3101 1831 3155 tsi
1879 3082 2009 3156 etC

327 3194 437 3255 194
474 3196 642 3253 nixus
666 3210 768 3267 pro
792 3206 946 3252 certo
974 3197 1148 3266 ponit,
1182 3196 1407 3249 minime
1435 3202 1644 3249 certum
1678 3203 1781 3249 est.
1812 3194 1932 3250 Non

324 3288 473 3345 enim
522 3288 598 3344 ait
624 3290 961 3360 Augustinus
991 3286 1135 3358 quod
1174 3286 1412 3353 faveret,
1463 3288 1559 3342 sed
1612 3286 1755 3357 quod
1804 3302 1931 3341 eum

325 3381 471 3453 fama
512 3386 739 3455 factum
783 3382 1006 3435 inimicis
1048 3379 1356 3434 Christiano:
1395 3380 1577 3449 gratia:
1600 3380 1792 3448 favere.
1824 3384 1936 3433 Aut

323 3476 375 3529 si
402 3489 473 3530 ex
503 3473 817 3542 huiusmodi
866 3473 1011 3527 fama
1044 3487 1166 3526 eum
1216 3471 1509 3539 Pelagiana
1548 3486 1745 3527 errore
1788 3473 1931 3529 infe-

319 3574 470 3625 ctum
500 3566 779 3621 htereticis
809 3566 917 3620 illis
948 3565 1148 3619 favisse
1173 3566 1480 3631 conficitur,
1510 3566 1762 3623 eumdem
1794 3582 1931 3637 quo-

325 3674 435 3738 que
488 3661 873 3719 Nestorianum
924 3663 1205 3718 exstitisse
1250 3664 1657 3721 concedendum
1707 3667 1830 3722 erit.
1876 3664 1933 3722 is

328 3759 476 3815 enim
508 3753 807 3827 pariterde
844 3755 946 3811 illo
994 3763 1184 3826 postea
1231 3757 1528 3828 dissipatus
1578 3769 1666 3814 est
1716 3760 1929 3826 rumor,

322 3850 472 3922 quod
501 3848 754 3905 Nestorio
780 3848 1009 3905 faveret.
1040 3849 1158 3918 Quo
1184 3852 1328 3907 circa
1360 3849 1596 3923 Cyrillus
1618 3852 1683 3906 ad
1722 3853 1929 3907 calcem

325 3943 575 4014 epistolae
602 3941 670 3995 ad
707 3941 967 3999 Acacium
999 3942 1395 3999 Melitinensem
1450 3943 1640 3998 scribit
1670 3962 1682 3997 :
1732 3944 1795 3997 Si
1839 3944 1930 4011 qui

322 4036 598 4109 epistolam
632 4045 891 4107 tamquam
920 4052 954 4088 a
978 4034 1227 4108 Philippo
1267 4037 1696 4090 reverendissimo
1732 4036 1929 4091 Roma-

321 4146 406 4185 nw
433 4126 681 4181 Ecclesia:
704 4126 999 4196 presbytero
1025 4126 1273 4196 scriptam
1294 4127 1579 4192 attulerint,
1606 4130 1819 4199 perinde
1846 4134 1931 4183 so-

324 4229 533 4277 nantem
572 4232 633 4269 ac
663 4218 706 4271 si
734 4218 1089 4272 sanctissimus
1115 4218 1382 4289 episcOpus
1412 4220 1613 4291 Xystus
1644 4222 1928 4292 depositio-

325 4329 443 4368 nem
469 4308 701 4365 Nestorii
725 4308 937 4364 moleste
961 4310 1238 4380 acceperit,
1272 4311 1419 4383 eique
1450 4328 1597 4385 opem
1629 4316 1835 4382 tulerit;
1858 4334 1930 4371 ne

2038 1798 2409 1869 supprimendi
2434 1806 2593 1854 erant
2622 1798 2701 1853 illi
2730 1798 2881 1864 libri,
2907 1813 2974 1853 ac
2994 1812 3271 1868 perversae
3304 1798 3508 1868 Pelagii
3551 1797 3663 1855 do—

2038 1893 2227 1947 ctrinae
2270 1896 2348 1947 eis
2379 1894 2598 1947 inserta:
2622 1892 2896 1947 contraria
2946 1891 3083 1949 ﬁdes
3127 1890 3450 1962 potiunda.
3502 1890 3660 1947 Cum

2041 1987 2201 2056 igitur
2246 2001 2356 2042 non
2400 2002 2507 2041 una
2558 1987 2767 2042 ratione
2796 1984 3072 2041 historica
3123 1985 3335 2041 veritati
3362 1995 3665 2055 repugnet

2040 2078 2209 2135 libros
2248 2080 2371 2135 iHos
2397 2078 2569 2150 Xysto
2600 2078 2819 2144 ascribi,
2863 2077 3060 2133 mirum
3105 2085 3192 2133 est
3222 2084 3424 2134 tanth
3475 2077 3663 2134 tilde

2041 2188 2071 2226 a
2097 2174 2303 2228 recenti
2332 2188 2495 2227 manu
2523 2171 2708 2227 addito
2736 2185 2802 2226 ac
2822 2170 3109 2227 maniieste
3139 2169 3274 2225 falso
3298 2168 3505 2225 deferri
3532 2179 3662 2239 po-

2040 2264 2231 2331 tuisse,
2268 2274 2323 2319 et
2352 2264 2623 2319 catholico
2660 2265 3001 2335 presbytero,
3030 2263 3229 2319 summi
3252 2260 3539 2332 pudicis
3558 2263 3669 2318 sli-

2036 2357 2242 2426 gnitate
2290 2365 2481 2427 postea
2548 2357 2829 2427 iss'guito,
2901 2355 3266 2412 ascrier
3310 2354 3663 2411 haeretica

2038 2466 2201 2523 opus,
2227 2452 2369 2522 quod
2396 2454 2441 2506 si
2474 2452 2631 2523 Xysti
2652 2453 2827 2508 nostri
2860 2451 3071 2514 fuisset,
3102 2465 3213 2506 non
3240 2449 3378 2505 Sinti
3404 2465 3580 2518 papa
3602 2457 3665 2505 at

2042 2546 2306 2616 martyris,
2340 2545 2438 2601 sed
2481 2544 2637 2616 Xysti
2662 2544 2948 2617 presbyteri
2976 2542 3192 2600 nomine
3230 2539 3665 2597 insumendu-

2039 2650 2177 2697 erat.

2110 2734 2167 2788 6.
2210 2733 2327 2789 Hoc
2354 2742 2535 2789 tamen
2560 2734 2705 2803 iacto
2737 2732 3110 2798 fundamento,
3139 2729 3286 2801 quod
3316 2728 3526 2800 Xystus
3554 2745 3663 2785 er-

2042 2843 2229 2883 rorum
2275 2827 2690 2897 Pelagianorum
2746 2827 2923 2881 fautor
2969 2823 3301 2896 aliquandiu
3340 2823 3664 2891 exstiterit,

2042 2934 2249 2989 eosque
2274 2919 2433 2974 iibris
2462 2918 2624 2973 editis
2654 2918 2962 2984 tradiderit,
3002 2916 3135 2972 inde
3174 2915 3431 2971 laudatus
3458 2916 3551 2969 ris-
3606 2916 3669 2970 in

2046 3011 2187 3067 alias
2236 3012 2349 3068 abit
2402 3012 2773 3083 conjectum,
2807 3011 3007 3081 quibus
3047 3010 3210 3065 etiam
3251 3008 3419 3065 libros
3458 3006 3671 3077 Hypo-

2041 3106 2346 3161 mnesticon
2368 3106 2517 3176 apud
2539 3106 2901 3176 Augustinum
2930 3105 2990 3159 in
3004 3103 3448 3174 ep‘p‘endicetoni
3464 3102 3511 3157 Χ
3526 3105 3669 3160 *ιιι

2041 3208 2197 3268 gates
2226 3199 2397 3269 Xystu
2428 3198 2652 3255 attribui
2696 3213 2858 3269 posse
2901 3199 3179 3268 opinatur.
3211 3197 3407 3253 Verum
3440 3195 3668 3253 ttondi-

2041 3292 2557 3363 mento‘lmjttsmodi
2576 3292 2781 3358 diruto,
2810 3302 3067 3347 corruant
3088 3300 3409 3347 necessust
3428 3306 3503 3347 eo
3534 3305 3669 3349 alio

2041 3383 2195 3439 fultae
2226 3384 2577 3454 conjecturae.
2606 3385 2677 3439 Et
2724 3399 2858 3440 vim
2904 3386 2962 3438 in
3016 3384 3307 3440 novissima
3354 3382 3667 3453 Am

2041 3477 2303 3545 editione,
2334 3492 2561 3533 censura
2590 3478 2748 3533 libris
2774 3478 2885 3532 illis
2902 3477 3155 3546 prensa,
3185 3491 3288 3533 eos
3306 3477 3377 3531 ad
3410 3476 3658 3533 larium

2042 3569 2399 3628 Mercatorent
2421 3573 2607 3643 potius
2626 3586 2791 3643 quam
2822 3571 2890 3627 ad
2940 3572 3169 3643 Xystum
3220 3571 3495 3641 pertinere
3548 3572 3666 3629 de-

2040 3673 2400 3721 monstratur.

2112 3758 2167 3813 7.
2209 3757 2539 3830 Argumenta
2587 3773 2693 3814 non
2714 3758 2917 3815 desunt
2962 3759 3160 3829 quibus
3199 3758 3455 3829 Xystus,
3510 3761 3655 3815 dum

2040 3847 2219 3905 adhuc
2250 3850 2545 3922 presbyter
2584 3858 2752 3916 esset,
2782 3850 2851 3905 ad
2878 3849 3209 3915 Nestorium,
3260 3851 3327 3905 ad
3371 3850 3653 3907 iam

2039 3942 2444 3998 Antiocheuusn
2471 3943 2617 3999 etad
2640 3942 3654 4014 OyrilIMesandrinumscripits'e

2040 4037 2384 4106 colligamus.
2416 4038 2462 4091 A
2506 4036 2785 4092 Gennadio
2832 4036 2923 4091 lib.
2959 4036 3027 4091 de
3071 4034 3268 4104 Script.
3303 4036 3449 4091 Eccl.
3481 4034 3651 4107 Xysti

2039 4133 2108 4187 ad
2131 4132 2436 4187 Nestorium
2464 4133 2689 4202 epistola
2720 4132 3066 4187 memoratur.
3096 4130 3216 4199 Ipse
3238 4128 3446 4202 ‘Xystr‘ts
3474 4130 3647 4201 epist.

2039 4222 2074 4278 6
2105 4240 2155 4277 n.
2186 4223 2220 4277 2
2248 4222 2441 4277 Joanni
2474 4224 2732 4293 episcopo
2760 4222 3096 4277 Antiocheno
3121 4223 3174 4276 in
3204 4222 3526 4277 memoriam
3550 4238 3647 4279 re-

2039 4325 2201 4371 vocat
2222 4316 2451 4386 qualtter
2476 4316 2676 4384 (inquit
2701 4315 2770 4369 de
2800 4313 3074 4383 Nestoris)
3094 4316 3148 4368 ei
3171 4315 3435 4369 soluimus
3457 4324 3645 4369 nostra

324 4405 503 4459 credat
544 4402 644 4457 hoc
676 4404 939 4457 sanctitas
966 4417 1073 4460 tua
1098 4402 1327 4476 (Concil.
1359 4415 1485 4460 tam.
1530 4406 1600 4462 Ill
1629 4427 1683 4479 p.
1738 4409 1923 4481 1229),
1950 4464 1996 4481 ._
2036 4408 2391 4462 admonitione
2419 4425 2730 4463 succurrere.
2782 4408 2917 4462 Eum
2967 4418 3147 4462 autem
3202 4408 3273 4463 ibi
3318 4407 3387 4461 de
3439 4406 3643 4463 litteris

321 4499 463 4556 Tum
496 4496 651 4553 addit
694 4497 928 4569 Cyrillus
962 4514 975 4551 :
1030 4475 1254 4569 Scripsit
1294 4502 1431 4555 enim
1461 4475 1689 4557 consona
1732 4475 1926 4561 sancta:
1952 4475 2008 4539 Β
2032 4509 2166 4556 ante
2204 4500 2573 4570 pontiﬁcatum
2605 4500 2821 4569 scriptis
2852 4500 2994 4569 loqui
3026 4499 3195 4569 liquet
3220 4513 3284 4553 ex
3317 4497 3485 4567 ipsius
3512 4498 3639 4567 epi—

320 4593 524 4664 synodo
555 4590 895 4663 (Ephesium)
926 4593 1197 4663 omniaque
1226 4592 1370 4648 illius
1400 4604 1543 4667 gesta
1573 4597 1918 4666 conﬁrmavit,

320 4701 387 4739 ac
433 4684 699 4739 nobiscum
743 4685 919 4739 sentit.
968 4684 1031 4739 Et
1062 4685 1221 4756 hujus
1248 4686 1468 4758 quidem
1500 4690 1576 4744 rei
1606 4700 1769 4745 testes
1800 4703 1926 4747 sunt

318 4775 499 4847 ipsius
553 4775 819 4846 epistolae.
874 4774 1080 4846 Nempe
1121 4793 1244 4831 cum
1300 4777 1506 4850 Xystus
1561 4780 1923 4851 integerrimze

320 4885 543 4943 semper
576 4856 905 4935 ﬁdéituerit,
941 4869 1061 4941 eius
1088 4868 1273 4928 tamen
1321 4884 1441 4929 erat
1486 4875 1714 4942 indolis,
1762 4888 1825 4933 ut
1858 4878 1919 4935 in

318 4964 649 5023 damnandis
689 4963 963 5021 haereticis
1008 4965 1143 5022 nihil
1172 4983 1580 5039 praeproperam
1609 4972 1793 5041 vellet,
1824 4975 1923 5031 sed

316 5058 509 5115 temnis
526 5058 685 5128 prius
713 5068 933 5129 cuperet
960 5060 1219 5129 experiri.
1252 5061 1299 5116 si
1328 5061 1469 5119 forte
1491 5072 1922 5134 temperamento

318 5151 504 5223 aliquo
547 5150 615 5207 ad
664 5150 946 5207 veritatem
982 5151 1181 5209 adduci
1202 5164 1451 5225 possent.
1485 5155 1617 5214 Inde
1666 5159 1796 5215 viris
1823 5161 1916 5229 qui

316 5248 501 5305 minus
533 5247 805 5319 patientes
824 5256 990 5304 erant
1030 5248 1156 5305 data
1207 5247 1423 5309 occasio
1454 5267 1557 5323 qua
1606 5262 1918 5325 suspectam

315 5340 585 5400 haberent
620 5342 769 5399 illius
797 5341 984 5411 ﬁdem,
1018 5354 1076 5400 et
1102 5345 1389 5415 prazdictos
1418 5362 1666 5406 rumores
1714 5357 1920 5408 temere

314 5447 589 5495 sererent.
618 5437 782 5495 Aliud
816 5448 905 5495 est
930 5446 1109 5495 autem
1154 5442 1443 5510 quamdam
1473 5457 1600 5513 enga
1630 5442 1921 5500 haereticos

314 5529 710 5606 benignitatem
746 5532 1093 5604 praeferre.
1138 5533 1287 5589 aliud
1331 5550 1523 5593 eorum
1570 5535 1773 5594 docere
1822 5546 1920 5593 aut

318 5627 459 5681 tueri
486 5638 727 5681 errores.

388 5716 443 5771 ἐι.
484 5715 811 5771 Nonianum
839 5732 968 5774 vero
1018 5718 1346 5785 singularem
1386 5720 1547 5776 illum
1576 5736 1639 5777 ac
1688 5736 1911 5789 pravam

2030 4591 2235 4647 stolis!
2270 4601 2323 4646 et
2352 4590 2408 4645 ‘2.
2430 4590 2639 4657 Nempe
2671 4589 2845 4645 adhuc
2892 4590 3185 4660 superstite
3214 4588 3505 4644 Caelestino
3550 4586 3633 4643 le-

2034 4694 2195 4757 gatos
2220 4684 2452 4739 Romam
2510 4685 2807 4740 destinarat
2851 4685 3101 4756 Cyrillus,
3154 4692 3211 4739 et
3250 4682 3479 4752 qualiter
3509 4697 3634 4738 cum

2035 4776 2245 4835 Joanne
2267 4777 2606 4833 Antiocheno
2634 4778 2901 4848 agendum
2926 4786 3071 4833 esset
3098 4777 3466 4833 consuluerat.
3496 4775 3633 4831 Tum

2028 4871 2091 4927 in
2122 4871 2401 4928 Catesu’ni
2426 4872 2610 4926 locum
2642 4870 2900 4927 suffeCtus
2928 4869 3153 4942 Xystus,
3178 4880 3250 4923 ac
3270 4869 3470 4939 tgulis
3498 4884 3637 4939 prae-

2038 4964 2291 5019 sentibus
2339 4962 2641 5026 ordinatus,
2684 4960 3008 5033 respondit:
3063 4961 3390 5031 Suﬁiciebant
3428 4960 3636 5032 quidem

2036 5060 2148 5114 illa:
2168 5058 2371 5123 litterw,
2401 5074 2527 5127 quas
2550 5066 2594 5111 et
2618 5067 2765 5111 antea
2800 5073 2889 5124 per
2927 5042 3171 5109 Ecclesia:
3199 5048 3638 5127 Con'staniinopo-

2038 5153 2214 5207 litana:
2255 5150 2467 5205 clericos
2497 5161 2541 5205 et
2569 5166 2658 5221 per
2690 5150 2931 5202 diaconos
2962 5158 3060 5203 tute
3084 5136 3369 5202 sanctitatis
3402 5126 3526 5217 (hoc
3553 5155 3641 5199 est

2034 5242 2255 5316 Cyrilli)
2280 5244 2464 5316 plenas
2490 5243 2720 5297 omnibus
2750 5242 3048 5321 necessariis
3077 5242 3213 5317 misi.
3248 5238 3316 5295 Iis
3346 5236 3524 5293 tame'n
3552 5228 3644 5292 ’1οη

2034 5338 2115 5392 cis
2139 5337 2352 5393 litteras
2379 5352 2498 5407 qum
2524 5318 2804 5391 ΟωἸοέιίιιὶ
2832 5335 3052 5390 nomine
3084 5326 3301 5417 scripta:
3347 5333 3644 5404 missaeque

2031 5432 2270 5501 fuerant,
2307 5433 2724 5489 commemorari
2753 5431 3111 5511 suspicamur.
3143 5418 3485 5500 Xystumqne
3515 5428 3645 5497 opio

2031 5546 2229 5586 natnur
2258 5529 2327 5585 de
2370 5529 2456 5584 his
2482 5528 2632 5602 loqui
2662 5516 2824 5583 veluti
2850 5526 2921 5583 de
2960 5525 3094 5593 suis,
3140 5541 3252 5581 non
3282 5525 3456 5582 solum
3511 5525 3646 5595 quia

2028 5620 2335 5678 successori
2367 5620 2529 5677 liceat
2552 5619 2867 5677 decessoris
2894 5618 2978 5674 sui
3021 5618 3225 5691 scripta
3277 5606 3537 5688 gestaque
3584 5617 3647 5673 in

2025 5716 2337 5787 hujusmodi
2371 5715 2554 5771 causis
2576 5714 2678 5772 sibi
2710 5714 3031 5779 attribuere,
3065 5720 3155 5769 aut
3181 5710 3301 5783 quia
3329 5710 3647 5770 litterarum
