4028 6184
224 217 316 280 sat
752 212 1029 275 NOTlTlA
1065 212 1499 273 scntpTonuu
1540 211 1706 279 eum
1746 210 1838 267 AD
1878 207 2169 269 xrsruu
2209 210 2275 269 tn
2314 211 2547 295 PAPAM
2587 202 2959 273 ATTINENT.

3392 218 3503 279 622

223 334 429 391 illarum
473 345 505 388 a
543 330 838 392 Caelestino
867 348 899 393 e
928 334 1135 407 synodo
1174 334 1499 404 scriptarum
1530 332 1797 402 particeps
1826 327 1881 395 Α
1904 343 1966 384 ac
2000 338 2108 387 tres
2138 342 2227 385 aut
2252 342 2480 404 quatuor
2513 350 2542 390 a
2573 335 2779 407 Cyrillo
2809 338 3067 409 epistolas
3096 340 3162 394 ad
3188 352 3246 395 se
3272 341 3507 412 scriptas

222 425 375 483 fuerit
402 425 599 493 factus,
625 441 813 487 verum
844 426 1004 484 etiam
1043 427 1165 496 quia
1210 427 1506 483 Goelestino
1557 427 1607 479 in
1659 423 1799 479 scri-

221 519 404 575 bendis
433 519 681 591 epistolis
703 519 921 590 adjutor
958 521 1244 577 exstiterit.
1280 521 1347 574 Et
1391 519 1641 576 eumdem
1686 517 1805 587 qui-

221 611 331 670 dem
357 610 579 687 stylum,
614 613 754 671 idem
782 614 1076 686 ingenium,
1109 615 1249 687 quod
1281 616 1649 686 frequentibus
1682 629 1802 669 sen-

222 708 395 765 tentiis
448 708 767 781 delectatur,
813 709 1096 767 leestini
1148 710 1414 783 Xystique
1468 711 1664 765 littcrte
1716 724 1804 765 sa-

219 802 387 870 piunt.

223 889 246 963 ς
271 893 331 949 ll.
364 890 443 955 De
470 894 675 969 scriptis
700 911 815 969 qua
842 896 912 959 ad
952 894 1179 968 Xystum
1220 900 1336 969 jam
1360 896 1666 971 pontiﬁcem
1715 904 1800 949 at-

282 1017 285 1021 ‹
919 991 1100 1046 tinent.

281 1076 335 1134 8.
380 1078 463 1134 Ad
489 1078 837 1145 Calestinum
869 1082 1083 1154 quidem
1109 1083 1363 1141 destinati
1384 1093 1539 1138 erant
1568 1082 1805 1139 Orientis

219 1167 374 1240 legati
396 1171 761 1244 Hermogenes
792 1174 1226 1231 Rbinocurorum
1264 1185 1319 1231 et
1361 1175 1670 1245 Lampetius
1697 1174 1804 1228 Ca-

220 1260 280 1315 sii
303 1263 567 1335 episcopi,
602 1267 698 1322 sed
726 1266 916 1338 Cyrilli
957 1268 1188 1337 epistola
1229 1268 1357 1338 ipsis
1387 1268 1603 1332 tradita,
1635 1266 1805 1339 Xysto

218 1353 424 1409 reddita
448 1356 543 1411 fuit
578 1356 769 1428 (Epist.
800 1359 835 1412 2
861 1377 917 1413 η.
961 1361 1040 1430 l).
1071 1358 1243 1414 Tanto
1272 1360 1448 1431 elogio
1489 1360 1539 1412 in
1569 1360 1667 1412 hac
1693 1358 1806 1427 epi-

216 1446 347 1499 stola
388 1450 911 1507 commendabantur
938 1451 1117 1521 legati,
1164 1462 1218 1506 ut
1248 1453 1445 1521 forsan,
1480 1452 1655 1522 inquit
1695 1451 1805 1521 Xy-

215 1543 345 1608 stus,
391 1540 563 1594 minus
618 1540 799 1595 litteris
844 1559 970 1613 quas
1000 1544 1063 1597 de
1106 1544 1168 1597 iis
1216 1547 1463 1613 scripsisti
1502 1545 1806 1600 credidisse-

214 1646 341 1698 mus,
370 1633 470 1686 nisi
496 1649 675 1689 earum
706 1635 1050 1690 testimonium
1075 1636 1271 1691 vicisset
1301 1637 1395 1691 sibi
1422 1639 1520 1708 ipsi
1560 1647 1803 1692 attestans

1907 437 2027 479 esse
2072 423 2365 499 signiﬁcat.
2409 427 2560 494 Quod
2607 440 2659 484 et
2699 429 2818 499 ipse
2848 430 3157 499 conﬁrmat,
3191 447 3312 489 cum
3344 436 3504 492 unius

1907 529 1973 570 ex
2002 516 2110 570 illis
2141 516 2325 589 Cyrilli
2359 518 2611 588 epistolis
2656 522 2966 592 exemplum
3018 522 3084 587 ad
3136 523 3522 619 Alexandrum‘

1906 608 2125 671 mittere
2142 625 2201 665 se
2234 611 2510 680 praafatus,
2542 613 2665 668 inde
2696 624 2878 684 sperat
2915 614 3035 671 fore
3085 624 3142 670 ut
3184 616 3379 687 pedum
3406 619 3504 675 do-

1905 700 2009 766 lor,
2042 708 2149 779 quo
2167 702 2789 771 laborabatAlexander,
2817 707 3150 777 sublevetur,
3180 723 3301 773 cum
3322 713 3373 767 in
3404 711 3505 767 illo

1907 796 2163 865 exemplo
2187 812 2305 867 quae
2328 797 2619 868 diligenter
2640 809 2694 855 et
2721 808 2975 857 accurate
3005 799 3238 875 Cyrillus
3258 803 3501 877 explica-

1907 888 1994 943 bat
2023 890 2340 960 inspexerit.
2359 891 2419 946 Si
2448 907 2586 961 vcro,
2612 892 2803 963 inquit,
2822 895 2949 948 sicut
2973 894 3242 967 scripsisti,
3260 912 3391 950 nunc
3414 914 3502 951 us-

1906 1000 2003 1055 que
2048 986 2263 1057 pedibus
2317 986 2477 1051 doles,
2520 988 2798 1059 inspiciens
2829 988 3025 1043 litteras
3060 987 3170 1044 Deo
3206 990 3503 1045 amicissimi

1908 1076 2134 1145 episcopi
2175 1076 2379 1147 Cyrilli,
2405 1088 2451 1133 et
2467 1092 2777 1153 coquoscens
2804 1091 2998 1151 quanta
3027 1081 3092 1135 sit
3120 1097 3243 1137 usus
3270 1082 3503 1158 ἀκριϐείᾳ

1908 1167 1963 1219 in
1990 1168 2116 1236 ﬁdei
2130 1186 2310 1235 causa,
2329 1179 2434 1225 etc.
2453 1170 2596 1225 Nihil
2618 1181 2700 1227 est
2715 1172 2875 1241 igitur
2890 1190 2985 1229 cur
2996 1174 3068 1230 ob
3084 1175 3260 1229 Acacii
3288 1175 3502 1230 laudata

1909 1261 2075 1315 verba
2119 1263 2252 1317 ullas
2298 1263 2451 1335 Xysti
2504 1262 2571 1318 ad
2616 1264 2986 1325 Alexandrum
3039 1265 3500 1338 Hierapolitanum

1908 1356 2224 1425 episcopum
2252 1357 2464 1413 litteras
2495 1356 2891 1413 desideremus.
3108 1434 3117 1437 ν

1980 1445 2065 1501 Η.
2098 1446 2246 1501 Licet
2268 1446 2491 1518 Xystus,
2519 1448 2570 1501 in
2591 1448 2814 1521 epistola
2837 1451 2870 1506 5
2890 1466 2947 1504 n.
2976 1451 3006 1505 7
3031 1450 3117 1507 die
3150 1451 3215 1507 15
3244 1452 3496 1523 Septem-

1908 1538 2022 1593 bris
2052 1541 2179 1594 anni
2227 1539 2353 1603 455,
2413 1556 2547 1611 saepe
2575 1556 2633 1596 se
2664 1541 2732 1596 ad
2783 1543 3166 1597 Maximianum
3214 1543 3501 1615 scripsisse

1908 1643 2176 1689 memoret
2201 1634 2267 1690 de
2300 1634 2563 1689 facilitate
2590 1650 2695 1704 qua
2719 1635 2954 1708 Cyrillus
2981 1636 3269 1694 redeuntes
3297 1638 3363 1695 ad
3394 1640 3500 1695 Ec-

213 1726 504 1789 prtesentia.
538 1726 674 1782 Tum
707 1728 940 1800 Cyrillus
973 1746 1079 1799 quo
1107 1746 1235 1800 erga
1264 1730 1587 1796 Orientales,
1616 1731 1708 1801 qui
1737 1730 1803 1787 ab
1836 1713 1884 1785 Β
1912 1724 2135 1779 cleSiam
2185 1726 2385 1795 διιεοὶρὶ
2418 1726 2743 1797 ρθνοριθὺει
2766 1771 2780 1795 ,
2817 1743 2881 1782 ex
2930 1728 2993 1783 iis
3041 1738 3220 1786 lameﬂ
3254 1730 3500 1801 epiSlolis

210 1813 329 1882 ipso
360 1815 718 1886 dissidebant,
760 1820 939 1877 animo
968 1832 1115 1878 esset
1143 1821 1391 1889 allectus,
1422 1823 1671 1893 pluribus
1699 1838 1799 1877 ex-

208 1906 465 1974 plicabat.
498 1910 707 1981 Quippe
737 1922 793 1968 ut
819 1914 887 1968 ad
916 1929 1109 1983 pacem
1150 1915 1385 1971 Orientis
1424 1918 1569 1971 viam
1595 1915 1799 1985 pande-

206 2009 286 2055 ret
309 2003 726 2073 expeditiorem,
742 2009 1101 2065 contumelias
1120 2013 1369 2080 proprias
1394 2012 1540 2067 ultro
1557 2019 1800 2065 contem-

207 2104 333 2149 nere
362 2110 443 2165 se,
475 2106 638 2169 atque
664 2098 941 2156 Eeclesias
968 2101 1209 2159 ordinari
1250 2118 1412 2172 quam
1435 2101 1694 2158 vindicari
1739 2116 1799 2156 se

206 2186 366 2247 malle
414 2190 730 2247 testabatur.
778 2193 1044 2259 Quocirca
1108 2193 1343 2251 Nestorii
1394 2196 1557 2253 unius
1601 2196 1798 2251 exsilio

204 2289 507 2350 contentus,
536 2285 751 2340 creteris
784 2287 837 2339 in
880 2287 1071 2343 eodem
1112 2288 1392 2359 naufragio
1424 2289 1797 2347 laborantibus

203 2384 420 2428 manum
446 2376 651 2446 porrigi
677 2376 975 2447 ﬂagitabat,
1003 2380 1269 2451 simulque
1294 2381 1524 2451 rogabat
1553 2384 1641 2452 qui
1669 2398 1793 2443 cum

199 2460 410 2519 Joanne
436 2465 778 2527 Antiocheno
802 2484 865 2525 se
884 2482 1128 2541 gereret.

287 2556 342 2612 9.
408 2557 546 2614 Huic
598 2559 778 2631 erilli
840 2563 1086 2631 epistolae
1152 2567 1467 2623 rescribens
1536 2566 1738 2639 Xystus
1771 2613 1787 2638 ,

200 2648 440 2717 ejusdem
497 2654 745 2724 rescripti
798 2656 951 2724 paria
1020 2660 1269 2729 exempla
1323 2661 1487 2717 etiam
1546 2660 1613 2716 ad
1651 2662 1793 2719 alios

200 2743 433 2802 Orientis
480 2750 765 2820 episcopos
822 2753 887 2809 ad
924 2770 1063 2825 quos
1110 2758 1248 2812 mitti
1290 2760 1567 2827 petierant
1602 2760 1790 2830 legati,

202 2836 412 2895 misisse
473 2854 534 2896 se
604 2843 893 2913 significat.
946 2846 1109 2913 Quod
1168 2849 1373 2907 indicio
1441 2862 1524 2906 est
1592 2852 1794 2923 legatos

200 2926 317 2985 illos
342 2931 413 2986 ita
436 2934 809 3006 episcoporum
832 2939 1073 2996 Orientis
1098 2943 1320 2998 nomine
1343 2943 1583 3008 venisse,
1617 2952 1678 2998 ut
1700 2959 1791 2997 so:

1906 1833 2012 1872 non
2046 1827 2212 1874 restat
2260 1819 2365 1873 nisi
2391 1833 2519 1886 una,
2576 1819 2786 1874 scilicet
2814 1820 3008 1889 prima,
3043 1821 3247 1895 Cyrillo
3274 1825 3493 1892 quidem

1906 1908 2183 1978 inscripta,
2238 1909 2331 1965 sed
2376 1910 2536 1979 cujus
2592 1910 2907 1977 exemplum
2957 1914 3118 1967 etiam
3168 1914 3498 1972 Maximiano

1905 2001 2160 2056 traditum
2215 2010 2317 2055 est.
2369 2001 2521 2058 Unde
2551 2001 2801 2070 sequitur
2833 2010 2891 2058 ut
2918 2002 3094 2073 aliqua
3138 2005 3336 2063 saltem
3380 2009 3498 2080 epi-

1905 2093 2042 2149 stola
2076 2094 2141 2147 ad
2168 2094 2551 2150 Maximianum
2579 2095 2779 2164 scripta
2810 2094 3095 2152 exciderit.

1978 2186 2063 2240 η.
2127 2186 2316 2243 Statim
2371 2195 2430 2243 ut
2486 2188 2723 2244 Joannes
2775 2188 3153 2246 Antiochensis
3210 2206 3330 2248 cum
3377 2195 3497 2251 aliis

1902 2279 2136 2336 Orientis
2163 2280 2436 2351 episcopis
2466 2279 2534 2336 ad
2568 2279 2832 2336 Ecclesiae
2856 2281 3145 2350 unitatem,
3188 2287 3495 2356 composita

1900 2387 2056 2442 pace,
2108 2373 2288 2440 rediit,
2340 2372 2570 2428 Romam
2626 2373 2915 2429 destinavit
2964 2374 3290 2445 legationem
3320 2417 3336 2445 ,
3387 2393 3496 2448 qua

1900 2465 2078 2537 Xysto
2106 2481 2165 2523 se
2206 2466 2482 2523 cohaerere
2535 2475 2844 2523 testaretur.
2876 2460 3015 2525 Tum
3051 2467 3288 2541 Cyrinus
3333 2479 3387 2526 et
3424 2471 3497 2530 de

1900 2558 2149 2615 contecta
2202 2574 2351 2630 pace,
2399 2566 2453 2613 et
2482 2558 2550 2614 de
2574 2558 2797 2615 Joannis
2822 2561 3097 2632 legatione
3143 2556 3375 2634 Xystum
3407 2564 3497 2619 lit-

1901 2652 2034 2707 teris
2055 2652 2351 2708 adsnonere
2384 2651 2662 2708 festinavit
2714 2649 2913 2723 (Epist.
2970 2653 3004 2708 5
3051 2672 3104 2709 η.
3160 2654 3236 2726 6).
3293 2656 3494 2728 Xystus

1900 2758 2031 2799 vero
2060 2743 2265 2798 litteras
2288 2743 2411 2798 illas
2437 2742 2540 2813 legi
2564 2744 2775 2799 curavit
2816 2743 2866 2797 in
2916 2753 3062 2800 coetu
3107 2746 3487 2815 episcoporum

1900 2837 1987 2904 qui
2019 2836 2085 2889 ad
2117 2834 2550 2891 anniversarium
2581 2834 2938 2889 ordinationis
2961 2850 3073 2891 suae
3102 2835 3249 2894 diem
3287 2852 3491 2894 conve-

1903 2936 2096 2981 nerant
2124 2929 2141 2999 (
2170 2928 2359 2994 Ephes.
2395 2926 2590 2982 Concit.
2628 2943 2686 2982 tu
2724 2944 2848 2999 ,par.
2897 2946 2943 2983 c.
2978 2926 3103 2995 52).
3132 2926 3269 2983 Cum
3308 2939 3491 2985 autem

198 3018 299 3078 ιίυε
345 3033 524 3082 tamen
572 3026 756 3097 Cyl-im
806 3032 1018 3088 {meras
1065 3034 1344 3091 agi-errem.
1388 3036 1606 3104 Alioqui
1659 3037 1793 3090 "is,"
1832 3097 1868 3104 _
1904 3018 2142 3073 Orientis
2188 3035 2296 3085 pax
2346 3019 2567 3073 ineunte
2615 3033 2757 3074 anno
2799 3019 2907 3075 4'55
2948 3020 3158 3075 ﬁrmata
3184 3020 3277 3087 sit,
3308 3023 3384 3077 uti
3424 3038 3492 3079 ex

198 3128 331 3183 ορυε
355 3121 883 3189 “umquamnon”,
907 3124 1011 3179 sibi
1032 3137 1185 3182 esset
1211 3097 1562 3183 summa“;
1590 3127 1793 3198 xym
1821 3097 1870 3165 Ο
1904 3108 2125 3161 bomilia
2175 3107 2325 3162 Pauli
2356 3109 2593 3165 Emiseni
2619 3109 2799 3178 primo
2840 3109 2997 3179 hujus
3024 3111 3151 3165 anni
3190 3110 3279 3167 die
3309 3112 3495 3169 habita

195 3220 224 3261 a
269 3208 463 3277 legatis
488 3210 748 3278 disceret,
777 3216 1019 3271 maxime
1046 3231 1167 3271 cum
1200 3219 1254 3273 id
1284 3221 1456 3275 moris
1485 3220 1647 3274 fuerit
1680 3220 1791 3274 Ro-

194 3298 380 3355 manis
404 3301 751 3368 pontiilcibus
774 3314 832 3360 ut
862 3306 969 3363 sibi
1012 3309 1378 3367 scribentibus
1404 3314 1790 3370 rescriberem.

194 3388 487 3451 Probabile
528 3402 707 3451 autem
744 3406 852 3465 est,
884 3399 1210 3470 legationem
1236 3404 1384 3459 illam
1422 3415 1555 3461 tunc
1578 3415 1793 3463 tantum

197 3480 524 3539 destinatam
553 3500 694 3553 esse,
727 3503 849 3543 cum
870 3490 1149 3548 Coelestini
1175 3494 1391 3562 litterae,
1420 3498 1676 3553 Martius
1703 3500 1793 3555 die

199 3573 324 3629 anni
353 3572 461 3632 452
488 3576 714 3633 datalia
760 3580 1037 3637 Orientem
1087 3586 1493 3654 pervenissent;
1548 3589 1792 3659 adet-que

199 3666 378 3721 minus
418 3668 752 3738 probabilem
780 3672 909 3728 inde
937 3673 1052 3730 ﬁeri
1082 3676 1427 3746 opinionem,
1471 3695 1592 3750 quae
1637 3680 1793 3751 Xysli

200 3757 594 3817 ordinationem
618 3779 813 3821 mense
837 3767 1005 3835 Aprili
1028 3769 1278 3838 ejusdem
1310 3773 1436 3826 anni
1467 3772 1574 3829 452
1605 3774 1792 3830 consi-

198 3860 346 3923 gnat.
392 3854 576 3925 Neque
610 3874 742 3915 vero
791 3859 911 3917 sine
946 3876 1111 3918 causa
1140 3864 1348 3920 tardius
1386 3865 1567 3921 difl‘ert
1590 3866 1795 3938 'Pagius

201 3941 337 4002 hanc
367 3947 787 4019 ordinationem,
822 3955 868 4008 si
890 3964 1015 4011 ante
1045 3967 1282 4027 acceptae
1321 3957 1526 4014 iuerint
1558 3974 1680 4014 mox
1708 3960 1795 4016 di-

203 4046 299 4093 ctae
331 4039 526 4096 littera:
547 4058 708 4113 quam
743 4044 927 4115 legati,
958 4062 1095 4119 quos
1122 4048 1452 4105 ordinationi
1484 4066 1596 4106 sum
1627 4054 1793 4107 inter-

204 4128 365 4190 fuisse
387 4135 686 4204 gratulatur
717 4136 938 4210 Xystus,
955 4155 1021 4196 ex
1040 4142 1266 4199 Oriente
1288 4144 1793 4213 proﬁciscerentur.

270 4226 359 4282 10.
402 4225 604 4300 Xystus
638 4231 836 4302 legatis
881 4234 1231 4292 redeuntibus
1258 4238 1400 4293 duas
1426 4239 1652 4295 tradidit
1677 4239 1797 4309 epi-

204 4318 389 4386 stolas,
417 4336 549 4391 quas
582 4324 876 4381 etiamnum
908 4326 1189 4392 habemus,
1225 4328 1428 4392 (ἓντὶΗο
1460 4332 1792 4399 reddendas,

205 4421 358 4466 unam
393 4412 680 4484 privatam,
714 4417 946 4473 alteram
976 4430 1097 4474 eum
1130 4421 1251 4476 aliis
1276 4438 1644 4479 communem.
1679 4424 1794 4478 llu—

1904 3199 2092 3269 liquet,
2114 3199 2213 3255 lias
2238 3199 2423 3272 Cyrilli
2451 3201 2659 3256 litteras
2707 3210 2764 3270 et
2798 3210 2921 3271 post
2963 3200 3175 3257 initium
3230 3205 3356 3261 anui
3387 3206 3494 3263 453

1904 3293 2157 3358 scriptas,
2200 3299 2255 3346 et
2295 3302 2417 3348 ante
2456 3292 2884 3349 anniversarium
2932 3293 3291 3363 ordinationis
3337 3296 3493 3367 Xysti

1903 3387 2046 3444 diem
2076 3396 2325 3458 acceptas
2357 3403 2476 3444 esse
2504 3387 2647 3444 haud
2674 3395 2879 3444 temere
2904 3388 3211 3459 colligatur.

1978 3481 2063 3537 15.
2095 3482 2315 3552 Aliquot
2338 3492 2466 3553 post
2492 3482 2639 3550 dies,
2668 3484 2758 3553 qoi
2805 3483 3143 3553 praenuntiati
3197 3483 3413 3545 fuerant
3456 3500 3496 3539 a

1905 3576 2107 3646 Cyrilto
2151 3575 2375 3633 Joannis
2426 3576 2591 3647 legati
2637 3577 2859 3634 Romam
2894 3590 3178 3646 verterunt,
3236 3580 3490 3639 reddide—

1902 3678 2137 3737 runtque
2167 3667 2395 3735 litteras,
2430 3684 2656 3738 quarum
2710 3670 2989 3729 exordium
3040 3671 3195 3742 Xysti
3238 3673 3491 3731 laudibus

1902 3761 2167 3817 refertum
2199 3772 2315 3818 erat
2338 3760 2532 3832 (Epist.
2558 3761 2591 3818 6
2619 3779 2671 3818 η.
2698 3761 2782 3833 ὅ).
2805 3763 3133 3825 Nominatim
3162 3780 3291 3821 vero
3338 3767 3491 3823 illam

1904 3853 2035 3911 bono
2072 3856 2283 3910 [amasti
2306 3856 2508 3928 generis
2533 3856 2831 3927 apostolica:
2856 3856 2965 3910 sedi
2991 3858 3263 3925 prwsidere
3280 3860 3490 3928 pradi-

1904 3951 2063 4006 cabat
2085 3950 2344 4017 Joannes,
2372 3963 2436 4005 ac
2463 3949 2733 4019 luciferum
2754 3948 2939 4018 ubique
2964 3948 3215 4003 lucentem
3239 3951 3486 4009 vocabat.

1906 4045 2032 4101 Ideo
2060 4053 2240 4103 autem
2269 4044 2485 4113 scriptae
2510 4052 2670 4101 erant
2718 4042 2803 4099 ha:
2852 4042 3068 4107 littera,
3098 4051 3235 4099 utet
3259 4043 3493 4102 Nestorii

1906 4137 2300 4209 depositionem
2322 4178 2335 4201 ,
2367 4146 2423 4194 et
2453 4136 2759 4193 Maximiani
2810 4136 2861 4191 in
2906 4134 3027 4205 eius
3051 4134 3233 4192 locum
3270 4134 3490 4192 ordina-

1903 4231 2108 4286 tionem
2160 4231 2391 4301 probare
2441 4243 2501 4285 se
2529 4229 2765 4287 Joannes
2812 4228 3132 4287 solemniter
3178 4236 3491 4287 testaretur.

1906 4324 2019 4380 Eas
2047 4339 2261 4395 quoque
2290 4322 2491 4395 Xystus
2520 4324 2715 4394 dignas
2734 4322 3019 4393 judicavit,
3048 4336 3169 4393 quae
3188 4323 3247 4378 in
3274 4336 3494 4381 eorum-

1908 4418 2031 4474 dem
2061 4425 2331 4472 conuentu
2357 4416 2756 4485 episcoporum,
2810 4415 2902 4486 qui
2926 4414 3001 4469 ad
3050 4415 3281 4472 natalem
3324 4415 3495 4485 ipsius

202 4497 282 4566 ius
315 4506 627 4574 exemplum
660 4508 763 4562 sibi
785 4509 1007 4565 missum
1036 4526 1158 4567 esse
1184 4514 1415 4568 Aeacius
1442 4515 1649 4571 Benene
1676 4516 1795 4584 epi-
1826 4488 1883 4549 Β
1909 4508 2290 4567 celebrandum
2308 4507 2513 4564 sesein
2539 4506 2749 4563 Urbem
2768 4504 3133 4573 contulerant,
3162 4506 3490 4576 legerentur.

206 4605 399 4664 scapus
444 4598 510 4652 ad
553 4599 917 4656 Alexandrum
955 4603 1412 4674 Hierapolitanum
1440 4616 1673 4663 testatur
1712 4609 1799 4664 bis

205 4687 384 4742 verbis
411 4706 423 4739 :
452 4686 741 4757 Episcopus
769 4693 972 4760 quidem
1001 4697 1089 4764 qui
1122 4697 1301 4752 Roma:
1328 4708 1408 4752 est
1433 4716 1588 4753 unam
1615 4701 1685 4755 ad
1718 4717 1800 4757 me

208 4782 409 4852 scripsit
438 4782 709 4852 epistolam
748 4784 956 4857 (Belus.
990 4804 1105 4843 nov.
1141 4789 1267 4843 colt.
1318 4808 1444 4864 pag.
1495 4792 1641 4864 757).
1687 4794 1798 4851 Sed

207 4872 322 4939 quia
354 4870 541 4927 statim
572 4873 820 4946 adjungit
874 4878 1125 4946 Aeacius,
1165 4880 1497 4938 Alexandria:
1532 4900 1649 4939 vero
1698 4895 1801 4941 tres

208 4965 277 5018 vel
310 4977 555 5037 quatuor,
589 4985 652 5024 ea:
674 4971 857 5042 quibus
885 4973 1038 5028 unius
1080 4976 1385 5046 rescriptum
1416 4985 1518 5031 tur
1543 4978 1804 5049 religiosi-

208 5058 293 5110 tati
324 5060 524 5126 direxi;
555 5061 681 5119 dum
714 5064 862 5121 istud
903 5066 982 5121 sic
1002 5066 1401 5135 intenpretatur
1422 5070 1803 5129 Tillemontius

208 5145 373 5217 (Tom.
403 5151 476 5209 IV
511 5172 635 5228 pag.
664 5155 795 5229 521)
823 5161 999 5228 quasi,
1028 5159 1366 5217 Alexandria
1396 5163 1538 5229 loco,
1571 5164 1796 5222 Alexan-

212 5239 370 5298 driam
400 5246 637 5317 legisset,
675 5250 901 5322 Xystum
932 5268 999 5310 eo
1037 5264 1281 5326 tempore
1308 5274 1415 5329 quo
1440 5260 1506 5314 ad
1537 5260 1795 5316 Acacium

213 5337 441 5420 scrivzsit,
474 5343 634 5395 etiam
688 5354 796 5398 tres
827 5355 920 5400 aut
965 5357 1195 5417 quatuor
1246 5350 1505 5420 epistolas
1560 5354 1796 5407 Alexan-

212 5419 371 5480 driam
402 5428 615 5486 misisse
645 5433 959 5490 arbitratur.
1000 5438 1105 5493 Sed
1150 5419 1327 5509 potior
1359 5451 1443 5497 est
1470 5444 1799 5514 interpreta-

214 5514 282 5570 tio
308 5517 530 5587 Baluzii,
562 5526 783 5592 perinde
815 5528 953 5583 istud
979 5531 1305 5588 Alexandria:
1341 5551 1477 5602 vero,
1520 5538 1675 5607 quasi
1708 5539 1801 5591 ha-

212 5604 438 5678 beretur,
469 5616 733 5686 cpiscopus
759 5635 876 5673 vero
896 5624 985 5691 qui
1012 5624 1338 5679 Alexandria:
1367 5638 1460 5693 est,
1496 5604 1801 5698 intelligen-

215 5698 296 5753 tis.
327 5703 552 5761 Tantum
583 5709 744 5779 igitur
762 5712 993 5769 Aeacius
1020 5717 1181 5771 allato
1212 5718 1333 5773 loco
1353 5735 1512 5773 unam
1539 5738 1564 5773 a
1602 5723 1795 5792 Xysto,

1909 4602 2095 4672 Neque
2116 4600 2266 4658 enim
2295 4612 2392 4657 eos
2412 4599 2502 4669 qui
2527 4598 2741 4653 litteras
2764 4596 3048 4667 legationis
3080 4597 3309 4654 Joannis
3351 4613 3495 4670 prse-

1908 4696 2127 4753 nuntias
2172 4692 2475 4749 attulerant
2520 4690 2668 4761 prius
2697 4690 3047 4747 dimittendos
3094 4692 3279 4759 duxit,
3332 4709 3491 4765 quam

1908 4788 2193 4860 legationis
2218 4785 2393 4857 ipsius
2420 4793 2585 4842 testes
2606 4784 2739 4843 tacti
2770 4784 3026 4842 inissent.

1982 4884 2072 4939 ιι.
2098 4881 2181 4938 Eo
2208 4881 2331 4952 ipso
2348 4888 2600 4950 temere
2624 4889 2734 4949 quo
2754 4878 3327 4952 Joannesactlynillus
3340 4880 3497 4952 ὤθεον

1912 4981 2119 5035 tienem
2164 4975 2450 5047 parabant,
2498 4974 2740 5031 Orientis
2769 4974 3030 5045 episcopi,
3062 4976 3264 5045 quibus
3306 4992 3415 5047 pax
3464 4992 3497 5031 a

1912 5073 2120 5130 Joanne
2142 5071 2270 5127 inita
2290 5068 2631 5139 displicebat,
2648 5068 3017 5123 festinandum
3034 5069 3499 5125 sibi‘eensuerum

1911 5181 1984 5222 ne
2028 5165 2316 5237 pactiones
2372 5171 2649 5218 eonwemae
2680 5176 2721 5215 -a
2753 5160 2924 5232 Xysw
2959 5160 3333 5217 ﬁrmarentur.
3380 5160 3501 5216 Hae

1911 5260 1984 5317 de
2002 5276 2172 5316 causa
2215 5257 2503 5313 Eutherius
2548 5255 2887 5327 Thymensis
2910 5264 2971 5311 α
2996 5254 3277 5311 Madius
3304 5254 3499 5310 illitam

1914 5353 2157 5423 episcopi
2178 5352 2491 5421 epistolam,
2520 5364 2688 5420 quam
2717 5349 3014 5404 etiamnum
3048 5348 3314 5409 habemus
3332 5378 3356 5413 ›,
3378 5362 3501 5407 me

1918 5446 2080 5503 modo
2134 5447 2571 5515 conscripserunt
2600 5442 2795 5516 Xysto,
2829 5443 2921 5499 sed
2954 5450 3009 5498 et
3033 5457 3149 5499 eam
3186 5441 3503 5513 priusquam

1916 5540 2223 5594 mitteretur
2254 5552 2376 5593 cum
2410 5536 2718 5592 Alexandro
2749 5536 3100 5607 Hierapoleos
3150 5549 3215 5591 ac
3250 5534 3503 5591 Theodo-

1868 5678 1871 5681 ,
1916 5640 2035 5686 reto
2057 5630 2181 5702 Cyri
2212 5631 2481 5701 episc0pis
2511 5631 2899 5688 communicari
2943 5630 3282 5686 studuerunt.
3317 5627 3504 5698 Neque

1916 5724 2018 5779 hac
2042 5740 2101 5780 re
2144 5732 2433 5780 contentus
2465 5722 2778 5795 Eutherius,
2837 5725 3060 5794 privatis
3111 5724 3274 5781 etiam
3307 5719 3504 5778 litteris
