4028 6184
350 227 457 285 6'25

1405 224 1496 277 AD
1533 222 1763 279 OPERA
1801 217 2004 278 XYSTI
2046 223 2113 280 111
2154 223 2520 281 APPENDlX.

3528 226 3647 288 621

346 346 508 401 simul
540 347 721 401 missis
748 355 1035 415 utrumque
1084 343 1399 397 cohortatus
1427 354 1533 408 est,
1566 353 1625 397 ut
1657 352 1711 397 et
1747 342 1846 410 ipsi
1875 343 1927 394 in
1955 342 2010 401 Α
2034 344 2318 412 gessimus;
2348 342 2403 394 id
2433 358 2630 412 quoque
2668 342 2778 397 risu
2802 341 3109 413 excipiatur.
3156 338 3310 397 Unde
3351 342 3645 414 conjicere

350 437 639 491 Occidentis
672 446 861 505 partes,
894 437 995 489 hoc
1030 444 1116 489 est
1162 434 1410 499 Romam,
1454 434 1663 503 aliquos
1690 434 1932 488 destina-

348 539 469 583 rent
498 528 715 599 (Balus.
774 544 889 582 nov.
938 527 1059 581 coll.
1110 546 1231 598 pag.
1265 527 1431 595 817).
1463 526 1641 580 Timor
1671 537 1743 581 est
1775 528 1930 592 enim,

346 620 643 690 inquiebat,
678 638 740 674 ne
770 620 1197 689 pravenientibus
1234 621 1415 673 litteris
1460 621 1681 674 aliorum
1712 622 1729 692 (
1749 620 1935 691 Cyrilli

348 717 555 771 scilicet
582 730 645 770 ac
668 716 960 780 Joannis),
991 716 1140 783 quasi
1181 716 1344 767 unitio
1375 716 1512 783 facta
1556 716 1641 780 sit,
1692 724 1738 767 et
1785 718 1935 769 rebus

347 808 640 879 incongruis
663 808 1093 861 consentientibus
1116 807 1365 860 universis
1396 807 1486 875 (id
1518 818 1619 871 est,
1651 806 1738 860 ubi
1773 807 1935 861 rebus

346 902 658 970 incongruis
690 900 1069 955 consenserint
1116 898 1394 969 universi)
1424 940 1437 963 ,
1468 901 1727 969 segniores
1774 916 1937 970 appa-

346 1003 489 1046 reant
521 993 537 1061 (
560 993 783 1046 Romani
805 989 825 1061 )
849 991 917 1045 ad
940 1008 1000 1044 ea
1028 1006 1141 1058 qua:
1164 992 1299 1043 male
1321 999 1437 1042 acta
1468 1000 1584 1042 sunt
1604 991 1932 1059 corrigenda.

346 1086 553 1152 Quibus
587 1085 806 1139 monitis
835 1098 1038 1138 morem
1063 1097 1259 1151 gerens
1285 1082 1612 1147 Alexander,
1644 1081 1852 1151 legatos
1882 1082 1934 1135 in

347 1178 548 1233 Urbem
581 1179 763 1244 misit,
797 1192 1048 1230 accusans
1075 1176 1260 1243 impias
1314 1175 1433 1227 illas
1475 1175 1734 1245 pactiones
1762 1177 1934 1243 (quas

345 1270 579 1342 Cyrillns
607 1280 659 1326 et
684 1271 927 1325 Joannes
958 1268 1269 1337 ferierant),
1304 1283 1417 1336 qua:
1445 1283 1597 1337 super
1632 1266 1737 1318 alia
1758 1267 1937 1319 incon-

345 1382 475 1435 grua
515 1374 561 1418 et
588 1366 639 1418 in
667 1363 770 1433 ﬁde
799 1372 1052 1415 auxerunt
1099 1361 1409 1415 discordiam
1438 1359 1641 1431 (Ibid.,
1676 1376 1793 1432 pag.
1830 1359 1930 1413 821

345 1467 392 1509 et
415 1455 571 1523 822),
604 1456 677 1509 ιιιί
722 1454 867 1523 loqui
918 1454 1096 1522 placet
1138 1452 1361 1520 irenteo,
1414 1453 1518 1507 hoc
1563 1461 1645 1506 est
1672 1454 1936 1506 acerrimo

346 1548 586 1603 Nestorii
608 1547 903 1603 defensori.
933 1547 1129 1602 Iisdem
1158 1547 1377 1602 monitis
1395 1562 1516 1600 cum
1536 1546 1931 1613 Thcodoretus,

349 1649 460 1694 tum
489 1640 579 1694 alii
604 1640 863 1708 episcopi,
896 1654 1124 1708 quorum
1164 1640 1380 1693 nomina
1411 1637 1655 1693 Meletius
1686 1636 1933 1705 Mopsue-

352 1732 472 1787 stia:
500 1731 791 1801 episcopus
816 1730 973 1785 nobis
1004 1731 1231 1795 indicat,
1266 1739 1585 1800 paruerunt.

422 1821 509 1877 15.
569 1822 700 1877 Cum
745 1822 887 1876 enim
918 1822 1133 1877 illorum
1190 1822 1375 1877 clerici
1431 1822 1655 1875 Romam
1708 1831 1938 1876 conten-

348 1914 540 1970 dentes
577 1914 959 1984 Mopsuestiam
1014 1913 1364 1969 divertissent
1390 1955 1402 1979 ,
1437 1915 1685 1968 Meletius
1734 1914 1800 1969 de
1834 1914 1939 1969 illis

350 2006 671 2073 Alexandro,
694 2005 1039 2074 Theodorelo,
1065 2006 1282 2074 Abbibo,
1314 2005 1541 2069 Heliadi,
1562 2007 1722 2074 Mari,
1753 2006 1941 2061 Davidi

348 2109 394 2155 et
432 2100 635 2154 Acilino
666 2102 744 2155 sic
770 2099 1073 2167 {rescripsit
1102 2096 1289 2170 (Ibid.,
1325 2115 1445 2167 pag.
1499 2098 1623 2168 822)
1653 2118 1664 2150 :
1690 2098 1795 2151 Eos
1826 2100 1939 2167 qui-

348 2195 496 2262 dem,
524 2194 611 2261 qui
637 2192 703 2245 ad
735 2192 1061 2246 Occidentem
1102 2191 1288 2245 directi
1331 2202 1468 2255 sunt,
1502 2190 1612 2245 Deo
1643 2194 1940 2245 amantissi-

346 2302 456 2339 mos
513 2286 724 2340 clericos
772 2286 845 2339 ita
898 2284 1255 2353 suscepimus,
1312 2292 1367 2336 ut
1421 2301 1734 2354 consequens
1783 2294 1932 2348 erat,

351 2384 554 2431 nostros
584 2377 729 2447 (leg.
767 2375 987 2445 vestros)
1019 2384 1067 2429 et
1111 2376 1200 2444 qui
1232 2391 1325 2444 pro
1353 2377 1444 2429 tali
1491 2393 1647 2430 causa
1694 2377 1938 2431 destinati

350 2475 490 2531 sunt,
524 2466 575 2520 id
598 2475 702 2535 est,
735 2467 808 2519 ita
834 2466 1175 2535 suscepimus
1205 2475 1261 2520 ut
1283 2466 1507 2521 decebat
1529 2469 1806 2536 suscipere
1829 2470 1940 2523 cle-

351 2555 497 2612 ricos
523 2565 755 2620 vestros,
811 2556 1043 2610 maxime
1103 2570 1199 2624 pro
1255 2556 1347 2611 tali
1391 2573 1551 2612 causa
1609 2560 1932 2614 destinatus.

351 2647 488 2702 Tum
531 2646 615 2702 his
661 2647 909 2716 adjunxit
937 2666 948 2699 :
979 2646 1308 2702 Festinamus
1354 2658 1399 2703 et
1432 2666 1543 2715 nos,
1592 2650 1635 2703 si
1683 2648 1936 2705 Dominus

349 2738 593 2792 annuerit
617 2738 931 2793 orationibus
961 2748 1138 2793 vestra
1166 2740 1481 2804 sanctitatis,
1521 2740 1715 2794 similia
1737 2758 1930 2812 gerere,

344 2830 467 2901 quia
495 2839 692 2899 oportet
715 2832 923 2885 omnino
946 2842 1000 2885 ut
1029 2831 1310 2899 offeramus
1333 2842 1381 2887 et
1407 2850 1501 2887 nos
1528 2850 1644 2904 qua
1678 2834 1935 2889 credimus

344 2925 607 2993 expedire.
638 2923 880 2990 lstudne,
909 2926 1054 2996 quod
1079 2926 1152 2981 ibi
1171 2928 1399 2996 spondet
1432 2927 1701 2992 Meletius,
1728 2930 1936 2997 praesti-

344 3016 490 3082 terit,
523 3026 619 3072 aut
644 3033 750 3088 quo
791 3028 945 3089 pacto
975 3035 1004 3074 a
1031 3019 1205 3090 Xysto
1233 3021 1469 3091 suscepti
1498 3020 1606 3075 sint
1639 3021 1929 3075 Alexandri

2036 443 2141 499 est,
2197 449 2316 489 cum
2367 434 2603 505 Cyrillus
2644 435 2999 503 capitulorum
3030 449 3251 491 suorum
3285 437 3638 505 publicasset

2036 530 2475 598 explicationem,
2508 544 2626 599 qure
2667 529 2915 584 omnibus
2945 530 3114 599 aequis
3164 530 3294 584 viris
3324 541 3491 601 atque
3523 532 3636 602 ipsi

2036 623 2196 676 etiam
2217 622 2562 677 Theodoreto
2582 622 2805 689 probata
2829 630 2930 687 est,
2957 620 3297 677 adversarios
3322 622 3466 678 illius
3489 623 3640 681 hanc

2038 714 2327 783 arripuisse
2371 713 2715 769 occasionem
2745 722 2803 767 ut
2828 711 3097 782 duplicem
3139 698 3287 767 illam
3332 716 3635 784 epistolam

2038 804 2428 873 conﬁngerent.

2111 898 2198 951 17.
2228 898 2406 953 Sancti
2457 898 2605 952 Britii
2634 898 2919 954 Turonica:
2948 898 3184 954 civitatis
3210 898 3468 968 episcopi,
3526 900 3631 970 qui

2037 989 2194 1043 beato
2216 989 2444 1043 Martino
2474 1000 2828 1054 successerat,
2858 989 3008 1043 varia
3055 989 3265 1043 fortuna
3310 988 3426 1043 iuit.
3459 989 3533 1044 Et
3584 991 3634 1045 is

2038 1081 2252 1149 quidem
2282 1082 2410 1135 olim
2454 1096 2482 1134 a
2512 1081 2715 1136 Lazaro
2754 1090 3058 1141 accusatus.
3085 1081 3138 1135 in
3167 1078 3374 1150 synodo
3416 1080 3629 1135 Tauri-

2041 1177 2195 1230 nensi
2225 1190 2253 1229 a
2277 1175 2504 1229 Proculo
2534 1174 2732 1229 meruit
2760 1172 2973 1231 absolvi
2992 1173 3209 1246 (Zosim.
3242 1172 3392 1240 epist.
3421 1174 3455 1226 3
3480 1190 3533 1226 η.
3554 1174 3633 1242 5).

2041 1268 2385 1322 Postmodum
2422 1278 2598 1321 tamen
2622 1284 2762 1322 anno
2796 1269 2900 1324 450
2930 1283 2959 1320 a
2986 1268 3185 1337 populo
3216 1282 3315 1322 suo
3345 1266 3634 1336 expulsus,

2042 1362 2265 1417 Romam
2291 1360 2582 1431 confugere
2605 1370 2823 1418 coactus
2852 1368 2952 1425 est,
2988 1361 3061 1414 uti
3091 1360 3390 1430 Gregorius
3421 1360 3633 1416 Turon.

2040 1454 2132 1507 lib.
2164 1470 2199 1507 ιι
2224 1454 2356 1507 Hist.
2396 1454 2587 1507 Franc.
2620 1468 2668 1507 c.
2702 1454 2726 1507 1
2764 1461 2966 1507 narrat.
3010 1450 3235 1517 Verum,
3264 1450 3445 1523 inquit
3489 1452 3637 1507 idem

2040 1544 2352 1615 Gregorius,
2389 1546 2483 1599 lib.
2516 1562 2545 1598 κ
2576 1560 2624 1599 c.
2658 1544 2748 1607 51,
2790 1545 3003 1615 septimo
3050 1560 3311 1615 regressus
3340 1562 3478 1599 anno
3518 1562 3640 1600 cum

2039 1638 2346 1690 auctoritate
2371 1652 2518 1707 papw
2540 1635 2683 1689 illius
2706 1634 2939 1689 Turonos
2969 1636 3139 1689 redire
3170 1637 3425 1705 disponit.
3474 1637 3635 1705 Quod

1969 1719 2018 1779 Β
2046 1727 2241 1796 duplici
2280 1728 2485 1781 ratione
2530 1727 2750 1795 intelligi
2781 1737 2978 1795 potest.
3014 1725 3108 1782 Vel
3133 1730 3276 1781 enim
3324 1728 3467 1783 istud
3508 1745 3634 1783 cum

2042 1822 2344 1875 auctoritate
2364 1821 2435 1874 ita
2463 1820 2662 1875 dictum
2688 1830 2793 1884 est,
2835 1829 2893 1873 ut
2922 1818 3123 1873 Britius
3154 1834 3260 1873 non
3307 1822 3643 1879 auctoritate

2043 1928 2161 1977 sua,
2203 1914 2295 1967 sed
2323 1912 2475 1983 Xysti
2500 1913 2655 1983 jussu
2708 1911 2774 1965 ad
2824 1910 3128 1966 Ecclesiam
3177 1926 3329 1967 suam
3382 1912 3640 1969 redierit.

2042 2004 2137 2059 Cui
2162 2004 2591 2073 interpretationi
2614 2003 2766 2058 favet
2787 2002 2921 2057 illud
2937 2001 3185 2071 Gregorii
3202 2002 3435 2072 ejusdem
3460 2004 3633 2060 ibid.:

2042 2096 2233 2150 Britius
2260 2113 2374 2150 vero
2402 2105 2596 2167 septem
2618 2096 2761 2165 apud
2790 2094 2991 2161 Papam
3030 2093 3188 2149 Urbis
3234 2096 3377 2149 annis
3408 2096 3642 2169 degens,

2040 2190 2257 2243 idoneus
2286 2189 2465 2259 (forte
2487 2186 2761 2256 innocens)
2790 2188 3021 2241 inventus
3045 2204 3077 2240 a
3100 2187 3334 2252 crimine,
3359 2188 3425 2242 ad
3453 2188 3647 2244 urbem

2040 2297 2186 2334 suam
2216 2281 2384 2334 redire
2428 2283 2610 2350 jussus
2639 2288 2732 2333 est.
2768 2278 2864 2333 Vel
2906 2294 3029 2334 cum
3080 2277 3452 2345 Tillemontio,
3499 2290 3643 2337 tom.

2042 2370 2159 2424 XIV
2176 2386 2295 2440 pag.
2313 2370 2441 2434 261,
2454 2370 2673 2425 verbum
2693 2370 3011 2425 auctoritatis
3024 2370 3102 2425 sic
3116 2372 3463 2440 interpretari
3480 2373 3646 2441 licet,

2042 2470 2097 2516 ut
2127 2478 2192 2516 eo
2220 2470 2476 2517 notentur
2522 2462 2716 2517 littera:
2756 2478 2785 2516 a
2817 2461 2992 2533 Xysto
3021 2462 3183 2530 datae,
3232 2464 3429 2534 quibus
3478 2465 3647 2520 inno-

2040 2556 2231 2609 centiae
2262 2554 2413 2608 Britii
2442 2553 2599 2608 ﬁdem
2625 2553 2846 2619 faceret,
2874 2568 3104 2623 eumque
3123 2554 3241 2611 sine
3260 2558 3646 2613 controversia

2039 2649 2204 2718 recipi
2236 2648 2570 2717 praeciperet.
2624 2648 2825 2703 Eodem
2858 2650 3180 2704 auctoritatis
3211 2651 3430 2706 nomine
3472 2652 3642 2708 Zosi-

2040 2755 2157 2795 mus
2206 2757 2341 2810 papa
2394 2740 2679 2810 epistolam
2717 2754 2868 2795 suam
2911 2742 3138 2810 primam
3187 2742 3407 2812 indicat,
3440 2744 3533 2799 ubi
3559 2747 3643 2801 ait

2039 2832 2233 2903 (Epist.
2264 2834 2287 2886 1
2312 2850 2364 2885 η.
2388 2832 2442 2903 1)
2473 2851 2483 2885 :
2517 2834 2687 2898 Quam
2712 2832 3069 2886 auctoritatem
3096 2832 3283 2904 ubique
3310 2850 3405 2889 nos
3429 2836 3649 2891 misisse

2039 2924 2364 2992 manifestum
2416 2934 2508 2977 est.
2546 2923 2614 2977 Et
2648 2923 2692 2977 is
2738 2923 2954 2994 quidem
2985 2939 3116 2978 usus
3153 2940 3276 2979 cum
3306 2940 3415 2980 non
3447 2927 3633 2983 solum

2040 3014 2297 3070 Romanis
2324 3014 2693 3085 pontiﬁcibus,
2719 3015 2814 3069 sed
2842 3024 2896 3069 et
2922 3014 3275 3085 scriptoribus
3313 3016 3433 3071 aliis
3468 3016 3641 3074 fami-

343 3107 678 3180 aliorumque
741 3110 935 3179 legati,
993 3089 1147 3166 nullo
1202 3089 1536 3168 monimento
1586 3123 1926 3182 compertum
1958 3089 2005 3153 (ἶ
2038 3108 2184 3164 liaris
2212 3110 2298 3173 sit,
2329 3108 2561 3161 maxime
2591 3108 2644 3161 in
2676 3106 2780 3161 ltoc
2816 3106 3060 3177 Gregorii
3097 3108 3408 3164 testimonio
3440 3109 3631 3167 locum

344 3200 623 3257 habemus.
656 3202 1016 3258 indubitatum
1042 3214 1223 3259 tamen
1250 3214 1333 3259 est
1355 3215 1518 3275 atque
1544 3221 1607 3261 ex
1643 3205 1813 3274 ipsius
1841 3209 1930 3262 lit-

344 3295 474 3351 teris
495 3296 852 3365 exploratum,
906 3296 1051 3351 hunc
1088 3312 1278 3366 papam
1330 3297 1385 3351 in
1444 3298 1637 3353 tuenda
1667 3298 1771 3353 fide
1797 3314 1931 3355 eon-

345 3394 576 3441 stantem
609 3402 820 3456 semper
852 3387 1039 3443 fuisse.
1072 3388 1258 3458 Neque
1289 3390 1671 3461 ambigendum
1716 3391 1931 3447 videtur

346 3478 476 3547 quin
499 3478 658 3531 simul
681 3479 844 3532 etiam
884 3478 940 3532 in
968 3480 1032 3533 iis
1059 3481 1149 3548 qui
1174 3481 1431 3536 errabant
1475 3483 1799 3539 sustinendis
1829 3493 1882 3539 et
1907 3526 1922 3552 ,

345 3574 606 3639 quantum
633 3568 685 3621 in
710 3582 769 3622 se
788 3576 923 3633 erat,
954 3568 1021 3623 ad
1048 3569 1306 3625 unitatem
1336 3573 1655 3630 reducendis
1686 3576 1830 3645 pium
1870 3590 1931 3631 se

346 3675 411 3715 ac
442 3659 730 3730 benignum
759 3659 827 3716 de
849 3676 999 3717 more
1029 3661 1318 3731 praebuerit

416 3752 505 3808 16.
536 3752 605 3807 At
632 3754 877 3824 quamvis
930 3771 1053 3811 eum
1106 3755 1363 3813 inducere
1390 3774 1498 3813 non
1532 3759 1833 3828 potuissent
1865 3769 1923 3814 ut

344 3844 633 3916 quidquam
667 3845 720 3901 in
750 3847 978 3916 partium
1011 3863 1229 3903 suarum
1260 3850 1485 3919 gratiam
1523 3851 1810 3916 scriberet,
1863 3867 1929 3906 eo

345 3945 522 3992 tamen
554 3942 817 4008 processit
845 3942 1227 3995 nonnullorum
1262 3942 1614 4010 impudentia,
1651 3953 1709 3997 ut
1741 3958 1931 4012 quam-

344 4029 465 4084 dam
508 4030 575 4084 de
614 4031 781 4098 ipsius
834 4033 1131 4086 mutatione
1179 4032 1555 4103 contingerent
1605 4035 1927 4104 epistolam,

343 4139 572 4193 eamque
603 4138 696 4192 per
725 4124 1030 4191 provincias
1055 4124 1393 4179 circumferri
1424 4137 1696 4182 curarent.
1734 4128 1841 4184 Hac
1863 4130 1930 4184 de

341 4236 405 4276 re
444 4218 679 4289 Cyrillus
710 4217 1066 4286 Succensum,
1100 4218 1166 4272 ad
1198 4218 1399 4274 calcem
1446 4220 1688 4289 epistolae
1710 4222 1745 4275 2
1766 4238 1928 4293 quam

342 4311 410 4366 ad
459 4311 601 4366 hunc
641 4310 952 4379 episcopum
996 4310 1230 4380 scripsit,
1284 4322 1470 4367 monet
1500 4312 1584 4369 his
1611 4314 1826 4368 verbis:
1868 4315 1928 4371 Si

341 4411 515 4457 autem
539 4400 773 4456 nonnulli
804 4403 1172 4473 circumferant
1212 4404 1483 4472 epistolam
1504 4414 1558 4458 ut
1585 4423 1615 4458 a
1644 4408 1928 4478 religiosis-

341 4497 475 4552 simo
505 4495 754 4551 Romana:
776 4494 1025 4551 Ecclesia:
1052 4496 1347 4568 presbytero
1381 4496 1630 4570 Philippo
1658 4502 1924 4572 scriptam,

341 4589 492 4658 quasi
541 4589 892 4643 sanctissimus
951 4590 1223 4661 cpiscopus
1280 4606 1416 4660 (egre
1468 4590 1641 4645 tulerit
1696 4591 1930 4648 Nestorii

343 4683 726 4752 depositionem,
779 4683 921 4753 eique
970 4698 1115 4751 Opem
1159 4683 1371 4749 tulerit;
1420 4700 1482 4737 ne
1509 4683 1629 4738 huic
1669 4686 1741 4740 rei
1771 4686 1930 4757 fidem

341 4775 690 4830 accommodet
711 4783 874 4828 vestra
897 4775 1175 4829 sanctitas:
1206 4786 1548 4830 consentanea
1568 4794 1785 4849 namque
1808 4796 1931 4834 san-

341 4876 434 4919 cta:
454 4867 652 4937 synodo
677 4866 904 4934 scripsit,
932 4875 979 4920 et
1000 4868 1174 4919 omnia
1199 4868 1341 4936 apud
1365 4884 1473 4922 eam
1494 4879 1609 4923 acta
1630 4876 1925 4943 confirmat,

297 4940 313 4957 ’
343 4966 391 5012 et
418 4958 595 5013 eadem
619 4974 734 5029 qua:
760 4975 852 5013 nos
890 4960 1067 5013 sentit.
1104 4959 1302 5015 Eadem
1333 4976 1551 5031 quoque
1599 4964 1824 5019 monitio
1870 4940 1924 5021 in

343 5048 453 5105 ﬁne
507 5051 747 5119 epistola:
793 5052 820 5106 1
872 5052 1113 5121 ejusdem
1162 5052 1229 5107 ad
1277 5055 1528 5109 Acacium
1586 5056 1922 5115 Melitensem

340 5143 652 5213 episcopum
679 5144 961 5214 repetitur.
994 5144 1131 5199 Tum
1158 5143 1211 5198 in
1241 5152 1467 5217 utraque
1486 5148 1686 5215 pariter
1708 5149 1926 5219 subjicit

341 5236 607 5313 Cyrillus:
642 5242 703 5297 Si
726 5241 943 5313 epistola
975 5260 1005 5295 a
1037 5244 1341 5312 quibusdam
1369 5243 1623 5311 a/feratur
1663 5254 1926 5314 tamquam

341 5350 375 5390 α
402 5350 478 5391 me
497 5336 709 5406 scripta,
739 5336 885 5407 quasi
915 5353 1003 5390 nos
1047 5353 1219 5391 eorum
1265 5339 1506 5408 paeniteat
1561 5354 1675 5409 qua:
1725 5337 1923 5408 Ephesi

1614 5587 1663 5598 '—

2033 3201 2215 3257 habet.
2242 3201 2465 3257 Britium
2489 3201 2632 3256 enim
2662 3210 2784 3270 post
2814 3210 2921 3254 tam
2955 3200 3172 3271 longum
3196 3202 3249 3257 in
3278 3202 3425 3259 Urbe
3448 3220 3641 3261 seces-

2033 3310 2174 3362 sum,
2220 3294 2345 3349 inde
2408 3294 2472 3348 ad
2520 3292 2730 3363 plebem
2772 3307 2894 3362 quas
2938 3293 3118 3362 ipsum
3168 3295 3457 3364 expulerat
3508 3297 3637 3353 sine

2033 3382 2488 3439 commendatitiis
2542 3396 2692 3452 papa:
2744 3380 2942 3436 litteris
2983 3380 3264 3438 dimissum
3304 3398 3426 3440 esse
3468 3399 3639 3441 nemo

2035 3476 2315 3547 probabile
2356 3475 2697 3546 judicaverit.

2106 3571 2195 3625 18.
2242 3570 2402 3625 Aliud
2450 3568 2604 3640 Xysti
2650 3569 2968 3638 praeclarum
3022 3568 3229 3624 facinus
3279 3566 3517 3641 Prosper
3570 3570 3631 3627 in

2033 3670 2300 3726 Chronico
2341 3671 2405 3725 ad
2448 3685 2648 3723 annum
2678 3669 2781 3724 1⁸59
2811 3667 3090 3723 memoria:
3110 3668 3511 3724 commendavit
3544 3669 3633 3726 his

2034 3764 2247 3819 verbis;
2296 3762 2407 3816 Hac
2451 3769 2753 3833 tempestate
2800 3760 3051 3815 Julianus
3083 3762 3441 3816 Athelenensis
3470 3762 3630 3834 (leg.

2037 3857 2337 3911 Erlanensis
2360 3854 2802 3925 )jactantissimns
2832 3852 3111 3923 Pelagiani
3158 3854 3350 3907 erroris
3377 3863 3627 3921 assertor,

2031 3967 2179 4020 quem
2209 3948 2408 4001 dudum
2447 3947 2629 3999 amissi
2655 3947 2981 4015 episcOpatus
3032 3947 3376 4017 intemperans
3426 3950 3623 4018 cupido

2035 4042 2348 4111 exagitabat,
2378 4038 2685 4093 multimoda
2718 4048 2828 4092 arte
2855 4039 3097 4109 fallendi,
3134 4041 3465 4094 correctionis
3485 4057 3631 4109 spem

2036 4132 2054 4203 [
2082 4134 2213 4201 Aug.
2244 4147 2338 4184 nts.
2383 4127 2658 4199 speciem]
2706 4131 3006 4200 praeferens,
3039 4130 3255 4184 molitus
3282 4139 3355 4184 est
3400 4132 3454 4184 in
3485 4147 3628 4185 com-

2034 4226 2322 4278 munionem
2354 4222 2598 4277 Ecclesia:
2626 4223 2869 4290 irrepere.
2914 4222 3020 4278 Sed
3066 4222 3145 4277 Itis
3199 4224 3407 4277 insidiis
3440 4224 3624 4280 Sirtus

2033 4334 2168 4389 papa
2188 4316 2394 4369 diaconi
2423 4313 2610 4368 Leonis
2632 4315 2837 4366 hortatu
2860 4314 3130 4383 uigilanter
3158 4330 3429 4369 occurrens
3451 4357 3464 4377 ,
3496 4320 3623 4369 nul-

2035 4411 2144 4465 lum
2170 4411 2366 4463 aditum
2392 4408 2644 4479 pestiferis
2672 4407 2939 4461 conatibus
2972 4416 3148 4477 patere
3175 4409 3442 4476 permisit:
3473 4420 3521 4462 et
3552 4412 3627 4463 ita

2036 4519 2210 4558 omnes
2238 4499 2515 4555 catholicos
2545 4499 2829 4569 defectione
2850 4497 2870 4571 [
2889 4496 3036 4552 Idem
3062 4515 3158 4554 ms.
3188 4499 3254 4555 de
3291 4501 3619 4569 rctectione,
3659 4558 3669 4571 ,

2031 4598 2164 4667 forte
2186 4592 2523 4665 dejectione]
2550 4592 2756 4663 fallacis
2789 4594 2961 4647 bestia
2995 4592 3225 4664 gaudere
3264 4593 3423 4664 facit,
3467 4595 3624 4663 quasi

2032 4698 2151 4743 tunc
2180 4690 2401 4760 primum
2429 4686 2839 4757 superbissimum
2871 4686 3110 4741 hteresim
3148 4687 3454 4758 apostolicus
3500 4686 3621 4758 gla-

2032 4784 2148 4837 dius
2175 4782 2537 4835 detruncasset.
2568 4779 2642 4834 lta
2670 4779 2758 4833 ille
2789 4779 3041 4834 eximiam
3073 4781 3241 4849 gestis
3271 4781 3381 4833 suis
3404 4782 3621 4836 coroni-

2033 4875 2156 4931 dem
2185 4873 2463 4945 imposuit,
2485 4886 2711 4942 seseque
2732 4871 2949 4941 dignum
2983 4871 3220 4927 ostendit
3244 4887 3618 4929 successorem

2032 4966 2357 5030 Innocentii,
2388 4964 2609 5030 Zosimi,
2644 4961 2903 5018 Bonifacii
2934 4977 2996 5019 ac
3015 4962 3292 5019 Ctelestini
3319 4980 3334 5031 ;
3369 4967 3455 5035 qui
3504 4966 3623 5036 qui-

2032 5060 2155 5116 dem
2180 5073 2369 5114 omnes
2399 5073 2507 5113 uno
2538 5057 2720 5111 animo
2745 5055 2814 5110 ad
2839 5055 3279 5126 comprimendos
3309 5057 3509 5126 Pelagii
3559 5072 3625 5113 ac

2031 5152 2423 5223 discipulorum
2470 5150 2648 5206 varios
2696 5157 2922 5206 conatus
2973 5147 3258 5218 vigilanter
3282 5156 3337 5204 et
3380 5149 3625 5206 studiose

2032 5245 2409 5301 incubuerunt.

1720 5570 1739 5575 μ
1758 5566 2041 5575 ....__———————.
2053 5567 2153 5575 ...ιην
2172 5570 2355 5577 -.υ-...-
