4028 6184
230 296 323 355 6‘25
1186 294 1596 352 VINCENTIUS
1634 294 1813 350 LIRIN
1825 294 2033 351 ENSIS.
2078 296 2619 356 PllOLEGOMENA.

3386 305 3490 362 626

231 413 3472 457 m

1520 553 1692 599 ANNO
1734 551 1965 598 DOMINI
2006 552 2198 596 CDXL.

352 699 1825 866 VINCENTIUS
1898 698 3256 870 LIRINENSIS

1246 1110 2443 1222 PROLEGOMENA.

1404 1488 1734 1552 NOTITIA
1780 1487 2240 1551 GALLANDII.

1201 1633 1297 1697 (Ex
1320 1633 1446 1682 Bibl.
1474 1632 1591 1683 Vett
1631 1631 1766 1679 Patr.
1788 1627 2006 1679 Galland.
2038 1636 2152 1678 tom.
2180 1627 2239 1693 X,
2268 1630 2493 1694 Proleg.)

281 1755 334 1810 1.
378 1748 717 1814 Vincentius,
746 1747 964 1801 natione
993 1742 1179 1799 Gallus
1200 1784 1215 1810 ,
1247 1740 1547 1796 Lirinensis
1576 1738 1753 1793 dictus
1781 1780 1795 1802 ,
1824 1737 1876 1798 Α
1903 1736 2195 1789 remotioris
2223 1737 2420 1792 villula:
2448 1746 2498 1791 et
2525 1738 2581 1791 in
2605 1755 2668 1792 ea
2702 1752 2954 1795 secretum
2996 1743 3291 1798 monasterii
3329 1759 3382 1797 se
3410 1745 3493 1797 in—

212 1858 321 1913 quo
350 1841 419 1897 ab
445 1840 566 1895 aliis
596 1838 805 1893 duobus
833 1833 1079 1903 ejusdem
1109 1831 1341 1887 nominis
1369 1829 1801 1899 distingueretur

211 1935 302 2006 qui
352 1932 545 1989 eadem
601 1936 925 1999 tempestate
976 1925 1243 1990 claruere,
1273 1923 1597 1992 aliquamdiu
1646 1920 1803 1973 variis

211 2044 272 2081 ac
332 2025 567 2081 tristibus
611 2021 882 2077 swcularis
933 2020 1135 2073 militia:
1181 2016 1470 2081 turbinibus
1513 2030 1572 2069 se
1625 2015 1803 2084 ipsum

212 2119 378 2175 fuisse
408 2118 667 2188 jactatum
698 2109 1111 2184 proﬂtetur~(a).
1133 2108 1241 2165 Sed
1270 2106 1485 2162 tandem
1514 2108 1567 2159 in
1600 2114 1805 2175 portum

214 2212 475 2283 religionis
524 2208 732 2263 Christo
781 2206 1046 2275 aspirante
1093 2204 1406 2273 ingressus,
1436 2200 1527 2268 ibi,
1559 2198 1805 2269 depositis

212 2305 455 2359 uanitatis
483 2319 545 2357 ac
599 2300 854 2369 superbia:
894 2298 1131 2369 ﬂatibus,
1164 2294 1472 2349 Christiana:
1502 2291 1805 2346 humilitatis

212 2399 470 2467 sacriﬁcio
501 2398 711 2469 placare
740 2394 906 2448 Deum
956 2390 1166 2447 studuit
1197 2389 1296 2461 (b).
1347 2387 1553 2455 Quibus
1582 2401 1655 2441 ex
1685 2400 1805 2438 ver-

214 2491 300 2546 bis
331 2488 388 2543 in
420 2502 538 2543 eam
566 2486 830 2541 adductus
855 2493 937 2539 est
963 2482 1287 2538 sententiam
1324 2489 1510 2535 noster
1538 2478 1805 2533 Baronius

218 2580 318 2651 (c),
350 2589 413 2635 ut
432 2580 536 2635 sibi
567 2591 885 2649 persuasum
917 2575 1143 2630 haberet
1163 2582 1440 2628 auctorem
1471 2587 1579 2643 quo
1603 2570 1671 2625 de
1693 2570 1807 2640 agi~

216 2687 339 2728 mus
367 2671 541 2727 fuisse
571 2670 721 2724 illum
755 2668 1098 2723 Vincentium
1149 2666 1303 2734 cujus
1348 2663 1594 2721 meminit
1629 2662 1809 2731 Sulpi-

215 2764 332 2821 cius
371 2763 614 2820 Severus
660 2761 771 2834 (d),
806 2761 981 2815 virum
1024 2758 1304 2829 egregium
1333 2757 1589 2826 omnique
1638 2754 1807 2808 virtu-

217 2868 329 2913 tum
362 2872 565 2928 genere
594 2864 965 2928 praestantem,
1003 2852 1093 2923 qui
1122 2853 1333 2907 vivente
1360 2860 1548 2907 sancto
1576 2848 1806 2904 Martino

212 2949 527 3006 Turonensi
592 2948 850 3018 episcopo
902 2945 1200 3002 Galliarum
1258 2942 1586 3013 praefectura
1644 2939 1811 2992 fuisse

212 3054 407 3100 auctus
459 3042 812 3110 comperitur.
864 3038 1062 3093 Verum
1113 3034 1420 3105 hujusmodi
1466 3032 1573 3087 viri
1627 3027 1809 3098 magni

217 3138 538 3205 conjectura
570 3130 941 3200 Papebrochio
967 3128 1065 3198 (ε),
1101 3125 1449 3182 Tillemontio
1478 3122 1550 3192 (f)
1581 3121 1810 3187 aliisque
1839 3111 1889 3171 B

213 3225 584 3293 scriptoribus
606 3222 833 3277 eruditis
856 3220 934 3289 (g)
958 3219 1138 3272 minus
1164 3217 1390 3271 arridet.
1424 3215 1526 3269 Alii
1550 3221 1809 3283 praterea

209 3329 280 3370 ex
336 3311 569 3381 epistola
628 3312 798 3365 sancti
858 3307 1116 3364 Eucherii
1157 3307 1224 3362 ad
1268 3307 1533 3361 Hilarium
1566 3304 1631 3358 de
1660 3303 1811 3359 laude

209 3404 373 3460 eremi
405 3402 489 3474 (It)
513 3410 767 3472 arguunt,
801 3399 1145 3455 Vincentium
1178 3392 1439 3453 nostrum’
1474 3398 1646 3452 sancti
1678 3395 1812 3465 Lupi

211 3496 512 3555 Trecensis
539 3494 778 3566 episcopi
806 3494 972 3549 fuisse
994 3490 1218 3546 fratrem
1242 3505 1577 3561 germanum.
1610 3493 1678 3544 At
1697 3490 1813 3545 haec

218 3593 350 3647 item
381 3590 650 3644 sententia
680 3586 810 3641 viris
838 3584 1013 3640 doctis
1045 3584 1205 3639 modo
1254 3583 1506 3646 laudatis,
1541 3582 1812 3652 Papebro-

215 3684 345 3738 chio
365 3724 379 3749 ,
417 3681 637 3750 inquam
670 3678 758 3751 (i),
782 3677 1135 3734 Tillemontio
1166 3676 1233 3751 (j)
1263 3684 1427 3746 atque
1454 3674 1673 3730 Gallicae
1704 3674 1813 3729 his-

216 3774 374 3830 toriae
404 3773 687 3828 litterariae
719 3771 1034 3827 auctoribus
1079 3769 1154 3841 (lt)
1188 3769 1327 3824 haud
1376 3769 1655 3839 probatur.
1686 3769 1814 3836 Qui-

216 3868 320 3924 bus
355 3867 596 3922 addendi
626 3881 856 3936 operum
885 3865 1294 3920 Norisianorum
1320 3864 1558 3920 editores
1585 3865 1682 3935 (l),
1717 3865 1812 3920 sed

219 3960 493 4031 imprimis
525 3960 753 4029 ipsemet
794 3958 1062 4026 Norisius,
1092 3958 1185 4029 qui
1229 3959 1331 4015 hac
1358 3958 1426 4014 de
1456 3974 1518 4014 re
1570 3958 1813 4029 pluribus

220 4054 433 4110 erudite
455 4053 674 4108 disserit
694 4052 814 4125 (m).

286 4147 342 4203 2.
388 4146 670 4202 Abdicatis
724 4147 905 4216 itaque
950 4146 1268 4201 Vincentius
1306 4146 1488 4201 saeculi
1544 4147 1717 4211 curis,
1749 4162 1813 4201 ac

221 4239 383 4294 vitam
418 4239 783 4293 monasticam
814 4237 1082 4309 deligens,
1107 4240 1159 4293 in
1194 4239 1425 4293 insulam
1473 4238 1813 4294 Lirinensem

220 4331 450 4386 secessit
474 4328 579 4401 (η).
616 4329 779 4383 Locus
806 4340 998 4399 autem,
1033 4331 1226 4400 inquit,
1263 4332 1400 4401 quod
1446 4331 1647 4383 urbium
1694 4335 1815 4401 [re-

221 4424 488 4491 quentiam
532 4420 815 4489 turbasque
841 4422 1077 4485 vitantes,
1110 4422 1400 4474 remotioris
1439 4420 1631 4474 villula:
1676 4432 1723 4473 et
1760 4422 1815 4473 in

1912 1828 2084 1881 colere
2112 1827 2467 1882 habitaculum
2511 1829 2726 1883 tradat:
2763 1847 2936 1901 neque
2980 1835 3144 1898 enim,
3201 1834 3376 1905 inquit
3414 1834 3498 1888 vir

1912 1917 2281 1986 doctissimus,
2316 1920 2422 1973 ulla
2444 1929 2564 1974 erat
2594 1921 2773 1975 villula
2807 1923 2857 1976 in
2906 1924 3115 1991 Lirino,
3162 1927 3258 1982 sed
3288 1933 3497 1981 tantum

1908 2009 2298 2065 monachorum
2347 2011 2556 2066 cellula:
2611 2012 2793 2067 insula
2849 2024 2959 2069 tota
3008 2016 3291 2086 dispersa}.
3354 2018 3500 2085 Qua-

1908 2111 2133 2172 propter
2160 2102 2385 2173 conjicit
2412 2104 2662 2159 eumdem
2689 2106 2740 2159 in
2774 2106 3093 2162 Massiliensi
3121 2108 3351 2178 quodam
3380 2124 3500 2163 mo-

1908 2198 2150 2252 nasterio
2197 2196 2411 2267 degisse
2456 2217 2467 2250 :
2504 2198 2630 2254 licet
2672 2214 2797 2253 mox
2846 2200 3111 2255 Gennadii
3171 2202 3499 2256 auctoritate

1909 2299 2187 2363 permotus
2217 2302 2443 2359 annuat,
2478 2292 2625 2346 illum
2654 2293 2794 2361 apud
2842 2293 3150 2349 Lirinenses
3182 2308 3497 2362 supremum

1907 2383 2051 2439 diem
2082 2384 2300 2440 obiisse.
2337 2384 2390 2438 In
2433 2384 2596 2439 aliam
2647 2393 2827 2440 tamen
2879 2402 2905 2439 a
2962 2386 3247 2441 Norisiana
3278 2395 3499 2441 senten-

1909 2479 2037 2533 tiam
2067 2480 2200 2533 abiit
2223 2479 2293 2533 cl.
2328 2479 2631 2534 Antelmius
2658 2497 2671 2531 :
2698 2478 2840 2550 quod
2865 2480 3045 2535 minus
3067 2479 3304 2535 advertit
3328 2478 3498 2534 Tille-

1908 2574 2147 2628 montius
2179 2572 2279 2644 (ρ).
2311 2572 2528 2628 Norisio
2568 2572 2783 2644 quidem
2830 2573 2874 2627 is
2905 2574 3220 2639 assentitur,
3254 2573 3498 2643 opinanti

1909 2674 2184 2721 auctorem
2215 2674 2459 2720 nostrum
2487 2674 2637 2720 extra
2682 2665 2850 2720 Lirini
2896 2667 3279 2722 monasterium
3337 2664 3499 2720 Com-

1909 2758 2259 2814 monitorium
2290 2759 2675 2825 elucubrasse;
2710 2767 2765 2811 at
2794 2759 3116 2814 monachum
3158 2758 3497 2813 Lirinensem

1910 2862 2023 2908 tum
2050 2852 2161 2921 jam
2218 2851 2384 2907 fuisse
2437 2852 2657 2917 statuit,
2690 2865 2846 2905 secus
2891 2861 3051 2921 atque
3103 2849 3376 2905 Norisius.
3409 2848 3499 2904 Sic

1911 2947 2053 2999 enim
2084 2945 2272 2999 scribit
2303 2944 2379 3015 (ᾳ)
2419 2960 2432 2995 :
2470 2962 2490 2994 ‹
2527 2942 2847 2997 Vincentius
2895 2959 2927 2996 ις
2981 2953 3316 2996 nonnemo
3354 2938 3499 2993 Lutt-

1913 3050 2068 3090 nensr
2118 3036 2172 3087 in
2228 3034 2427 3088 montis
2457 3032 2788 3101 Capo—Fulvi
2818 3030 3152 3103 (CapvRoux,
3181 3030 3322 3100 quod
3373 3045 3499 3100 pro-

1915 3126 2243 3181 montorium
2291 3136 2374 3180 est
2424 3140 2533 3179 one
2564 3124 2953 3192 Forojuliensis
2984 3122 3266 3178 maritima:
3287 3165 3301 3184 .
3332 3138 3364 3178 e
3414 3138 3500 3178 re-

1913 3220 2070 3289 gione
2099 3216 2291 3287 Lirini)
2322 3225 2527 3273 secreta
2560 3231 2755 3287 magno
2784 3216 3063 3286 religionis
3102 3224 3157 3270 et
3200 3215 3501 3271 anachore-

1914 3328 2034 3369 seos
2061 3310 2259 3366 ardore
2280 3311 2563 3378 secedens,
2598 3311 2653 3365 in
2685 3309 2791 3363 illis
2818 3308 3231 3364 Commonitorii
3253 3307 3498 3364 scriben-

1914 3406 1968 3461 di
1998 3414 2055 3459 et
2095 3402 2372 3474 digerendi
2420 3402 2755 3472 propositum
2786 3401 3038 3471 sumpsit.
3070 3421 3090 3454 ι
3123 3400 3249 3456 Haec
3291 3399 3503 3470 aliaque

1916 3501 1995 3555 vir
2026 3498 2288 3554 eruditus.
2313 3497 2515 3552 Verum
2535 3496 2914 3552 Tillemontius
2934 3495 3285 3552 doctissimos
3309 3494 3497 3550 duumo

1914 3594 2078 3659 viros,
2108 3590 2382 3645 Norisium
2411 3598 2468 3646 et
2493 3590 2852 3657 Antelmium,
2887 3590 2987 3645 sibi
3019 3604 3215 3660 sapere
3238 3588 3368 3643 sinit
3387 3587 3498 3659 (r);

1915 3697 2078 3756 atque
2110 3683 2395 3739 adhaerens
2437 3683 2652 3738 interim
2700 3684 2929 3753 ipsemet
2974 3683 3277 3749 Gennadio,
3318 3682 3374 3736 in
3419 3681 3502 3736 in-

1915 3779 2031 3833 sula
2065 3776 2332 3832 Lirinensi
2356 3776 2690 3830 monasticen
2718 3775 3018 3841 professum
3046 3776 3244 3829 vixisse
3268 3788 3332 3827 ac
3361 3774 3501 3827 scri-

1916 3872 2091 3941 psisse
2122 3868 2465 3925 Vincentium
2514 3866 2805 3920 existimat.
2841 3869 3026 3933 Neque
3076 3864 3235 3917 aliter
3279 3871 3507 3918 censent

1914 3966 2134 4022 Gallica:
2168 3964 2407 4019 historia:
2434 3960 2713 4016 litterariis:
2747 3959 3048 4026 scriptores
3081 3957 3176 4027 (s).

1986 4058 2039 4110 5.
2070 4056 2359 4110 Enimvero
2390 4053 2507 4108 haec
2526 4053 2592 4107 de
2618 4060 2838 4105 auctore
2866 4058 3050 4104 nostro
3066 4046 3376 4105 Gennadius
3402 4048 3505 4119 (t)‘.‘

1923 4146 2243 4212 Vincentius,
2277 4146 2470 4215 inquit,
2518 4159 2654 4199 aruo
2692 4156 3065 4198 uomsremuu
3094 4140 3397 4195 LIRINENSIS
3425 4154 3506 4193 ui-

1915 4251 2060 4295 SULE
2093 4240 2372 4308 presbyter,
2402 4240 2479 4291 vir
2506 4238 2558 4291 in
2586 4237 2872 4305 Scripturis
2911 4236 3089 4289 doctus
3123 4241 3168 4287 et
3212 4231 3395 4285 notitia
3420 4246 3506 4283 ec-

1915 4334 2317 4387 clesiasticarum
2347 4332 2644 4401 dogmatum
2697 4330 3004 4399 suﬁicienter
3036 4328 3337 4389 instructus,
3368 4339 3509 4379 cnl-

1915 4440 2123 4489 posun',
2152 4425 2220 4477 ad
2245 4424 2480 4478 evitanda
2508 4423 2860 4477 hteretieorum
2882 4419 3103 4488 collegia
3129 4418 3296 4470 nitido
3315 4419 3439 4471 satis
3460 4425 3509 4471 et

222 4529 279 4568 ea
324 4522 578 4569 secretum
607 4513 906 4565 monasterii
960 4513 1247 4566 incolamus
1302 4512 1674 4565 habitaculum.
1734 4512 1810 4565 Ex
1840 4483 1884 4544 ο
1917 4524 2092 4587 aperto
2143 4530 2374 4567 sermone
2410 4527 2779 4567 vsumssmsu
2824 4524 3248 4563 DISPUTATIONEM
3277 4550 3290 4572 ,
3348 4525 3506 4578 quam

224 4605 305 4661 his
338 4618 504 4672 porro
529 4603 713 4657 verbis
740 4604 913 4671 arguit
941 4602 1184 4657 Norisius
1215 4602 1313 4673 (ο),
1343 4601 1668 4655 monachum
1693 4602 1814 4670 qui-

221 4698 344 4754 dem
374 4697 547 4751 fuisse
569 4694 931 4761 Vincentium,
979 4694 1107 4748 dum
1156 4710 1312 4749 suum
1361 4694 1623 4748 scriberet
1651 4692 1814 4748 Com-

220 4785 598 4851 monitorium,
647 4786 739 4840 sed
784 4800 891 4839 non
925 4785 1299 4851 Lirinensem;
1327 4795 1612 4857 propterea
1668 4788 1809 4858 quod

313 5023 339 5074 b
406 5019 482 5072 Id.
515 5017 645 5071 ibid.

318 5017 367 5158 c;
411 5089 607 5143 Baron.
640 5088 706 5142 ad
734 5102 861 5141 ann.
892 5086 1019 5151 454,
1054 5087 1082 5158 §
1110 5088 1202 5143 20.

357 5164 374 5230 )
414 5160 568 5227 Sulp.
598 5158 725 5214 Sev.
759 5158 898 5230 Dial.
924 5158 976 5222 1,
998 5173 1118 5230 cap.
1152 5158 1245 5213 26.

314 5228 363 5303 ε)
404 5230 640 5301 Papebr.
698 5234 816 5283 Act.
878 5228 975 5284 SS.
1030 5229 1155 5283 Maii
1205 5238 1338 5284 tom.
1391 5228 1455 5295 V,
1507 5244 1627 5300 pag.
1669 5230 1807 5297 284,

227 5317 369 5442 Μῧιί
395 5304 618 5427 "l‘illem.
642 5371 805 5442 Mem.
840 5371 990 5426 Eccl.
1021 5381 1154 5426 tom.
1186 5369 1301 5435 XV,
1332 5385 1451 5442 pag.
1480 5369 1603 5425 145.

319 5376 365 5442 Ῑ)
402 5375 618 5427 Tillem.
642 5375 805 5425 Mem.
840 5375 990 5426 Eccl.
1021 5381 1154 5426 tom.
1186 5375 1301 5435 XV,
1332 5385 1451 5440 pag.
1480 5375 1603 5425 145.

412 5442 549 5567 ἓίδῑὶ
584 5441 850 5524 ιίιιόν..ιιθ
884 5444 930 5495 la
968 5444 1160 5544 Franc.
1196 5453 1326 5496 tom.
1360 5440 1426 5507 ll,
1458 5458 1579 5524 pag.
1605 5442 1731 5497 505.

464 5528 528 5568 uc
549 5528 651 5567 ter.
686 5522 846 5582 epist.
875 5514 942 5567 ad
968 5514 1132 5569 Hlldl‘.
1164 5529 1283 5582 pag.
1317 5513 1443 5579 562,
1473 5513 1605 5569 edit.
1634 5514 1731 5568 Par

312 4967 344 5003 a
414 4945 665 5029 Vincent.
699 4945 759 5000 L.
785 4944 1111 5000 Commonit.
1140 4945 1169 5017 δ
1206 4945 1256 5013 1,
1286 4945 1442 5000 infra.

287 4948 369 5305 ig
406 5017 706 5143 ligarltﬁiflad
734 5102 861 5141 ann.
892 5086 1019 5151 454,
1054 5087 1082 5158 §
1110 5088 1202 5143 20.

357 5164 374 5230 )
414 5160 568 5227 Sulp.
598 5158 725 5214 Sev.
759 5158 897 5211 Dial.
924 5158 976 5222 1,
998 5173 1118 5226 cap.
1152 5158 1245 5213 26.

314 5231 363 5303 e)
404 5230 640 5305 Papebr.
698 5234 816 5283 Act.
878 5228 975 5284 SS.
1030 5229 1155 5283 Maii
1205 5238 1338 5284 tom.
1391 5228 1442 5294 νς

414 5512 651 5568 Eucher.
686 5512 846 5582 epist.
875 5514 942 5567 ad
968 5514 1132 5569 Hilar.
1164 5529 1283 5584 pag.
1317 5513 1443 5579 562,
1473 5513 1605 5569 edit.
1634 5514 1804 5569 Paris.

231 5584 386 5640 1579.

297 5654 357 5723 (ί)
398 5652 625 5722 Papebr.
648 5653 686 5707 Ι.
714 5670 762 5709 c.
794 5670 942 5709 num.
963 5653 1020 5707 2.

232 5724 624 5851 ugju'l‘illem.
656 5723 694 5778 ι.
736 5738 781 5780 c.
836 5739 959 5796 μσς.
991 5724 1119 5791 859,
1153 5732 1269 5781 not.
1302 5738 1342 5791 ι,
1372 5739 1462 5778 sur
1488 5723 1703 5780 Vineent
1744 5726 1809 5779 de

1920 4608 2165 4660 absconso
2214 4606 2418 4658 nomine
2466 4621 2560 4657 suo
2604 4604 2847 4667 titularit,
2896 4603 3185 4657 PEREGBlNl
3232 4617 3504 4656 snvensus

1922 4714 2255 4755 ιιάῖιιετιοοε.
2291 4699 2402 4753 Hoc
2427 4709 2509 4753 est
2534 4707 2715 4753 autem
2747 4698 2962 4753 celebre
2988 4697 3505 4752 Commonitorium:

1927 4809 1946 4843 ι
1980 4791 2121 4862 quod
2151 4790 2387 4862 quidem,
2418 4800 2475 4845 ut
2500 4790 2575 4845 ait
2606 4790 2862 4844 Baronius
2892 4790 3167 4858 (u),quam
3198 4789 3329 4842 mira
3350 4788 3509 4842 fuerit

2004 4950 2077 5020 (It)
2116 4951 2255 5004 Hist.
2286 4949 2454 5005 littér.
2487 4950 2555 5004 tle
2587 4950 2632 5002 la
2654 4947 2858 5020 iFranc.
2889 4947 3005 5020 Lac.

1996 5014 2069 5091 (vl).
2102 5022 2357 5075 Ballerin.
2390 5021 2455 5074 ad
2487 5032 2617 5075 tom.
2652 5019 2875 5091 IVOpp.
2924 5017 3102 5091 Noris.
3124 5030 3294 5091 ,Jpag.
3340 5014 3464 5091 915.

1993 5086 2293 5219 (ἕᾷξῖΝοι-ἰε.
2322 5094 2455 5147 Hist.
2478 5092 2659 5161 Pelag.
2684 5086 2870 5156 lib.’n,
2898 5104 3018 5159 cap.
3042 5089 3101 5143 11
3133 5087 3270 5157 Opp.
3302 5098 3433 5143 tom.
3461 5086 3503 5152 l,

1922 5177 1973 5230 p.
2008 5177 2130 5219 sua.

1994 5235 2071 5306 (η)
2113 5233 2268 5306 Vinc.
2304 5233 2429 5288 Ler.
2459 5231 2498 5286 l.
2530 5246 2579 5285 c.

1996 5302 2072 5374 (ο)
2110 5304 2288 5358 Noris.
2322 5306 2359 5357 l.
2385 5319 2433 5356 c.
2464 5318 2582 5372 pag.
2607 5302 2732 5374 596.

1983 5369 2063 5443 (Vp)
2103 5376 2314 5429 Tillem.
2351 5374 2387 5427 Ι.
2419 5369 2474 5428 ο.
2499 5369 2618 5442 pag.
2651 5373 2776 5438 860,
2806 5380 2918 5427 not.
2947 5369 3000 5443 2.

2089 5446 2320 5500 Antelm.
2372 5444 2438 5498 de
2484 5439 2598 5498 serv.
2649 5458 2777 5510 opu.
2829 5443 2929 5498 SS.
2972 5442 3144 5498 Leon.
3198 5448 3253 5497 et
3300 5439 3495 5511 Prosp.

1914 5515 2143 5570 Dtssert.
2184 5517 2239 5570 9.
2279 5530 2399 5570 can.
2434 5513 2518 5570 15.
2545 5530 2668 5570 una.
2700 5514 2825 5568 419.
3160 5541 3163 5544 ι

1988 5530 2143 5570 ssert.
2184 5530 2239 5582 υ,
2279 5530 2399 5582 cap.
2434 5530 2518 5581 τυ,
2545 5530 2668 5583 pag.
2700 5530 2825 5568 4w.

1988 5588 2057 5658 (ν)
2099 5587 2311 5658 Tillem.
2346 5586 2383 5658 l_.
2418 5600 2472 5658 c._
2502 5583 2761 5658 pag._141
2790 5594 2841 5637 et
2874 5582 2999 5638 860.

2013 5652 2062 5724 ι’)
2086 5660 2219 5711 Hist.
2255 5654 2418 5710 littér.
2444 5655 2510 5727 de
2541 5652 2847 5727 la'gFrance,
2879 5662 3012 5727 tom.
3042 5653 3109 5725 Il,
3140 5668 3264 5727 pag.
3294 5652 3418 5713 506.

2011 5727 2051 5798 t)
2075 5726 2321 5783 Gennad.
2351 5727 2417 5780 de
2450 5726 2558 5779 Vir.
2594 5725 2944 5798 illustr._cap.
2966 5725 3054 5781 64.

1997 5795 2070 5871 [ιθ
2093 5798 2287 5855 Baron.
2330 5798 2394 5852 ad
2426 5811 2554 5852 ann.
2579 5796 2703 5863 454,
2739 5795 2766 5867 ς
2793 5795 2881 5851 20.
