4028 6184
524 214 586 270 31
1710 202 2122 263 VINCENTIUS
2160 202 2568 262 LIRINENSIS.

3670 216 3795 273 632

487 328 803 398 crebrisque
842 324 1362 397 interrogationibus
1392 329 1449 378 et
1478 319 1845 391 respondendi
1875 320 2080 373 docen-
2108 322 2160 381 Α
2187 318 2337 371 netiis
2367 317 2506 389 apud
2533 315 2649 370 Jac.
2676 315 2961 373 Gazellum.
2994 316 3096 376 Ubi
3125 319 3177 375 in
3202 320 3465 379 alterutro
3488 323 3605 381 sive
3630 325 3791 396 loco,

450 445 457 457 ·
486 421 651 491 dique
691 422 921 491 quadam
964 419 1157 474 ﬁducia
1192 416 1426 471 vividum
1446 457 1460 483 ,
1492 414 1635 485 quod
1663 412 1815 468 facile
1846 413 2070 479 multos,

482 526 714 583 quorum
742 513 969 581 quisque
999 526 1151 565 suam
1186 509 1497 579 Opinionem
1526 507 1591 561 ad
1625 507 1914 561 lectionem
1944 504 2079 561 aﬁe-

484 605 669 670 rebat,
705 604 948 660 detinere
978 612 1210 674 poterat.
1252 603 1382 667 Qua:
1411 615 1575 655 causa
1618 602 1780 655 etiam
1810 600 1907 654 fuit
1934 600 2075 654 baud

482 697 670 765 dubie,
705 713 801 751 cur
831 697 1228 752 recentioribus
1262 694 1598 765 temporibus
1626 693 1765 747 inter
1795 694 2077 763 utriusque

483 789 738 844 Ecclesiae
760 790 957 844 summi
986 804 1047 843 ac
1078 789 1247 843 inﬁmi
1275 787 1481 842 ordinis
1509 787 1753 843 eruditos
1783 786 2076 841 admirato-

482 896 573 936 res
607 897 669 937 ac
712 883 1022 939 laudatores
1068 884 1339 939 invenerit
1377 891 1429 936 et
1464 881 1532 935 ab
1572 891 1799 952 utraque
1828 889 1977 950 parte
2006 881 2074 935 ad

485 975 713 1031 alteram
751 979 953 1032 erroris
985 978 1407 1032 convincendam
1438 974 1739 1031 adhibitum
1777 976 1962 1030 fuerit.
1995 976 2073 1031 Ex

484 1082 593 1137 quo
621 1078 798 1125 autem
832 1070 1065 1140 primum
1092 1085 1180 1124 an.
1214 1070 1351 1125 1528
1374 1084 1401 1121 a
1434 1069 1522 1123 Jo.
1558 1068 1814 1125 Sichardo
1846 1069 1900 1124 in
1927 1070 2074 1123 Anti-

488 1165 610 1217 dota
632 1172 813 1216 contra
839 1180 1009 1217 omnes
1038 1164 1274 1225 haereses,
1309 1163 1571 1217 incertum
1602 1163 1765 1229 unde,
1802 1162 1945 1215 foras
1974 1163 2072 1216 da-

489 1265 599 1311 tum
639 1256 742 1320 est,
783 1265 889 1309 tam
922 1254 1115 1309 crebro
1147 1270 1240 1322 per
1266 1254 1407 1307 istud
1433 1254 1689 1307 sasculum
1715 1264 1769 1308 et
1797 1254 2072 1324 sequentis

482 1363 621 1418 pene
642 1348 925 1402 dimidium
961 1348 1101 1417 typis
1132 1344 1460 1414 exscriptum
1490 1355 1594 1411 est,
1621 1354 1677 1398 nt
1704 1346 1914 1415 legendi
1942 1361 2074 1401 con-

480 1440 652 1494 tentio
680 1441 899 1508 fregisse
925 1438 1193 1507 videatur,
1218 1436 1362 1507 quod
1387 1453 1491 1491 non
1518 1446 1727 1507 poterat
1756 1453 1861 1491 non
1890 1438 2072 1493 multis

478 1531 713 1586 suboriri
737 1531 898 1600 paulo
921 1531 1261 1584 doctioribus
1286 1529 1615 1584 desiderium
1631 1530 1915 1584 emendate
1941 1530 2071 1585 illud

477 1624 712 1695 legendi.
746 1625 955 1694 Quippe
986 1640 1050 1679 ex
1086 1625 1351 1679 immensa
1400 1624 1694 1678 editionum
1726 1638 1889 1695 grege
1921 1623 2071 1678 Basi-

2178 411 2293 465 sive
2323 409 2631 479 bibliopola
2654 413 2906 481 nomine,
2935 427 3088 468 error
3117 428 3236 469 esse
3257 415 3440 471 debet.
3473 417 3621 473 Idem
3641 435 3795 478 vero

2177 504 2464 575 Catalogus
2500 519 2621 559 cum
2659 504 2807 560 addit
2852 506 2966 561 sive
2998 506 3066 561 de
3097 521 3217 574 suo,
3251 523 3372 575 seu,
3404 511 3547 579 quod
3579 513 3793 581 proba-

2178 599 2363 665 bilius,
2396 613 2461 654 ex
2494 599 2652 654 titulo
2679 599 2801 655 libri
2829 602 3053 671 primum
3092 602 3295 671 editus,
3330 601 3520 660 fefellit
3549 606 3795 665 Benedi-

2178 697 2352 750 ctinos
2376 738 2391 761 ,
2434 703 2492 749 ut
2537 694 2837 764 principem
2884 694 3151 751 Vincentii
3190 696 3483 754 editionem
3514 716 3661 757 anno
3697 704 3788 758 in-

2176 796 2325 842 certo
2351 787 2592 843 Venetiis
2620 788 2816 843 factam
2841 789 3404 846 comminiscerentur.

2248 880 2409 934 1552.
2435 879 2684 947 Venetiis,
2716 882 2785 933 ad
2812 882 3017 953 signum
3048 881 3211 951 Spei;
3238 884 3402 939 iit-8".
3423 884 3784 945 Vincentii...
3822 928 3827 932 -

2175 969 2387 1025 libellus
2419 986 2517 1040 pro
2544 971 2826 1026 catholica:
2846 973 2972 1027 ﬁdei
3001 974 3227 1028 veritate
3246 985 3300 1029 et
3316 976 3783 1049 antiquitate,etc.

2177 1059 2289 1114 Cat.
2316 1059 2455 1115 Bibl.
2493 1061 2617 1132 Reg.
2658 1061 2830 1117 Paris.
2867 1064 3004 1118 lluic
3030 1066 3326 1121 accessisse
3352 1068 3503 1123 aiunt
3532 1068 3788 1126 Benedi-

2175 1154 2328 1217 ctini,
2358 1152 2446 1208 Jo.
2474 1153 2698 1210 Cochlwi
2724 1157 3134 1211 dissertationem
3160 1159 3222 1211 de
3251 1157 3410 1213 Votis.

2248 1245 2410 1302 1552.
2451 1245 2694 1313 Lovanii,
2718 1247 2860 1319 apud
2899 1248 3128 1302 Anthon.
3174 1249 3344 1303 Maria
3367 1248 3678 1323 Bergagne;
3703 1255 3789 1307 in-

2175 1334 2260 1391 4⁰.
2304 1336 2574 1392 Vincentii
2617 1336 2920 1393 Lirinensis
2982 1338 3123 1395 Galli
3167 1355 3264 1409 pro
3320 1339 3606 1397 catholicae
3654 1343 3787 1402 ﬁdei

2175 1428 2495 1498 antiquitate
2534 1438 2589 1484 et
2623 1430 2878 1495 veritate,
2917 1430 3181 1485 adversus
3225 1430 3482 1500 profanas
3531 1435 3788 1492 omnium

2176 1519 2467 1575 lieresemu
2497 1521 2819 1578 novationes
2851 1521 2990 1576 liber
3021 1522 3461 1593 elegantissimus
3480 1565 3495 1589 ,
3526 1534 3657 1581 ante
3684 1541 3788 1581 an-

2176 1629 2274 1668 nos
2305 1614 2453 1669 mille
2474 1615 2543 1669 ab
2561 1624 2781 1671 auctore
2808 1617 3168 1687 conscriptus.
3218 1616 3476 1672 Additum
3504 1628 3587 1673 est
3611 1618 3786 1677 breve

478 1721 571 1772 leae
624 1717 918 1787 imprimis,
965 1717 1213 1781 Parisiis,
1266 1716 1526 1784 Colonire,
1582 1716 1796 1771 Lovanii
1841 1720 2056 1788 aliisque

2183 1707 2676 1763 commentariolum
2696 1749 2709 1775 ,
2742 1722 2837 1776 per
2859 1706 3115 1762 Joannem
3149 1706 3463 1776 Costerium,
3496 1711 3550 1766 in
3584 1726 3782 1768 eorum

476 1811 611 1866 locis
642 1826 704 1866 ac
736 1811 894 1865 terris
925 1825 1020 1879 per
1062 1810 1302 1880 singulos
1332 1826 1465 1879 pene
1496 1825 1665 1865 annos
1716 1826 2067 1881 procusarum

476 1904 544 1959 ad
574 1919 772 1959 annum
802 1918 973 1973 usque
1016 1902 1190 1970 1665,
1239 1919 1422 1973 pauca:
1467 1904 1842 1960 tantummodo
1877 1906 2067 1960 critico

473 1997 649 2052 aliove
676 1996 940 2052 editorum
973 2011 1194 2050 munere
1222 2008 1345 2050 sunt
1370 1997 1785 2052 memorabiles:
1814 2013 2008 2068 nempe
2035 2014 2066 2053 a

472 2098 622 2144 textu
672 2088 1024 2143 emendatiori
1073 2089 1211 2153 duae,
1246 2090 1411 2143 altera
1464 2088 1608 2142 Petri
1654 2088 1877 2155 Pitha'i,
1928 2090 2066 2146 facta

469 2181 693 2238 Parisiis
741 2197 828 2235 an.
884 2180 1041 2248 1586,
1072 2181 1244 2247 iii—4°,
1291 2181 1457 2235 altera
1507 2181 1875 2236 Bartholomwi
1919 2182 2065 2235 Petri

470 2274 668 2329 emissa
702 2273 868 2328 Duaci
911 2288 1001 2328 an.
1048 2274 1206 2339 1611,
1242 2272 1418 2338 in-16,
1452 2288 1574 2326 cum
1609 2274 1749 2327 notis
1784 2276 2059 2343 ejusdem;

474 2378 677 2435 praeter
709 2366 805 2420 has
838 2366 1160 2430 Costeriana,
1181 2380 1300 2434 qua:
1328 2364 1524 2433 prodiit
1556 2366 1769 2420 Lovanii
1792 2382 1879 2422 an.
1901 2369 2059 2434 1559.,

468 2456 641 2521 inab",
674 2464 893 2525 propter
932 2456 1469 2521 commentariolum,
1502 2465 1556 2510 et
1581 2457 1669 2511 Jo.
1698 2455 1924 2513 Filesaci
1958 2457 2062 2513 Pa-

470 2548 559 2600 ris.
594 2546 729 2602 1619
748 2588 762 2613 ,
791 2546 1033 2617 in-4“,§et
1061 2545 1322 2600 Calixtina
1345 2546 1683 2601 Helmcstadii
1716 2566 1805 2603 an.
1824 2548 1962 2604 1629
1990 2560 2046 2605 et

471 2638 643 2705 1655,
672 2639 741 2693 ob
771 2639 1060 2693 consilium
1089 2639 1316 2693 editoris
1347 2641 1527 2695 multis
1571 2642 1879 2697 nominibus
1912 2643 2060 2698 celc.

468 2732 714 2788 berrimi.
742 2732 1105 2789 Memorabiles
1130 2742 1309 2788 autem
1338 2734 1480 2799 dico,
1516 2735 1567 2788 in
1596 2734 1854 2790 honorem
1886 2735 2060 2791 edito-

465 2838 591 2878 rum
621 2824 847 2889 scilicet,
880 2839 1108 2895 quorum
1151 2825 1306 2895 culpa
1347 2824 1592 2895 profecto
1625 2840 1731 2881 non
1764 2826 1884 2891 fuit,
1915 2829 2056 2897 quod

466 2920 747 2989 aequiores
795 2919 1065 2975 editiones
1108 2936 1175 2977 ex
1217 2920 1285 2976 iis
1321 2936 1431 2976 non
1480 2922 1822 2991 profecerim.
1876 2922 2058 2994 Neque

2175 1798 2517 1867 potissimum
2562 1800 2788 1869 gratiam
2815 1840 2831 1864 ,
2872 1800 2961 1870 qui
3010 1800 3062 1853 in
3111 1799 3308 1855 divinis
3351 1800 3550 1857 litteris
3594 1804 3784 1861 minus

2176 1892 2464 1946 exercitati
2512 1901 2657 1946 sunt.
2708 1891 2925 1963 Efﬁgies
2969 1891 3239 1962 Leopardi
3289 1893 3345 1948 in
3386 1894 3542 1951 titulo
3586 1898 3786 1967 procul

2173 1982 2337 2037 dubio
2368 1994 2450 2039 est
2477 1983 2690 2057 insigne
2723 1985 3063 2056 typographi.

2250 2077 2411 2132 1554.
2459 2078 2691 2145 Rhemis,
2723 2082 2864 2147 apud
2898 2077 3019 2133 Nic.
3054 2076 3391 2145 Bacnetium;
3416 2079 3585 2134 ἰη-ιο.
3618 2079 3783 2139 Idem

2177 2170 2336 2225 liber.
2368 2170 2482 2226 Cat.
2509 2170 2650 2225 Bibl.
2682 2170 2821 2226 Tell.
2852 2171 2980 2226 ibid.

2246 2262 2403 2317 1554.
2445 2263 2877 2319 ϐοιοηὶω......
2921 2264 3010 2318 24.
3059 2264 3208 2321 Idem
3248 2264 3385 2320 liber
3421 2279 3543 2320 cum
3577 2265 3785 2323 eodem

2169 2370 2367 2410 comm.
2398 2356 2511 2410 Cat.
2543 2356 2678 2411 Bibl.
2703 2355 2887 2410 Baluz.
2921 2369 2957 2412 t.
2990 2357 3052 2420 ll,
3082 2375 3135 2425 p.
3173 2356 3333 2413 1001.

2245 2448 2402 2502 1556.
2437 2447 2679 2515 Basileaa,
2704 2452 2841 2521 apud
2864 2449 3032 2505 Henr.
3052 2450 3302 2517 Petrum;
3330 2452 3509 2524 iit-fol.
3537 2451 3787 2510 Vincen-

2173 2542 2361 2596 tii....
2409 2558 2507 2612 pro
2550 2543 2698 2598 cath.
2740 2542 2865 2598 ﬁdei
2913 2545 3228 2613 antiquitate
3286 2555 3343 2601 et
3390 2547 3785 2617 universitate,

2168 2644 2308 2701 etc.;
2365 2635 2417 2690 in
2461 2634 2552 2691 Io.
2592 2636 2817 2691 Heroldi
2860 2636 3236 2710 Haresiologia
3282 2658 3438 2713 pagg.
3478 2641 3783 2702 διδ-663.

2241 2726 2401 2784 1560.
2442 2725 2689 2796 Parisiis,
2715 2729 2855 2799 apud
2878 2729 2969 2783 Jo.
2997 2728 3369 2801 Faucherium,
3396 2733 3479 2786 via
3498 2732 3779 2805 Jacobaa,

2167 2819 2257 2872 sub
2287 2829 2432 2874 scuto
2465 2819 2781 2884 Florentiae;
2809 2820 2983 2876 in-16.
3012 2820 3305 2878 Vincentii.
3327 2866 3341 2879 .
3363 2865 3374 2877 .
3396 2864 3409 2876 .
3446 2839 3544 2895 pro
3574 2827 3783 2884 catho-

2169 2912 2289 2967 licae
2321 2911 2447 2967 ﬁdei
2488 2913 2810 2983 antiquitate
2838 2922 2893 2969 et
2921 2913 3173 2979 veritate,
3213 2915 3478 2972 adversus
3510 2918 3783 2986 profanas

464 3012 611 3067 cnim
659 3014 822 3068 ullam
867 3029 934 3068 ex
970 3013 1055 3068 bis
1096 3014 1354 3083 peculiari
1384 3014 1610 3069 consilio
1651 3030 1895 3071 recusant
1936 3033 2056 3073 esse

2183 3006 2406 3061 )mnium
2444 3005 2732 3062 haeresemn
2766 3007 3120 3075 novationes,
3167 3006 3305 3063 liber
3332 3008 3783 3079 elegantissimus

464 3105 735 3171 novimus,
764 3106 986 3176 solaque
1008 3105 1323 3161 Costeriana
1352 3108 1433 3161 vel
1460 3105 1690 3161 Costerii
1718 3118 2055 3163 commenta-

2183 3107 2292 3154 mte
2319 3113 2494 3153 annos
2525 3098 2674 3154 mille
2695 3098 2763 3153 ab
2790 3108 3015 3154 auctore
3046 3100 3411 3169 conscriptus.
3446 3101 3581 3156 Cum
3612 3103 3777 3161 brevi

463 3198 579 3252 rius
624 3200 806 3268 potius
842 3199 1026 3254 decies
1072 3208 1127 3253 et
1168 3199 1400 3269 amplius
1441 3210 1523 3254 est
1570 3200 1851 3268 repetitus.
1885 3200 2058 3256 Tanto

464 3292 793 3347 luculentior
833 3308 966 3347 vero
1010 3295 1263 3362 apparuit
1302 3307 1467 3362 opera
1514 3293 1769 3363 Stephani
1815 3294 2050 3363 Balnsii,

464 3384 556 3453 qui
590 3384 925 3440 Vincentium
969 3384 1037 3438 ad
1077 3386 1291 3440 codices
1337 3384 1520 3454 Regia:
1562 3386 1691 3441 bibl.
1736 3386 2057 3443 Parisiensis

461 3477 798 3544 recognitum
847 3485 902 3529 et
953 3476 1155 3529 notulis
1201 3476 1531 3531 doctissimis
1578 3478 1903 3533 illustratum
1952 3495 2054 3534 una

460 3580 587 3621 cum
627 3565 880 3620 Salviano
924 3565 1040 3619 orbi
1072 3566 1312 3620 litterato
1352 3567 1610 3637 impertiit
1648 3586 1698 3623 a.
1750 3569 1917 3638 1665,
1952 3572 2054 3627 ite-

460 3672 691 3726 rumque
719 3672 809 3711 an.
841 3657 1001 3723 1669,
1035 3668 1089 3713 et
1140 3659 1299 3713 tertio
1330 3673 1417 3714 an.
1450 3660 1588 3715 1684
1639 3665 1954 3732 recognovit
2000 3674 2056 3719 et

459 3750 632 3804 auxit.
694 3749 941 3819 Repetita
1003 3759 1088 3806 est
1151 3751 1439 3806 Baluziana
1496 3752 1819 3826 Cantabrigw
1871 3754 2048 3823 1687,

457 3839 660 3896 Brema:
684 3841 842 3909 1688,
874 3844 1053 3898 Roma:
1098 3845 1268 3911 1709,
1302 3854 1355 3899 et
1386 3861 1554 3915 nuper
1593 3847 1811 3901 demum
1850 3863 1877 3900 a
1918 3845 2051 3900 Gal-

461 3937 657 3990 landio.
692 3936 801 3992 Nec
831 3936 1086 3993 Salinasii
1116 3940 1282 3995 editio
1309 3955 1397 3994 an.
1418 3941 1550 3994 1751
1578 3950 1772 4008 praster
1803 3940 2049 3993 Baluzia-

456 4045 587 4086 num
616 4038 825 4086 textum
874 4032 1146 4088 laudabile
1176 4033 1467 4104 quidquam
1501 4033 1683 4088 habet.
1717 4032 2047 4091 Testimonia

456 4126 642 4195 accipe
669 4140 733 4181 ex
766 4128 1010 4194 sequenti
1040 4127 1209 4181 indice
1233 4127 1530 4182 editionum
1562 4127 1949 4198 ehronologico.

1067 4233 1285 4274 SECULO
1324 4235 1431 4273 XVI.

529 4310 687 4366 1528.
717 4308 939 4365 Basilus
979 4325 1092 4364 exc.
1134 4309 1304 4367 Henr.
1338 4310 1533 4379 Petro;
1559 4313 1745 4385 iii-fol.
1778 4313 2044 4371 Vincentii

451 4402 757 4459 Lirinensis
802 4402 939 4458 Galli
976 4418 1076 4475 pro
1122 4404 1411 4460 catholica:
1453 4406 1575 4461 ﬁdei
1625 4408 1945 4477 antiquitate
1990 4417 2044 4463 et

452 4498 841 4562 universitate,
877 4495 1145 4552 adversus
1186 4496 1439 4566 profanas
1476 4500 1715 4555 omnium
1762 4501 2042 4557 bmreseon

453 4589 803 4645 novationes:
841 4589 891 4642 in
921 4586 1009 4642 Jo.
1040 4588 1289 4644 Sichardi
1316 4592 1562 4646 Antidoto
1597 4603 1777 4647 contra
1817 4594 2043 4649 diversas

449 4682 677 4734 omnium
705 4680 808 4748 fere
826 4697 928 4736 sec.
953 4679 1201 4747 haereses,
1234 4682 1329 4751 fol.
1351 4682 1614 4739 202-211.

526 4771 680 4829 1515.
700 4771 958 4844 Lugduni,
989 4775 1131 4847 apud
1158 4772 1344 4828 Iacob.
1376 4774 1668 4844 Gazellum;
1694 4778 1869 4835 ἔνι-8ο.
1893 4778 2039 4835 Idem

448 4866 588 4921 liber
614 4866 811 4921 Bened.
842 4869 896 4921 in
921 4866 1062 4921 Hist.
1088 4870 1187 4922 litt.
1214 4867 1417 4924 Galliae.

522 4958 680 5013 1544.
705 4958 950 5026 Parisiis,
972 4960 1113 5027 apud
1130 4963 1301 5015 eumd.
1328 4962 1683 5032 bibliOpnlam;
1707 4966 1873 5021 in-8°.
1904 4966 2037 5022 Vin-

445 5055 609 5109 centii
645 5054 937 5109 Lirinensis
971 5053 1108 5110 Galli
1141 5055 1275 5110 liber
1302 5072 1398 5125 pro
1435 5058 1713 5113 catliolicm
1746 5060 1867 5114 fidei
1898 5062 2038 5116 anti-

442 5148 651 5215 quitate
682 5154 737 5201 et
774 5146 1158 5210 universitate,
1206 5147 1470 5203 adversus
1501 5150 1749 5219 profanas
1791 5150 2031 5206 omnium

438 5236 721 5293 baereseon
766 5239 1111 5305 novationes;
1142 5240 1270 5295 item
1298 5240 1361 5308 ρ.
1390 5241 1536 5310 Sept.
1561 5240 1793 5297 Floreat.
1823 5242 2031 5299 Tertul-

440 5332 569 5387 liani
596 5333 733 5389 liber
762 5349 900 5389 unus
930 5333 997 5389 de
1027 5335 1531 5405 Praescriptionibns
1559 5337 1826 5393 adversus
1852 5336 2030 5392 haere-

439 5426 866 5485 ticos.Secunda
898 5428 1087 5483 editio.
1122 5427 1237 5483 Cat.
1267 5428 1404 5483 Bibl.
1439 5428 1569 5502 Reg.
1596 5428 1772 5483 Paris.

508 5517 669 5575 1547.
708 5518 877 5586 Ibid.,
912 5521 1053 5591 apud
1081 5523 1285 5589 eumd.;
1312 5522 1479 5578 in-8°.
1503 5521 1902 5578 VincentiiLir.
1936 5537 2034 5591 pro

434 5612 719 5668 catholica:
756 5611 946 5668 ﬁdei..
1092 5613 1250 5669 liber.
1295 5614 1386 5670 Sic
1420 5613 1752 5670 Benedictini
1793 5614 1829 5668 1.
1864 5614 1901 5666 Ι.
1936 5613 2034 5668 Ca-

433 5700 642 5770 talogtts
670 5701 812 5759 Bibl.
849 5702 1154 5757 Tellerianae
1183 5719 1237 5775 p.
1268 5703 1338 5761 35
1369 5705 1692 5776 impressam
1733 5704 1895 5761 tradit
1941 5704 2038 5759 Ve-

2162 3190 2611 3246 commentariolo
2641 3191 2698 3245 in
2738 3190 2847 3246 ﬁne
2888 3190 3109 3256 addito,
3164 3206 3262 3260 per
3300 3190 3553 3246 Joannem
3592 3194 3778 3252 Coste-

2164 3287 2317 3338 rium.
2364 3284 2421 3339 In
2475 3285 2594 3341 Cat.
2638 3283 2779 3339 Bibl.
2829 3284 3099 3339 Barberin.
3151 3284 3404 3341 laudatur
3441 3286 3596 3357 hujus
3641 3292 3777 3345 anni

2160 3377 2332 3432 editio
2364 3378 2502 3432 facta
2530 3376 2789 3445 Coloniae;
2821 3378 2993 3433 ξιτ-12.

2233 3470 2394 3527 1561.
2430 3469 2630 3537 Paris.,
2654 3473 2794 3541 apud
2811 3512 2823 3525 .
2846 3510 2858 3525 .
2877 3513 2890 3526 .
2932 3470 3321 3539 Buon;in-12.
3354 3474 3651 3531 Vincentii.
3678 3520 3691 3531 .
3714 3522 3727 3532 .
3751 3516 3768 3535 .

2159 3579 2258 3633 pro
2286 3564 2435 3619 cath.
2488 3564 2612 3621 ﬁdei
2652 3565 2991 3636 antiquitate,
3030 3576 3160 3634 etc.,
3205 3583 3328 3624 cum
3363 3568 3578 3625 Stanisl.
3606 3572 3771 3629 Hosii

2156 3657 2450 3713 cardinalis
2488 3658 2706 3729 dialogo
2737 3659 2808 3715 de
2841 3661 3227 3716 communione
3266 3660 3623 3720 Eucharistia:
3655 3670 3765 3724 sub

2160 3759 2393 3819 utraque
2425 3753 2644 3821 specie;
2686 3752 2951 3824 Coniugio
2990 3755 3376 3823 sacerdotum;
3419 3769 3471 3813 et
3501 3759 3670 3815 Sacro
3701 3763 3761 3818 in

2155 3844 2361 3912 vulgari
2436 3845 2617 3914 lingua
2683 3844 3031 3901 celebrando.
3094 3847 3341 3903 Laudant
3394 3849 3758 3924 Benedictini,

2156 3935 2344 3989 nescio
2373 3950 2533 4004 quam
2570 3950 2719 3990 vere.
2770 3937 2932 3993 Certe
2967 3954 3122 3994 error
3157 3940 3353 4010 aliquis
3384 3956 3448 3996 ex
3476 3948 3756 4015 sequentis

2152 4027 2407 4082 editionis
2431 4028 2758 4085 confusione
2791 4032 3071 4099 profluxit.

2223 4120 2381 4174 1562.
2424 4118 2667 4187 Parisiis,
2696 4123 2834 4193 apud
2862 4121 3114 4179 Joannem
3145 4123 3498 4181 Foueherium
3515 4146 3537 4196 ;
3576 4130 3749 4187 in-12.

2154 4214 2443 4269 Vincentii.
2464 4255 2477 4267 .
2498 4256 2510 4268 .
2531 4256 2576 4268 ..
2613 4215 2753 4270 liber
2780 4231 2877 4285 pro
2912 4218 3059 4272 catb.
3093 4216 3219 4273 ﬁdei
3252 4218 3597 4290 antiquitate,
3636 4233 3747 4279 etc.

2150 4308 2400 4377 Repetita
2429 4307 2515 4362 ed.
2551 4322 2603 4363 a.
2637 4308 2794 4363 1560.
2828 4309 3029 4365 Ibidem
3054 4311 3356 4381 eodemque
3378 4327 3521 4368 anno
3550 4323 3604 4368 et
3635 4315 3746 4371 for-

2154 4417 2238 4456 ma
2270 4402 2492 4467 eadem,
2527 4402 2621 4457 sed
2656 4416 2764 4457 non
2794 4419 2898 4458 una
2934 4418 3055 4459 cum
3081 4405 3370 4461 Vincentio
3398 4421 3633 4464 excusus
3662 4419 3748 4465 est

2151 4495 2373 4551 Stanisl.
2405 4495 2553 4549 Hosii
2584 4496 2651 4550 de
2679 4510 2939 4565 expresso
2970 4498 3060 4553 Dei
3095 4497 3273 4555 Verbo
3301 4498 3510 4553 libellus
3540 4514 3736 4554 recens

2148 4598 2339 4641 auctus
2388 4597 2442 4642 et
2492 4586 2797 4657 recognitus
2844 4604 2967 4643 cum
3017 4589 3215 4644 libellis
3265 4590 3420 4661 paulo
3457 4598 3582 4645 ante
3620 4604 3761 4667 no-_

2149 4681 2389 4737 minatis.

2221 4773 2378 4830 1562.
2421 4774 2658 4843 Lovanii;
2685 4778 2856 4832 ἑνί-12.
2889 4776 3033 4833 Idem
3056 4778 3190 4834 liber
3218 4795 3340 4836 cum
3359 4780 3557 4838 eodem
3579 4780 3741 4839 Com—

2145 4869 2436 4924 mentario.
2466 4870 2576 4923 Cat.
2607 4868 2745 4927 Bibl.
2770 4868 2956 4924 Baluz.
2989 4881 3026 4925 t.
3061 4872 3123 4935 Il,
3161 4888 3213 4942 p.
3251 4874 3416 4930 1000.

2222 4961 2381 5015 1568.
2423 4958 2660 5026 Loranii,
2699 4962 2840 5030 apud
2892 4960 3148 5017 Joannem
3189 4962 3530 5037 Bogardum;
3573 4966 3740 5022 ἔτι-12.

2147 5052 2292 5107 Idem
2321 5053 2481 5120 liber,
2534 5053 2718 5108 nescio
2746 5069 2815 5108 an
2852 5062 2906 5109 et
2936 5056 3391 5112 Commentarios.
3422 5055 3655 5113 Benedd.
3689 5070 3745 5114 et

2147 5143 2371 5199 Ceillier.
2400 5154 2440 5200 t.
2478 5144 2614 5212 xm,
2642 5161 2694 5217 ρ.
2727 5146 2853 5201 532.

2220 5238 2379 5293 1569.
2423 5238 2671 5308 Coloniae,
2726 5240 2868 5312 apud
2918 5239 3147 5296 Matern.
3195 5241 3516 5313 Chalinum;
3562 5247 3736 5301 iri-12.

2147 5329 2292 5385 Idem
2352 5330 2490 5386 liber
2536 5346 2659 5386 cum
2724 5332 3126 5391 Commentario
3170 5334 3406 5393 Costerii.
3468 5337 3735 5394 Posserin.

2140 5441 2267 5496 app.
2302 5434 2341 5479 t.
2376 5424 2463 5495 Ill,
2500 5439 2551 5495 p.
2583 5424 2708 5481 555.

2215 5517 2375 5574 1569.
2422 5516 2664 5586 Parisiis,
2691 5521 2830 5591 apud
2856 5518 3021 5574 Mich.
3053 5519 3365 5589 lulianum;
3393 5523 3566 5578 in-8°.
3589 5522 3737 5579 Idem

2138 5610 2279 5667 liber
2326 5611 2469 5666 haud
2510 5610 2674 5668 dubie
2720 5627 2842 5667 cum
2898 5612 3090 5669 eodem
3138 5612 3569 5672 Commentario.
3614 5612 3734 5672 Cat.

2140 5704 2276 5761 Bibl.
2311 5704 2516 5760 Bodlei.
