4028 6184
194 198 304 288 ess

1552 223 2061 285 PROLEGOMENA
2072 271 2085 284 .

3369 249 3476 310 636

266 345 427 404 1515.
472 345 716 411 Parisiis,
747 344 889 416 apud
929 343 1091 399 Mich.
1128 343 1514 436 sannium;in-
1528 345 1622 412 fol.
1652 343 1782 399 Vin-
1808 343 1861 406 Δ
1886 346 2092 418 tiones,
2130 364 2251 406 cum
2293 353 2440 409 n0tis
2462 351 2551 411 Ιο.
2580 354 2798 412 Costerii
2816 374 2835 425 ;
2872 358 2926 414 in
2962 358 3309 436 Cbronologia
3336 365 3472 423 san.

200 440 355 496 centii
374 480 389 495 .
412 479 425 492 .
448 479 462 493 .
481 479 496 493 .
526 437 1010 494 Commonitorium
1040 450 1137 505 pro
1171 434 1275 490 ﬁde
1301 434 1571 490 catholica
1596 445 1783 489 contra

199 532 470 596 haereses;
513 530 568 584 in
615 527 752 582 Bibl.
782 507 904 581 'PP.
930 526 1084 601 Bign.
1139 535 1286 582 tomo
1328 526 1393 580 ν.
1432 525 1676 581 Titulum
1717 541 1785 582 ex

198 626 372 695 lttigio
404 622 585 678 laudo.

270 719 430 774 1585.
473 714 737 787 Lugduni,
769 714 907 784 apud
938 711 1081 767 Guil.
1110 711 1427 777 Rovillium;
1455 711 1625 768 in-16.
1650 711 1784 767 Vin-

201 812 361 868 centii
379 852 393 865 .
414 852 428 864 .
450 850 465 866 .
486 850 499 864 .
532 808 669 864 liber
696 822 793 878 pro
814 806 959 861 cath.
989 805 1114 871 ﬁde;
1144 821 1265 859 cum
1293 805 1530 875 Dionysii
1556 804 1786 873 Areopa-

163 908 312 977 ,gita:
362 903 636 973 Operibus,
688 910 732 954 et
776 897 1025 971 Epistolis
1074 897 1133 955 S.
1181 897 1397 969 Ignatii,
1431 897 1787 968 Polycarpiel

148 980 155 989 1
201 999 478 1054 Martialis.
511 998 747 1052 BBNEDD.

269 1093 436 1149 1586.
483 1091 698 1146 Parisiis
721 1130 736 1155 ,
772 1088 913 1160 apud
949 1087 1235 1143 Sebastinn.
1282 1085 1587 1153 Nivellium;
1614 1087 1780 1142 ἰη-αίο.

199 1185 480 1255 Peregrini
521 1198 618 1253 pro
652 1181 940 1235 catholicae
973 1179 1095 1235 fidei
1127 1179 1447 1248 antiquitate
1482 1188 1533 1233 et
1565 1178 1785 1234 univer-

197 1284 357 1335 sitate
386 1279 647 1333 adversus
674 1272 929 1346 profanas
959 1272 1199 1327 omnium
1223 1271 1604 1325 haereticorum
1634 1273 1787 1325 novi-

200 1382 331 1429 tates
369 1370 797 1427 Commonitoria
836 1369 973 1433 duo;
1008 1368 1061 1420 in
1104 1364 1346 1419 Veterum
1374 1365 1568 1434 aliquot
1599 1363 1787 1420 Calliae

203 1467 581 1539 Theoloyorum
632 1462 853 1533 Scriptis
891 1476 921 1514 a
961 1458 1160 1513 Pitlueo
1200 1458 1361 1514 editis
1407 1474 1561 1529 pagg.
1598 1458 1781 1515 1-76.

200 1559 412 1614 Titulus
438 1557 587 1612 addit
613 1597 627 1621 ,
668 1572 728 1609 ea:
766 1553 1026 1623 apusculis
1048 1554 1101 1605 in
1127 1551 1223 1605 Itoc
1252 1553 1506 1606 volumine
1535 1554 1785 1607 contentis

198 1656 454 1711 nonnulla
484 1670 547 1708 ea:
574 1651 830 1706 veteribus
867 1649 1008 1703 libris
1046 1648 1364 1702 emendatius
1386 1691 1399 1715 ,
1440 1649 1618 1719 aliqua
1648 1665 1784 1703 nunc

1886 450 2083 497 clarum
2109 452 2158 497 et
2185 445 2407 500 aliorum
2443 450 2667 503 virorum
2692 451 2969 507 illustrium
3008 471 3067 509 ac
3103 455 3342 510 abbatum
3382 476 3472 513 sa-

1886 550 1987 590 crae
2023 537 2209 593 insula:
2234 538 2516 595 Lirinensis
2538 582 2556 607 ,
2602 557 2635 595 a
2684 544 2913 601 Domino
2954 546 3220 603 Vincentio
3246 548 3472 621 Barrali,

1887 628 2110 685 Salerno
2152 632 2403 687 monacho
2445 633 2703 690 Lirinensi
2747 639 2803 692 in
2850 656 3009 695 unum
3052 643 3282 697 volumen
3330 661 3473 700 com-

1888 722 2070 790 pilata.

1962 813 2122 871 1618.
2164 814 2413 884 Colonia,
2448 821 2589 890 apud
2615 822 2735 875 Ant.
2765 821 3193 898 Hierat;in-fol.
3239 828 3474 885 Vincen-

1889 906 1949 961 tii
1994 906 2297 963 Lirinensis
2338 909 2407 965 de
2445 911 2685 979 profanis
2715 928 2913 970 vocum
2948 918 3277 975 novitatibus
3308 919 3475 989 liber;

1889 999 1944 1057 in
1976 998 2171 1072 Magna
2198 1000 2332 1056 Bibl.
2369 1000 2487 1057 PP.
2524 1014 2561 1060 t.
2588 1003 2653 1075 V,
2684 1014 2827 1075 part.
2860 1024 2917 1064 tt.

1964 1094 2123 1150 1619.
2168 1093 2409 1163 Parisiis,
2440 1096 2580 1167 apud
2602 1097 2821 1170 Diongs.
2851 1099 3121 1175 Langlois;
3151 1104 3319 1160 ἕποιο.
3348 1104 3478 1161 Vin-

1889 1190 2057 1245 centii
2086 1190 2409 1258 Lirinensis,
2453 1192 2725 1260 monachi,
2759 1209 2856 1250 seu
2889 1196 3196 1268 Peregrini,
3226 1200 3479 1255 Commo-

1888 1285 2087 1339 nitoria
2137 1285 2267 1351 duo,
2319 1301 2440 1340 cum
2492 1284 2915 1346 Commentariis
2963 1289 3183 1347 Joannis
3228 1292 3473 1349 Filesaci.

1890 1375 2004 1430 Cat.
2028 1376 2164 1431 Bibl.
2202 1377 2329 1449 Reg.
2365 1376 2541 1433 Paris.

1964 1468 2126 1525 1622.
2168 1470 2445 1542 Lugduni,
2476 1474 2762 1543 sumptibus
2786 1474 2995 1530 Claudii
3034 1476 3477 1550 Landry;in«12.

1891 1561 2161 1619 Vincentii
2180 1604 2193 1618 .
2214 1606 2226 1619 .
2250 1604 2262 1617 .
2283 1604 2295 1618 .
2320 1607 2334 1620 .
2366 1580 2466 1633 pro
2496 1567 2642 1620 cath.
2670 1566 2795 1622 ﬁdei
2819 1569 3139 1639 antiquitate
3169 1580 3225 1627 et
3259 1573 3483 1629 univer

1890 1657 2083 1724 sitate,
2135 1668 2268 1724 etc.,
2305 1674 2461 1729 pagg.
2504 1659 2768 1726 65-151;
2823 1662 2875 1716 in
2916 1662 3057 1719 libro
3108 1666 3195 1721 cui
3252 1667 3475 1723 titulus:

196 1751 427 1817 primum
471 1746 589 1811 edi;
641 1757 759 1814 quae
788 1742 1040 1813 quoniam
1084 1740 1263 1795 nullus
1300 1740 1353 1794 in
1390 1754 1455 1795 eo
1486 1740 1787 1811 praefationi
1818 1728 1869 1790 B
1896 1748 2193 1820 δαηάαρεια
2236 1728 2510 1807 δίιεεέγηίο
2554 1754 2728 1824 quin“
2765 1770 2827 1809 ac
2859 1758 2997 1811 se“,
3038 1756 3315 1828 Evangelii
3347 1758 3449 1815 me

193 1840 364 1895 aliive
394 1835 749 1894 declarationi
796 1835 944 1889 locus
989 1842 1107 1901 est,
1138 1848 1260 1888 cum
1293 1834 1537 1889 auctoris
1568 1834 1789 1889 nomine

194 1948 294 2005 pro
324 1930 801 1988 commendatione
827 1943 947 1983 esse
975 1927 1198 1983 debent.

269 2027 432 2085 1589.
476 2026 722 2093 Coloniae,
754 2024 920 2096 apud.
944 2067 957 2079 .
981 2064 993 2077 .
1018 2064 1030 2077 .
1054 2064 1066 2078 .
1090 2062 1105 2077 .
1138 2023 1438 2090 Herstium;
1460 2025 1513 2077 in
1546 2024 1628 2079 16.
1662 2024 1790 2080 Vin-

196 2124 359 2181 centii
378 2166 389 2178 .
410 2166 423 2178 .
450 2164 462 2179 .
490 2165 534 2176 ..
571 2123 709 2178 liber
738 2136 838 2190 pro
864 2119 1011 2175 cath.
1042 2118 1162 2174 ﬁdei
1191 2120 1531 2190 antiquitate,
1556 2130 1661 2175 etc.
1686 2119 1814 2175 Be-e

196 2219 348 2273 nedd.
380 2233 441 2271 ea:
467 2216 769 2271 Possevino.

270 2310 435 2365 1589.
479 2308 728 2375 Parisiis,
756 2306 934 2374 in-{ol.
962 2304 1227 2361 Vincentii
1251 2304 1552 2360 Lirinensis
1578 2305 1645 2360 de
1669 2307 1788 2361 Hat-

190 2403 411 2458 resibus
458 2403 629 2469 liber;
680 2403 733 2457 in
785 2410 932 2456 torno
979 2399 1047 2455 1V
1088 2399 1341 2455 secundae
1378 2400 1463 2455 ed.
1496 2399 1631 2457 Bibl.
1662 2399 1784 2455 PP.

193 2495 355 2567 Bign.

264 2590 433 2647 1591.
473 2589 728 2655 Londini;
751 2588 909 2645 iit-8°.
930 2587 1220 2645 Vincentii.
1242 2630 1254 2646 .
1281 2630 1293 2643 .
1314 2631 1326 2643 .
1360 2588 1496 2643 liber
1518 2603 1616 2658 pro
1637 2585 1781 2644 cath.

199 2682 322 2740 ﬁdei
362 2683 703 2754 antiquitate,
734 2691 839 2738 etc.
870 2682 980 2738 Cat.
1014 2682 1152 2737 Bibl.
1186 2682 1385 2735 Bodlei.

275 2775 439 2832 1591.
486 2775 704 2846 Pragte,
738 2777 869 2847 typis
898 2774 1167 2829 Michaelis
1191 2773 1411 2840 Petrcli;
1451 2775 1525 2827 in-
1546 2773 1627 2828 12.
1656 2772 1788 2828 Vitt-

194 2873 356 2928 centii
398 2872 614 2928 libellus
657 2888 755 2942 pro
792 2874 1075 2928 catholicae
1113 2872 1237 2926 ﬁdei
1276 2872 1595 2941 antiquitate
1617 2882 1669 2927 et
1696 2888 1788 2928 ve-

192 2970 356 3025 ritate
379 3012 393 3036 ,
440 2970 703 3026 adversus
753 2969 1006 3036 profanas
1035 2966 1274 3022 omnium
1311 2967 1588 3020 haereseon
1620 2981 1785 3019 nova-

193 3061 374 3118 tiones
401 3077 523 3116 cum
559 3060 706 3115 nolis
728 3059 815 3113 .lo.
845 3058 1038 3129 Langii
1067 3057 1477 3127 marginalibus.
1509 3055 1621 3109 Cnt.
1647 3055 1780 3110 Bibl.
1812 3078 1859 3141 ρ

190 3148 403 3203 Bunau.

264 3241 428 3295 1594.
472 3240 736 3305 Coloniw;
776 3238 952 3292 in-la.
1007 3237 1455 3295 Vincentii.....
1504 3236 1642 3291 liber
1690 3252 1788 3305 pro

188 3333 338 3386 cath.
371 3330 500 3384 ﬁdei
526 3331 871 3399 antiquitate,
895 3346 1009 3383 cum
1040 3328 1213 3383 Variis
1246 3327 1522 3381 Doctorum
1547 3328 1787 3385 Virorum

192 3420 373 3475 Notis.
406 3418 521 3474 Cat.
549 3419 683 3473 Bibl.
718 3418 988 3475 Barberin.

262 3512 427 3568 1600.
472 3511 722 3577 Coloniw,
755 3513 809 3565 in
835 3513 1032 3583 oﬁicina
1067 3510 1694 3578 Birkmanniana;in-12.
1727 3512 1784 3569 S.

194 3600 472 3657 Vincentii
501 3602 801 3659 Lirinensis
831 3603 1047 3658 libellus
1088 3602 1349 3657 adversus
1388 3605 1639 3672 profanas
1678 3603 1789 3659 bte-

197 3708 390 3750 reseon
421 3696 763 3760 novationes,
795 3710 916 3751 cum
941 3694 1166 3750 scholiis
1187 3704 1241 3750 et
1270 3696 1673 3750 commentariis
1692 3693 1781 3749 Jo.

195 3783 410 3841 Costerii
432 3798 487 3841 et
533 3785 598 3841 Β.
640 3787 767 3841 item
802 3786 1069 3841 Edmundi
1108 3785 1378 3856 Campiani
1419 3785 1475 3842 S.
1503 3785 1545 3841 l.
1586 3786 1637 3840 in
1674 3790 1784 3841 An-

196 3877 296 3947 glia
331 3895 429 3947 pro
472 3879 735 3951 religione
780 3879 1049 3936 catholica
1097 3881 1285 3947 occisi,
1331 3881 1571 3935 rationes
1596 3880 1785 3935 decem

195 3969 355 4025 oblati
403 3972 719 4027 certaminis
750 3973 804 4027 in
841 3987 1003 4028 causa
1041 3973 1164 4027 ﬁdei
1195 3972 1417 4029 reddita:
1445 3971 1786 4028 Academicis

197 4063 420 4134 Anglia.
455 4064 569 4123 Cat.
602 4064 741 4121 Bibl.
776 4067 906 4138 Reg.
928 4066 1103 4123 Paris.

796 4174 1013 4216 εΛ-ῑουιο
1045 4177 1177 4215 XVII.

263 4252 424 4311 1605.
468 4254 757 4321 Cracovite;
800 4254 993 4309 iit-16.
1029 4254 1294 4311 Vincentii
1324 4254 1620 4312 Lirinensis
1644 4254 1784 4310 Galli

196 4342 451 4402 adversus
477 4348 731 4417 profanas
759 4349 1044 4403 hazreseon
1075 4350 1391 4403 novationes
1420 4348 1633 4403 libellus
1656 4362 1783 4402 vere

1841 2398 2120 2453 .demicis
2191 2396 2594 2453 Oxoniensibus
2668 2395 3013 2465 oblatarum,

1892 1843 2062 1897 rendo
2114 1844 2353 1899 humeris
2411 1860 2474 1899 ac
2527 1847 2645 1901 nisu
2692 1849 3180 1906 valentissimorum
3250 1862 3483 1922 quatuor

1894 1938 2337 1992 succollatorum.
2387 1940 2625 2003 Quorum
2653 1942 2952 1995 anteriores
2982 1940 3091 1995 duo
3116 1983 3129 2007 ,
3170 1942 3213 1995 Τ
3231 1958 3399 1997 en'ru
3419 1961 3480 1999 L-

1894 2045 1926 2083 ι.
1941 2045 1999 2084 ιΑ
2018 2046 2049 2083 N
2064 2046 2095 2084 υ
2110 2045 2135 2083 s
2167 2031 2296 2084 libro
2322 2031 2385 2084 de
2408 2030 2914 2101 Prtescriptionibus,
2939 2032 2980 2087 γ
2994 2049 3009 2086 ι
3024 2050 3054 2087 N
3070 2048 3098 2087 c
3115 2050 3143 2088 ε
3159 2049 3265 2088 NT]
3282 2050 3311 2088 υ
3332 2049 3357 2088 s
3375 2034 3481 2105 Ly-

1891 2124 2110 2179 rinensis
2145 2123 2546 2180 Commonitoria
2585 2125 2826 2177 adversus
2875 2124 3107 2177 hmeses.
3147 2123 3480 2180 Posteriores

1893 2216 2020 2271 item
2052 2215 2180 2284 duo,
2213 2215 2254 2269 E
2273 2231 2353 2270 nu
2370 2228 2575 2269 uanus
2599 2213 2912 2283 Campianus
2936 2212 3003 2267 de
3028 2213 3301 2269 Societate
3327 2214 3474 2282 Jesu,

1891 2307 2319 2378 gloriosissimus
2346 2305 2546 2361 Christi
2579 2312 2804 2375 martyr,
2847 2305 2985 2360 libro
3016 2304 3303 2359 Rationum
3337 2307 3481 2361 Aca-

3084 2397 3480 2455 Leonanous

1891 2492 2095 2547 Lessius
2139 2507 2203 2549 ex
2247 2491 2437 2549 eadem
2467 2490 2763 2557 Societate,
2800 2489 3211 2547 Consultatione
3238 2492 3307 2548 de
3333 2490 3480 2548 Reli-

1890 2585 2067 2656 gione.

1962 2679 2214 2735 Praefatio
2254 2679 2415 2749 hujus
2459 2678 2705 2749 opusculi
2743 2678 2903 2733 latius
2929 2679 3175 2733 acumina
3205 2677 3343 2731 tituli
3375 2692 3479 2732 ex-

1891 2774 2054 2843 plicat
2075 2783 2130 2828 et
2168 2772 2330 2828 facile
2379 2771 2562 2841 prodit
2607 2786 2674 2826 ex
2723 2786 2826 2840 qua
2866 2771 3049 2825 schola
3092 2768 3268 2824 editor
3310 2767 3480 2823 bellas

1890 2864 2021 2918 istas
2043 2864 2340 2934 elegantias
2368 2862 2628 2917 hauserit.

1962 2957 2122 3012 1621.
2164 2955 2429 3018 Parisiis,
2472 2952 2653 3025 iri-fol.
2703 2951 2848 3008 ldem
2899 2952 3035 3007 liber
3081 2948 3377 3014 Vincentii;
3424 2950 3476 3007 in

1892 3045 2029 3099 Bibl.
2072 3045 2187 3098 PP.
2224 3055 2372 3099 tomo
2398 3044 2487 3097 IV.

1965 3136 2125 3191 169.9.
2172 3136 2511 3203 Helmstadii,
2560 3138 2613 3189 in
2646 3137 2796 3189 acad.
2846 3134 3021 3203 Julia,
3066 3144 3269 3205 typogr.
3307 3133 3479 3190 Calix-

1893 3228 2018 3295 tino,
2066 3244 2174 3282 exc.
2222 3226 2499 3300 llenuingo
2542 3226 2765 3281 Mullero
2790 3226 3002 3292 ;in-8°.
3036 3224 3304 3281 Vincentii
3334 3225 3481 3282 Leri-

1891 3321 2073 3375 nensis
2120 3318 2631 3375 Commonitorium.
2681 3318 2946 3389 Gemgius
2994 3318 3239 3373 Calixtus
3287 3333 3480 3375 recen-

1891 3414 1997 3469 suit
2041 3412 2335 3477 et'edidit;
2383 3428 2499 3466 cum
2544 3411 2823 3483 Augustini
2853 3411 3009 3467 libris
3036 3411 3103 3465 IV
3134 3413 3202 3467 de
3226 3412 3479 3469 Doctrina

1890 3505 2195 3562 Christiana
2227 3513 2282 3558 et
2310 3503 2377 3559 de
2410 3503 2541 3560 Fide
2574 3514 2628 3559 et
2657 3504 2937 3574 Symbolo.
2972 3503 3269 3560 Peculiaris
3296 3505 3480 3562 titulus

1890 3610 1973 3653 est
2007 3618 2017 3651 :
2052 3596 2316 3668 Peregrini
2347 3599 2447 3650 sive
2482 3596 2732 3652 Vincentii
2770 3596 3062 3653 Lerinensis
3097 3614 3191 3670 pro
3216 3598 3481 3654 catholica

1890 3692 2012 3761 ﬁdei
2072 3693 2378 3759 antiquitate
2443 3700 2490 3743 et
2563 3692 2889 3746 universitate
2938 3694 3182 3747 adversus
3228 3698 3480 3766 profanae

1893 3786 2117 3838 omnium
2141 3786 2399 3837 lia'reseon
2425 3783 2733 3835 novationes.
2770 3782 3171 3836 Commonitoria
3197 3786 3324 3855 duo,
3346 3802 3478 3857 quo-

1892 3891 2005 3929 rum
2035 3886 2202 3929 tamen
2234 3875 2487 3945 posterius
2515 3874 2792 3926 maximam
2827 3883 3021 3941 partem
3051 3875 3327 3928 intercidit.

1964 3967 2208 4023 Prommii
2239 3972 2305 4021 ad
2353 3969 2611 4022 Lectorem
2663 3965 2897 4020 maxima
2946 3981 3074 4036 pars
3112 3966 3177 4020 ad
3211 3968 3478 4027 Vincentii

1888 4063 2084 4119 librum
2135 4062 2391 4129 refertur,
2441 4063 2595 4131 cujus
2633 4061 2933 4116 sententias
2970 4069 3025 4116 et
3055 4060 3293 4131 regulam
3324 4077 3481 4118 accu.

1890 4165 2005 4209 rate
2034 4156 2290 4225 esplicat,
2324 4164 2376 4210 et
2407 4154 2460 4209 in
2486 4155 2675 4225 primis
2704 4153 2988 4209 OStendere
3012 4153 3191 4209 studet
3219 4154 3343 4224 quid
3370 4154 3477 4210 lue-

1887 4249 2024 4304 resis
2056 4252 2277 4304 nomine
2309 4250 2496 4305 venire
2517 4249 2732 4315 debeat,
2764 4261 2814 4303 et
2847 4264 2969 4318 quas
3004 4248 3074 4301 sit
3103 4248 3479 4305 consensionis

1890 4340 2258 4395 Ecciesiarmn
2308 4342 2359 4394 in
2402 4356 2563 4395 unam
2609 4340 2911 4395 doctrinam
2962 4341 3121 4394 ratio.
3175 4339 3310 4395 Hinc
3337 4342 3479 4399 cala-

194 4448 386 4496 θυινθυε.
447 4440 770 4496 distributus
820 4442 873 4494 in
926 4440 1101 4508 capita
1145 4449 1200 4495 et
1229 4441 1370 4494 notis
1408 4440 1662 4495 brevibus
1712 4454 1776 4493 ex
1806 4472 1861 4531 Β
1888 4445 2034 4484 mum
2065 4440 2250 4485 contra
2280 4429 2684 4484 Catholicorum
2719 4430 2786 4484 de
2815 4429 3106 4484 traditione
3139 4431 3372 4499 itemque
3409 4432 3478 4488 de

198 4524 407 4588 Joannis
440 4532 655 4586 Costerii
684 4530 1104 4586 Commentariis
1127 4531 1447 4584 illustratus.

261 4624 424 4678 1611.
470 4623 662 4687 Duaci,
688 4624 830 4692 apud
860 4620 1097 4675 Marcum
1122 4620 1316 4690 Wyon,
1341 4621 1517 4675 iit-16.
1553 4620 1783 4675 Vincen-

200 4711 279 4765 tii.
301 4753 315 4768 .
335 4752 348 4763 .
375 4756 387 4768 .
422 4713 681 4767 adversus
712 4710 970 4781 profanas
1003 4710 1281 4765 ha'reseon
1313 4713 1628 4766 novationes
1657 4726 1780 4765 cum

196 4805 642 4861 commentariolo
665 4804 753 4859 1ο.
779 4804 997 4859 Costerii
1020 4814 1072 4858 et
1104 4803 1473 4858 Bartholomwi
1504 4804 1649 4859 Petri
1683 4819 1783 4859 no-

202 4898 260 4951 tis
310 4898 601 4955 breviculis
646 4911 699 4954 et
748 4897 1129 4953 dissertatione
1165 4896 1503 4967 apologetica
1541 4896 1608 4952 de
1648 4896 1781 4953 Vin-

200 4995 366 5049 centio
392 4995 619 5066 ejusque
650 4994 888 5065 scriptis.
922 4990 1114 5047 Caveus
1146 5004 1185 5048 t.
1222 4991 1263 5055 Ι,
1317 5008 1372 5061 p.
1407 4991 1510 5048 125
1534 4993 1621 5049 ed.
1652 5009 1776 5056 nov.

202 5080 296 5137 0x.

266 5178 595 5240 Benedictini
638 5190 895 5249 monent,
926 5180 1114 5237 Barth.
1148 5180 1368 5235 Petrum
1414 5188 1619 5235 textum
1658 5180 1776 5236 Vin-

208 5276 355 5329 centii
378 5278 530 5347 juxta
569 5277 707 5333 duos
748 5285 992 5332 vetustos
1017 5274 1238 5330 codices
1269 5288 1401 5329 mss.
1433 5274 1774 5344 recognitum

209 5356 405 5424 dedisse
431 5367 869 5426 describendum.

272 5453 418 5513 1615.
462 5456 723 5523 Coloniae;
748 5458 926 5515 in-16.
958 5459 1105 5516 idem
1150 5458 1288 5515 liber
1327 5473 1451 5516 cum
1490 5475 1775 5517 commen-

210 5546 344 5604 tariis
365 5551 453 5608 Jo.
485 5554 718 5608 Costerii.
747 5551 960 5607 Caveas.

271 5639 417 5701 1613.
460 5645 735 5718 Lugduni.
757 5688 770 5701 .
792 5684 838 5701 ..
863 5685 876 5700 .
896 5684 911 5700 .
957 5644 1223 5702 Vincentii
1254 5645 1555 5703 Lirinensis
1586 5646 1653 5703 de
1684 5661 1778 5702 ca-

217 5731 413 5797 tholicae
446 5744 567 5803 ﬁdei
588 5744 931 5813 antiquitate,
967 5741 1229 5797 adversus
1268 5741 1560 5797 haeresium
1600 5754 1773 5796 nova-

1890 4531 2156 4589 potestate
2179 4531 2234 4576 et
2266 4521 2648 4575 infallibilitate
2674 4529 2947 4589 praecepta
2977 4520 3180 4592 dirigit,
3211 4529 3268 4576 et
3288 4538 3477 4590 quem-

1886 4611 2175 4665 admodum
2220 4612 2285 4665 iis
2332 4612 2384 4664 in
2420 4612 2729 4680 reipublicae
2761 4612 3111 4682 omniumque
3150 4622 3474 4682 potestatum

1885 4704 2269 4758 detrimentum
2312 4704 2575 4776 Loyolitte
2612 4715 2722 4757 tum
2763 4706 2908 4760 abuti
2950 4709 3472 4777 cmperintpororat.

1961 4798 2119 4852 1651.
2157 4798 2610 4863 0x0nirr;in-2£.
2658 4798 2967 4869 Peregrini,
3005 4800 3057 4855 id
3086 4812 3198 4867 est,
3229 4811 3287 4855 ut
3315 4802 3476 4872 vulgo

1887 4892 2222 4963 perhibetur,
2277 4894 2546 4948 Vincentii
2585 4892 2884 4948 Lirinensis
2907 4894 3331 4949 Commonitoria
3363 4893 3475 4950 duo

1885 4988 2150 5042 adversus
2202 4988 2456 5058 profanas
2498 4988 2769 5056 hzereses;
2814 4988 3065 5058 adjicitur
3090 4990 3153 5043 D.
3185 4989 3472 5060 Augustini

1886 5078 2022 5134 liber
2045 5078 2112 5134 de
2142 5078 2482 5146 llazresibus,
2509 5080 2676 5135 editio
2706 5092 3015 5151 repurgata,
3044 5084 3255 5139 caeteris
3286 5099 3471 5139 emen-

1884 5172 2079 5227 datior.
2115 5174 2227 5228 Cat.
2258 5171 2394 5226 Bibl.
2423 5172 2551 5244 Reg.
2587 5171 2754 5227 Paris.

1958 5267 2114 5322 1641.
2151 5266 2392 5336 Parisiis,
2422 5267 2600 5338 in-fol.
2625 5267 2889 5322 Vincentii
2920 5266 3222 5323 Lirinensis
3252 5267 3321 5323 de
3349 5268 3471 5323 Hm-

1882 5362 2095 5417 rcsibus
2142 5360 2313 5425 liber;
2366 5361 2417 5414 in
2460 5358 2597 5413 Bibl.
2633 5357 2751 5413 PP.
2800 5359 2930 5413 tomi
2966 5358 3057 5424 ιν,
3088 5366 3228 5429 part.
3255 5373 3295 5414 ι.
3340 5358 3469 5415 Haec

1880 5453 2066 5519 editio,
2097 5462 2155 5507 ut
2183 5467 2326 5523 smpe
2353 5468 2384 5507 a
2416 5452 2574 5507 nobis
2604 5450 2864 5507 monitum
2891 5460 2994 5519 est,
3025 5450 3092 5506 ab
3119 5452 3210 5508 illa
3237 5465 3292 5507 a.
3328 5451 3469 5509 1651

1879 5563 1986 5602 non
2020 5546 2125 5601 nisi
2154 5546 2315 5601 titulo
2345 5546 2559 5602 diversa
2587 5554 2689 5602 est.

1952 5641 2112 5697 1655.
2156 5638 2469 5695 Helmstadii
2518 5656 2581 5694 ea;
2619 5638 2965 5712 typographeo
3012 5638 3272 5695 Calixtino
3307 5655 3466 5711 opera

1879 5735 2143 5807 Henningi
2176 5734 2448 5803 Muelleri;
2477 5735 2646 5791 in-1°.
2684 5736 2944 5791 Vincentii
2971 5734 3279 5792 Lerinensis
3301 5733 3465 5791 Com-
