4028 6184
540 266 645 325 639

541 379 793 440 debemus
813 378 955 451 quod
976 379 1029 434 in
1055 378 1214 433 vitam
1235 374 1476 447 proﬁciat
1493 381 1775 440 aeternam;
1813 374 2106 444 praesertim

537 484 659 525 cum
673 478 729 526 et
741 467 1204 540 appropinquantis
1223 465 1382 518 divini
1398 463 1586 519 Judicii
1606 465 1851 519 terribilis
1866 463 2108 534 quzedam

533 561 861 630 exspectatio
884 557 1060 626 augeri
1084 554 1335 624 efﬁagitet
1357 554 1529 609 studia
1547 555 1852 624 Religionis,
1871 563 1925 609 et
1942 569 2106 609 novo-

535 667 652 706 rum
678 650 1052 704 Haareticorum
1077 645 1426 700 fraudulentia
1453 647 1675 700 multum
1694 661 1835 700 cum:
1857 654 1911 701 et
1931 653 2104 700 atten-

533 742 693 796 tionis
718 739 932 794 indicat.
959 738 1129 792 Locus
1150 738 1225 809 (l)
1251 745 1446 803 autem,
1468 736 1607 806 quod
1629 737 1838 790 urbium
1862 735 2106 805 frequen-

531 832 657 885 tiam
683 829 967 898 turbasque.
992 828 1237 894 vitantes,
1263 827 1562 881 remotioris
1579 827 1654 898 (2)
1677 827 1868 881 villulae
1889 836 1943 880 et
1968 827 2021 880 in
2043 839 2106 881 ea

531 929 792 976 secretum
815 918 1121 974 monasterii
1145 917 1434 971 ineolamus
1465 915 1850 983 habitaculum,
1875 916 1965 970 ubi
1986 917 2107 971 abs-

531 1029 635 1083 que
672 1025 863 1082 magna
895 1010 1236 1066 distractione
1260 1008 1372 1063 ﬁeri
1398 1009 1565 1078 possit
1589 1008 1715 1062 illud
1735 1008 1877 1078 quod
1901 1009 2108 1062 canitur

533 1102 584 1156 in
609 1103 844 1173 psalmo:
881 1100 1080 1163 Vacate,
1107 1098 1306 1168 inquit,
1344 1107 1390 1151 et
1415 1097 1572 1151 videte
1599 1099 1834 1167 quoniam
1871 1114 1961 1168 ego
1997 1115 2108 1151 sum

534 1193 796 1259 Dominus,
836 1193 979 1246 Psal.
1015 1193 1102 1246 45.
1128 1190 1234 1246 Sed
1259 1200 1314 1244 et
1349 1189 1604 1260 propositi
1628 1190 1797 1244 nostri
1821 1191 1957 1243 ratio
1978 1190 2031 1243 in
2055 1189 2108 1243 id

531 1286 804 1350 convenit;
828 1284 1020 1354 quippe
1041 1281 1132 1351 qui
1153 1296 1272 1334 eum
1295 1279 1599 1349 aliquandiu
1620 1281 1779 1333 variis
1794 1295 1856 1334 ac
1870 1280 2108 1335 tristibus

529 1375 782 1429 sccularis
808 1374 1006 1428 militiae
1041 1371 1335 1425 turbinibus
1361 1371 1722 1435 volveremur,
1759 1369 1972 1424 tandem
2012 1386 2109 1424 nos

533 1481 585 1520 ιιι
625 1476 832 1536 portum
875 1463 1164 1534 Religionis
1189 1505 1203 1530 ,
1251 1463 1456 1517 cunctis
1501 1477 1710 1531 semper
1755 1462 2066 1516 ﬁdissimum
2090 1505 2104 1530 ,

532 1558 741 1614 Christo
763 1558 1062 1628 adspirante
1087 1555 1451 1621 condidimus;
1493 1563 1551 1609 ut
1577 1555 1648 1608 ibi
1679 1555 1934 1624 depositis
1958 1556 2107 1608 vani-

530 1653 652 1706 tatis
674 1667 735 1706 ac
756 1651 1016 1720 superbize
1041 1647 1270 1715 ﬂatibus,
1287 1647 1603 1702 Christiana:
1625 1646 1934 1700 humilitatis
1950 1647 2111 1699 sacri-

532 1744 650 1798 ﬁcio
673 1744 942 1814 placantes
964 1742 1132 1797 Deum
1152 1784 1166 1808 ,
1206 1756 1312 1795 non
1339 1740 1510 1794 solum
1537 1740 1812 1808 praesentis
1833 1740 1953 1792 vita:
1974 1755 2109 1792 nau-

531 1833 715 1904 fragia,
734 1833 827 1889 sed
843 1834 1001 1887 etiam
1023 1831 1182 1887 futuri
1209 1831 1370 1885 seculi
1388 1829 1627 1884 incendia
1643 1830 1808 1883 vitare
1824 1830 2105 1898 possimus.

531 1925 635 1980 Sed
666 1925 776 1994 jam
801 1925 855 1978 in
891 1924 1104 1978 nomine
1140 1922 1346 1976 Domini
1379 1921 1521 1990 quod
1548 1921 1708 1973 instat
1732 1918 2028 1988 adgrediar,
2055 1926 2113 1972 ut

531 2018 731 2072 scilicet
749 2032 778 2070 a
797 2016 1082 2086 majoribus
1099 2015 1288 2068 tradita
1312 2021 1365 2068 et
1387 2013 1524 2082 apud
1546 2028 1643 2066 nos
1662 2013 1897 2081 deposita
1921 2011 2113 2066 descri-

531 2108 670 2175 bam,
685 2108 926 2162 relatoris
942 2105 1042 2160 ﬁde
1059 2105 1234 2175 potius
1253 2120 1410 2174 quam
1427 2103 1657 2156 auctoris
1673 2103 2108 2171 praesumptione;

531 2199 629 2254 hac
656 2210 828 2256 tamen
866 2197 1132 2255 scribendi
1163 2197 1278 2267 lege
1300 2205 1527 2260 servata,
1557 2203 1614 2248 ut
1639 2209 1969 2263 nequaquam
1991 2209 2109 2247 om-

531 2292 636 2359 nia,
665 2291 758 2346 sed
785 2299 989 2345 tantum
1013 2288 1310 2343 necessaria
1347 2300 1568 2355 qumque
1593 2285 1942 2354 perstringam
1962 2326 1976 2350 ,
2017 2301 2110 2338 ne-

529 2397 630 2451 que
647 2382 697 2435 id
717 2391 901 2435 ornato
917 2388 971 2434 et
984 2388 1170 2432 exacto
1189 2377 1281 2432 sed
1298 2377 1437 2430 facili
1453 2376 1823 2444 communique
1839 2390 2104 2443 sermone,

529 2483 586 2527 ut
603 2474 850 2544 pleraque
867 2471 1155 2542 signiﬁcata
1172 2471 1345 2540 potius
1361 2484 1518 2539 quam
1537 2468 1792 2537 explicata
1810 2468 2103 2521 videantur.

530 2567 777 2622 Scribant
811 2566 845 2619 ii
869 2566 1009 2618 laute
1035 2572 1088 2618 et
1110 2572 1352 2617 accurate
1373 2563 1459 2631 qui
1484 2561 1551 2614 ad
1575 2559 1677 2613 hoc
1698 2575 1889 2613 munus
1915 2560 1996 2613 vel
2022 2561 2105 2613 in-

529 2658 666 2729 genii
694 2656 883 2710 ﬁducia
909 2656 991 2709 vel
1014 2655 1170 2709 ofﬁcii
1196 2654 1397 2708 ratione
1417 2652 1696 2705 ducuntur.
1724 2650 1804 2704 Me
1831 2665 1956 2704 vero
1979 2651 2104 2704 sub-

531 2747 767 2802 levanda;
803 2746 1183 2801 recordationis
1213 2745 1293 2798 vel
1325 2743 1499 2812 potius
1531 2741 1810 2794 oblivionis
1831 2755 1962 2794 mea:
1983 2757 2105 2811 gra-

528 2843 600 2898 tia
637 2841 1108 2897 Commonitorium
1145 2839 1219 2908 (5)
1260 2835 1500 2890 mihimet
1539 2848 1752 2902 parasse
1792 2833 2057 2887 suffecerit
2089 2852 2101 2887 :

528 2931 668 3002 quod
691 2941 865 2985 tamen
890 2928 1162 3000 paulatim,
1188 2923 1468 2979 recolendo
1489 2939 1606 2992 qua:
1622 2922 1804 2988 didici,
1822 2922 2107 2978 emendare

527 3033 581 3078 et
602 3024 822 3094 implere
845 3021 1079 3093 quotidie
1099 3062 1113 3087 ,
1143 3019 1364 3073 Domino
1389 3024 1671 3087 praestante
1690 3058 1703 3084 ,
1727 3016 1979 3070 conabor.
2006 3017 2104 3070 At-

527 3132 629 3187 que
661 3117 763 3172 hoc
786 3117 958 3187 ipsum
985 3113 1179 3168 idcirco
1205 3111 1495 3181 praemonui
1515 3151 1530 3176 ,
1558 3117 1616 3163 ut
1643 3110 1687 3162 si
1712 3109 1847 3163 forte
1868 3109 2107 3177 elapsum

527 3210 700 3276 nobis,
726 3209 778 3263 in
802 3223 988 3263 manus
1023 3214 1326 3261 sanctorum
1351 3203 1653 3269 devenerit,
1688 3203 1818 3256 nihil
1840 3203 1892 3255 in
1932 3218 1997 3256 eo
2023 3212 2104 3257 te-

528 3313 674 3352 mere
721 3296 1143 3367 reprehendant,
1186 3294 1327 3364 quod
1370 3293 1542 3347 adhuc
1585 3291 1800 3346 videant
1844 3293 2106 3360 promissa

527 3385 895 3442 emendatione
917 3385 1225 3439 limandum.

596 3476 660 3529 ll.
686 3475 839 3543 Saepe
873 3477 1032 3544 igitur
1071 3488 1262 3544 magno
1299 3473 1474 3528 studio
1498 3482 1554 3527 et
1577 3488 1781 3527 summa
1817 3474 2105 3527 attentione

528 3566 840 3637 perquirens
860 3581 891 3620 a
915 3565 1315 3634 qdamplurimis
1337 3566 1613 3619 sanctitate
1634 3573 1689 3618 et
1712 3564 1948 3618 doctrina
1971 3579 2105 3631 pra:-

528 3653 786 3711 stantibus
822 3655 947 3709 viris
971 3669 1200 3722 quonam
1225 3654 1384 3708 modo
1407 3657 1606 3724 possim
1630 3663 1774 3709 certa
1799 3654 2026 3722 quadam
2052 3660 2105 3706 et

528 3745 676 3816 quasi
697 3745 930 3815 generali
953 3759 1014 3800 ac
1037 3745 1262 3815 regulari
1282 3746 1367 3800 via
1392 3746 1664 3800 catholicae
1687 3744 1806 3800 ﬁdei
1829 3747 2104 3799 veritatem

527 3837 592 3892 ab
612 3833 878 3890 haeretica.
905 3836 1177 3906 pravitatis
1202 3836 1426 3890 falsitate
1451 3836 1773 3899 discernere,
1804 3833 2104 3901 hujusmodi

527 3941 734 3996 semper
759 3942 1072 3996 responsum
1110 3927 1177 3980 ab
1199 3927 1444 3981 omnibus
1468 3926 1577 3979 fere
1601 3925 1751 3978 retuli
1775 3965 1788 3988 ,
1827 3923 1968 3991 quod
1993 3925 2104 3978 sive

526 4032 640 4087 ego,
677 4018 789 4072 sive
821 4018 939 4085 quis
971 4017 1104 4069 alius
1127 4017 1282 4070 vellet
1306 4015 1698 4084 exsurgentium
1735 4014 2100 4068 haereticorum

527 4106 738 4160 fraudes
759 4105 1156 4172 deprehendere
1179 4107 1496 4174 laqueosque
1513 4107 1696 4168 vitare,
1716 4113 1767 4158 et
1785 4105 1833 4157 in
1857 4104 1958 4159 ﬁde
1975 4123 2100 4162 sana

530 4206 686 4246 sanus
719 4200 876 4260 atque
903 4193 1103 4262 integer
1125 4208 1456 4262 permanere,
1482 4193 1674 4262 duplici
1715 4195 1872 4248 modo
1895 4211 2100 4253 munire

596 4335 872 4424 .(l‘jﬁlnsula
911 4336 1456 4424 lgerina‘vel‘“Lirinus
1481 4379 1513 4424 ,‘
1542 4353 1660 4424 quae
1689 4339 1829 4406 jacet
1855 4339 1968 4424 Lat.
1998 4343 2098 4424 ξδ’

526 4407 605 4462 50'
635 4407 698 4462 δ”
724 4407 890 4477 Long.
918 4408 1010 4462 24⁸
1038 4409 1118 4462 42‘
1141 4408 1259 4462 55".
1289 4407 1476 4460 Lcrina
1503 4407 1657 4461 hodie
1687 4424 1875 4463 nomen
1900 4409 1958 4463 S.
1990 4411 2100 4464 Ilo-

525 4479 688 4532 norati
727 4477 903 4546 habet,
946 4479 1034 4548 qui
1061 4477 1389 4534 celeberrimi
1429 4477 1689 4548 quondam
1720 4479 1878 4533 totius
1917 4480 2098 4536 Gallias

523 4548 828 4602 monasterii
856 4549 908 4602 in
937 4547 1020 4602 illa
1050 4549 1218 4603 insula
1240 4557 1422 4602 auctor
1447 4547 1543 4602 fuit
1569 4557 1622 4602 et
1644 4549 1899 4603 conditor.

593 4619 670 4689 (2)
718 4619 854 4688 Ergo
882 4620 932 4672 in
960 4620 1128 4673 insula
1155 4619 1238 4673 illa
1258 4662 1272 4685 ,
1314 4628 1507 4688 printer
1532 4621 1906 4673 monasterium
1932 4662 1946 4685 ,
1985 4631 2098 4675 erat

523 4689 694 4757 aliqua
739 4689 990 4744 habitatio
1034 4689 1306 4744 hominum
1352 4689 1686 4742 secularium.
1738 4689 2096 4746 Remotiorem

525 4773 680 4828 porro
702 4759 930 4813 villulam
958 4761 1162 4813 vocavit
1177 4760 1438 4813 Lirinum:
1464 4760 1584 4828 quia
1612 4774 1731 4812 eum
1760 4761 1927 4814 insula
1955 4769 2098 4816 esset

525 4846 573 4882 ιιι
602 4829 734 4883 mari
760 4829 1162 4897 Mediterraneo,
1193 4828 1528 4883 manifestum
1556 4837 1668 4882 erat
1693 4845 1811 4883 eam
1835 4841 2095 4886 remotam

521 4914 641 4953 esse
665 4900 734 4952 ab
757 4899 975 4954 urbibus
1000 4909 1054 4954 et
1072 4899 1296 4968 Oppidis.

593 4970 669 5039 (ὅ)
703 4969 960 5024 Vincentii
987 4977 1298 5038 tempestate
1333 4969 1382 5022 in
1411 4977 1660 5039 usuerat
1694 4969 2095 5026 Commonitorii

525 5052 623 5110 vox
649 5046 803 5110 :_t_um
821 5039 888 5110 ad
909 5039 1242 5110 signiﬁcanda
1265 5038 1711 5110 mandatalegatis
1732 5042 1928 5110 scripto
1947 5041 2090 5109 data,

523 5115 580 5161 ut
605 5108 636 5160 ει
659 5106 1446 5164 Τιιεοάοεὶοἶὶοῐηηιοηίωνίιιιιι
1474 5109 1675 5177 Elpidio
1709 5106 1886 5164 etnni'ti
1913 5106 2094 5165 datum

523 5177 790 5250 Ephesum
818 5179 1167 5248 proﬁciscenti
1199 5179 1264 5232 ad
1291 5179 1581 5250 Synodum,
1606 5188 1659 5233 et
1685 5181 1904 5250 alterum
1934 5196 1962 5234 a
1989 5182 2092 5234 Zo-

521 5250 658 5319 imo
684 5248 936 5304 Faustino
960 5248 1345 5319 consignatum,
1375 5266 1534 5318 quum
1564 5251 1614 5302 in
1645 5249 1873 5304 Africam
1901 5252 2094 5305 missus

521 5318 636 5374 fuit.
680 5319 1030 5390 Frequentius
1055 5318 1231 5374 tamen
1259 5320 1696 5390 sumebaturipro
1724 5321 1836 5388 lege
1876 5338 1903 5373 a
1946 5338 2094 5376 man-

519 5390 678 5462 dante
693 5389 1019 5462 przescripta,
1037 5399 1095 5444 ut
1107 5400 1443 5462 exsequatur,
1458 5389 1595 5459 quod
1617 5400 1823 5444 constat
1843 5409 1902 5444 ex
1923 5393 2089 5462 Epist.

521 5459 808 5514 Innocentii
849 5459 1004 5530 Papae
1031 5476 1126 5530 pro
1159 5461 1360 5515 Joanne
1384 5459 1782 5529 Chrysostomo.
1818 5463 1909 5515 llic
1945 5459 2088 5530 vero,

520 5540 579 5586 ut
604 5538 748 5585 recte
767 5531 1014 5603 observat
1040 5531 1280 5603 Baliizius
1307 5533 1360 5603 in
1383 5533 1542 5599 notis,
1568 5532 1828 5603 signiﬁcat
1850 5534 2093 5603 scriptio-

521 5603 604 5656 nis
627 5617 810 5682 gen'us,
837 5600 1128 5668 cujusmodi
1156 5610 1278 5654 sunt
1300 5602 1598 5657 adversaria
1621 5600 1692 5658 ad
1719 5600 2096 5658 sublevandam

520 5683 850 5726 memoriam.

1779 267 2116 327 VTNCENT"
2167 269 2542 326 LIRINENSIS

2216 373 2372 429 ﬁdem
2394 389 2562 441 suam,
2582 374 2804 428 Domino
2824 373 3118 443 adjuvante,
3143 373 3361 429 deberet
3384 391 3396 428 :
3427 373 3658 444 primum
3679 376 3759 435 sci

2215 466 2338 520 licet
2357 466 2544 520 divina:
2568 466 2697 535 legis
2717 467 3041 532 auctoritate,
3067 474 3178 519 tum
3199 465 3392 519 deinde
3413 466 3664 522 Ecclesia
3694 483 3758 524 ca

2215 553 2422 608 tholieaa
2447 555 2744 610 traditione.
2773 555 2868 609 llic
2892 554 3107 630 forsitan
3141 557 3377 624 requirat
3398 556 3587 627 aliquis
3613 576 3625 611 :
3652 556 3776 613 (Σιω-

2216 645 2284 699 sit
2305 645 2567 715 perfectus
2601 645 2991 716 Scripturarum
3014 645 3192 699 Canon
3214 687 3228 712 ,
3271 646 3476 715 sibique
3511 647 3577 701 ad
3611 649 3782 703 omnia

2215 737 2343 791 satis
2367 753 2630 808 superque
2650 737 2909 805 sufﬁciat,
2936 737 3059 807 quid
3093 752 3224 805 opus
3247 747 3329 791 est
3347 747 3404 791 ut
3422 741 3470 792 ei
3493 741 3769 796 Ecclesias-

2216 826 2333 879 tica:
2370 827 2726 896 intelligentia:
2757 827 3006 897 jungatur
3038 827 3354 881 auctoritas?
3387 827 3514 894 Quia
3543 830 3774 886 videlice

2185 937 2188 940 ν
2217 914 2542 985 Scripturam
2577 932 2780 971 sacram
2815 932 2912 987 pro
2948 919 3061 986 ipsa
3101 932 3196 970 sua
3231 917 3497 973 altitudine
3535 935 3642 974 non
3680 937 3792 976 uno

2215 1005 2506 1076 eodemque
2540 1021 2698 1062 sensu
2726 1008 2956 1061 universi
2995 1008 3277 1075 accipiunt,
3300 1009 3391 1064 sed
3411 1010 3648 1079 ejusdem
3668 1012 3791 1067 elo-

2216 1095 2338 1164 quia
2359 1096 2512 1150 aliter
2532 1104 2689 1165 atque
2709 1097 2862 1150 aliter
2882 1097 3014 1150 alius
3037 1104 3193 1164 atque
3225 1097 3357 1150 alius
3383 1097 3790 1167 interpretatur;

2217 1193 2275 1238 ut
2298 1200 2432 1254 pene
2469 1194 2597 1255 quot
2637 1186 2878 1240 homines
2900 1194 3044 1251 sunt,
3081 1195 3159 1240 tot
3197 1187 3338 1241 illinc
3378 1189 3654 1244 sententia:
3678 1190 3791 1251 erui

2217 1290 2373 1344 posse
2394 1277 2687 1332 videantur.
2713 1278 2882 1332 Aliter
2905 1293 3131 1347 namque
3163 1279 3304 1332 illam
3330 1279 3670 1348 Novatianus,
3697 1283 3790 1336 ali-

2218 1375 2300 1421 ter
2319 1367 2597 1435 Sabellius,
2622 1370 2774 1424 aliter
2795 1370 3027 1424 Donatus
3047 1373 3280 1439 exponit,
3307 1371 3461 1426 aliter
3484 1373 3658 1438 Arius,
3683 1375 3792 1429 Ειμ

2218 1459 2454 1523 nomius,
2498 1459 2866 1524 Macedonius;
2911 1460 3062 1513 aliter
3104 1459 3399 1527 Photinus,
3451 1462 3789 1532 Apollinaris,

2218 1549 2576 1605 Priscillianus
2593 1594 2606 1618 ,
2647 1552 2799 1605 aliter
2823 1551 3127 1606 Iovinianus
3147 1595 3160 1619 ,
3185 1553 3428 1622 Pelagius
3448 1596 3464 1620 ,
3488 1554 3786 1623 Czelestius;

2219 1640 2371 1696 aliter
2405 1650 2673 1710 postremo
2698 1642 2988 1696 Nestorius.
3013 1642 3185 1712 Atque
3212 1644 3408 1700 idcirco
3442 1647 3654 1700 multum
3691 1665 3790 1703 ne-

2219 1745 2366 1784 cesse
2400 1740 2479 1784 est
2499 1775 2511 1798 ,
2543 1741 2757 1800 propter
2796 1741 2968 1786 tantos
3003 1741 3108 1785 tam
3133 1734 3262 1786 varii
3287 1735 3484 1789 erroris
3505 1735 3788 1806 anfractus,

2220 1831 2276 1875 ut
2300 1824 2618 1891 prophetica:
2655 1833 2707 1878 et
2731 1825 3030 1893 apostolicae
3067 1825 3512 1893 interpretationis
3538 1827 3673 1882 linea
3709 1844 3790 1883 se-

2219 1915 2449 1968 cundum
2479 1917 2831 1969 licclesiastiei
2855 1925 2906 1970 et
2927 1916 3182 1970 Catholici
3207 1931 3392 1972 sensus
3412 1935 3648 1973 normam
3671 1919 3792 1974 diri-

2219 2012 2389 2072 gatur.
2421 2004 2473 2057 ln
2503 2006 2613 2073 ipsa
2636 2007 2757 2059 item
2781 2005 3049 2060 Catholica
3087 2007 3322 2062 Ecclesia
3356 2023 3670 2078 magnopere
3689 2027 3793 2065 cu-

2221 2095 2442 2150 randum
2464 2105 2545 2150 est
2567 2105 2623 2150 ut
2647 2097 2697 2151 id
2720 2106 2991 2153 teneamus
3006 2099 3146 2167 quod
3170 2100 3378 2169 ubique,
3395 2101 3531 2170 quod
3551 2118 3795 2171 semper,

2220 2185 2358 2254 quod
2381 2186 2446 2239 ab
2465 2186 2708 2240 omnibus
2730 2187 2987 2240 creditum
3009 2196 3107 2241 est.
3128 2187 3238 2242 Hoc
3261 2197 3342 2243 est
3361 2190 3552 2243 etenim
3569 2191 3644 2262 (l)
3665 2207 3796 2248 vere

2219 2277 2531 2345 prOprieque
2553 2276 2888 2344 catholicum,
2911 2277 3050 2347 quod
3075 2279 3186 2347 ipsa
3201 2279 3280 2332 vis
3303 2279 3530 2333 nominis
3552 2281 3795 2351 ratioque

2218 2365 2469 2433 declarat,
2497 2383 2614 2436 qum
2640 2368 2816 2421 omnia
2845 2367 2953 2422 fere
2979 2369 3348 2422 universaliter
3369 2369 3793 2439 comprehendit.

2218 2456 2321 2511 Sed
2345 2457 2445 2511 hoc
2469 2460 2539 2511 ita
2561 2458 2774 2512 demum
2812 2458 2932 2524 ﬁet,
2971 2459 3014 2511 si
3050 2474 3336 2528 sequamur.
3356 2460 3756 2516 universitatem
3776 2501 3797 2532 ,

2217 2548 2600 2618 antiquitatem,
2625 2550 3046 2603 consensionem.
3071 2550 3366 2618 Sequemur
3385 2560 3561 2605 autem
3583 2552 3798 2607 univer-

2217 2637 2424 2692 sitatem
2452 2639 2552 2692 hoc
2591 2639 2780 2705 modo,
2825 2639 2868 2692 si
2908 2639 3043 2693 hanc
3078 2656 3236 2693 unam
3275 2641 3430 2696 ﬁdem
3469 2657 3645 2698 veram
3671 2659 3799 2701 esse

2216 2724 2475 2781 fateamur
2508 2743 2666 2796 quam
2712 2737 2816 2782 tota
2863 2743 2956 2796 per
2993 2728 3177 2782 orbem
3217 2738 3475 2784 terrarum
3513 2732 3799 2790 confitetur

2215 2815 2478 2882 Ecclesia;
2521 2819 2881 2887 antiquitatem
2910 2834 3035 2872 vero
3080 2819 3185 2884 ita,
3229 2820 3274 2873 si
3312 2820 3380 2874 ab
3423 2820 3505 2876 his
3549 2824 3799 2882 sensibus

2215 2908 2510 2963 nullatenus
2536 2908 2844 2962 recedamus
2870 2923 3002 2978 quos
3029 2917 3238 2962 sanctos
3264 2911 3488 2979 majores
3524 2926 3585 2966 ac
3611 2921 3801 2982 patres

2213 3006 2424 3053 nostros
2473 2998 2770 3052 celebrasse
2827 2997 3163 3052 manifestum
3209 3007 3338 3053 est:
3386 3002 3800 3061 consensionem

2214 3103 2422 3158 quoque
2449 3088 2650 3154 itidem,
2681 3090 2745 3152 si,
2771 3089 2821 3141 in
2845 3089 2956 3157 ipsa
2984 3096 3263 3156 vetustate,
3282 3090 3516 3144 omnium
3537 3091 3616 3144 vel
3643 3103 3801 3151 certe

2215 3194 2349 3248 pene
2375 3180 2608 3232 omnium
2637 3179 2968 3233 sacerdotum
2996 3179 3193 3248 pariter
3217 3189 3272 3233 et
3298 3180 3664 3250 magistrorum
3693 3183 3800 3240 dc-

2214 3269 2478 3323 ﬁnitiones
2498 3270 2886 3338 sententiasque
2907 3277 3189 3323 sectemur.

2285 3360 2369 3412 lll.
2400 3360 2537 3426 Quid
2563 3361 2719 3429 igitur
2744 3368 2866 3414 tunc
2903 3359 3057 3413 faciet
3091 3358 3423 3413 Christianus
3461 3360 3761 3417 catholicus
3784 3408 3797 3432 ,

2214 3450 2258 3504 si
2279 3465 2336 3504 se
2358 3450 2530 3519 aliqua
2547 3451 2796 3504 Ecclesia:
2815 3449 3066 3518 particula
3086 3449 3153 3501 ab
3174 3449 3483 3503 universalis
3506 3449 3624 3504 ﬁdei
3647 3467 3801 3508 com-

2214 3541 2462 3594 munione
2489 3539 2818 3608 prteciderit?
2837 3539 2972 3606 Quid
2996 3539 3173 3608 utique
3194 3539 3298 3592 nisi
3322 3547 3376 3592 ut
3402 3540 3650 3607 pestifero
3669 3557 3800 3598 cor-

2213 3639 2471 3700 ruptoque
2505 3630 2744 3684 membro
2777 3631 3055 3683 sanitatem
3095 3629 3324 3682 universi
3361 3632 3598 3699 corporis
3633 3641 3801 3690 ante-

2214 3722 2406 3788 ponat?
2445 3719 2578 3786 Quid
2615 3721 2659 3774 si
2695 3720 2897 3774 novella
2924 3720 3094 3789 aliqua
3128 3720 3370 3789 contagio
3397 3734 3499 3773 non
3530 3721 3637 3790 jam
3665 3737 3802 3792 por-

2215 3811 2498 3866 tiunculam
2535 3818 2737 3864 tantum
2757 3852 2772 3877 ,
2802 3809 2894 3864 sed
2920 3817 3082 3864 totam
3109 3809 3302 3879 pariter
3327 3809 3616 3864 Ecclesiam
3640 3827 3801 3872 com-

2284 3923 2358 4044 (ιζ
2389 3922 2712 3991 Proprietate
2740 3919 2982 3974 catholici
3010 3919 3237 3974 nominis
3267 3918 3347 3973 usi
3368 3927 3491 3972 sunt
3516 3919 3695 3973 Patres
3715 3924 3803 3979 ad

2284 3993 2336 4044 Fel
2360 3992 2524 4044 endos
2545 3991 2840 4044 harreticos.
2863 3991 3108 4044 quoniam
3131 3988 3270 4044 iuxta
3291 3989 3670 4044 Pronhetarum
3691 4005 3803 4044 va-

2212 3988 2524 4046 refellendos
2545 3991 2840 4060 harreticos,
2863 3991 3108 4060 quoniam
3124 3988 3670 4060 juxtaProphetarum
3691 4005 3803 4046 va-

2211 4063 2389 4115 ticinia
2418 4077 2512 4130 per
2539 4059 2734 4115 Orbem
2767 4059 3102 4114 diﬁundenda
3137 4067 3252 4112 erat
3279 4059 3547 4130 Ecclesia,
3586 4069 3639 4130 et
3674 4076 3798 4119 non

2211 4129 2523 4185 coarctanda
2551 4131 2602 4184 in
2633 4130 2876 4200 angulum
2907 4145 3079 4200 parva:
3110 4129 3372 4200 regionis,
3413 4130 3496 4183 vel
3523 4129 3588 4200 in
3606 4129 3797 4189 Terra:

2245 4202 2552 4265 articulam;
2580 4197 2812 4270 alioquin
2845 4197 3069 4254 ut'recte
3096 4197 3267 4269 arguit
3285 4197 3504 4270 Optatos
3537 4199 3630 4270 lib.
3659 4201 3698 4256 2
3724 4203 3795 4260 de

2251 4272 2439 4326 chism.
2475 4268 2730 4326 Donatist.
2755 4287 2899 4324 num.
2922 4271 2942 4323 1
2973 4289 2985 4323 :
3011 4290 3028 4320 ‹
3053 4270 3150 4324 Ubi
3168 4268 3271 4323 erit
3283 4269 3576 4338 proprietas
3591 4268 3795 4327 Catho-

2215 4360 2234 4393 ‹
2262 4342 2347 4396 lici
2377 4343 2626 4407 nominis,
2657 4358 2817 4411 quum
2845 4340 2966 4394 inde
2985 4341 3122 4394 dicta
3143 4339 3210 4393 sit
3233 4339 3520 4411 Catholica,
3551 4341 3696 4409 quod
3719 4345 3795 4398 sit

2216 4431 2234 4462 ι
2258 4413 2582 4467 rationabilis
2619 4408 2689 4465 et
2714 4412 2907 4481 ubique
2943 4411 3146 4463 diﬁ'usa.
3172 4429 3188 4460 ι
3235 4408 3386 4481 Quod
3428 4408 3791 4481 nomenquia

2209 4479 2587 4546 honoriﬁcum,
2617 4477 2870 4550 spemque
2898 4481 3078 4534 salutis
3106 4480 3457 4550 complectens
3480 4477 3792 4550 ,__invident

2208 4553 2451 4607 llaeretici
2474 4545 3022 4620 nobisfcona'nturque
3041 4545 3265 4620 eripere,
3285 4557 3341 4603 ut
3353 4549 3472 4601 olim
3489 4545 3788 4620 Christiani

2206 4638 2398 4676 nomen
2421 4623 2605 4676 invidit
2621 4623 2857 4676 Julianus
2878 4616 3146 4690 Aposuita.
3169 4619 3238 4673 At
3258 4619 3503 4674 Romana:
3523 4616 3788 4690 Ecclesia:

2207 4692 2326 4744 ﬁliis
2352 4693 2632 4746 convenire
2658 4703 2808 4745 acute
2835 4707 2897 4745 ex
2928 4689 3046 4760 ipsa
3081 4690 3447 4760 hereticorum
3472 4696 3646 4742 mente
3665 4689 3786 4760 idc-

2205 4772 2465 4840 monstrat
2493 4763 2844 4840 _Augus_tinus
2873 4759 2972 4840 lib;
2995 4760 3107 4840 9p.
3153 4759 3447 4840 Imperfecti
3471 4774 3630 4840 num;
3769 4779 3782 4814 :

2211 4851 2228 4882 ι
2254 4827 2659 4897 Athanasianos,
2685 4832 2870 4900 inquit,
2892 4831 2973 4884 vel
2995 4827 3379 4900 Romousianos
3393 4829 3572 4882 Ariani
3591 4827 3786 4884 Catho-

2211 4921 2229 4952 ‹
2254 4903 2382 4955 Iicos
2402 4911 2609 4964 vocant,
2633 4917 2736 4955 non
2758 4899 2810 4955 et
2835 4901 2922 4954 alii
2950 4901 3201 4955 hmretici.
3232 4899 3336 4953 Vos
3356 4907 3530 4953 autem
3559 4913 3662 4953 non
3685 4913 3783 4952 so-

2210 4990 2228 5022 ι
2257 4973 2364 5025 lum
2393 4988 2422 5025 a
2442 4972 2746 5037 Catholicis,
2771 4972 2863 5026 sed
2883 4971 3039 5025 etiam
3066 4970 3131 5024 ab
3158 4969 3432 5023 Haereticis
3452 4983 3480 5021 a
3501 4968 3650 5022 vobis
3667 4968 3782 5023 dis-

2210 5061 2226 5092 ι
2252 5043 2617 5108 sentientibus,
2642 5051 2694 5096 et
2719 5041 2869 5095 vobis
2892 5040 3167 5106 similibus,
3191 5039 3456 5108 Pelagiani
3479 5039 3735 5108 vocamini
3764 5057 3777 5092 :

2209 5131 2227 5163 ι
2250 5105 2692 5180 quemadmodum
2726 5127 2832 5165 non
2860 5119 3060 5164 tantum
3089 5124 3118 5162 a
3143 5105 3414 5180 Catholica
3433 5151 3448 5166 .
3497 5105 3592 5180 sed
3616 5109 3778 5162 etiam

2209 5201 2227 5233 ‹
2251 5178 2317 5237 ab
2343 5182 2634 5236 lueresibus
2652 5191 2906 5236 vocantur
2929 5180 3130 5234 Ariani.
3156 5179 3261 5233 Vos
3282 5193 3408 5233 vero
3435 5178 3532 5232 soli
3559 5191 3658 5232 nos
3677 5193 3777 5246 ap-

2208 5271 2225 5303 ι
2251 5253 2455 5321 pellatis
2484 5252 2868 5317 Traducianos,
2910 5252 3046 5304 sicut
3083 5249 3152 5321 illi
3181 5248 3598 5321 Homou‘sianos,
3639 5247 3779 5301 sicut

2208 5342 2225 5373 ι
2246 5317 2528 5376 Donatista)
2554 5323 2896 5386 Macarianos,
2926 5322 3061 5374 sicut
3081 5319 3348 5373 Manichtci
3373 5317 3688 5381 Pharisaeos,
3719 5323 3776 5370 et

2209 5412 2225 5443 ι
2249 5395 2424 5448 czeteri
2454 5393 2685 5446 haeretici
2711 5392 2934 5447 diversis
2959 5389 3273 5444 nominibus.
3303 5388 3411 5443 Nec
3434 5387 3627 5442 mirum
3653 5399 3777 5442 esse

2207 5483 2225 5513 ‹
2253 5463 2430 5528 debet,
2447 5463 2588 5532 quod
2609 5463 2728 5516 novi
2753 5461 3004 5532 haeretici,
3025 5458 3293 5532 catholicis
3314 5473 3347 5532 _a
3366 5459 3559 5532 quibus
3577 5463 3776 5532 exeunt

2207 5553 2224 5583 ι
2249 5525 2442 5586 novum
2465 5525 2661 5586 nomen
2684 5533 2954 5602 imponant
2973 5525 3131 5602 (quod
3159 5529 3352 5602 placuit
3369 5525 3538 5602 etiam
3554 5525 3774 5581 vanitati

2207 5623 2223 5653 ι
2250 5604 2615 5657 haereticorum
2644 5596 2807 5656 nostri
2835 5596 2988 5670 aevi).
3007 5596 3117 5654 Hoc
3136 5598 3299 5666 enim,
3322 5606 3376 5653 et
3399 5596 3487 5651 alii
3511 5596 3769 5664 fecerunt,

2209 5695 2224 5719 σ
2249 5674 2457 5734 quando
2478 5672 2718 5726 similiter
2743 5672 3001 5725 exierunt.
3021 5688 3041 5723 ι
