4028 6184
233 343 325 399 (Ml
1381 348 1956 406 COMMONITOBIUM
2013 347 2296 403 PRIMUM.

225 451 478 509 maculare
503 447 753 502 conetur?
782 445 928 498 Tunc
953 443 1078 497 item
1101 441 1394 511 providebit
1413 449 1470 494 ut
1489 441 1785 510 antiquitati

229 543 467 598 inh:ereat
486 583 501 606 ,
542 554 660 608 qum
680 552 925 606 prorsum
948 536 1056 605 jam
1083 549 1187 588 non
1215 542 1386 603 potest
1411 533 1477 586 ab
1502 533 1606 586 ulla
1635 532 1785 586 novi-

229 635 340 688 tatis
365 630 545 686 fraude
570 627 770 683 seduci.
800 625 935 692 Quid
963 626 1007 679 si
1041 626 1095 678 in
1121 625 1232 693 ipsa
1255 630 1530 688 vetustate,
1561 622 1785 675 duorum

225 733 307 777 aut
332 708 486 776 trium
513 719 805 783 hominum,
824 717 906 772 vel
932 723 1077 770 certe
1102 715 1326 769 civitatis
1347 715 1500 768 unius
1521 720 1610 766 aut
1629 712 1788 766 etiam

226 812 496 882 provinciae
514 809 736 877 alicujus
756 822 904 862 error
924 805 1379 875 deprehendatur?
1407 805 1553 858 Tunc
1571 802 1787 856 omnino

227 900 412 954 curabit
454 906 514 952 ut
552 912 837 966 paucorum
879 893 1156 949 temeritati
1184 894 1266 947 vel
1302 893 1555 956 inscitiae,
1604 891 1649 945 si
1684 905 1788 958 qua

227 1000 354 1058 sunt,
377 989 748 1045 universaliter
767 987 1053 1056 antiquitus
1090 985 1398 1039 universalis
1423 983 1677 1038 Ecclesiae
1710 980 1787 1051 (1)

225 1079 426 1135 decreta
469 1085 754 1147 praeponat.
802 1075 938 1142 Quid
978 1075 1020 1128 si
1061 1075 1164 1128 tale
1204 1073 1402 1142 aliquid
1438 1079 1675 1140 emergat
1698 1069 1790 1123 ubi

225 1169 346 1222 nihil
364 1167 665 1236 hujusmodi
685 1166 1010 1234 reperiatur?
1037 1164 1182 1217 Tunc
1208 1179 1423 1232 operam
1443 1162 1588 1216 dabit
1607 1168 1664 1213 ut
1682 1160 1790 1213 col-

224 1257 350 1312 latas
375 1257 512 1310 inter
536 1271 592 1310 se
611 1256 871 1325 majorum
899 1254 1139 1308 consulat
1158 1254 1548 1321 interrogetque
1573 1257 1789 1305 senten-

222 1348 334 1413 tins,
365 1363 550 1402 eorum
577 1348 832 1401 duntaxat
869 1345 957 1414 qui
985 1344 1207 1398 diversis
1244 1343 1366 1396 licet
1390 1341 1717 1410 temporibus
1739 1347 1793 1393 et

224 1435 362 1503 locis,
392 1438 448 1492 in
475 1438 631 1492 unius
652 1444 827 1489 tamen
849 1435 1098 1488 Ecclesia:
1116 1433 1398 1487 Catholicae
1418 1431 1792 1486 communione

221 1533 270 1579 et
295 1526 394 1580 fide
430 1533 802 1595 permanentes
821 1567 835 1591 ,
863 1523 1099 1593 magistri
1127 1523 1420 1592 probabiles
1446 1523 1787 1590 exstiterunt;

222 1623 271 1668 et
295 1615 546 1684 quicquid
572 1630 679 1668 non
705 1629 840 1667 unus
873 1622 962 1666 aut
989 1613 1092 1667 duo
1115 1621 1337 1678 tantum,
1368 1613 1461 1667 sed
1487 1627 1672 1666 omnes
1699 1628 1791 1681 pa-

221 1703 345 1757 riter
373 1718 479 1756 uno
499 1702 791 1771 eodemque
811 1718 1070 1758 consensu
1095 1710 1295 1771 aperte,
1327 1700 1646 1770 frequenter,
1671 1717 1792 1770 per-

217 1802 527 1848 severanter
553 1793 809 1859 tenuisse,
851 1794 1145 1862 scripsisse,
1176 1792 1418 1846 docuisse
1454 1793 1787 1862 cognoverit,

219 1883 269 1937 id
299 1883 402 1937 sibi
437 1899 644 1952 quoque
677 1883 926 1953 intelligat
964 1884 1163 1952 absque
1190 1883 1295 1936 ulla
1321 1882 1646 1936 dubitatione
1671 1897 1790 1936 cre-

219 1971 471 2026 dendum.

289 2062 376 2117 IV.
421 2062 526 2117 Sed
565 2072 623 2117 ut
665 2065 900 2132 planiora
943 2063 1069 2116 fiant
1105 2078 1224 2132 qua:
1267 2062 1510 2128 d.cimus,
1540 2063 1793 2131 exemplis

221 2151 522 2221 singillatim
567 2152 872 2207 illustranda
907 2161 1028 2207 sunt
1054 2161 1108 2206 et
1133 2151 1288 2221 paulo
1326 2152 1536 2206 uberius
1570 2167 1794 2222 exagge-

222 2242 412 2306 randa;
446 2258 512 2297 ne
532 2243 826 2298 immodicm
845 2244 1112 2297 brevitatis
1132 2242 1306 2296 studio
1328 2243 1595 2311 rapiantur
1614 2259 1794 2298 rerum

223 2330 459 2396 pondera
503 2331 757 2386 orationis
799 2333 1083 2386 celeritate.
1115 2332 1374 2400 Tempore
1413 2332 1596 2386 Donati
1636 2331 1732 2401 (‘2),
1761 2348 1794 2387 a

219 2433 328 2485 quo
356 2419 658 2486 Donatistm,
687 2435 806 2473 eum
833 2435 949 2474 sese
971 2420 1044 2491 (5)
1073 2421 1233 2474 multa
1269 2436 1388 2489 pars
1413 2420 1605 2476 Africa:
1629 2422 1682 2475 in
1709 2437 1794 2476 er—

293 2527 372 2597 (1)
389 2527 636 2582 Vetustus
655 2527 831 2582 Codex
853 2528 1046 2597 Regius
1065 2528 1242 2595 habet,
1262 2528 1564 2583 Universalis
1583 2529 1794 2585 (ΙοηείΙῆ

220 2594 443 2649 decreta.
478 2598 736 2652 Baluzius.

291 2666 370 2736 (ἓ)
420 2668 679 2721 Donatum
723 2668 964 2737 Magnum
1008 2667 1093 2722 hic
1135 2669 1375 2736 intelligit
1402 2670 1734 2736 Vincentius,
1764 2687 1794 2726 a

221 2751 325 2806 quo
351 2737 644 2806 appellatos
678 2737 839 2792 fuisse
879 2739 1176 2792 Douatistas
1204 2739 1256 2792 in
1284 2739 1397 2792 Divi
1427 2740 1650 2793 Possidii
1677 2741 1794 2795 Vita

219 2804 489 2878 luculento
503 2806 675 2877 Optati
690 2809 988 2878 testimonio
1007 2809 1284 2878 probatum
1305 2817 1412 2872 est;
1436 2825 1593 2878 quem
1621 2811 1795 2864 locum

220 2877 465 2949 coiisulat
486 2879 676 2949 flector.
706 2877 998 2933 Observare
1022 2887 1200 2932 tamen
1234 2886 1440 2949 oportet
1463 2877 1616 2949 longa
1642 2889 1796 2935 aetate

220 2955 340 3012 post
383 2947 613 3001 schisma
659 2949 923 3002 invectum
964 2949 1253 3016 appellatos
1297 2948 1458 3002 fuisse
1499 2947 1574 3002 ex'
1609 2951 1796 3002 Donati

218 3024 370 3133 parte
398 3017 513 3084 ejus
538 3026 844 3083 sectatores,
862 3033 1024 3084 quum
1053 3019 1220 3085 primo
1244 3017 1544 3071 dicerentur
1563 3033 1626 3070 ex
1649 3027 1798 3084 parte

218 3083 482 3133 ilainrini.
527 3087 661 3133 Hinc
705 3088 757 3133 in
800 3087 1053 3133 relatione
1098 3086 1311 3133 Annlini
1355 3086 1689 3133 Prncnnsulis
1731 3085 1798 3133 ad

217 3083 482 3153 Majorini.
527 3087 661 3140 Hinc
705 3088 759 3140 in
800 3083 1069 3140 relatione
1097 3086 1312 3138 Anulini
1353 3083 1689 3140 Proconsulis
1731 3085 1799 3139 ad

216 3152 627 3207 Constantinum
660 3156 883 3223 legitur:
921 3174 938 3205 ‹
959 3155 1188 3208 Libellus
1232 3154 1481 3207 Ecclesia:
1514 3153 1799 3208 Catholica:

220 3242 236 3272 ι
261 3223 554 3275 criminum
591 3223 856 3276 Caeciliani
895 3223 1117 3276 traditus
1155 3239 1185 3276 a
1211 3230 1360 3291 parte
1387 3223 1641 3291 Majorini.
1667 3243 1683 3274 ι
1717 3224 1800 3277 Si-

220 3242 236 3272 ι
261 3238 554 3275 criminum
591 3238 856 3276 canculam
895 3238 1117 3276 traditus
1155 3239 1185 3276 a
1211 3238 1360 3344 parte
1387 3238 1641 3291 illajOI'lm.
1667 3243 1683 3274 ›
1717 3238 1799 3277 δι-

215 3291 425 3344 militer
443 3292 763 3360 Augustinus
786 3291 911 3344 dum
931 3291 997 3345 de
1020 3292 1196 3346 libello
1241 3293 1450 3360 oquitur
1474 3294 1547 3346 ait
1571 3294 1799 3349 ablatum

215 3361 459 3431 fuisses
496 3371 637 3429 parte
673 3360 930 3430 Majorim'.
959 3361 1029 3414 At
1058 3362 1178 3430 quia
1212 3363 1351 3415 circa
1383 3377 1504 3415 ann.
1537 3362 1634 3416 Ch.
1673 3365 1794 3431 570,

216 3432 325 3499 jam
357 3429 636 3502 dicebatur
659 3431 857 3502 Donati
873 3446 1022 3502 pars;
1063 3429 1088 3502 ᾇ
1103 3432 1252 3502 quasi
1278 3447 1420 3497 vere,
1444 3432 1613 3501 inquit
1635 3429 1798 3502 Opta-'-

223 3519 240 3551 ι
267 3510 377 3565 tus,
410 3500 662 3568 populum
689 3516 809 3554 cum
836 3501 945 3554 Deo
970 3500 1254 3567 divisisset,
1288 3509 1344 3555 ut
1368 3500 1623 3571 intrepide
1649 3500 1799 3559 suam

223 3589 240 3621 ι
266 3571 475 3625 diceret
519 3578 720 3639 partem
746 3589 758 3622 :
783 3589 801 3620 ι
849 3571 1126 3639 propterea
1168 3571 1266 3625 iste
1308 3571 1364 3625 S.
1396 3572 1487 3625 Vir
1524 3573 1613 3626 lib.
1657 3574 1689 3626 5
1733 3574 1800 3628 de

218 3641 456 3713 §chism.
486 3641 742 3713 Donatist.
773 3656 935 3713 num;
948 3640 1299 3713 5,_disserens
1327 3641 1392 3696 de
1418 3642 1613 3708 libello,
1641 3659 1800 3713 quem

220 3711 572 3765 Constantino
608 3709 867 3765 dederunt
897 3709 1113 3779 Capito,
1153 3710 1440 3780 Nasueius,
1486 3709 1708 3780 Dignus,
1748 3721 1801 3768 et

221 3781 408 3850 (ueteri
431 3781 697 3850 Episcopi,
729 3788 881 3835 vocat
905 3795 1000 3835 eos
1028 3781 1183 3850 partis
1203 3779 1408 3844 Donati,
1432 3789 1485 3835 et
1511 3779 1614 3836 non
1640 3783 1802 3850 Majo-

221 3850 322 3902 rini
341 3890 354 3912 ,
385 3849 522 3904 forte
549 3850 915 3904 substituendo
941 3849 1116 3905 notius
1143 3866 1335 3906 nomen
1362 3853 1594 3920 antiquo.
1623 3853 1692 3906 At
1718 3849 1800 3907 in-

221 3920 752 3993 genuenihilominus
767 3920 940 3993 Optati
962 3921 1174 3993 lapsum
1191 3921 1338 3993 fateri
1365 3922 1619 3993 debemus
1644 3941 1655 3976 :
1679 3925 1802 3993 quia

222 4004 283 4042 ex
315 3991 409 4043 tali
439 3990 618 4044 libello
643 3990 801 4045 infert
826 3991 1007 4045 Romae
1032 4007 1062 4043 a
1082 3991 1385 4058 Melchiade,
1411 3999 1464 4046 et
1481 3990 1716 4048 Concilio
1733 3994 1802 4048 ab

221 4059 412 4113 eodem
430 4060 695 4133 celebrato
711 4062 1059 4130 proscriptum
1076 4061 1237 4116 fuisse
1253 4063 1512 4133 Donatum
1528 4063 1766 4133 Magnum
1783 4082 1798 4130 ;

222 4144 385 4249 quum
433 4130 487 4182 in
515 4127 805 4184 Collatione
850 4127 1210 4187 concesserint
1249 4131 1505 4187 Catholici
1544 4127 1802 4189 Prfesules

257 4205 534 4249 amnatum
580 4215 699 4249 esse
744 4202 998 4249 Donatum
1044 4217 1162 4249 esse.
1199 4201 1228 4249 Ξ]
1265 4203 1416 4249 Casia
1451 4203 1640 4249 Nigris-
1675 4205 1802 4249 Vide

257 4205 534 4272 amnatum
580 4215 699 4272 esse
741 4202 1000 4272 Donatum
1044 4217 1162 4272 esse
1199 4201 1230 4256 ἐι
1265 4203 1416 4257 Casis
1451 4203 1641 4272 Nigris.
1675 4205 1803 4260 Vide

224 4269 578 4342 Augustinum
608 4271 658 4324 in
681 4271 832 4324 Brev.
861 4270 1048 4325 Collat.
1077 4271 1182 4326 dici
1210 4273 1378 4326 tertiae
1396 4269 1606 4341 capflﬁ
1630 4281 1683 4328 et
1712 4275 1797 4342 17,

224 4346 274 4392 et
299 4340 353 4394 in
381 4341 478 4394 lib.
511 4339 740 4394 Retract.
769 4355 885 4409 cap.
908 4342 996 4395 21.

293 4410 371 4480 (5)
426 4411 627 4480 Quarto
669 4411 876 4475 seculo,
918 4410 1108 4478 Optato
1152 4419 1314 4475 teste,
1353 4413 1522 4480 major
1555 4421 1667 4465 erat
1702 4429 1801 4466 nu-

224 4479 407 4534 merus
433 4479 822 4533 Catholieorum
848 4481 902 4533 in
933 4480 1130 4544 Africa,
1159 4496 1319 4548 quum
1346 4479 1447 4534 lib.
1466 4482 1520 4545 2,
1551 4497 1604 4533 n.
1635 4482 1688 4546 1,
1710 4482 1806 4535 Do-

225 4550 436 4604 natistis
471 4549 559 4602 vix
600 4549 909 4616 particulam
946 4549 1227 4617 concedat,
1275 4551 1494 4603 dicens:
1531 4568 1548 4598 ‹
1572 4550 1711 4617 Ergo
1749 4557 1806 4603 ut

229 4636 244 4666 ι
273 4618 516 4673 Ecclesia
546 4618 597 4688 i_n
625 4618 877 4684 particula
899 4616 1109 4688 Africze,
1141 4619 1192 4671 in
1218 4619 1409 4688 angulo
1435 4634 1609 4688 parva:
1629 4616 1803 4688 regio-

229 4704 246 4736 σ
273 4689 391 4751 nis,
436 4685 576 4753 apud
601 4702 696 4740 vos
730 4699 850 4740 esse
887 4687 1082 4756 possit,
1122 4687 1261 4756 apud
1297 4685 1398 4740 nos
1433 4685 1486 4740 in
1529 4689 1628 4741 alia
1658 4685 1805 4756 parte

229 4776 244 4806 ι
262 4758 468 4811 Δί’νίοω
497 4769 600 4808 non
629 4755 760 4808 erit?
779 4775 796 4805 ›
840 4757 907 4809 At
940 4755 1126 4810 eodem
1156 4755 1366 4811 labente
1391 4758 1568 4811 seculo
1596 4755 1803 4812 ac’ver-

222 4834 406 4894 gente,
427 4824 579 4894 longe
605 4825 784 4893 plures
809 4833 960 4880 erant
983 4825 1335 4892 Schismatici,
1367 4835 1425 4880 ut
1450 4826 1613 4882 refert
1636 4828 1805 4882 Possi-

225 4898 342 4951 dius
371 4897 430 4950 in
447 4895 723 4965 Augustini
745 4895 861 4949 Vita
881 4911 997 4964 cap.
1024 4897 1076 4962 7,
1103 4895 1231 4951 dum
1255 4897 1329 4950 ait
1352 4915 1362 4949 :
1399 4916 1416 4947 ι
1441 4897 1542 4952 Per
1565 4906 1805 4952 sanctum

234 4985 249 5014 ί
275 4969 426 5021 illum
462 4965 634 5019 virum
659 5007 673 5032 ,
722 4966 897 5020 levare
940 4966 994 5020 in
1037 4965 1214 5020 Africa
1258 4967 1492 5022 Ecclesia
1537 4965 1806 5022 Catholica

235 5053 254 5086 ι
280 5052 472 5091 exorsa
502 5042 585 5090 est
608 5043 786 5105 caput,
809 5051 1040 5106 qum.....
1063 5036 1422 5105 rebaptizante
1447 5037 1632 5090 Donati
1658 5045 1806 5106 parte

238 5123 255 5154 ε
277 5107 537 5176 majorem
559 5106 944 5161 multitudinem
964 5105 1233 5172 Afrorum,
1248 5107 1463 5161 seducta
1483 5115 1537 5160 et
1553 5105 1806 5176 oppressa

241 5193 257 5222 ι
279 5175 507 5246 jacebat.
532 5195 550 5226 ι
581 5175 832 5246 SuSpicor
851 5177 923 5231 ita
941 5177 1172 5231 crevisse
1196 5176 1495 5243 factionem,
1525 5175 1646 5246 quia
1671 5177 1806 5231 intra

237 5245 391 5299 unius
417 5246 579 5316 seculi
605 5245 832 5316 spatium
856 5248 944 5301 vix
970 5262 1134 5314 unus,
1164 5255 1217 5302 et
1242 5248 1394 5314 alter,
1422 5245 1643 5316 Optatus
1666 5262 1808 5301 nem-

235 5329 322 5382 pe,
361 5323 419 5370 et
442 5314 791 5439 Augustinus,
834 5318 1033 5372 inventi
1059 5325 1200 5384 sunt,
1230 5319 1320 5388 qui
1363 5314 1572 5387 scriptis
1598 5318 1806 5371 illorum

237 5385 505 5439 anerirent
549 5385 736 5439 raudes
772 5402 834 5439 ac
859 5387 1038 5439 dolos.
1067 5389 1541 5439 eonvincerentaue
1567 5387 1802 5439 insidias.

237 5385 505 5458 aperirent
529 5385 736 5458 fraudes
772 5402 834 5440 ac
859 5387 1008 5442 dolos
1024 5430 1038 5455 ,
1067 5385 1541 5458 convincerentque
1567 5387 1802 5458 insidias,

239 5469 399 5578 11:11!)
424 5455 631 5510 interim
660 5458 944 5512 Donatistae
970 5475 1138 5512 omnes
1165 5476 1252 5529 per
1275 5455 1475 5530 singuld
1502 5459 1610 5511 loca
1646 5457 1805 5511 male-

280 5525 292 5534 ’
326 5525 363 5578 ’.ς
390 5525 590 5578 vocibus
617 5536 1002 5578 nerstrenerent.
1031 5538 1091 5578 ut.
1116 5529 1344 5578 lonuitur
1382 5527 1600 5578 Ontatus
1625 5528 1715 5578 lib.
1751 5528 1802 5578 1.

280 5525 363 5578 icis
390 5525 1002 5598 vocibusperstreperent,
1031 5538 1091 5582 ut
1116 5525 1600 5598 loquitur'Optatus
1625 5528 1715 5581 lib.
1751 5528 1802 5594 1,

243 5608 391 5668 Itumi
417 5595 471 5661 4,
498 5595 688 5668 quibus
701 5595 819 5668 ipse
837 5598 909 5668 ab_
918 5598 1086 5667 aliqua
1111 5595 1368 5652 occasione
1386 5595 1585 5668 arrepta
1609 5613 1809 5668 respou-

243 5661 334 5752 itit.
355 5662 474 5732 Quo
494 5661 673 5736 modo,
696 5661 864 5739 inquit
879 5661 1119 5738 Optatus,
1154 5688 1170 5715 ι
1195 5668 1434 5734 satisfiet,
1456 5661 1511 5723 et
1530 5661 1806 5724 desideriis

3355 351 3463 409 ΜΞ

1889 442 2025 494 roris
2050 443 2132 494 sui
2152 442 2316 495 furias
2340 444 2712 512 praecipitaret,
2741 459 2966 514 cumque
2985 444 3265 504 immemor
3285 451 3461 507 nomi-

1889 532 1991 598 nis,
2021 532 2306 601 religionis,
2332 533 2689 602 professionis,
2719 536 2872 590 unius
2902 535 3133 592 hominis
3152 539 3459 610 sacrilegam

1891 622 2238 677 temeritatem
2265 623 2517 677 Ecclesize
2554 624 2748 678 Christi
2775 635 3104 695 praeponeret
3121 669 3136 694 ,
3181 635 3306 683 tunc
3345 633 3461 700 qni-

1892 728 2115 783 eumque
2136 729 2230 783 per
2253 714 2486 769 Africam
2509 717 2799 784 constituti,
2827 716 3045 786 profano
3070 718 3356 774 schismate
3378 719 3463 774 de-

1891 813 2102 873 testato,
2137 807 2397 861 universis
2422 807 2604 861 mundi
2637 808 2887 862 Ecelesiis
2910 809 3162 864 adsociati
3183 817 3337 877 sunt,
3366 809 3463 864 soli

1893 912 1956 950 ex
1975 897 2074 951 illis
2095 898 2336 952 omnibus
2361 897 2496 951 intra
2517 898 2744 951 sacraria
2766 897 3037 952 catholicae
3052 898 3173 953 ﬁdei
3195 898 3325 953 salvi
3345 913 3464 953 esse

1892 994 2204 1055 potuerunt;
2248 989 2512 1058 egregiam
2552 987 2786 1056 profecto
2840 989 3197 1058 relinquentes
3239 988 3464 1058 posteris

1892 1077 2134 1146 formam,
2157 1078 2599 1148 quemadmodum
2615 1079 2818 1132 scilicet
2841 1077 3112 1148 deinceps,
3130 1079 3271 1133 bono
3292 1093 3461 1145 more,

1892 1168 2048 1221 unius
2081 1176 2171 1221 aut
2195 1176 2336 1222 certe
2360 1182 2647 1236 paucorum
2673 1167 2902 1221 vesaniae
2928 1167 3292 1222 universorum
3319 1166 3464 1222 sani-

1894 1263 1974 1310 tas
2012 1256 2379 1313 anteferretur.
2421 1258 2551 1312 Item
2594 1256 2804 1326 quando
2841 1258 3158 1312 Arianorum
3205 1274 3465 1313 venenum

1894 1361 1997 1400 non
2019 1347 2127 1415 jam
2156 1348 2537 1416 portiunculam
2580 1347 2881 1416 quamdam,
2905 1348 2998 1403 sed
3021 1363 3154 1417 pene
3177 1348 3359 1403 orbem
3382 1356 3466 1402 to-

1894 1440 2006 1488 tum
2050 1437 2496 1490 eontaminaverat
2519 1478 2532 1501 ,
2580 1435 2714 1492 adeo
2752 1443 2810 1489 ut
2847 1451 3012 1505 prope
3049 1437 3253 1491 cunctis
3295 1437 3467 1491 Latini

1895 1525 2154 1579 sermonis
2181 1526 2452 1594 EpiscOpis
2478 1525 2668 1594 partim
2687 1525 2759 1592 vi,
2787 1527 2977 1595 partim
3001 1526 3185 1581 fraude
3209 1526 3464 1596 deceptis,

1894 1614 2062 1682 caligo
2081 1614 2321 1682 quaedam
2344 1615 2610 1669 mentibus
2633 1614 3009 1682 effunderetur,
3037 1616 3287 1685 quidnam
3312 1615 3471 1684 potis-

1895 1702 2088 1756 simum
2121 1705 2174 1758 in
2200 1712 2344 1758 tanta
2377 1720 2556 1758 rerum
2597 1704 2906 1759 confusione
2943 1705 3268 1774 sequendum
3308 1704 3466 1773 foret,

1894 1798 2020 1846 tunc
2043 1792 2280 1862 quisquis
2313 1807 2471 1847 verus
2497 1792 2690 1846 Christi
2715 1800 2918 1846 amator
2955 1801 3007 1847 et
3031 1793 3200 1848 cultor
3232 1794 3466 1860 exstitit,

1894 1882 2164 1950 antiquam
2198 1881 2358 1936 fidem
2395 1882 2615 1936 novellae
2653 1881 2885 1951 perfidia:
2923 1882 3254 1952 praeferendo
3271 1926 3287 1952 ,
3327 1886 3470 1940 nulla

1895 1970 2122 2038 contagii
2141 1969 2308 2039 ipsius
2327 1977 2474 2038 peste
2499 1969 2790 2025 maculatus
2804 1978 2904 2025 est.
2921 1969 3086 2040 Cujus
3104 1973 3316 2042 quidem
3342 1980 3472 2028 tem-

1895 2060 2041 2128 poris
2067 2060 2300 2129 periculo
2319 2061 2448 2114 satis
2474 2076 2736 2130 superque
2754 2067 3102 2115 monstratum
3118 2069 3200 2117 est
3216 2070 3472 2132 quantum

1896 2151 2174 2207 invehatur
2229 2152 2542 2206 calamitatis
2592 2151 2785 2206 novelli
2833 2150 3094 2221 dogmatis
3143 2151 3469 2207 inductione.

1897 2240 2048 2295 Hunc
2073 2241 2332 2311 siquidem
2352 2257 2458 2296 non
2485 2242 2655 2296 solum
2674 2255 2849 2311 parvae
2868 2257 2976 2307 res,
3005 2240 3101 2296 sed
3120 2241 3280 2296 etiam
3299 2241 3470 2295 maxi-

1896 2348 1997 2387 mm
2034 2333 2360 2388 labefactata
2393 2341 2534 2387 sunt.
2581 2331 2690 2387 Nec
2728 2332 2870 2387 enim
2910 2338 3114 2386 tantum
3149 2330 3468 2400 adﬁnitates,

1897 2424 2235 2494 cognationes
2253 2465 2267 2490 ,
2296 2424 2540 2478 amicitiae
2559 2464 2574 2490 ,
2613 2421 2803 2477 domus
2820 2464 2836 2490 ,
2875 2437 3058 2478 verum
3092 2423 3251 2477 etiam
3287 2421 3468 2490 urbes,

1896 2515 2096 2584 populi,
2125 2514 2430 2584 provinciae,
2458 2514 2720 2580 nationes,
2746 2514 3054 2568 universum
3079 2521 3349 2582 postremo
3373 2511 3474 2567 Ro-

1896 2620 2110 2660 manum
2131 2604 2415 2674 Imperium
2440 2603 2672 2659 funditus
2698 2619 3015 2659 concussum
3036 2611 3090 2658 et
3109 2612 3342 2660 emotum
3369 2611 3470 2658 est.

1896 2695 2133 2766 Namque
2157 2711 2279 2751 cum
2305 2695 2577 2766 prophana
2602 2696 2715 2764 ipsa
2736 2694 3052 2750 Arianorum
3078 2697 3306 2761 novitas,
3331 2694 3474 2748 velut

1897 2786 2141 2855 quaedam
2165 2785 2379 2840 Bellona
2398 2792 2490 2839 aut
2509 2784 2666 2850 furia,
2683 2792 2837 2853 capto
2856 2786 3028 2854 primo
3048 2785 3283 2838 omnium
3304 2781 3475 2850 Impe-

1897 2883 2074 2930 ratore
2096 2874 2193 2942 (1),
2211 2882 2400 2929 cuncta
2425 2873 2617 2927 deinde
2642 2872 2819 2940 palatii
2845 2872 3074 2926 eulmina
3100 2871 3304 2940 legibus
3323 2870 3474 2924 novis

1898 2964 2266 3032 subjugasset,
2320 2976 2654 3031 nequaquam
2697 2959 2946 3029 deinceps
2993 2960 3192 3013 destitit
3231 2959 3472 3014 universa

1900 3053 2124 3104 miscere
2146 3059 2302 3120 atque
2327 3065 2550 3116 vexare,
2589 3048 2789 3118 privata
2823 3064 2884 3102 ac
2911 3047 3143 3118 publica,
3173 3063 3321 3102 sacra
3349 3063 3474 3117 pro-

1901 3138 2177 3207 phanaque
2197 3139 2394 3204 omnia,
2412 3138 2614 3192 nullum
2625 3137 2748 3190 boni
2766 3145 2818 3190 et
2836 3137 2946 3191 veri
2965 3152 3151 3205 gerere
3166 3137 3472 3206 discrimen,

1901 3227 1995 3282 sed
2014 3241 2373 3297 quoscumque
2399 3226 2767 3292 conlibuisset,
2798 3225 3046 3295 tanquam
3082 3225 3148 3280 de
3174 3225 3290 3280 loco
3317 3241 3474 3296 supe-

1899 3319 2040 3374 riore
2060 3327 2356 3387 percutere.
2376 3319 2523 3372 Tunc
2538 3324 2806 3371 temeratae
2821 3315 3092 3386 conjuges,
3106 3315 3382 3385 depullatae
3398 3316 3475 3390 (2)

1907 3448 1924 3480 ι
1948 3430 2262 3498 aliquorum.
2290 3429 2421 3482 Nam
2448 3443 2477 3483 a
2508 3428 2687 3482 multis
2713 3443 2852 3497 smpe
2886 3427 3241 3482 desideratum
3271 3436 3381 3496 est,
3421 3435 3478 3488 ut

1907 3518 1926 3550 ε
1945 3499 2009 3553 ad
2050 3499 2337 3553 eruendam
2361 3501 2636 3554 veritatem
2656 3541 2669 3566 ,
2719 3498 2786 3552 ab
2824 3498 3085 3568 aliquibus
3109 3498 3477 3556 defensoribus

1908 3587 1926 3620 (
1946 3569 2221 3640 conﬂictus
2247 3571 2473 3638 partium
2501 3569 2811 3640 haberetur;
2843 3576 2896 3624 et
2921 3569 3034 3624 ﬁeri
3063 3571 3251 3640 potuit.
3275 3588 3294 3621 ι

1973 3638 2712 3719 _(i)_Coustantiumintelligit,
2742 3639 2808 3719 de
2827 3654 2933 3719 quo
2960 3638 3476 3719 acerrimequeritur

1903 3709 2130 3763 Hilarius
2156 3709 2480 3764 Pictavensis
2517 3709 2651 3762 libro
2685 3709 2867 3762 contra
2901 3710 3146 3764 eumdem
3172 3710 3312 3764 edito
3337 3726 3478 3767 anno

1901 3778 2028 3834 Chr.
2059 3779 2180 3834 560.
2206 3780 2275 3833 At
2299 3778 2520 3832 candide
2547 3777 2696 3831 fateri
2720 3785 2928 3844 oportet
2941 3779 3078 3845 quod
3102 3779 3475 3846 Imperatorem

1940 3865 2120 3904 rorsus
2161 3857 2379 3904 excusat
2412 3849 2546 3901 alter
2589 3846 2825 3915 ejusdem
2865 3847 3040 3899 meriti
3073 3848 3155 3915 vir
3192 3847 3478 3915 Gregorius

1940 3865 2120 3904 rorsus
2161 3864 2379 3904 excusat
2412 3864 2546 3901 alter
2589 3864 2825 3915 ejusuem
2865 3864 3040 3899 meriti
3073 3864 3155 3899 Vll'
3192 3864 3478 3915 uregorius

1902 3864 2264 3974 gazianzenus
2284 3917 2544 3973 lnveetiva
2575 3917 2626 3982 1,
2665 3917 2717 3969 in
2742 3915 3004 3968 Julianum
3033 3914 3219 3968 eadem
3241 3917 3479 3970 scribens

1903 3997 2250 4059 tempestate;
2281 3997 2335 4044 et
2346 3988 2427 4059 de
2447 3985 2888 4059 patratisacerbe
2916 3985 3120 4038 incusat
3146 3983 3364 4050 aulicos,
3395 3992 3478 4039 to-

1903 4055 2091 4114 tam—in
2119 4055 2250 4115 istos
2274 4055 2560 4114 refundens
2587 4055 2856 4110 invidiam.

1975 4131 2049 4200 (2)
2073 4130 2146 4183 Ita
2168 4130 2492 4200 antiquiores
2518 4125 3072 4200 editiones,_D_uacensi
3099 4131 3338 4200 escepta,
3360 4139 3481 4194 qua:

1903 4195 2004 4271 fert
2028 4195 2363 4271 depopulatis.
2394 4198 2587 4271 Notum
2615 4205 2698 4271 est
2720 4196 2910 4271 viduis,
2937 4195 3248 4271 virginibus,
3272 4208 3478 4271 agpce;

1903 4218 2004 4254 ten
2028 4218 2090 4253 ae
2127 4218 2363 4271 oputaue.
2395 4218 2587 4252 l‘Ollllll
2615 4218 2698 4252 (351.
2720 4218 2910 4263 γιαωδ,
2938 4218 3248 4266 vuglmuus,
3272 4218 3334 4248 ac
3363 4218 3478 4263 μιτ-

1903 4218 2191 4325 nitentigus
2231 4270 2399 4323 nullas
2443 4269 2716 4338 impositas
2742 4266 2925 4338 fuisse
2953 4274 3148 4320 vestes.
3191 4263 3248 4317 In
3278 4263 3480 4338 piissali

1905 4339 2228 4394 Francorum
2251 4340 2342 4393 lib.
2372 4339 2426 4404 ὅ,
2455 4333 2704 4406 ιὶἰυτιςίω
2729 4335 3009 4406 Gallicana:
3035 4349 3241 4388 numer.
3270 4333 3357 4398 11,
3381 4349 3478 4389 ex-

1905 4417 2010 4465 stat
2031 4409 2327 4464 benedictio
2352 4404 2786 4462 vestimentorum
2812 4404 2993 4458 Vidua:
3009 4445 3023 4470 ,
3067 4418 3185 4470 quae
3208 4411 3482 4470 comparet

1905 4478 2084 4542 etiam,
2113 4479 2166 4531 in
2188 4477 2373 4532 ordine
2391 4478 2649 4531 Romano.
2674 4475 2808 4527 Hinc
2827 4473 3052 4527 Sanctus
3070 4471 3309 4542 Asterius
3318 4471 3481 4528 Ama-

1905 4561 2010 4600 se:e
2036 4540 2362 4615 Hellesponti
2386 4545 2688 4614 MetrOpolis
2712 4543 2946 4615 Antistes
2964 4543 3026 4615 in
3065 4540 3314 4615 Oratione
3339 4541 3477 4615 San-

1906 4625 2003 4669 ctze
2029 4610 2354 4685 Euphemim,
2384 4610 2573 4685 inquit—
2584 4627 2790 4685 numer.
2815 4611 2878 4665 ὅτ
2907 4630 2924 4661 ι
2947 4610 3134 4685 ᾼεὶεωι
3153 4611 3313 4685 Virgo
3337 4613 3478 4682 puha

1912 4703 1929 4734 ε
1950 4679 2127 4751 veste;
2153 4701 2215 4739 ac
2249 4679 2406 4754 pallio
2448 4679 2847 4754 philosophiam
2858 4679 3113 4754 professa.
3136 4700 3155 4733 ι
3185 4679 3269 4754 _Et
3287 4679 3478 4754 iterum

1905 4769 2052 4809 num.
2084 4750 2147 4822 4,
2192 4774 2210 4805 ι
2234 4750 2380 4808 easta
2409 4750 2824 4823 virgogin'pullis
2849 4750 3084 4823 vestibus
3109 4750 3302 4823 sedens
3333 4753 3444 4823 sola
3461 4795 3475 4818 ,

1913 4843 1931 4876 ι
1953 4819 2142 4879 manus
2167 4824 2350 4878 ambas
2384 4819 2618 4878 extendit
2640 4819 2692 4876 in
2719 4821 2930 4876 ccelum.
2953 4838 2971 4872 ι
3009 4819 3212 4875 Floruit
3237 4819 3480 4877 Asterius

1906 4895 2044 4948 circa
2063 4896 2096 4949 4
2118 4894 2280 4949 seculi
2308 4894 2464 4948 ﬁnem
2486 4891 2712 4947 Arcadio
2738 4890 3077 4960 lmperatore.
3111 4889 3176 4945 Ut
3200 4898 3375 4960 autem
3395 4892 3477 4946 vi—

1907 4964 2024 5019 duis
2063 4965 2243 5018 Ariani
2283 4963 2623 5018 detraxerunt
2647 4959 2835 5030 pullas,
2851 4967 3059 5030 vestes,
3097 4960 3169 5014 ita
3191 4959 3479 5016 Donatista:

1908 5035 2124 5090 sacratis
2154 5035 2264 5088 Deo
2289 5033 2577 5090 viminibus
2600 5029 2826 5087 mitellas
2863 5029 3207 5085 abstulerunt.
3256 5049 3275 5083 ι
3293 5030 3479 5087 Detra-

1914 5049 2124 5090 sacraus
2154 5049 2264 5088 ueo
2289 5050 2340 5087 Vl
2406 5049 2577 5087 minus
2600 5049 2826 5087 nnteuas
2863 5049 3207 5085 ansuuerum.
3256 5049 3275 5083 ι
3294 5049 3477 5087 Detra-

1914 5122 1932 5155 ‹
1955 5105 2124 5172 xistis,
2165 5049 2577 5173 inquitlgptatus
2597 5101 2689 5156 lib.
2713 5102 2860 5173 6,_n._
2869 5101 2928 5173 4,
2949 5115 3055 5173 non
3092 5100 3279 5170 capitis
3317 5115 3477 5155 oma-

1914 5194 1933 5226 ‹
1957 5169 2154 5241 menta,
2183 5169 2276 5229 sed
2296 5169 2448 5227 bonEe
2467 5172 2752 5227 voluntatis
2776 5170 2985 5226 indicia.
3007 5169 3123 5241 Jam
3143 5169 3479 5241 consecratos

1915 5263 1932 5296 ι
1957 5245 2067 5300 Deo
2098 5240 2365 5314 sparsistis
2399 5241 2682 5314 immundis
2707 5241 2973 5314 cineribus
3002 5240 3206 5314 crines,
3244 5240 3479 5314 iussistis

1915 5333 1934 5365 ‹
1957 5316 2114 5370 etiam
2126 5309 2262 5368 falsa
2284 5329 2419 5382 aqua
2439 5311 2701 5382 perfundi.
2725 5311 2798 5382 Et
2821 5310 3022 5365 utinam
3043 5309 3134 5382 vel
3153 5309 3208 5364 id
3229 5309 3370 5380 quod
3389 5318 3478 5365 tu-

1915 5404 1934 5437 (
1955 5385 2119 5450 listis,
2163 5380 2414 5439 velociter
2438 5380 2766 5452 reponeretis
2794 5399 2807 5434 :
2836 5380 3168 5452 protraxtistis
3194 5394 3394 5447 moras,
3419 5387 3480 5436 ut

1915 5474 1934 5506 ι
1957 5449 2232 5510 retroactae
2259 5454 2311 5507 in
2336 5449 2558 5522 pristino
2582 5452 2784 5517 habitu,
2810 5449 2997 5522 aliquae
3021 5449 3219 5522 diutius
3242 5465 3478 5505 remane-

1916 5544 1934 5576 α
1957 5533 2104 5591 rent,
2142 5519 2385 5579 retractis
2417 5523 2609 5594 signis,
2646 5522 2836 5594 quibus
2869 5519 3478 5594 sejamdudumcontra

1916 5613 1934 5646 ε
1956 5588 2206 5664 petitores
2227 5601 2281 5649 et
2301 5588 2540 5663 raptores
2557 5588 2906 5664 muniveram.
2927 5588 3026 5656 Qui
3055 5590 3218 5664 quum
3238 5588 3479 5664 viderent

1916 5683 1934 5717 ι
1956 5658 2424 5738 praescriptionem
2444 5663 2545 5720 sibi
2583 5661 2891 5735 jamdudum
2919 5658 3214 5733 oppositam
3228 5701 3244 5732 ,
3271 5659 3302 5715 ὲ
3324 5658 3479 5746 vobis

1980 5946 2028 5957 --ν-
