4028 6184
560 334 663 393 M7

563 444 885 514 rebaptizare
926 458 982 494 se
1018 440 1277 509 jactitant,
1308 439 1359 493 in
1386 440 1764 509 sempiternum
1792 451 1945 511 neget
1977 458 2128 497 arsuv

562 551 651 591 ros
675 550 792 590 esse
814 550 932 588 cum
954 532 1201 587 diabolo?

632 623 738 679 νη.
765 623 915 691 Quod
942 623 1153 692 quidem
1175 622 1302 676 mihi
1327 622 1574 677 divinitus
1596 622 1800 677 videtur
1830 626 2126 696 promulga—

560 724 668 770 tum
692 731 808 771 esse
825 715 1077 784 judicium
1117 722 1332 784 propter
1353 729 1537 767 eorum
1559 715 1785 768 maxime
1825 714 2125 770 fraudulen-

558 806 682 859 tiam
712 806 800 874 qui
828 820 948 859 cum
970 804 1069 859 sub
1086 804 1258 858 alieno
1281 804 1491 858 nomine
1531 803 1773 858 haeresim
1812 807 2125 860 concinnare

555 896 947 960 machincntur,
992 902 1205 964 captant
1250 895 1557 962 plerumque
1599 894 1792 947 veteris
1835 894 2125 963 cujuspiam

556 986 649 1038 viri
672 985 865 1055 scripta
906 985 1060 1054 paulo
1100 983 1382 1037 involutius
1424 984 1581 1047 edita,
1606 999 1723 1052 qua:
1765 998 1859 1052 pro
1906 984 2016 1053 ipsa
2044 986 2124 1038 sul

554 1074 871 1128 obscuritate
894 1073 1123 1143 dogmati
1153 1088 1250 1126 suo
1271 1072 1419 1142 quasi
1441 1082 1761 1142 congruant;
1791 1082 1848 1126 ut
1879 1074 2003 1127 illud
2028 1090 2122 1127 ne-

553 1164 661 1217 scio
683 1164 807 1232 quid
833 1164 1183 1232 quodcunque
1216 1161 1507 1231 proferunt,
1551 1178 1721 1230 neque
1760 1163 1913 1231 primi
1954 1178 2123 1232 neque

552 1253 646 1306 soli
672 1254 868 1307 sentire
890 1254 1183 1306 videantur.
1210 1251 1444 1317 Quorum
1468 1267 1563 1321 κο
1604 1254 1887 1321 nequitiam
1929 1254 2122 1323 duplici

553 1342 673 1396 odio
695 1342 901 1411 dignam
932 1342 1135 1410 judico,
1160 1342 1243 1395 vel
1284 1358 1349 1396 eo
1392 1342 1531 1411 quod
1558 1342 1821 1397 luereseos
1862 1359 2120 1398 venenum

553 1432 829 1499 pr0pinare
847 1432 962 1484 aliis
984 1448 1089 1484 non
1128 1432 1524 1500 pertimescunt,
1553 1433 1634 1485 vel
1672 1447 1737 1485 eo
1778 1433 1934 1486 etiam
1982 1434 2121 1501 quod

549 1520 716 1573 sancti
763 1520 1017 1588 cujusque
1038 1520 1137 1573 viri
1178 1520 1484 1574 memoriam
1519 1530 1765 1589 tanquam
1796 1523 1993 1591 sepitos
2011 1524 2120 1591 jam

548 1608 752 1664 cineres
771 1608 1040 1679 prophana
1065 1624 1224 1662 manu
1265 1609 1534 1673 ventilant,
1560 1617 1613 1663 et
1640 1626 1757 1678 qua:
1783 1611 1989 1664 silentio
2032 1628 2118 1664 se-

550 1698 697 1769 peliri
723 1698 1016 1768 oportebat,
1041 1699 1270 1753 rediviva
1307 1698 1551 1767 opinione
1573 1699 1861 1763 dilfamant,
1892 1716 2116 1768 sequen-

550 1794 629 1841 tes
666 1789 880 1843 omnino
908 1788 1124 1859 vestigia
1143 1788 1372 1841 auctoris
1397 1788 1476 1840 sui
1499 1787 1683 1850 Cham,
1716 1790 1805 1857 qui
1830 1790 2117 1845 nuditatem

548 1880 831 1933 venerandi
852 1879 962 1933 Noe
981 1894 1085 1933 non
1112 1878 1267 1931 modo
1283 1878 1490 1948 aperire
1513 1879 1758 1947 neglexit,
1784 1895 1966 1933 verum
1988 1895 2119 1949 quo-

547 1984 645 2037 que
677 1968 994 2023 irridendam
1022 1970 1226 2021 caeteris
1248 1967 1556 2019 enuntiavit.
1584 1967 1732 2021 Unde
1756 1976 1952 2021 tantam
1978 1969 2117 2024 lmsze

546 2058 752 2127 pietatis
772 2058 962 2112 meruit
980 2057 1232 2111 offensam
1260 2064 1317 2109 ut
1336 2057 1494 2109 etiam
1513 2058 1704 2125 posteri
1732 2058 1895 2126 ipsius
1918 2060 2115 2127 peccati

545 2150 624 2203 sui
659 2149 947 2204 maledictis
972 2148 1347 2218 obligarentur,
1376 2147 1542 2200 beatis
1576 2146 1678 2201 illis
1704 2147 1951 2201 fratribus
1978 2149 2113 2201 mul-

545 2250 654 2294 tum
695 2242 949 2311 longeque
974 2239 1269 2300 dissimilis,
1296 2238 1385 2307 qui
1422 2236 1709 2290 nuditatem
1751 2237 1918 2305 ipsam
1962 2254 2113 2292 reve-

544 2329 691 2383 rendi
720 2330 883 2399 patris
906 2344 1076 2397 neque
1098 2329 1206 2382 suis
1230 2337 1487 2380 temerare
1510 2326 1693 2388 oculis,
1720 2340 1891 2394 neque
1930 2326 2113 2381 alienis

546 2427 722 2486 patere
763 2418 1059 2480 voluerunt,
1104 2415 1198 2470 sed
1240 2416 1429 2480 aversi,
1459 2423 1517 2468 ut
1561 2414 1828 2478 scribitur,
1872 2423 2113 2470 texerunt

544 2520 663 2559 cum
689 2524 700 2558 :
724 2507 863 2575 quod
885 2514 966 2561 est
990 2514 1219 2559 erratum
1244 2506 1408 2558 sancti
1432 2505 1529 2557 viri
1554 2520 1651 2558 nec
1674 2505 1994 2573 approbasse
2013 2522 2112 2561 nec

545 2594 835 2665 prodidisse
858 2595 955 2666 (l);
981 2603 1138 2664 atque
1164 2594 1358 2648 idcirco
1381 2595 1532 2648 beata
1553 2594 1605 2647 in
1630 2602 1869 2663 posteros
1891 2593 2110 2649 benedi-

545 2684 715 2739 ctione
736 2683 913 2739 donati
936 2693 1077 2739 sunt.
1103 2683 1209 2738 Sed
1230 2684 1295 2738 ad
1322 2684 1647 2753 propositum
1676 2682 1972 2737 redeamus.
1998 2684 2109 2737 Ma-

549 2835 566 2867 ι
601 2832 837 2886 scopum,
860 2832 1018 2886 super
1032 2816 1132 2869 hac
1152 2831 1209 2869 re
1224 2814 1289 2869 ad
1304 2812 1876 2886 Africanamgsynodum
1897 2812 2106 2886 diregtit,

549 2905 567 2937 σ
603 2882 940 2941 εθόέοῐιεῐυέ
970 2888 1084 2956 ejus
1116 2886 1309 2956 frustra
1338 2884 1452 2956 fuit.
1485 2884 1717 2956 Denique
1748 2882 1821 2934 illi
1857 2882 1955 2950 ipsi
1988 2884 2110 2952 Epi—

549 2976 565 3008 ι
603 2958 776 3027 scopi,
806 2958 894 3027 qui
921 2954 1319 3027 rebaptizandos
1358 2954 1635 3027 hzcreticos
1669 2968 1787 3027 cum
1816 2966 1879 3027 eo
1912 2961 2109 3007 statue-

548 3045 566 3077 c
602 3022 737 3093 rant,
773 3022 838 3081 ad
869 3022 1136 3097 antiquam
1162 3024 1593 3097 consuetudinem
1628 3022 1876 3085 revoluti,
1913 3037 2108 3097 novum

548 3116 565 3146 ‹
600 3099 823 3152 emisere
842 3094 1132 3152 decretum.
1166 3116 1182 3147 ι
1206 3096 1445 3150 Baluzius
1468 3095 1711 3147 observat
1731 3107 1795 3146 eo
1822 3108 1977 3146 sensu
1997 3094 2111 3147 llic-

542 3183 816 3238 ronymum
842 3166 1036 3238 dixisse
1070 3183 1263 3221 novum
1300 3166 1549 3238 emissum
1578 3178 1694 3238 esse
1722 3163 1788 3238 ab
1818 3162 1979 3238 Alric.
2017 3163 2109 3217 de-

542 3232 763 3303 cretum,
787 3237 906 3306 quia
927 3238 1177 3292 cernebat
1197 3252 1225 3289 a
1256 3235 1541 3306 melioriac
1562 3232 1753 3306 majori
1769 3242 1916 3306 parte
1939 3234 2108 3306 Dona-

542 3308 778 3361 tistarum
804 3303 992 3361 'scelus
1031 3307 1268 3359 damnari
1310 3306 1360 3357 in
1399 3303 1785 3371 rebaptizandis
1824 3303 2103 3357 hzereticis.

543 3377 828 3445 Utcumque
869 3385 1039 3430 tamen
1068 3391 1125 3429 se
1150 3376 1341 3445 habeat
1369 3373 1891 3445 quod_llieronymus
1927 3374 2103 3445 relert,

542 3442 854 3499 certum'est
880 3454 998 3513 post
1025 3444 1277 3512 Stephani
1298 3442 1495 3497 obitum
1517 3443 1683 3512 Xysto
1720 3442 1967 3513 sedente,
1981 3444 2106 3496 Dio-

542 3514 690 3584 uysio
716 3512 1070 3567 Alexandrino
1099 3523 1375 3584 sequestro
1408 3527 1599 3584 pacem,
1622 3513 1916 3584 restitutam
1948 3512 2108 3584 fuisse

541 3582 828 3637 Romanam
852 3584 1066 3649 inter,et
1084 3583 1381 3635 Africanam
1404 3582 1711 3635 Ecclesiam.
1738 3582 1887 3637 Unde
1909 3597 1937 3634 a
1965 3583 2105 3635 Pon-

541 3653 612 3707 tio
639 3652 689 3706 in
721 3652 832 3706 Vita
857 3652 1103 3722 Cypriani
1124 3668 1267 3705 num.
1300 3653 1385 3719 M,
1411 3651 1606 3721 Xystus
1635 3653 1926 3721 appellatur
1953 3652 2106 3706 bonus

540 3733 585 3776 et
613 3723 850 3793 paciﬁcus
892 3713 1158 3778 sacerdos.
1195 3724 1260 3776 Et
1298 3713 1587 3793 Cyprianus
1614 3713 1718 3792 Ep:
1750 3723 1817 3776 80
1855 3722 1982 3776 alias
2016 3722 2101 3793 82.

540 3792 850 3865 successum
870 3794 936 3847 de
960 3794 1105 3865 Xysti
1128 3792 1370 3865 passione
1391 3800 1589 3865 monet,
1609 3794 1783 3865 aitque
1803 3808 1831 3865 a
1854 3812 1871 3842 ι
1908 3792 2106 3865 nuntiis

546 3883 563 3915 ι
598 3881 729 3935 quos
756 3861 1078 3931 Romamfut
1103 3861 1424 3933 exploratam
1445 3861 1978 3935 v_eritatem_haberet,
2003 3862 2105 3914 mi-

543 3954 562 3986 ι
596 3931 757 4001 serat,
786 3935 852 3989 de
885 3931 1191 4005 gravissima
1234 3933 1597 4005 persecutione
1612 3940 1683 4005 _et
1717 3931 1872 3997 Papa:
1896 3939 2104 4005 Amarty-

543 4024 560 4056 ι
594 4007 674 4060 rio
709 3998 766 4059 se
801 3998 993 4058 facium
1029 4004 1188 4058 fuisse
1220 3998 1519 4056 certiorem.
1560 4020 1577 4051 ι
1612 3999 1736 4053 Haec
1762 4014 1858 4067 pax
1890 3998 2024 4054 forte
2046 3998 2103 4055 in

537 4088 691 4130 causa
728 4074 841 4139 fuit,
873 4081 931 4126 ut
953 4073 1104 4125 multi
1137 4088 1203 4126 ex
1242 4070 1382 4123 Afris
1421 4070 1697 4139 veritatem
1734 4068 2099 4139 intelligerent,

538 4138 833 4213 prtesertim'
848 4156 1008 4213 quum
1028 4142 1288 4211 Cypriano
1310 4147 1443 4213 teste
1462 4138 1673 4207 (midam
1692 4154 1809 4192 cum
1838 4138 2104 4209 Stephano

537 4208 880 4264 communem
896 4208 1151 4263 haberent
1176 4208 1507 4264 sententiam.

609 4280 683 4350 (1)
706 4278 865 4335 Filios
890 4279 1115 4334 verenda
1150 4280 1313 4350 patris
1333 4278 1413 4333 sui
1432 4278 1730 4350 superiecto
1750 4278 1921 4350 dorsis
1946 4279 2103 4348 pallio

536 4348 749 4405 aversos
769 4351 1040 4419 operuisse
1063 4348 1165 4414 est,
1187 4358 1244 4403 ut
1262 4349 1545 4419 Gregorius
1564 4349 1633 4402 25
1654 4348 1857 4415 Moral.,
1877 4364 1991 4418 cap.
2011 4350 2098 4415 22,

536 4366 749 4405 aversos
769 4366 801 4405 ο
871 4366 1040 4405 ruisse
1063 4366 1163 4414 εει,
1187 4366 1244 4403 ιιι
1262 4366 1545 4419 Gregorius
1564 4366 1633 4402 zo
1654 4366 1857 4415 moran,
1877 4366 1991 4418 cap.
2011 4366 2098 4415 zz,

536 4419 782 4491 loquitur,
800 4366 952 4476 ggnis
972 4420 1192 4475 subditis
1218 4419 1293 4474 sic
1315 4419 1715 4491 praepositorum
1736 4434 1949 4491 suorum
1968 4422 2101 4491 mala

535 4487 841 4561 displicere,
870 4498 928 4545 ut
950 4498 1125 4546 tamen
1150 4491 1263 4561 haec
1295 4487 1370 4561 ab
1388 4490 1503 4543 aliis
1526 4490 1822 4561 occultent;
1860 4507 1876 4538 ι
1914 4487 2100 4561 Operi-

541 4580 560 4613 α
592 4558 846 4627 mentum,
870 4562 1056 4632 inquit,
1084 4560 1255 4615 aversi
1280 4559 1541 4632 deferunt,
1569 4558 1999 4632 quiajudicantes
2020 4558 2099 4632 fa-_

540 4651 558 4683 c
592 4640 733 4686 ctum
754 4641 807 4687 et
826 4628 1135 4687 venerantes
1159 4630 1515 4700 magisterium
1540 4630 1723 4682 nolunt
1748 4628 1943 4700 videre.
1962 4630 2101 4697 quod

541 4720 558 4749 ‹
593 4709 790 4772 tegunt.
822 4722 840 4755 ι
867 4702 1017 4769 Quod
1042 4691 1274 4771 prude'ns
1290 4699 1473 4769 optimi
1494 4700 1761 4772 Pontiﬁcis
1787 4713 1849 4772 ac
1875 4691 2101 4772 Vincen-

534 4772 587 4826 tii
616 4768 892 4840 monitum,
919 4768 1255 4840 suminepore
1274 4768 1609 4840 commendat
1634 4768 1941 4840 celebrisgex
1968 4768 2099 4840 Pro-

534 4843 837 4897 testantium
872 4838 1017 4911 parte
1040 4838 1210 4895 editor
1228 4840 1487 4911 Cypriani
1510 4839 1743 4911 Joannes
1772 4838 1944 4911 Fellus
1975 4839 2098 4907 Epi-

533 4928 724 4982 scopus
748 4909 1059 4982 Oxonicnsis
1074 4928 1099 4982 7;,
1121 4919 1173 4963 at
1192 4909 1306 4964 aliis
1325 4909 1495 4978 placet
1510 4909 1723 4982 Patrum
1741 4910 1994 4978 castigare
2014 4925 2099 4963 er-

534 4978 666 5052 rata,
708 4983 844 5038 inter
880 4997 1011 5052 quos
1050 4980 1273 5052 libenter
1310 4994 1502 5052 nome_n
1537 4978 1801 5052 professus
1839 4988 1931 5052 est
1946 4994 2098 5052 suum

534 5051 798 5122 Clericus;
835 5049 990 5122 quam
1018 5051 1086 5106 ob
1117 5066 1328 5105 causam
1364 5049 1417 5122 in
1452 5049 1549 5122 Ep.
1584 5049 1617 5122 ti
1647 5049 1780 5122 Crit.‘
1808 5056 1860 5102 et
1881 5049 2094 5122 Eccles.

533 5121 710 5177 culpat
727 5118 1168 5177 dissimulationes
1193 5135 1377 5174 omnes
1401 5120 1454 5173 in
1482 5119 1846 5173 Ecclesiastica
1881 5118 2096 5172 historia

534 5200 591 5247 ut
610 5188 833 5248 illicitas.
856 5193 926 5247 At
948 5192 1132 5247 demus
1152 5205 1458 5259 magnorum
1487 5188 1756 5244 hominum
1785 5203 1901 5242 esse
1941 5189 2098 5241 casti-

530 5264 699 5334 ganda
725 5270 958 5340 peccata,
988 5277 1054 5315 ne
1075 5261 1420 5340 forteincauti
1447 5260 1533 5312 illa
1558 5266 1873 5340 sequantur;
1897 5266 2098 5340 (1110113-

533 5327 654 5389 inen
682 5327 840 5388 modo
872 5332 922 5387 id
951 5348 980 5386 a
1006 5331 1315 5402 quibusdam
1354 5340 1435 5384 est
1475 5327 1797 5402 prmstitum,
1841 5343 1944 5381 non
1978 5327 2096 5383 dico

534 5404 901 5468 christianum,
922 5399 1144 5457 sed—nec
1164 5403 1446 5471 ingenuum
1473 5399 1625 5454 decet
1645 5399 1929 5471 hominem,
1948 5413 2097 5471 nem-

531 5489 598 5545 pe
634 5489 754 5529 cum
794 5472 1158 5545 amaritudine,
1194 5467 1367 5535 rabie,
1410 5470 1727 5545 acerbitate;
1758 5469 1936 5545 dolose
1961 5467 2095 5545 levia

530 5536 703 5601 errata
736 5543 1005 5599 invidiosis
1026 5542 1239 5597 vocibus
1265 5540 1646 5611 exaggerando,
1674 5538 1951 5611 praeteritis
1984 5536 2095 5611 dis-

532 5616 894 5684 simulatisque
932 5612 1228 5684 ingentibus
1260 5606 1482 5684 merifis.
1513 5610 1586 5684 l_)e
1621 5606 1707 5684 tali
1734 5624 1795 5661 ac
1830 5616 1970 5684 tanta
1994 5606 2095 5659 ini-

532 5685 731 5752 quitate
753 5677 980 5752 graviter
992 5677 1288 5752 postulatus
1300 5689 1389 5752 est
1407 5679 1638 5752 Clericus
1660 5680 1769 5752 ipse
1792 5693 1819 5729 a
1840 5677 1965 5752 viris
1984 5691 2098 5745 pro-

539 5746 699 5807 bitate
721 5746 781 5805 ei
792 5746 1030 5806 doctrina
1049 5748 1363 5816 conspicuis,
1385 5746 1526 5818 quod
1541 5762 1671 5816 opus
1692 5746 1787 5801 fuit
1800 5746 2093 5815 advertere,

1764 334 2105 391 VINCENTII
2146 333 2517 391 LIRINENSIS

3698 336 3799 390 648

2235 460 2340 514 gno
2362 445 2517 514 igitur
2538 454 2680 499 metu
2701 446 2851 501 nobis
2877 448 3159 503 immutatae
3183 446 3304 501 ﬁdei
3338 462 3400 501 ac
3422 456 3692 504 temerata:
3716 467 3798 506 re-

2234 533 2444 603 ligionis
2465 535 2724 605 piaculum
2762 535 3235 606 pertimescendum
3271 543 3386 599 est;
3415 551 3446 589 a
3474 552 3580 605 quo
3603 553 3698 592 nos
3718 554 3787 594 so

2233 622 2342 677 lum
2370 625 2754 679 constitutionis
2778 626 3157 680 Ecclesiasticze
3188 625 3483 695 disciplina,
3515 625 3609 681 sed
3644 630 3797 684 etiam

2233 729 2453 769 censura
2478 716 2795 785 Apostolicae
2820 715 3049 770 deterret
3066 715 3412 769 auctoritatis.
3438 716 3639 771 Scitum
3662 720 3797 775 enim

2231 806 2433 859 cunctis
2454 815 2535 860 est
2574 822 2731 875 quam
2756 806 3005 875 graviter,
3034 820 3192 874 quam
3233 819 3431 870 severe,
3456 822 3612 875 quam
3637 807 3799 863 vehe-

2230 903 2436 948 menter
2456 895 2733 949 invehatur
2772 896 2824 948 in
2851 893 3107 963 quosdam
3130 893 3313 947 beatus
3336 894 3613 963 Apostolus
3658 897 3799 951 Pau-

2228 981 2328 1049 lus,
2355 984 2443 1053 qui
2466 984 2598 1038 mira
2621 984 2830 1037 levitate
2854 983 3078 1037 nimium
3121 983 3226 1036 cito
3251 982 3483 1038 translati
3503 984 3711 1039 fuerant
3733 987 3802 1041 ab

2227 1088 2292 1126 eo
2313 1074 2399 1142 qui
2427 1089 2519 1127 eos
2540 1082 2819 1129 vocaverat
2839 1075 2891 1127 in
2917 1074 3139 1143 gratiam
3165 1072 3376 1137 Christi,
3403 1073 3455 1126 in
3474 1072 3614 1127 aliud
3632 1074 3801 1129 Evan-

2227 1165 2418 1232 geliimi
2442 1164 2537 1234 (l),
2562 1165 2701 1233 quod
2723 1180 2826 1218 non
2850 1172 2931 1218 est
2957 1163 3128 1228 aliud;
3159 1163 3194 1215 2
3240 1162 3368 1215 Tim.
3400 1163 3461 1227 4,
3489 1164 3577 1232 qui
3600 1178 3799 1220 coacer-

2226 1266 2411 1310 vamnt
2437 1257 2535 1310 sibi
2560 1257 2839 1325 magistros
2861 1254 2927 1307 ad
2950 1269 3043 1309 sua
3079 1252 3357 1319 desideria,
3383 1269 3412 1306 a
3438 1254 3659 1307 veritate
3681 1256 3798 1323 qui—

2226 1348 2347 1402 dem
2370 1348 2606 1402 auditum
2638 1354 2962 1409 avertentes,
2991 1344 3231 1399 conversi
3262 1358 3388 1398 vero
3413 1343 3479 1397 ad
3511 1342 3741 1408 fabulas;
3767 1346 3790 1399 1

2231 1441 2357 1495 Tim.
2384 1442 2435 1506 5,
2466 1441 2720 1494 habentes
2740 1438 3129 1492 damnationem
3152 1434 3295 1503 quod
3314 1434 3540 1503 primam
3562 1432 3713 1487 ﬁdem
3736 1434 3795 1488 ir-

2224 1531 2379 1584 ritam
2404 1531 2681 1595 fecissent;
2707 1542 2839 1599 quos
2863 1527 3180 1596 deceperant
3202 1524 3238 1577 ii
3262 1524 3329 1578 de
3350 1523 3542 1592 quibus
3581 1522 3645 1577 ad
3686 1523 3795 1579 Ro-

2223 1636 2407 1675 manos
2430 1620 2617 1674 fratres
2634 1618 2817 1672 scribit
2836 1617 2974 1671 idem
2996 1614 3278 1683 Apostolus
3305 1630 3317 1666 :
3346 1613 3490 1683 Rogo
3505 1623 3661 1665 autem
3686 1630 3793 1679 vos,

2223 1710 2421 1778 fratres,
2446 1720 2499 1763 ut
2524 1710 2785 1763 observetis
2808 1724 2889 1761 eos
2913 1706 2998 1775 qui
3022 1705 3352 1757 dissentiones
3386 1714 3434 1756 et
3476 1702 3790 1770 olfendicula,

2224 1813 2402 1872 prwter
2421 1802 2698 1855 doctrinam
2730 1815 2879 1868 quam
2911 1798 3008 1867 ipsi
3036 1795 3302 1859 didicistis,
3326 1794 3552 1862 faciunt;
3573 1802 3620 1847 et
3639 1794 3792 1847 decli-

2222 1906 2335 1947 nate
2384 1896 2445 1948 ab
2497 1894 2614 1947 illis.
2669 1888 2974 1961 Hujusmodi
3016 1887 3147 1940 enim
3188 1885 3386 1939 Christo
3430 1884 3647 1939 Domino
3694 1901 3793 1939 non

2222 1987 2454 2048 serviunt,
2485 1984 2571 2037 sed
2596 1999 2687 2035 suo
2711 1982 2869 2035 ventri
2888 2021 2902 2044 ,
2926 1988 2971 2032 et
2993 1995 3079 2047 per
3095 1978 3261 2030 dulces
3284 1992 3529 2029 sermones
3565 1983 3611 2027 et
3643 1975 3792 2027 bene-

2221 2079 2458 2131 dictiones
2490 2076 2731 2129 seducunt
2772 2073 2924 2126 corda
2963 2070 3299 2124 innocentium
3321 2110 3333 2131 ,
3385 2067 3533 2121 Rom.
3565 2066 3650 2119 16.
3689 2065 3795 2129 Qui

2220 2169 2408 2220 intrant
2429 2184 2516 2236 per
2535 2166 2728 2229 domos,
2752 2172 2800 2217 et
2813 2162 3033 2231 captivas
3057 2161 3246 2213 ducunt
3270 2156 3581 2210 mulierculas
3608 2172 3792 2209 onera-

2220 2270 2294 2312 tas
2317 2260 2546 2328 peccatis,
2574 2273 2684 2326 qua
2709 2256 2957 2308 ducuntur
2988 2253 3140 2307 variis
3166 2250 3461 2313 desideriis;
3489 2264 3681 2317 semper
3714 2247 3791 2301 di-

2218 2360 2423 2412 sccntes,
2452 2359 2498 2401 et
2519 2348 2584 2400 ad
2612 2347 2869 2400 scientiam
2906 2343 3126 2397 veritatis
3160 2356 3411 2409 nunquam
3439 2338 3787 2407 pervenientes,

2216 2441 2249 2493 2
2292 2440 2418 2493 Tim.
2460 2441 2511 2493 '5.
2550 2437 2817 2506 Vaniloqui
2841 2444 2887 2489 et
2906 2436 3202 2495 seductores,
3232 2433 3316 2501 qui
3343 2431 3597 2484 universas
3621 2430 3789 2485 domos

2216 2532 2519 2593 subvertant,
2544 2529 2770 2581 docentes
2791 2541 2901 2595 qua:
2920 2541 3018 2577 non
3038 2531 3250 2593 oportet,
3282 2522 3443 2591 turpis
3471 2520 3598 2572 lucri
3607 2522 3787 2589 gratia,

2219 2620 2317 2675 Tit.
2352 2623 2399 2675 1.
2440 2620 2681 2673 Honiines
2708 2617 2929 2687 corrupti
2956 2624 3134 2678 mente,
3156 2613 3356 2683 reprobi
3382 2613 3515 2666 circa
3539 2612 3691 2680 ﬁdem
3712 2653 3727 2677 ,
3756 2612 3789 2665 2

2219 2713 2347 2767 Tim.
2380 2714 2430 2777 5,
2455 2711 2686 2781 superbi,
2710 2718 2763 2764 et
2791 2709 2919 2762 nihii
2945 2707 3192 2770 scientes,
3212 2704 3308 2758 sed
3328 2704 3637 2773 languentes
3651 2703 3788 2756 circa

2214 2803 2533 2872 quaestiones
2561 2810 2612 2855 et
2640 2811 2838 2870 pugnas
2870 2797 3184 2860 verborum;
3220 2794 3309 2865 qui
3350 2793 3569 2848 veritate
3602 2791 3789 2861 privati

2215 2904 2355 2959 sunt,
2380 2894 2743 2949 existimantes
2769 2896 3028 2960 quiestum
3058 2900 3177 2940 esse
3203 2885 3453 2954 pietatem
3477 2902 3489 2936 :
3509 2882 3666 2939 simtd
3690 2897 3787 2936 au-

2216 2992 2322 3039 tem
2350 2992 2403 3038 et
2417 2982 2571 3038 otiosi
2588 2981 2797 3045 discunt
2822 2976 3101 3033 circumire
3121 2974 3308 3029 domos
3328 2991 3343 3041 ;
3360 2988 3465 3028 non
3496 2972 3665 3026 solum
3694 2987 3789 3026 au-

2217 3083 2321 3130 tem
2338 3073 2514 3138 otiosi,
2545 3071 2640 3127 sed
2660 3079 2715 3125 et
2732 3066 2961 3132 verbosi,
2980 3074 3034 3121 et
3048 3064 3242 3119 curiosi
3257 3064 3533 3135 loquentes
3546 3076 3667 3130 quae
3681 3075 3788 3118 non

2214 3174 2440 3237 Oportet,
2471 3166 2496 3217 1
2534 3163 2662 3217 Tim.
2701 3162 2734 3216 5
2764 3179 2776 3214 :
2806 3160 2895 3229 qui
2914 3159 3105 3212 bonam
3126 3154 3502 3209 conscientiam
3522 3151 3788 3222 repellen-

2215 3266 2314 3323 tes,
2347 3258 2487 3312 circa
2522 3255 2678 3309 ﬁdem
2716 3250 3187 3319 naufragaverunt,
3222 3247 3243 3300 1
3291 3245 3419 3299 Tim.
3464 3245 3488 3298 1
3520 3263 3531 3297 :
3559 3258 3787 3314 quorum

2213 3348 2485 3418 prOphana
2525 3343 2820 3412 vaniloquia
2860 3339 3084 3395 multum
3127 3337 3405 3407 proﬁciunt
3440 3324 3507 3389 ad
3545 3335 3789 3404 impieta-

2214 3448 2341 3503 tem,
2365 3448 2418 3493 et
2437 3450 2614 3492 sermo
2637 3449 2819 3490 eorum
2845 3439 3107 3486 ut'cancer
3135 3428 3318 3498 serpit,
3336 3428 3371 3481 2
3408 3426 3537 3479 Tim.
3559 3427 3613 3480 2.
3644 3425 3790 3482 Bene

2213 3538 2389 3582 autem
2413 3527 2554 3598 quod
2573 3526 2638 3579 de
2658 3525 2721 3580 iis
2737 3525 2862 3578 item
2888 3520 3136 3575 scribitur
3163 3536 3175 3570 :
3205 3516 3310 3573 Sed
3336 3516 3470 3570 ultra
3497 3532 3597 3569 non
3622 3516 3787 3585 proﬁ—

2212 3620 2356 3673 cient.
2384 3618 2680 3689 lusipientia
2706 3616 2833 3669 enim
2856 3630 3026 3667 eorum
3049 3610 3313 3679 manifesta
3331 3610 3423 3662 erit
3447 3609 3693 3673 omnibus,
3712 3609 3789 3662 si-

2213 3722 2292 3765 cut
2320 3722 2365 3765 et
2386 3712 2587 3765 illorum
2614 3709 2727 3778 fuit.
2757 3707 2791 3760 2
2814 3705 2942 3759 Tim.
2967 3705 3019 3758 5.
3370 3764 3379 3767 ν

2284 3802 2414 3855 Vill.
2431 3802 2561 3855 Cum
2583 3815 2707 3869 ergo
2723 3798 2853 3851 tales
2863 3795 3073 3866 quidam
3085 3793 3471 3847 circumeuntes
3487 3790 3791 3860 provincias

2212 3902 2266 3947 et
2304 3894 2560 3955 civitates,
2584 3899 2741 3960 atque
2775 3902 2983 3943 errores
3022 3883 3298 3939 venalitios
3325 3880 3749 3937 circumferendo
3770 3924 3784 3947 ,

2211 3987 2369 4039 etiam
2395 3985 2459 4038 ad
2483 3983 2691 4037 Galatas
2716 3976 2804 4054 (ﬁ)
2821 3978 3184 4042 devenissent,
3221 3975 3448 4045 cumque
3473 3974 3552 4028 his
3584 3973 3789 4029 auditis

2210 4075 2407 4130 Galate
2446 4083 2643 4127 nausea
2669 4070 2896 4141 quadam
2936 4067 3172 4123 veritatis
3212 4065 3419 4131 aliecti,
3461 4064 3787 4136 Apostolica:

2210 4167 2596 4236 Catholiczeque
2628 4163 2880 4219 doctrinm
2913 4175 3105 4215 manna
3132 4165 3487 4222 revomentes,
3518 4158 3788 4213 hazretica:

2208 4259 2456 4314 novitatis
2490 4254 2733 4311 sordibus
2758 4252 3146 4307 oblectarentur
3164 4289 3177 4314 ,
3206 4248 3279 4302 ita
3305 4262 3425 4303 sese
3459 4248 3785 4318 Apostolica:

2208 4348 2483 4420 potestatis
2509 4342 3025 4405 exemitauctoritas,
3044 4348 3103 4394 ut
3120 4354 3326 4395 summa
3352 4354 3473 4393 cum
3501 4339 3785 4396 severitate

2207 4498 2410 4538 morem
2436 4482 2532 4551 ipsi
2562 4477 2908 4551 gerendo,_ne
2934 4474 3056 4551 quid
3078 4472 3261 4527 notitia
3288 4470 3500 4539 dignum
3525 4468 3787 4527 dissimu-

2206 4553 2343 4608 letur
2364 4555 2414 4607 in
2437 4545 2804 4612 Ecclésiastica
2824 4545 3061 4600 historia.

2279 4624 2354 4746 Si)
2383 4608 2494 4677 Hoc
2519 4619 2875 4690 Apostolicum
2902 4613 3257 4669 testimonium
3286 4625 3388 4665 non
3414 4608 3563 4689 aliter
3592 4623 3621 4662 a
3643 4608 3785 4666 Ter-

2279 4738 2281 4746 .
2307 4694 2425 4746 iano
2439 4692 2531 4746 lib.
2555 4692 2587 4745 4
2610 4697 2752 4745 cont.
2774 4686 3091 4741 Marcionem
3110 4723 3124 4746 ,
3143 4691 3194 4737 et
3216 4681 3531 4746 Hieronymo
3546 4695 3600 4732 in
3616 4678 3785 4734 Com-

2206 4678 2425 4747 tulliano
2439 4692 2531 4747 lib.
2555 4678 2587 4745 ἱ
2610 4697 2752 4745 cont.
2774 4686 3091 4741 Marcionem
3110 4723 3124 4746 ,
3143 4691 3194 4737 et
3216 4681 3531 4750 Hieronymo
3546 4678 3600 4732 in
3616 4678 3785 4734 Com-

2204 4763 2476 4817 mentariis
2491 4776 2650 4831 super
2668 4759 2804 4813 hanc
2822 4756 3097 4826 epistolam
3118 4752 3376 4816 laudatur,
3400 4751 3689 4805 reluctante
3706 4760 3785 4806 ta-

2204 4850 2325 4889 men
2352 4835 2589 4888 Erasmo.

2276 4902 2516 4975 (2)7Falsi
2545 4901 2599 4955 hi
2629 4900 2818 4975 [ratres
2840 4895 3097 4975 docebant
3129 4891 3396 4975 hominem
3434 4905 3497 4944 ex
3518 4890 3782 4975 oneribus

2203 4961 2774 5044 leg‘is'justilicandum,
2787 4968 3208 5044 deceperuntque
3228 4961 3459 5027 Galatas,
3479 4969 3537 5013 ut
3553 4961 3782 5044 circum:

2203 5029 2478 5108 cisionem,
2508 5056 2571 5095 ac
2602 5041 2729 5094 alias
2748 5029 2889 5107 legis
2920 5029 3387 5108 ceremoniasuua
3424 5045 3543 5084 cum
3576 5029 3781 5108 Christi

2203 5113 2318 5185 lege
2351 5100 2492 5185 velut
2529 5110 2594 5185 ad
2627 5100 2846 5185 salutem
2881 5104 3205 5185 necessarias
3237 5101 3599 5181 observarent.
3637 5100 3779 5185 l‘iinc

2204 5169 2422 5238 Paulum
2444 5180 2799 5250 deprimebant
2822 5178 2958 5250 inter
2977 5172 3275 5250 Apostolos,
3301 5186 3425 5250 eum
3458 5169 3779 5224 insimulan-

2202 5262 2311 5318 tcs,
2341 5254 2483 5308 velut
2510 5241 2631 5304 aliis
2671 5241 3134 5318 contradicentem.
3169 5242 3267 5307 Qui
3301 5241 3776 5318 Lpnes1_inoraqs.

2202 5310 2540 5385 ubi'rescivit,
2569 5318 2786 5389 epistola
2808 5316 2960 5385 aegris
2979 5313 3277 5389 Galatarum
3299 5310 3491 5389 animis
3508 5310 3579 5363 ita
3599 5310 3782 5389 medi?

2203 5401 2320 5457 tur;
2351 5395 2400 5447 1.
2425 5379 2779 5460 improborum
2806 5379 3324 5460 cdercetaudaciatn,
3353 5379 3778 5460 dignitatemsui

2201 5449 2538 5532 Apostolatus
2565 5458 2877 5532 de‘t'endens._
2901 5455 2981 5532 ἓ...
2999 5453 3267 5532 doctrina}.
3282 5449 3777 5532 sua'nconcordiam

2202 5519 2320 5588 cum
2340 5534 2455 5586 aliis
2482 5529 2743 5598 Apostolis
2772 5543 2836 5598 ex
2864 5524 3039 5598 habita
3060 5538 3176 5576 cum
3199 5519 3776 5598 illishcollatione‘pro-

2201 5604 2308 5659 bat.
2333 5604 2384 5656 5.
2413 5588 2679 5655 accersitis
2706 5595 2994 5652 rationibus
3013 5608 3074 5646 ac
3092 5590 3284 5667 veteris
3302 5589 3586 5667 Scriptura:

2200 5674 2390 5728 moniis
2410 5670 2653 5725 seductos
2672 5668 2739 5721 ab
2764 5680 2942 5720 errore
2975 5668 3203 5717 revocat.
3234 5659 3517 5727 Epistolam
3551 5659 3779 5726 scripsit

2200 5745 2337 5798 circa
2359 5757 2481 5797 ann.
2504 5739 2629 5796 0hr.
2660 5752 2780 5792 certe
2799 5735 2887 5803 56,
2910 5734 2940 5788 'a
2957 5732 3085 5791 Chr.
3112 5738 3283 5788 morte
3300 5729 3387 5795 25.
