4028 6184
248 291 353 352 649

238 421 552 473 decerneret
580 432 593 469 :
626 415 731 470 Sed
763 414 875 468 licet
895 430 1003 478 nos,
1030 414 1230 485 inquit,
1261 426 1348 470 aut
1374 422 1579 489 angelus
1603 422 1665 473 de
1689 423 1808 474 cmlo

239 507 543 578 evangelizet
567 506 702 560 vobis
729 514 1058 575 prwterqumu
1083 506 1217 575 quod
1240 508 1681 577 evangeliaavimus
1720 526 1807 563 vo-

236 598 333 663 bis,
364 597 628 651 anathema
660 597 743 660 sit,
776 595 890 649 Gal.
926 596 972 650 1.
1006 596 1142 663 Quid
1163 608 1244 653 est
1272 600 1412 669 quod
1438 602 1538 666 ait,
1568 601 1673 656 Sed
1699 602 1809 655 licet

235 703 326 741 nos
342 690 368 741 ?
393 688 498 743 Cur
522 703 627 742 non
661 688 855 757 potius,
887 687 992 741 Sed
1019 688 1129 741 licet
1151 691 1280 759 ego?
1306 690 1418 744 Hoc
1444 699 1525 745 est
1555 710 1566 744 :
1590 692 1808 746 Etiamsi

233 777 442 844 Petrus,
463 779 669 833 etiamsi
696 778 954 842 Andreas,
973 780 1180 833 etiamsi
1200 780 1449 847 Joannes,
1479 782 1685 836 etiamsi
1709 798 1805 852 po-

232 877 434 925 stremo
472 870 647 924 omnis
679 870 1051 939 Apostolorum
1077 871 1271 926 chorus
1311 873 1633 942 evangelizet
1657 873 1806 927 vobis

231 969 583 1031 prmterquam
604 960 744 1031 quod
760 956 1245 1032 cvangelizavimus,
1265 964 1542 1019 anathema
1568 966 1653 1019 sit.
1673 966 1804 1020 Tre—

228 1052 428 1107 menda
452 1052 709 1107 districtio
728 1095 741 1119 ,
766 1062 979 1123 propter
998 1053 1345 1110 adserendam
1375 1058 1558 1127 prima:
1585 1057 1706 1112 ﬁdei
1728 1066 1806 1113 te-

228 1144 535 1209 nacitatem,
554 1160 652 1199 nec
666 1145 785 1209 sibi,
809 1160 907 1200 nec
922 1146 1128 1201 creteris
1142 1149 1459 1217 eoapostolis
1474 1152 1774 1219 pepercisse
1789 1153 1800 1204 !

228 1236 430 1291 Parum
456 1246 536 1292 est
564 1256 575 1289 :
607 1237 822 1291 Etiamsi
841 1239 1063 1308 angelus,
1083 1239 1271 1308 inquit,
1290 1241 1349 1293 de
1368 1241 1489 1294 caelo
1510 1243 1806 1311 evangelizet

228 1327 387 1391 vobis,
419 1337 750 1398 prwterquam
774 1329 907 1397 quod
930 1329 1371 1399 evangelisavimus
1390 1372 1403 1395 ,
1432 1332 1698 1385 anathema
1720 1334 1801 1387 sit.

227 1417 345 1474 Non
387 1420 668 1475 suﬁ'ecerat
692 1420 759 1474 ad
788 1420 1083 1474 custodiam
1110 1421 1312 1475 traditce
1337 1423 1503 1477 semel
1532 1423 1671 1486 ﬁdei,
1703 1424 1804 1479 hu-

227 1521 400 1565 mana:
414 1512 733 1565 conditionis
752 1525 1195 1565 commemorasse
1210 1520 1468 1579 naturam,
1489 1514 1590 1568 nisi
1605 1515 1804 1584 angeli-

224 1616 343 1655 cam
374 1616 587 1671 quoque
606 1600 971 1655 excellentiam
998 1602 1500 1670 comprehendisset.
1532 1602 1667 1656 Licet
1692 1622 1800 1670 nos,

223 1694 420 1765 inquit,
448 1703 535 1746 aut
558 1693 764 1763 angelus
792 1693 853 1746 de
876 1692 1015 1747 εωιο.
1043 1694 1159 1748 Non
1185 1696 1305 1763 quia
1339 1696 1503 1750 sancti
1534 1697 1804 1752 caelestes—

222 1799 335 1853 que
360 1783 533 1853 angeli
559 1797 778 1852 peccare
798 1782 907 1852 jam
927 1784 1156 1851 possint;
1189 1784 1284 1837 sed
1316 1784 1415 1839 hoc
1444 1794 1525 1840 est
1550 1786 1689 1855 quod
1723 1786 1804 1841 di-

220 1875 334 1930 cit:
369 1874 427 1931 Si
452 1875 631 1938 etiam,
664 1875 847 1944 inquit,
876 1874 965 1928 ﬁat
984 1876 1124 1945 quod
1149 1892 1254 1931 non
1282 1886 1455 1946 potest
1488 1878 1621 1943 ﬁeri,
1658 1880 1804 1948 quis-

221 1966 344 2035 quis
365 1965 454 2020 ille
482 1965 725 2019 traditam
753 1966 917 2019 semel
939 1965 1095 2020 ﬁdem
1125 1976 1330 2021 mutare
1350 1969 1648 2032 tentaverit,
1673 1985 1800 2022 ana—

221 2056 404 2111 thema
437 2057 524 2111 sit.
561 2055 668 2111 Sed
702 2054 816 2110 haec
854 2055 1075 2110 forsitan
1109 2056 1462 2125 perfunctorie
1488 2060 1802 2127 praelocutus

220 2155 322 2212 est,
343 2156 399 2203 et
413 2147 645 2202 humano
660 2148 836 2217 potius
862 2146 1047 2202 eﬁ‘udit
1073 2148 1290 2217 impetu,
1320 2158 1479 2219 quam
1510 2150 1686 2205 divina
1712 2168 1800 2207 ra—

219 2240 367 2295 tione
394 2240 643 2295 decrevit.
672 2240 842 2294 Absit.
868 2240 1117 2309 Sequitur
1132 2240 1294 2305 enim,
1324 2249 1376 2294 et
1403 2241 1504 2296 hoc
1524 2243 1695 2312 ipsum
1718 2244 1799 2298 in-

216 2332 364 2403 genti
376 2334 647 2388 molimine
660 2333 859 2387 itcratre
874 2333 1240 2388 insinuationis
1253 2334 1477 2389 inculcat
1493 2353 1504 2387 :
1522 2334 1664 2389 Sicut
1680 2352 1801 2405 pra:-

215 2422 466 2486 diximus,
483 2432 528 2475 et
542 2440 671 2475 nunc
682 2424 860 2476 iterum
875 2424 985 2477 dico
1001 2440 1018 2477 :
1032 2425 1092 2479 Si
1101 2425 1211 2493 quis
1226 2424 1361 2477 vobis
1374 2426 1794 2495 evangelisaverit,

218 2521 560 2581 prteterquam
584 2513 717 2582 quod
736 2514 1020 2583 accepistis,
1048 2514 1313 2567 anathema
1346 2516 1427 2567 sit.
1470 2515 1583 2570 Non
1628 2518 1758 2572 dixit
1782 2536 1793 2571 :

216 2604 276 2661 Si
288 2605 412 2675 quis
426 2604 577 2659 vobis
588 2606 974 2661 annuntiaverit
985 2616 1334 2677 praeterquam
1348 2608 1488 2677 quod
1499 2611 1794 2680 accepistis,

216 2694 531 2751 benedictus
546 2695 634 2761 sit,
652 2696 911 2762 laudetur,
934 2698 1248 2766 recipiatur;
1279 2698 1393 2764 sed,
1423 2699 1687 2753 anathema
1710 2702 1793 2767 sit,

216 2786 411 2857 inquit,
426 2787 479 2843 id
494 2797 592 2855 est,
609 2798 901 2859 separatus,
921 2800 1245 2862 segregatus,
1266 2792 1510 2847 exclusus
1526 2835 1541 2860 ,
1565 2809 1632 2848 ne
1645 2796 1798 2850 unius

218 2879 335 2933 ovis
354 2878 529 2933 dirum
545 2881 845 2951 contagium
870 2880 1143 2936 innoxium
1174 2897 1388 2952 gregem
1413 2880 1608 2937 Christi
1632 2900 1796 2938 vene-

218 2976 341 3023 nata
359 2969 710 3038 permixtione
735 2970 1076 3024 contaminet.

286 3059 382 3114 IX.
425 3059 527 3115 Sed
554 3060 772 3114 forsitan
798 3060 995 3114 Calatis
1016 3061 1115 3114 ista
1136 3067 1339 3114 tantum
1365 3069 1627 3129 prmccpta
1652 3067 1792 3115 sunt.

214 3148 359 3219 Ergo
386 3158 441 3203 et
458 3150 544 3203 illa
566 3150 691 3202 solis
713 3149 910 3203 Calatis
935 3150 1189 3217 imperata
1209 3158 1333 3203 sunt
1351 3166 1469 3218 quae
1488 3150 1541 3202 in
1562 3150 1799 3218 ejusdem

214 3238 473 3306 Epistolas
516 3239 857 3305 sequentibus
904 3248 1419 3295 commemorantur:
1459 3240 1632 3309 qualia
1679 3250 1801 3295 sunt

214 3328 374 3382 inec:
406 3326 466 3381 Si
502 3327 707 3381 vivimus
741 3328 948 3397 spiritu,
989 3328 1170 3397 spiritu
1213 3338 1259 3382 et
1306 3330 1631 3385 ambulemus.
1677 3330 1799 3385 Non

218 3420 492 3489 e/ﬁciamur
514 3419 678 3472 inanis
701 3419 875 3489 gloria:
898 3419 1086 3489 cupidi,
1112 3420 1316 3473 invicem
1340 3431 1687 3491 provocantes,
1715 3423 1797 3476 in-

218 3511 463 3574 videntes,
491 3507 606 3563 Gal.
632 3510 686 3577 5,
715 3516 768 3564 et
796 3509 1016 3579 reliqua.
1045 3508 1197 3575 Quod
1229 3510 1273 3563 si
1299 3510 1585 3565 absurdum
1609 3519 1717 3578 est,
1746 3519 1799 3567 et

216 3600 466 3654 omnibus
492 3613 557 3653 ex
592 3614 743 3668 aequo
777 3599 1035 3668 imperata
1069 3605 1219 3665 sunt,
1248 3607 1413 3654 restat
1446 3608 1504 3654 ut
1527 3602 1661 3654 sicut
1684 3601 1798 3654 haec

218 3706 430 3745 morum
464 3688 729 3755 mandata,
756 3690 826 3743 ita
850 3690 1010 3745 etiam
1036 3690 1122 3744 illa
1147 3706 1265 3759 quae
1286 3690 1353 3745 de
1372 3690 1473 3745 ﬁde
1496 3700 1650 3745 cauta
1677 3700 1799 3746 sunt

219 3795 410 3835 omnes
431 3780 543 3850 pari
563 3780 719 3834 modo
737 3779 1205 3848 comprehendant,
1230 3787 1283 3834 et
1302 3781 1437 3835 sicut
1458 3782 1653 3835 nemini
1676 3782 1799 3836 licet

218 3869 450 3924 invicem
478 3884 764 3939 provocare
791 3878 882 3923 aut
920 3869 1155 3925 invidere
1194 3870 1448 3937 invicem,
1491 3871 1561 3925 ita
1599 3871 1797 3925 nemini

220 3958 396 4027 liceat,
423 3967 611 4029 praeter
635 3960 687 4014 id
711 3960 851 4028 quod
877 3960 1111 4014 Ecclesia
1134 3960 1401 4015 Catholica
1422 3976 1797 4033 usquequaque

221 4050 549 4121 evangelizat
586 4050 844 4119 accipere.
890 4049 995 4104 Aut
1032 4050 1250 4105 forsitan
1274 4058 1399 4105 tunc
1425 4051 1723 4119 jubebatur,
1752 4053 1795 4107 si

222 4140 342 4210 quis
368 4141 733 4195 annuntiasset
756 4148 1104 4210 prieterquam
1125 4140 1267 4210 quod
1290 4142 1654 4196 annuntiatum
1680 4141 1795 4196 fue-

223 4238 320 4297 rat,
346 4230 810 4296 anathematizari;
833 4245 973 4284 nunc
996 4246 1121 4286 vero
1142 4230 1253 4299 jam
1279 4246 1383 4285 non
1404 4230 1636 4300 jubetur.
1660 4231 1797 4301 Ergo
1874 4280 1880 4286 .

223 4327 275 4372 et
292 4320 420 4375 illud
441 4320 581 4389 quod
602 4321 727 4374 item
749 4319 820 4374 ibi
844 4320 917 4373 ait
941 4338 952 4373 :
978 4319 1104 4372 Dico
1124 4328 1308 4383 autem,
1330 4319 1509 4387 spiritu
1526 4319 1794 4384 ambulate,

224 4418 267 4459 et
301 4410 604 4463 desiderium
629 4410 793 4463 carnis
816 4426 915 4462 non
942 4410 1223 4477 perﬁcietis,
1263 4416 1387 4463 tunc
1416 4418 1618 4463 tantum
1640 4409 1795 4478 jube-

224 4494 394 4566 batur,
428 4499 586 4553 modo
611 4514 739 4552 vero
767 4498 878 4566 jam
911 4512 1015 4550 non
1046 4498 1277 4565 jubetur.
1314 4496 1465 4562 Quod
1499 4499 1544 4549 si
1578 4499 1796 4565 impium

223 4588 421 4653 pariter
445 4596 499 4641 et
522 4586 875 4655 perniciosum
900 4592 982 4639 est
1006 4586 1076 4638 ita
1104 4584 1340 4651 credere,
1369 4586 1670 4639 necessario
1708 4600 1795 4639 se-

223 4677 399 4743 quitur
425 4684 483 4729 ut
508 4676 642 4728 sicut
666 4675 780 4729 haec
809 4674 1013 4729 cunctis
1038 4673 1275 4727 :etatibus
1300 4673 1625 4728 observanda
1652 4684 1793 4743 sunt,

225 4762 292 4817 ita
324 4766 412 4818 illa
437 4780 645 4833 quoque
676 4780 792 4833 qua:
819 4764 884 4819 de
908 4780 1015 4818 non
1046 4763 1293 4817 mutanda
1324 4763 1425 4818 ﬁde
1451 4766 1651 4819 sancita
1676 4776 1799 4821 sunt

225 4855 428 4911 cunctis
444 4853 686 4908 :etatibus
707 4854 961 4923 imperata
976 4854 1097 4907 sint.
1118 4852 1445 4907 Annuntiare
1460 4868 1584 4922 ergo
1604 4854 1798 4924 aliquid

230 4940 537 4998 Christianis
559 4942 850 5009 catholicis,
874 4950 1065 5012 praeter
1087 4941 1140 4996 id
1164 4942 1304 5011 quod
1329 4950 1646 5011 acceperunt
1665 4959 1799 4997 nun-

231 5045 382 5098 quam
408 5035 577 5101 licuit,
614 5049 874 5104 nusquam
904 5035 1045 5100 licet,
1072 5049 1339 5103 nunquam
1364 5034 1568 5101 licebit;
1597 5043 1650 5090 et
1672 5051 1799 5089 ana-

235 5122 567 5182 thematizare
605 5142 698 5182 eos
738 5128 828 5197 qui
864 5127 1176 5195 annuntiant
1216 5126 1412 5196 aliquid
1448 5135 1798 5197 prmterquam

237 5215 368 5279 quod
386 5217 547 5272 semel
567 5224 841 5286 acceptum
861 5225 960 5284 est,
988 5232 1256 5287 nunquam
1280 5232 1385 5269 non
1406 5218 1656 5285 oportuit,
1680 5232 1799 5270 nus-

239 5312 384 5367 quam
404 5322 508 5363 non
533 5314 759 5377 oportet,
787 5306 1056 5376 nunquam
1077 5322 1183 5360 non
1207 5305 1489 5375 oportebit.
1525 5305 1653 5371 Quae
1675 5306 1796 5360 cum

240 5385 307 5443 ita
328 5394 448 5462 sint,
480 5405 629 5451 estne
651 5397 841 5466 aliquis
867 5396 949 5451 vel
973 5404 1130 5450 tanta:
1151 5394 1382 5449 audaciae
1413 5395 1503 5465 qui
1528 5403 1721 5465 praeter
1744 5394 1797 5449 id

242 5486 371 5549 quod
394 5488 531 5557 apud
556 5488 847 5543 Ecclesium
881 5488 1242 5541 annnntiatum
1266 5494 1350 5540 est
1382 5486 1674 5551 annuntiet,
1713 5484 1796 5538 vel

243 5574 391 5629 tanta:
415 5578 637 5633 levitatis
667 5579 757 5649 qui
782 5585 973 5648 prazter
995 5576 1046 5631 id
1071 5578 1211 5647 quod
1234 5576 1301 5630 ab
1330 5576 1565 5631 Ecclesia
1595 5574 1798 5643 accepit

248 5663 487 5725 accipiat?
509 5667 717 5725 Clamat
758 5678 812 5730 et
827 5666 1349 5736 repetendoclamat.
1376 5675 1431 5724 et
1448 5666 1712 5728 omnibus.
1740 5673 1797 5721 et

378 5762 610 5823 Pnaon.
638 5766 701 5824 L.

1428 296 1999 360 COMMONITORIUM
2039 302 2323 363 PRIMUM.

3379 321 3482 375 650

1913 438 2142 491 semper,
2171 432 2225 478 et
2247 422 2439 492 ubique
2464 438 2559 493 per
2578 425 2777 481 litteras
2801 441 2923 483 suas
2941 429 3132 485 clamat
3148 432 3258 501 ille,
3279 432 3367 490 ille
3388 454 3483 495 vas

1911 513 2202 581 electionis,
2220 515 2306 570 ille
2321 516 2569 585 magister
2582 519 2833 587 gentium,
2848 520 2934 574 ille
2949 521 3320 590 Apostolorum
3335 527 3456 581 tuba
3466 572 3479 594 ,

1912 603 1999 659 ille
2020 612 2278 660 terrarum
2304 621 2497 675 prmco,
2533 607 2619 661 ille
2643 609 2897 663 cmlorum
2923 612 3185 679 conscius,
3216 621 3273 667 ut
3293 615 3339 668 si
3366 617 3483 685 quis

1911 709 2106 749 novum
2126 696 2315 766 dogma
2336 698 2741 765 annuntiaverit,
2764 700 3252 756 anathematizetur.
3276 704 3342 757 Et
3364 720 3483 759 con-

1912 791 1992 838 tra
2011 787 2299 841 reclamant
2317 803 2461 841 ranae
2474 788 2735 857 quaedam,
2759 798 2813 843 et
2826 790 3100 860 cyniphes,
3124 800 3177 845 et
3190 807 3386 847 musca:
3404 793 3481 863 (1)

1910 875 2425 945 ωοτίῐιιιιω,ο(ιυθιθδ
2456 883 2579 931 sunt
2601 877 2895 947 Pelagiani,
2930 886 2984 932 et
3023 878 3123 933 hoc
3160 880 3478 937 Catholieis:

1909 961 2090 1031 Nobis,
2124 966 2393 1035 inquiunt,
2416 966 2738 1033 auctoribus,
2767 967 2919 1021 nobis
2948 969 3299 1039 principibus,
3327 970 3480 1025 nobis

1910 1054 2314 1122 expositoribus,
2358 1055 2603 1109 damnate
2647 1072 2763 1125 qua:
2810 1056 3098 1125 tenebatis,
3144 1067 3319 1114 tenete
3361 1075 3478 1130 quas

1908 1142 2257 1209 damnabatis,
2280 1144 2481 1215 rejicite
2501 1146 2769 1215 antiquam
2785 1145 2962 1213 ﬁdem,
2985 1156 3201 1216 paterna
3219 1150 3474 1217 instituta,

1906 1235 2167 1303 majorum
2190 1235 2458 1304 deposita;
2486 1245 2539 1290 et
2562 1237 2777 1305 recipite
2804 1256 2815 1290 :
2853 1254 3092 1307 quamam
3119 1239 3205 1292 illa
3230 1240 3480 1295 tandem?

1907 1321 2099 1377 horreo
2124 1324 2299 1379 dicere
2326 1343 2337 1377 :
2366 1332 2491 1379 sunt
2516 1326 2657 1379 enim
2683 1334 2792 1380 tam
2826 1328 3079 1396 superba,
3117 1338 3174 1382 ut
3207 1331 3337 1384 mihi
3371 1346 3479 1387 non

1906 1412 2069 1468 modo
2095 1413 2347 1483 aﬁrmari,
2376 1417 2469 1473 sed
2494 1431 2561 1471 ne
2586 1416 2752 1472 refelli
2776 1418 2989 1487 quidem
3017 1419 3132 1473 sine
3161 1420 3337 1490 aliquo
3361 1420 3477 1491 pia-

1907 1503 2025 1557 culo
2048 1518 2203 1572 posse
2228 1506 2521 1561 videantur.

1978 1592 2045 1647 X.
2076 1594 2181 1649 Sed
2205 1596 2345 1651 dicet
2365 1599 2554 1668 aliquis
2578 1618 2590 1652 :
2621 1600 2725 1655 Cur
2746 1614 2871 1672 ergo
2888 1617 3125 1672 persaepe
3147 1602 3395 1657 divinitus
3416 1603 3478 1657 si-

1906 1692 2102 1738 nuntur
2120 1687 2436 1743 excellentes
2456 1690 2695 1758 quzedam
2710 1708 2949 1760 persona:
2965 1694 3019 1747 in
3039 1694 3273 1758 Ecclesia
3290 1694 3477 1748 consti-

1909 1780 2032 1827 tutze
2066 1791 2153 1829 res
2180 1792 2343 1831 novas
2370 1778 2654 1833 Catholicis
2684 1784 3025 1838 annuntiare?
3063 1784 3225 1838 Recta
3254 1785 3477 1839 interro-

1904 1864 2045 1933 gatio
2065 1872 2118 1918 et
2137 1866 2291 1935 digna
2314 1883 2431 1935 qua:
2457 1868 2756 1937 diligentius
2780 1880 2936 1940 atque
2960 1872 3174 1928 uberius
3193 1884 3477 1943 pertracte-

1904 1960 2023 2006 tur:
2051 1955 2135 2007 cui
2165 1963 2341 2010 tamen
2373 1972 2479 2011 non
2513 1959 2722 2028 ingenio
2747 1963 2979 2030 proprio,
3008 1964 3101 2017 sed
3134 1964 3324 2019 divina:
3349 1966 3477 2036 legis

1904 2044 2235 2111 auctoritate,
2260 2046 2611 2103 Ecclesiastici
2634 2052 2921 2121 magisterii
2941 2052 3256 2109 documento
3272 2056 3477 2111 satisfa-

1904 2134 2148 2189 ciendum
2170 2146 2269 2191 est.
2300 2138 2591 2195 Audiamus
2613 2158 2738 2211 ergo
2760 2152 3000 2197 sanctum
3019 2143 3259 2214 Moysen;
3287 2156 3339 2200 et
3368 2148 3477 2215 ipse

1901 2242 2001 2281 nos
2027 2228 2214 2283 doceat
2234 2245 2331 2284 cur
2348 2230 2488 2285 docti
2514 2233 2631 2300 viri,
2661 2242 2715 2287 et
2740 2235 2829 2303 qui
2855 2243 3070 2305 propter
3101 2235 3335 2290 scientia;
3356 2251 3478 2306 gra-

1902 2318 2031 2372 tiam
2063 2319 2129 2373 ah
2164 2320 2417 2390 Apostolo
2453 2324 2610 2378 etiam
2640 2324 2910 2393 prophetae
2940 2332 3327 2393 nuncupantur,
3357 2340 3477 2395 pro-

1900 2409 2040 2465 ferre
2064 2411 2325 2467 interdum
2346 2414 2719 2483 permittantur
2738 2430 2873 2469 nova
2897 2415 3161 2484 dogmata,
3188 2430 3306 2484 qua:
3326 2422 3477 2469 vetus

1902 2498 2299 2556 Testamentum
2350 2504 2632 2575 allegorico
2678 2520 2922 2560 sermone
2966 2504 3093 2559 deos
3137 2504 3337 2559 alienos
3382 2520 3477 2575 ap-

1901 2592 2097 2659 pellare
2138 2595 2442 2662 consuevit,
2483 2595 2547 2650 eo
2584 2595 2725 2665 quod
2768 2597 2970 2651 scilicet
3002 2594 3074 2648 ita
3112 2593 3179 2649 ab
3217 2594 3477 2649 haereticis

1902 2680 2135 2751 ipsorum
2168 2685 2444 2753 opiniones
2487 2685 2622 2740 sicut
2652 2699 2682 2737 a
2705 2687 2948 2755 gentibus
2972 2685 3045 2739 dii
3078 2685 3158 2738 sui
3194 2684 3477 2738 observen-

1902 2778 2004 2824 tur.
2050 2773 2244 2829 Scribit
2280 2791 2406 2846 ergo
2453 2774 2508 2829 in
2552 2775 2960 2829 Deuteronomio
3005 2774 3190 2827 beatus
3230 2772 3473 2841 Moyses:

1902 2859 1965 2913 Si
2003 2866 2299 2928 surrexerit,
2340 2866 2536 2934 inquit,
2586 2865 2639 2917 in
2677 2866 2837 2917 medio
2874 2864 2946 2917 tui
2980 2863 3251 2932 propheta,
3286 2869 3373 2912 aut
3393 2862 3476 2930 qui

1901 2954 2147 3005 somnium
2196 2955 2377 3007 vidisse
2427 2971 2479 3007 se
2529 2954 2681 3017 dicat,
2722 2953 2872 3006 Deut.
2923 2953 3010 3018 15,
3048 2951 3099 3004 id
3140 2958 3248 3015 est,
3282 2950 3476 3019 magis-

1901 3047 1984 3093 ter
2023 3041 2074 3093 in
2120 3043 2354 3097 Ecclesia
2389 3044 2733 3108 constitutus,
2766 3058 2923 3111 quem
2955 3040 3197 3109 discipuli
3226 3040 3309 3093 vel
3329 3039 3475 3093 audi-

1902 3136 2047 3182 tores
2087 3131 2167 3183 sui
2208 3147 2273 3185 ex
2317 3133 2490 3200 aliqua
2537 3131 2856 3185 revelatione
2899 3130 3091 3184 docere
3134 3129 3471 3184 arbitrentur.

1902 3219 2038 3286 Quid
2071 3221 2295 3275 deinde?
2331 3231 2379 3275 et
2412 3222 2719 3292 praedixerit,
2748 3220 2936 3289 inquit,
2963 3221 3161 3291 signum
3184 3228 3329 3289 atque
3355 3235 3475 3289 por-

1902 3320 2117 3377 tentum,
2160 3322 2207 3366 et
2239 3313 2452 3367 evenerit
2482 3311 2616 3382 quod
2650 3311 2841 3365 locutus
2876 3321 2966 3364 est.
2993 3310 3212 3380 Magnus
3245 3309 3476 3379 profecto

1901 3402 2082 3456 nescio
2126 3403 2245 3471 quis
2284 3403 2519 3473 signatur
2556 3402 2807 3473 magister
2839 3409 2893 3457 et
2926 3409 3085 3456 tantas
3120 3400 3353 3455 scientiae
3387 3400 3474 3469 qui

1902 3495 2253 3549 sectatoribus
2296 3496 2523 3567 propriis
2566 3511 2671 3550 non
2718 3495 2889 3550 solum
2928 3509 3045 3564 qua:
3089 3492 3317 3547 humana
3355 3498 3475 3547 sunt

1901 3597 2081 3651 nosse,
2125 3600 2308 3638 verum
2333 3585 2490 3639 etiam
2529 3602 2645 3655 qua:
2686 3600 2845 3657 supra
2879 3585 3147 3640 hominem
3186 3590 3311 3638 sunt
3341 3597 3474 3652 prae-

1901 3691 2124 3731 noscere
2148 3690 2305 3745 posse
2325 3674 2598 3740 videatur;
2622 3676 2803 3745 quales
2824 3675 2934 3731 fere
2958 3675 3199 3744 discipuli
3220 3673 3302 3727 sui
3319 3672 3475 3741 jacti-

1903 3773 2015 3820 tant
2049 3765 2210 3820 fuisse
2233 3765 2588 3831 Valentinum,
2626 3765 2907 3831 Donatum,
2932 3764 3214 3818 Photinum
3231 3806 3244 3829 ,
3270 3762 3473 3831 Apolli-

1900 3872 2105 3924 narem,
2146 3865 2472 3926 caeterosque
2498 3853 2776 3925 ejusmodi.
2802 3853 2938 3919 Quid
2960 3854 3174 3921 postea?
3196 3862 3242 3905 et
3273 3854 3470 3921 dixerit,

1901 3947 2089 4017 inquit,
2114 3948 2202 4001 tibi
2226 3964 2243 4001 :
2271 3948 2478 4011 Eamus,
2501 3956 2547 3999 et
2565 3961 2829 4013 sequamur
2849 3943 2967 3996 deos
2986 3942 3173 3995 alienos
3192 3959 3315 4011 quos
3334 3945 3472 4013 igno-

1900 4056 2005 4103 ras,
2030 4048 2077 4091 et
2111 4040 2381 4092 serviamus
2418 4038 2507 4091 eis.
2549 4035 2650 4103 Qui
2675 4042 2797 4089 sunt
2818 4033 2890 4088 dii
2928 4032 3104 4099 alieni,
3131 4031 3233 4085 nisi
3268 4047 3475 4089 errores.

1902 4133 2137 4188 extranei
2170 4148 2302 4203 quos
2341 4131 2646 4203 ignorabas,
2684 4128 2737 4183 id
2771 4135 2879 4195 est,
2916 4126 3035 4181 novi
3063 4133 3117 4179 et
3137 4124 3388 4179 inauditi?
3412 4126 3473 4181 Et

1974 4345 2049 4414 (1)
2089 4343 2480 4417 Suspicatur_P.
2503 4341 2716 4417 Macedo
2735 4340 3029 4417 respexisse
3054 4334 3473 4417 Gelasiumﬁon-

1902 4406 2097 4467 tiﬁcém
2118 4406 2344 4467 adhunc
2366 4412 2626 4465 Vincentii
2648 4406 2840 4473 locum,
2864 4410 2987 4462 dum
3012 4409 3061 4460 in
3084 4407 3251 4475 Epist.
3275 4406 3340 4458 ad
3360 4406 3474 4475 Epi-

1902 4497 2092 4551 sc0pos
2119 4498 2212 4550 per
2238 4483 2484 4551 Picenum
2512 4480 2840 4541 constitutos,
2869 4486 3020 4531 vocat
3039 4476 3259 4551 delirum
3286 4490 3472 4545 quem-

1903 4547 2025 4603 dam
2074 4547 2253 4603 senem
2298 4549 2631 4614 Pelagianam
2676 4564 2894 4599 muscam
2935 4547 3255 4609 morituram,
3312 4560 3471 4614 quum

1902 4589 2303 4685 vulgatiailebtio,
2324 4626 2379 4671 ut
2398 4589 2483 4670 iﬁe
2502 4617 2752 4685 loquitur,
2769 4616 2961 4669 habeat
2978 4632 3161 4667 muscw
3178 4589 3470 4685 mbrielntes;

1902 4683 2042 4741 unde
2082 4688 2133 4740 in
2159 4687 2452 4741 Comment.
2490 4683 2632 4739 Eccl.
2662 4685 2861 4738 Polem.
2890 4700 3005 4753 cap.
3042 4700 3115 4747 χι,
3154 4683 3309 4738 infert
3333 4684 3471 4739 Liri-

1904 4772 2122 4811 nensem
2147 4772 2250 4809 non
2280 4756 2437 4808 fuisse
2464 4755 2740 4823 Pelagiana
2760 4754 2844 4807 lue
2865 4754 3131 4807 infectum.
3156 4754 3369 4823 Poterat
3388 4755 3471 4809 ad-

1904 4825 2334 4906 derenappellari
2364 4825 2520 4906 etiam
2564 4822 2737 4906 ranam
2767 4838 2797 4877 a
2829 4823 3057 4906 Gelasio.
3092 4843 3110 4873 ‹
3138 4822 3353 4904 Oblatas
3390 4834 3471 4904 est

1911 4916 1928 4947 ι
1953 4892 2135 4959 nobis,
2157 4892 2348 4964 inquit,
2385 4895 2700 4948 miserabilis
2731 4908 2889 4964 senex
2920 4893 3117 4964 Seneca
3137 4892 3383 4964 nomine,
3416 4892 3470 4964 in

1910 4986 1928 5018 ί
1951 4962 2250 5035 Pelagianae
2277 4964 2539 5035 voraginis
2575 4979 2753 5035 emno,
2791 4963 2925 5016 sicut
2959 4963 3023 5015 de
3060 4962 3370 5035 quibusdam
3415 4962 3468 5016 in

1910 5056 1928 5086 ι
1952 5032 2267 5105 Apocalypsi
2286 5032 2525 5105 legimus,
2541 5034 2695 5105 Avelut
2720 5048 2820 5085 una
2837 5047 3086 5105 ranarum
3114 5032 3469 5105 imprudenter

1910 5125 1927 5156 ι
1953 5102 2250 5159 uniuersus.
2279 5102 2355 5156 At
2383 5102 2589 5157 Gelasio
2615 5111 2795 5155 notum
2831 5102 2990 5155 fuisse
3019 5102 3276 5155 Vincentii
3312 5117 3464 5170 opus,

1902 5191 2008 5254 non
2035 5174 2192 5254 credo
2216 5190 2227 5224 :
2259 5172 2485 5254 alioquin
2508 5173 2579 5225 illi
2599 5172 2840 5251 meritum
2867 5170 3193 5254 rependisset
3210 5171 3466 5254 honorem

1903 5245 1955 5299 in
1978 5244 2283 5299 recensione
2310 5240 2581 5306 librorum,
2610 5251 2662 5295 et
2687 5240 3040 5295 testimonium
3069 5240 3191 5293 illud
3209 5240 3351 5294 Eccl.
3378 5240 3462 5304 10,

1902 5330 1953 5368 ν.
1985 5316 2036 5380 1,
2072 5314 2134 5366 de
2160 5314 2341 5365 muscis
2368 5313 2620 5364 morituris
2646 5311 2778 5363 forte
2802 5310 2925 5379 legit
2961 5310 3012 5362 in
3038 5310 3227 5379 Optato
3254 5308 3465 5380 Milevi-

1901 5377 2031 5437 tano'
2046 5383 2135 5437 lib.
2170 5383 2220 5447 7,
2250 5397 2393 5435 num.
2417 5382 2469 5445 4,
2492 5382 2573 5433 vel
2600 5377 2890 5450 Augustino
2916 5380 3005 5433 lib.
3028 5380 3062 5432 2
3079 5377 3223 5450 cont.
3252 5378 3348 5447 Ep.
3372 5377 3465 5431 Pe-

1903 5454 2065 5507 tiliani
2086 5468 2201 5521 cap.
2226 5468 2278 5515 χ,
2302 5452 2389 5505 ubi
2407 5450 2479 5503 ait
2502 5468 2513 5502 :
2549 5469 2566 5501 ‹
2590 5448 3251 5521 Propternumerositatem
3268 5461 3463 5521 musas

1909 5543 1926 5574 ι
1949 5516 2175 5577 arbitror
2202 5536 2317 5575 esse
2343 5516 2710 5589 comparatos;
2730 5518 2820 5589 sed
2844 5519 2894 5572 hi
2916 5518 3266 5589 exterminant
3287 5516 3460 5589 oleum

1908 5612 1926 5643 ι
1950 5592 2241 5657 suavitatis,
2269 5590 2359 5661 qui
2378 5585 2481 5644 non
2503 5590 2671 5660 ipsam
2696 5588 2789 5644 Dci
2814 5589 3052 5660 gratiam,
3074 5586 3167 5643 sed
3187 5585 3461 5651 hominum

1908 5682 1927 5717 ς
1949 5678 2124 5719 mores
2150 5662 2433 5719 intuentur.
2464 5678 2483 5711 ι
3090 5714 3119 5725 λ
