4028 6184
518 363 614 420 (iiii

515 484 785 537 serviamus
805 496 891 543 en,
913 478 963 532 ni
978 487 1075 543 est,
1099 476 1376 531 credamus
1396 478 1494 543 eis,
1518 491 1801 545 sequamur
1814 492 1925 531 eos.
1949 476 2085 541 Quid

513 572 580 626 ad
606 570 932 626 extremum?
954 585 1055 621 non
1078 567 1267 631 audies,
1295 567 1481 636 inquit,
1511 568 1655 619 verba
1677 568 1931 636 propheta:
1952 567 2085 621 illim

514 673 600 715 aut
618 660 952 715 somnium-is.
976 660 1042 713 Et
1060 674 1243 728 quare,
1263 674 1357 712 oro
1378 666 1448 722 te,
1474 672 1503 710 a
1523 658 1633 711 Deo
1652 673 1756 711 non
1780 658 2086 727 prohibetur

511 753 687 807 doceri
722 751 861 821 quod
897 766 927 804 a
962 751 1071 804 Deo
1108 749 1414 819 prohibetur
1447 748 1648 801 audiri?
1690 747 1849 812 Quia,
1892 748 2078 817 inquit,

512 852 663 895 tentat
684 859 769 895 vos
789 840 1034 895 Dominus
1056 839 1191 892 Deus
1211 847 1385 903 vester,
1409 848 1461 893 ut
1484 838 1651 907 palam
1671 838 1760 905 ﬁat
1782 848 1946 891 utrum
1967 838 2084 890 dili—

509 934 636 1001 gatis
663 948 775 985 eum
797 948 863 985 an
891 947 1009 994 non,
1042 930 1097 982 in
1120 939 1221 982 toto
1248 928 1396 982 corde
1425 937 1469 980 et
1490 929 1543 980 in
1574 937 1676 981 tota
1701 929 1870 981 anima
1899 930 2079 981 vestra.

509 1022 647 1076 Luce
665 1021 858 1075 clarius
877 1028 1056 1089 aperta
1075 1034 1235 1073 causa
1255 1026 1336 1073 est
1356 1034 1451 1073 cur
1471 1018 1734 1072 interdum
1754 1019 1930 1072 divina
1954 1019 2082 1072 Pro-

510 1113 736 1168 videntia
772 1112 1029 1183 quosdam
1064 1111 1420 1165 Ecclesiarum
1453 1111 1733 1180 magistros
1763 1125 1897 1163 nova
1933 1123 2080 1178 quac-

506 1203 627 1258 dam
653 1204 897 1273 dogmata
918 1202 1204 1271 praedicare
1226 1201 1471 1269 patiatur.
1503 1200 1569 1253 Ut
1591 1209 1739 1253 tentet
1760 1216 1862 1261 vos,
1890 1201 2076 1268 inquit,

507 1292 751 1347 Dominus
785 1293 920 1346 Deus
949 1302 1122 1344 vester.
1162 1292 1226 1344 Et
1262 1291 1494 1359 profecto
1529 1306 1716 1361 magna
1752 1291 1971 1345 tentatio
2003 1298 2084 1344 est

503 1400 625 1440 cum
645 1386 731 1441 ille
749 1400 905 1453 quem
922 1392 973 1438 tu
998 1384 1330 1451 prophetam,
1355 1399 1513 1452 quem
1528 1385 1901 1453 prOphetarum
1923 1382 2081 1437 disci—

504 1475 704 1540 pulum,
733 1489 890 1543 quem
913 1474 1183 1527 doctorem
1211 1482 1263 1527 ct
1291 1474 1614 1530 adsertorem
1640 1475 1878 1529 veritatis
1906 1482 2077 1543 putes,

503 1580 659 1634 quem
692 1579 897 1619 summa
919 1567 1255 1621 veneratione
1280 1575 1333 1621 et
1359 1582 1539 1623 amore
1572 1569 1876 1637 complexus
1903 1568 1996 1632 sis,
2036 1568 2080 1619 is

502 1657 676 1713 subito
718 1659 942 1713 latenter
982 1660 1169 1712 noxios
1195 1660 1510 1715 subinducat
1549 1675 1788 1726 errores,
1818 1675 1950 1730 quos
1983 1675 2080 1713 nec

502 1747 607 1802 cito
630 1748 1026 1818 deprehendere
1048 1751 1244 1815 valeas,
1282 1751 1407 1804 dum
1432 1753 1629 1821 antiqui
1668 1751 1953 1821 magisterii
1979 1751 2077 1803 du-

502 1838 638 1892 ceris
670 1840 1003 1909 prtejudicio,
1039 1856 1136 1894 nec
1170 1842 1321 1895 facile
1353 1842 1607 1896 damnare
1632 1842 1711 1897 fas
1743 1842 1925 1909 ducas,
1954 1841 2079 1895 dum

504 1930 739 1999 magistri
762 1933 953 1985 veteris
980 1933 1283 2000 praepediris
1309 1934 1515 1988 affectu.
2012 1917 2027 1927 ’

574 2022 661 2075 ΧΙ.
704 2024 799 2077 llic
824 2024 1041 2079 forsitan
1081 2025 1331 2095 efflagitet
1364 2026 1551 2095 aliquis
1581 2034 1640 2079 ut
1673 2042 1735 2079 ea
1766 2042 1884 2095 quae
1913 2026 2079 2080 sancti

498 2109 661 2181 Moysi
690 2114 863 2168 verbis
889 2114 1099 2170 adserta
1125 2124 1265 2179 sunt,
1294 2116 1679 2169 Ecclesiastieis
1705 2116 1964 2184 aliquibus
1987 2116 2079 2171 de-

501 2210 863 2258 monstrentur
897 2206 1171 2273 exemplis.
1217 2205 1386 2274 .IEqua
1428 2204 1805 2273 expostulatio,
1848 2221 1946 2258 nec
1991 2205 2079 2259 diu

501 2293 808 2350 differenda.
834 2297 966 2351 Nam
994 2307 1050 2350 ut
1076 2313 1105 2349 a
1129 2297 1380 2365 proximis
1412 2306 1464 2350 et
1489 2296 1780 2350 manifestis
1806 2296 2073 2365 incipiam,

498 2387 706 2453 qualem
730 2387 889 2441 fuisse
911 2404 1078 2456 nuper
1099 2389 1441 2441 tentationem
1462 2396 1728 2457 putamus,
1757 2390 1877 2441 cum
1898 2389 2076 2443 infelix

499 2476 583 2529 ille
610 2476 899 2544 Nestorius,
933 2481 1105 2535 subito
1126 2496 1191 2534 ex
1217 2496 1314 2535 ove
1337 2495 1623 2535 conversus
1651 2482 1701 2534 in
1725 2482 1927 2550 lupum,
1956 2496 2075 2551 gre-

495 2583 612 2636 gem
626 2568 820 2623 Christi
845 2571 1078 2626 lacerare
1101 2574 1368 2641 cmpisset,
1399 2587 1521 2627 eum
1542 2589 1661 2628 eum
1684 2574 1736 2626 hi
1759 2575 1858 2643 ipsi
1881 2575 1968 2643 qui
1992 2589 2078 2627 ro-

496 2657 755 2716 debantur
774 2679 839 2718 ex
864 2680 1052 2734 magna
1075 2664 1244 2719 adhuc
1268 2674 1415 2735 parte
1435 2682 1589 2721 ovem
1613 2666 1908 2731 crederent,
1934 2666 2077 2720 ideo—

495 2765 596 2819 que
632 2753 895 2809 morsibus
936 2756 1050 2825 ejus
1090 2758 1257 2827 magis
1294 2758 1567 2825 paterent?
1611 2758 1743 2810 Nam
1792 2756 1907 2825 quis
1956 2771 2076 2809 eum

493 2840 647 2896 facile
667 2857 844 2899 errare
858 2845 1201 2901 arbitraretur
1215 2865 1371 2918 quem
1388 2856 1536 2901 tanto
1559 2848 1767 2916 Imperii
1790 2847 1986 2915 judicio
2001 2846 2075 2916 (1)

494 2930 736 2999 electum,
761 2941 905 2990 tanto
928 2937 1259 2991 sacerdotum
1282 2939 1457 2991 studio
1480 2945 1817 3007 prosecutum
1840 2936 2074 3001 videret;

494 3022 581 3091 qui
610 3038 730 3079 cum
763 3041 953 3096 magno
977 3038 1281 3083 sanctorum
1317 3044 1518 3093 amore,
1557 3042 1765 3081 summo
1792 3026 1969 3095 populi
1995 3027 2073 3077 fa—

492 3126 619 3169 vore
644 3116 1019 3185 celebraretur,
1044 3119 1276 3189 quotidie
1298 3120 1469 3188 palam
1491 3118 1668 3171 divina
1692 3116 1948 3170 tractabat
1966 3117 2077 3168 elo-

493 3206 637 3275 quia,
668 3215 720 3261 et
744 3210 929 3265 noxios
956 3225 1193 3280 quosque
1220 3210 1526 3265 Judeeorum
1551 3217 1605 3262 et
1634 3208 1919 3263 Gentilium
1944 3222 2074 3260 con-

492 3295 691 3352 futabat
739 3302 978 3355 errores?
1026 3302 1141 3367 Quo
1172 3302 1383 3356 tandem
1428 3302 1529 3354 iste
1567 3300 1726 3353 modo
1767 3314 1872 3352 non
1909 3298 2076 3352 cuivis

492 3387 651 3441 fidem
674 3388 870 3444 faceret
896 3406 952 3445 se
977 3401 1121 3445 rceta
1149 3390 1367 3456 docere,
1398 3399 1541 3445 recta
1576 3389 1894 3459 przedicare,
1930 3396 2077 3441 recta

493 3478 719 3541 sentire,
757 3480 846 3547 qui
887 3488 945 3531 ut
985 3481 1075 3532 uni
1103 3480 1293 3533 haeresi
1329 3497 1437 3534 sua:
1472 3479 1707 3533 auditum
1735 3478 2071 3548 patefaceret,

494 3575 803 3621 cunctarum
820 3569 1092 3623 hzereseon
1112 3570 1186 3639 (2)
1204 3572 1558 3640 blasphemias
1575 3572 1953 3626 insectabatur?
1968 3569 2073 3625 Sed

492 3657 596 3713 hoc
632 3670 746 3713 erat
788 3659 915 3715 illud
953 3661 1093 3732 quod
1129 3662 1333 3733 Moyses
1361 3664 1467 3716 ait:
1497 3663 1674 3715 Tentat
1708 3679 1793 3716 vos
1829 3662 2073 3715 Dominus

493 3746 628 3802 Deus
657 3760 813 3805 vester
846 3752 890 3805 si
916 3752 1141 3823 diligatis
1177 3770 1288 3805 eum
1317 3770 1382 3806 an
1426 3769 1546 3806 non.
1584 3753 1651 3806 Et
1684 3761 1741 3805 ut
1774 3751 2073 3806 Nestorium

492 3849 883 3910 pratereamus,
912 3844 966 3898 in
1004 3860 1108 3914 quo
1136 3845 1255 3913 plus
1282 3859 1492 3913 semper
1516 3842 1881 3895 admirationis
1915 3854 2071 3909 quam

493 3933 747 3999 utilitatis,
773 3936 888 4004 plus
915 3935 1067 3988 fama:
1093 3950 1248 4004 quam
1276 3935 1617 4005 experientia:
1639 3932 1753 3996 fuit,
1782 3947 1937 4001 quem
1960 3934 2072 4001 opi-

490 4024 648 4079 nione
669 4025 808 4092 vulgi
834 4024 1152 4093 aliquamdiu
1174 4040 1421 4093 magnum
1442 4025 1673 4076 humana
1695 4024 1861 4091 magis
1878 4022 2071 4079 fecerat

564 4153 639 4221 (1)
680 4153 873 4219 Erepto
893 4166 923 4204 e
942 4152 1075 4204 vivis
1096 4153 1310 4214 Sisinio,
1335 4153 1465 4206 ortis
1493 4152 1723 4205 dissidiis
1754 4152 1891 4205 inter
1911 4153 2068 4208 cleri-

493 4236 611 4283 cos,
642 4220 1235 4289 Constantinopolitana:
1271 4223 1520 4276 Ecclesite
1551 4223 1580 4274 ἐι
1612 4222 1907 4275 Theodosio
1930 4224 2067 4289 jeju-

496 4290 643 4360 niore
666 4291 995 4345 rentmtiatus
1015 4300 1095 4345 est
1116 4292 1330 4356 Prsesul,
1354 4292 1644 4355 Nestorius,
1669 4292 1754 4360 qui
1776 4293 2069 4349 Antiochiic

495 4359 589 4415 sub
620 4358 797 4413 habitu
825 4369 877 4414 et
921 4360 1249 4429 professione
1266 4363 1508 4415 monachi
1530 4358 1754 4415 vivebat.
1781 4363 1847 4415 Et.
1874 4372 1929 4415 ut
1949 4380 2069 4417 nar-

490 4438 573 4482 rat
594 4429 837 4500 Socrates
858 4432 947 4485 lib.
975 4433 1024 4495 7,
1054 4448 1169 4500 cap.
1192 4433 1280 4496 ‘29,
1306 4433 1578 4486 ordinatus
1598 4433 1694 4485 fuit
1714 4448 1852 4486 anno
1873 4432 2066 4487 Christi

492 4501 676 4572 428,44
703 4499 776 4553 ld.
806 4500 934 4571 Apr.
959 4499 1381 4557 bonis’omnibus
1406 4503 1859 4572 applaudentibus,
1890 4515 2066 4571 gratu-

498 4567 825 4644 lantibusque
856 4567 1012 4644 quasi
1048 4574 1179 4626 alter
1214 4574 1417 4627 futurus
1443 4567 1594 4627 esset
1637 4567 2061 4644 Chrysostomus.

494 4639 744 4713 gonsulat
768 4639 935 4696 lector
957 4642 1221 4698 Crelcstini
1260 4645 1397 4711 epist
1445 4644 1509 4695 ad
1551 4639 1793 4697 eumdem
1836 4655 1982 4713 parte
2016 4646 2061 4710 l,

488 4708 691 4784 Concil.
733 4712 927 4784 Ephes.
957 4727 1072 4784 cap.
1100 4714 1184 4779 17,
1215 4708 1392 4784 Cyrilli
1421 4714 1577 4783 epist.
1614 4714 1680 4767 ad
1711 4708 2066 4767 Theodosium

489 4789 629 4853 part.
657 4780 719 4853 3,
733 4780 893 4835 COne.
918 4780 1173 4853 ejusdem.

564 4851 639 4919 (2)
676 4852 777 4924 _Vix
815 4851 1000 4924 urbem
1042 4854 1432 4922 Ecclesiamque
1472 4854 1756 4923 ingressus,
1801 4853 1853 4907 in
1894 4855 2064 4924 prima

529 4934 648 4975 nam
676 4921 858 4976 habuit
896 4924 1168 4987 concione,
1201 4921 1553 4977 Theodosium
1579 4925 1833 4977 allocutus
1859 4921 1939 4978 est
1971 4941 2061 4980 ce-

544 4990 621 5043 bri
648 4992 749 5063 illa
790 4995 1068 5057 sententia,
1110 5010 1227 5063 qum
1267 4995 1403 5048 sicut
1442 4994 1705 5048 nonnullis
1732 4994 1952 5063 placuit,
1993 4996 2063 5049 ita

488 5061 805 5127 truculenta,
833 5073 886 5117 et
906 5061 1156 5133 arrogans
1181 5064 1297 5118 aliis
1323 5065 1565 5133 apparuit
1590 5083 1601 5117 :
1638 5084 1655 5115 ι
1686 5061 1757 5117 Da
1782 5066 1931 5129 mihi,
1962 5065 2063 5120 lm-

497 5147 517 5180 ι
540 5140 772 5205 perator,
806 5148 991 5205 puram
1026 5136 1091 5187 ab
1125 5134 1383 5189 lnereticis
1419 5143 1632 5200 terram,
1662 5144 1716 5188 et
1748 5151 1844 5205 ego
1870 5137 2061 5190 malum

495 5218 514 5251 ι
538 5202 769 5275 vicissim
791 5204 883 5257 tibi
910 5204 1046 5257 dabo
1071 5224 1083 5257 :
1114 5214 1289 5259 everte
1316 5221 1522 5259 mecum
1551 5202 1856 5271 haereticos,
1886 5215 1940 5259 et
1965 5222 2061 5275 ego

495 5288 516 5322 ι
539 5278 710 5326 tecum
735 5273 922 5327 Persas
947 5284 1201 5329 evertam.
1232 5293 1253 5328 ι
1282 5276 1432 5331 Unde
1458 5278 1648 5330 acriter
1674 5277 1875 5345 insequi
1904 5273 2059 5331 exor-

489 5357 579 5414 sus
592 5352 672 5397 est
685 5344 1061 5414 cujuscumque
1071 5354 1228 5399 secta:
1241 5347 1478 5401 homines
1496 5362 1627 5402 voce
1645 5356 1699 5402 et
1717 5344 1895 5413 manu,
1921 5348 2062 5402 Prae-

490 5410 760 5485 tectorum
776 5414 921 5469 urbis
944 5410 1179 5485 potentia
1202 5416 1386 5471 fretus.
1416 5419 1483 5471 Et
1507 5418 1550 5470 si
1576 5417 1710 5473 ﬁdes
1737 5410 2059 5474 Gothofredo

561 5491 610 5536 st
628 5484 931 5550 Baronium,
952 5484 1135 5556 ampla
1162 5487 1247 5540 illa
1278 5488 1559 5543 Theodosii
1584 5489 1667 5543 lex
1695 5489 1747 5542 in
1774 5489 2059 5545 liaereticos

510 5562 593 5631 ala
620 5564 808 5631 omnes
833 5571 972 5611 anno
1009 5557 1264 5631 ριν-ιρις,
1293 5559 1591 5631 οἰιοιιίΜιιὶί
1618 5560 1820 5631 linem,
1868 5559 2060 5631 prodiit

492 5621 988 5701 Nestorlgauctore.
1029 5626 1159 5701 Yide
1193 5621 1395 5701 (10mm.
1433 5629 1739 5701 Clothofredi
1772 5621 1825 5684 in
1852 5621 1951 5701 leg.
1990 5630 2057 5686 (i5

494 5690 671 5746 Codic.
700 5693 926 5753 Theod..
949 5702 1003 5749 et
1027 5694 1299 5750 Socratem
1327 5698 1419 5752 lib.
1451 5698 1501 5763 7,
1531 5712 1646 5764 cap.
1670 5700 1739 5753 28
1759 5708 1811 5753 et
1835 5690 1980 5768 sein.

1770 352 2103 410 \‘lNCENTll
2155 350 2528 408 LlRINENSlS

3650 352 3763 413 652

2189 476 2353 542 gratia
2388 484 2544 543 quam
2594 472 2796 536 divina,
2830 487 2920 527 eos
2950 472 3120 542 potius
3157 474 3638 528 commemoramus
3669 473 3767 545 qui

2190 567 2367 621 multis
2421 566 2739 635 profectibus
2793 566 3057 635 multaque
3111 564 3369 619 industria
3410 564 3615 634 praaditi
3653 581 3763 622 non

2188 674 2363 729 parvae
2389 652 2667 714 tentationi
2690 657 2967 713 Catholicis
2983 656 3284 711 hominibus
3303 657 3638 712 exstiterunt.
3658 658 3766 714 Ve-

2190 748 2267 802 lut
2291 750 2426 818 apud
2452 750 2750 803 Pannonias
2774 750 3035 818 majorum
3072 748 3330 802 memoria
3364 748 3621 804 Photinus
3656 752 3761 805 Ec-

2188 839 2403 892 clesiam
2451 840 2790 893 Sirmitanatn
2833 848 3061 894 tentasse
3105 846 3463 893 memoratur:
3506 840 3595 894 ubi
3636 855 3763 895 cum

2190 943 2380 998 magno
2403 930 2637 982 omnium
2674 929 2850 983 favore
2880 930 2931 982 in
2958 928 3305 983 sacerdotium
3330 929 3509 984 fuisset
3532 932 3760 997 ascitus,

2189 1029 2241 1072 et
2275 1020 2573 1089 aliquandiu
2618 1031 2862 1091 tanquam
2890 1022 3189 1075 Catholicus
3224 1021 3632 1089 administraret,
3661 1039 3761 1078 su—

2186 1108 2315 1173 bito,
2365 1112 2499 1165 sicut
2524 1113 2693 1166 malus
2730 1112 2815 1166 ille
2856 1111 3107 1181 propheta
3148 1120 3239 1165 aut
3277 1113 3562 1167 somniatur
3599 1130 3762 1182 quem

2190 1202 2393 1271 Moyses
2415 1204 2691 1273 significat,
2716 1204 2966 1257 creditam
2990 1203 3085 1256 sibi
3113 1203 3313 1272 plebem
3330 1204 3418 1257 Dei
3444 1204 3759 1274 persuadere

2189 1295 2347 1364 cwpit
2368 1305 2423 1348 ut
2450 1305 2756 1365 sequeretur
2772 1294 2901 1349 deos
2915 1295 3133 1359 alienos,
3164 1294 3213 1347 id
3239 1302 3338 1359 est,
3362 1290 3571 1349 errores
3585 1305 3762 1349 extra-

2188 1404 2344 1452 neos,
2374 1405 2505 1457 quos
2544 1398 2695 1442 antea
2722 1388 3007 1441 nesciebat.
3047 1386 3151 1439 Sed
3185 1386 3285 1439 hoc
3322 1386 3591 1441 usitatum.
3632 1387 3762 1443 Illud

2188 1494 2313 1534 vero
2348 1481 2720 1548 perniciosum,
2762 1478 2902 1549 quod
2936 1478 3000 1531 ad
3030 1486 3227 1531 tantum
3260 1476 3405 1532 nefas
3428 1493 3533 1531 non
3560 1478 3761 1533 medio-

2187 1570 2361 1623 cribus
2387 1570 2717 1623 adminiculis
2751 1569 3008 1622 utebatur.
3034 1567 3163 1621 Nam
3202 1574 3315 1620 erat
3339 1575 3393 1620 et
3418 1568 3605 1637 ingenii
3632 1569 3760 1622 viri-

2188 1657 2283 1713 bus
2310 1660 2487 1714 valens
2513 1670 2566 1714 et
2590 1659 2841 1714 doctrinm.
2867 1658 3054 1728 opibus
3082 1659 3155 1727 (l)
3186 1658 3449 1713 excellens
3474 1666 3525 1713 et
3548 1659 3759 1729 eloquio

2258 1834 2331 1901 (1)
2372 1834 2445 1886 De
2472 1833 2697 1886 Photino
2718 1832 2927 1885 natione
2954 1829 3157 1901 Galata,
3188 1830 3258 1901 ita
3288 1829 3338 1901 in
3366 1829 3625 1901 Chronico
3646 1831 3750 1885 Eu-

2186 1899 2320 1956 sebii
2337 1903 2403 1955 ab
2425 1904 2741 1972 Hieronymo
2762 1908 2913 1955 aucto
2935 1900 2997 1953 ad
3021 1916 3143 1972 ann.
3169 1899 3431 1972 579jnxta
3449 1899 3752 1972 editionem,

2186 1973 2399 2026 Arualdi
2438 1970 2653 2027 Pontaei
2693 1972 2995 2026 Vasatensis
3040 1970 3319 2039 EpiscOpi:
3360 1970 3656 2023 «Photinus
3699 1973 3756 2027 in

2192 2064 2209 2091 ‹
2235 2044 2433 2097 Galatia
2456 2045 2696 2105 moritur,
2726 2058 2753 2094 a
2782 2058 2885 2111 quo
2906 2042 3345 2111 Photinianorum
3372 2039 3556 2111 dogma
3593 2039 3755 2094 indu-

2192 2133 2208 2163 ‹
2234 2124 2395 2177 Clum,
2424 2115 2511 2183 qui
2532 2114 2691 2167 multa
2708 2110 3061 2183 continentia},
3086 2120 3139 2164 et
3163 2110 3351 2183 ingenii
3374 2110 3507 2183 bona
3528 2125 3639 2183 uno
3664 2126 3758 2183 su-

2192 2204 2207 2231 ς
2234 2180 2586 2252 [terhimhialo
2608 2182 2851 2253 perdidit.
2886 2203 2902 2231 ›
2939 2180 3251 2253 AtJoannes
3270 2180 3501 2253 Clericus
3526 2180 3581 2232 in
3601 2182 3753 2248 puri.

2185 2250 2326 2305 artis
2354 2254 2480 2307 Crit.
2504 2250 2734 2307 Edition.
2760 2252 3085 2305 Germanice
3108 2263 3223 2319 pag.
3257 2252 3341 2313 15,
3366 2250 3429 2302 ad
3450 2258 3755 2317 sequentem

2186 2324 2430 2376 transfert
2457 2324 2702 2377 Basiliam
2732 2337 2888 2375 voces
2913 2323 3047 2383 illas,
3085 2341 3102 2371 ι
3130 2322 3219 2389 qui
3241 2322 3401 2373 multa
3420 2321 3755 2389 continentiae

2190 2412 2206 2441 ι
2233 2403 2284 2446 et
2311 2394 2504 2461 ingenii
2540 2394 2676 2447 bona
2703 2409 2807 2446 uno
2835 2392 3093 2460 superbiae
3120 2384 3258 2444 malo
3285 2390 3531 2459 perdidit,
3564 2410 3579 2441 ι
3612 2384 3754 2461 quod

2185 2460 2457 2533 probath
2489 2464 2655 2525 MSS,
2702 2483 2717 2513 ι
2757 2462 3089 2516 temerariam
3128 2462 3536 2533 correctionem,
3577 2460 3751 2533 uthait,

2190 2530 2206 2581 ἆ
2233 2550 2335 2586 non
2367 2535 2552 2602 passis,
2582 2543 2633 2587 et
2657 2549 2721 2588 ex
2751 2533 3095 2586 Nazianzeno.
3125 2551 3141 2582 ι
3176 2531 3333 2585 Miror
3357 2530 3475 2602 haec
3497 2530 3754 2602 excidisse

2186 2600 2403 2669 homini,
2433 2604 2517 2674 qui
2540 2605 2733 2673 ubique
2759 2603 2992 2657 veritatis
3014 2616 3246 2674 amorem
3268 2615 3330 2654 ac
3348 2600 3594 2655 candoris
3620 2601 3754 2674 inge-

2184 2672 2681 2743 nuitatem’prazfert
2713 2690 2773 2728 ac
2802 2674 2982 2741 jactat.
3025 2674 3162 2727 Sane
3199 2673 3459 2726 Pontacus
3498 2687 3587 2726 sex
3624 2672 3753 2726 vidit

2182 2744 2328 2799 MSS.
2357 2742 2523 2797 Codd.
2564 2745 2859 2807 Vaticanus,
2890 2759 3110 2814 quorum
3137 2742 3239 2814 duo
3264 2750 3467 2795 tantum
3493 2743 3753 2795 recentio-

2183 2830 2268 2866 res
2305 2830 2366 2867 ac
2405 2814 2595 2867 infima)
2629 2823 2765 2867 nota)
2806 2815 3038 2867 tribuunt
3064 2813 3294 2870 Basilio.
3332 2826 3492 2881 quum
3529 2821 3753 2881 quatuor

2182 2884 2265 2936 alii
2291 2891 2411 2937 nota
2436 2900 2496 2936 ac
2522 2892 2779 2937 vetustate
2808 2884 3071 2953 digniores
3099 2890 3401 2937 constanter
3421 2882 3647 2936 Photino
3672 2885 3751 2936 in-

2181 2954 2317 3021 genii
2352 2954 2578 3015 laudem,
2609 2970 2670 3009 ac
2699 2956 2955 3023 superbia:
2981 2955 3174 3024 malum
3203 2953 3527 3024 adjudicent;
3560 2953 3751 3024 quibus

2182 3024 2375 3077 addere
2402 3025 2556 3078 liceat
2581 3025 2710 3078 duos
2736 3026 2886 3086 alios,
2916 3040 3104 3086 nempe
3128 3023 3256 3077 Cod.
3287 3023 3418 3076 Bibl.
3452 3023 3562 3075 Vat.
3582 3023 3752 3076 Pala-

2181 3096 2304 3147 tina:
2331 3111 2475 3147 num.
2505 3096 2625 3157 818,
2654 3105 2705 3148 et
2730 3096 2950 3147 alterum
2978 3090 3109 3147 Bibl.
3139 3093 3296 3147 Card.
3318 3092 3561 3146 Ottoboni
3582 3090 3660 3144 lit.
3684 3095 3745 3147 (ἶ.

2182 3181 2251 3227 1v,
2274 3167 2331 3217 ’1.
2364 3164 2416 3217 ln
2437 3165 2755 3219 Bibliotheca
2774 3167 2928 3218 etiam
2947 3165 3256 3217 Cluistiauar
3275 3164 3377 3217 duo
3394 3172 3509 3215 sunt
3527 3162 3750 3217 Codices

2181 3251 2326 3287 num.
2370 3236 2473 3289 555
2513 3244 2565 3289 et
2604 3236 2705 3289 560
2740 3235 2984 3289 Chronici
3012 3235 3292 3289 Eusebiani
3325 3234 3390 3287 ab
3430 3233 3750 3303 llicronymo

2180 3306 2347 3369 aucti,
2377 3315 2451 3384 _et
2486 3314 2663 3384 tamen
2703 3306 3041 3384 illa_m_inime
3090 3306 3139 3358 in
3181 3305 3373 3384 Basilio
3420 3314 3745 3384 comparent,

2180 3377 2418 3445 quamvis
2444 3377 2636 3431 nullam
2673 3377 2812 3446 passi
2852 3377 2953 3429 sint
2980 3375 3309 3429 tmnerariam
3336 3375 3746 3440 correctionem;

2180 3455 2233 3499 et
2260 3446 2441 3500 revera
2468 3447 2699 3501 Scaliger
2725 3447 2777 3499 in
2805 3448 2942 3501 notis
2969 3447 3031 3499 ad
3056 3448 3196 3499 hunc.
3223 3447 3390 3499 locum
3410 3453 3632 3498 testatur
3658 3447 3750 3499 ad-

2177 3515 2316 3584 jecta
2342 3517 2425 3570 illa
2445 3532 2473 3570 a
2488 3515 2714 3585 quodam
2736 3518 2896 3571 fuisse
2920 3517 2983 3569 ad
3001 3531 3169 3583 oram,
3196 3524 3252 3569 ut
3269 3532 3295 3569 a
3312 3523 3457 3569 textu
3477 3524 3745 3569 cxtmnea.

2178 3587 2305 3651 Quae
2331 3588 2578 3651 diximus,
2606 3588 2819 3640 Patrum
2841 3588 2997 3641 etiam
3023 3588 3332 3641 auctoritate
3351 3586 3644 3639 firmantur.
3677 3588 3749 3641 De

2179 3657 2384 3738 Pltotini
2427 3658 2656 3738 ingenio,
2683 3673 2753 3738 ac.
2775 3658 3017 3738 superbia
3053 3659 3184 3737 satis
3209 3656 3493 3738 sitﬁaudire
3521 3657 3749 3738 Epipha-

2180 3728 2323 3781 nium
2351 3729 2401 3782 in
2430 3726 2557 3781 hair.
2590 3729 2673 3787 71,
2704 3728 2790 3781 ubi
2818 3726 2891 3780 sic
2926 3726 3187 3796 loquitur:
3224 3747 3240 3777 ι
3265 3726 3517 3781 Photinus
3544 3727 3748 3781 insania

2184 3818 2201 3847 ι
2227 3814 2331 3852 ιιοιι
2372 3798 2586 3851 minima
2627 3800 2820 3861 elatus,
2863 3808 2916 3851 et
2949 3810 3105 3867 supra
3147 3809 3329 3851 omnes
3372 3796 3599 3849 furiosus
3636 3796 3746 3849 fae-

2184 3888 2201 3918 ι
2226 3877 2328 3933 tus,
2358 3877 2482 3933 ete.,
2512 3868 2609 3922 fuit
2631 3870 2822 3938 loquax
2847 3878 2901 3921 et
2925 3876 3089 3921 acnue
3115 3868 3322 3937 lingua},
3352 3875 3403 3919 et
3422 3867 3528 3938 qui
3555 3868 3748 3938 multos

2184 3961 2200 3991 ι
2224 3948 2403 4009 posset
2427 3935 2869 4009 pronuntiatione,
2898 3947 2952 3992 et
2975 3938 3181 3992 dicendi
3201 3935 3746 4009 "promptitudinede-

2182 4029 2199 4060 ι
2224 4006 2463 4078 ciperefi
2511 4010 2586 4063 De
2629 4010 2821 4063 Basilio
2861 4022 2985 4063 vero
3025 4009 3122 4061 alia
3152 4006 3273 4062 sunt
3307 4006 3747 4078 prorsus‘judicia

2177 4076 2408 4143 Patrum,
2439 4095 2559 4132 nam
2588 4095 2615 4132 a
2646 4079 2809 4134 Cone.
2840 4079 3104 4148 Ephesino
3148 4098 3165 4128 ‹
3193 4077 3405 4147 Magnus
3431 4084 3480 4130 et
3506 4076 3748 4148 Sanctis;-

2181 4170 2197 4199 ι
2223 4151 2387 4203 simus
2402 4159 2483 4204 est
2508 4149 2798 4219 appellatus
2821 4169 2831 4203 :
2861 4147 3023 4218 gloria
3043 4149 3293 4203 Ecelesiae
3309 4156 3501 4219 etvere
3516 4147 3746 4219 famulus

2180 4239 2197 4270 ι
2224 4221 2335 4274 Dei.
2366 4240 2383 4269 ›
2416 4219 2496 4274 Ab
2520 4217 2808 4275 Athanasio
2833 4217 2930 4289 Ep.
2954 4220 3017 4274 ad
3036 4220 3289 4274 Joannem
3322 4237 3340 4268 ‹
3366 4217 3521 4289 Orbis
3540 4217 3740 4289 lumen,

2180 4311 2197 4343 ι
2221 4307 2321 4345 vox
2347 4299 2401 4345 et
2425 4291 2546 4345 tuba
2573 4291 2737 4346 orbis.
2772 4287 3033 4345 Doctritite
3072 4290 3320 4359 palatium
3348 4308 3365 4339 ι
3397 4302 3425 4341 a
3453 4287 3745 4359 GregaNa-

2174 4331 2406 4416 2ίὲἦὲρῖιῖ
2427 4331 2546 4430 iii)".
2574 4331 3247 4430 ibT’XﬁBEG's'iinJinS."
3268 4331 3318 4423 i,
3362 4366 3503 4430 cont.
3528 4331 3743 4411 Τυιιηη.

2172 4448 2287 4500 cap.
2320 4432 2370 4495 5,
2401 4429 2545 4485 num.
2578 4431 2661 4491 18,
2699 4429 2907 4502 insignis
2933 4432 3024 4489 vir.
3054 4441 3099 4483 et
3123 4432 3258 4485 clara
3286 4429 3520 4502 priettittg
3553 4429 3746 4502 simni-

2172 4498 2298 4567 tafe;
2339 4504 2488 4570 cujus
2513 4502 2696 4572 ingens
2722 4498 2966 4555 meritum
2994 4504 3069 4556 sic
3099 4498 3345 4555 divinitus
3379 4499 3434 4551 Β.
3475 4498 3746 4572 Ephremo

2171 4566 2437 4654 ostensum
2469 4566 2726 4626 estham
2750 4588 2995 4654 qtuerens
3019 4574 3201 4654 abeo,
3231 4580 3289 4625 ut
3314 4566 3611 4654 ostenderet
3638 4569 3744 4654 sibi

2169 4643 2337 4712 qualis
2375 4651 2703 4713 quantusque
2742 4638 2820 4696 vir
2855 4652 2994 4697 esset
3033 4643 3253 4697 Basilius
3325 4658 3341 4689 ι
3368 4638 3745 4713 ᾼιιιιιιῑιζ-γυιξε

2176 4708 2355 4767 «Ἤρης
2380 4708 2433 4766 et
2457 4708 2633 4767 oranti
2662 4714 2927 4783 Ephremo
2953 4714 3123 4766 oblata
3149 4721 3229 4765 est
3253 4709 3517 4783 eregione
3545 4708 3745 4783 Altaris

2175 4803 2193 4833 ‹
2217 4784 2418 4852 species
2444 4780 2723 4838 columna!
2740 4785 3009 4837 immensae.
3036 4784 3165 4836 adeo
3196 4791 3251 4834 ut
3280 4782 3523 4852 jungeret
3546 4780 3743 4852 coelum

2175 4873 2193 4904 ι
2216 4849 2390 4919 terris,
2410 4869 2669 4924 vocesque
2684 4868 2907 4909 sonuere
2924 4855 2973 4907 in
2992 4854 3106 4907 hzec
3121 4853 3278 4906 verba
3298 4870 3307 4903 :
3329 4850 3552 4924 Qualem
3565 4849 3741 4903 vidisti

2175 4944 2192 4976 ι
2216 4926 2512 4979 columnam
2539 4920 2764 4995 igneam.
2806 4925 2963 4979 talem
3006 4923 3205 4995 credito
3244 4920 3685 4995 ess_e_Ba_silium:
3718 4939 3737 4971 ›

2167 4995 2308 5065 quod
2331 5012 2486 5066 grave.
2504 4987 2863 5051 testimonium
2888 5003 3057 5049 exstat
3084 4994 3133 5066 in
3164 5002 3290 5066 tom.
3320 4992 3341 5044 l
3372 4989 3503 5066 Bibl.
3534 4987 3739 5066 Orient.

2186 5060 2285 5133 iag.
2311 5060 2398 5131 '59,
2430 5083 2573 5120 num.
2604 5084 2676 5131 xi,
2706 5082 2895 5135 magno
2922 5064 3169 5135 Ecclesiae
3194 5063 3353 5135 bono,
3381 5076 3443 5135 ac
3469 5060 3741 5135 litterarim

2188 5128 2484 5210 leipublicte
2522 5128 2847 5210 incremento
2886 5136 3037 5210 editae
3062 5151 3091 5186 a
3114 5133 3231 5210 viro
3260 5132 3476 5210 Clariss.
3507 5128 3742 5210 iosepbo

2167 5201 2403 5261 Sinimno
2440 5208 2745 5261 Assemano.
2783 5207 2889 5260 Nec
2919 5206 3094 5259 obstat
3126 5203 3319 5257 nedum
3346 5202 3413 5255 ab
3450 5201 3738 5265 haereticis,

2168 5258 2258 5330 sed
2284 5258 2391 5331 eta
2414 5258 3092 5345 Catholici—sidesupercilio
3117 5258 3741 5345 accusatumjuisseﬁa;

2167 5348 2359 5411 silium,
2389 5349 2576 5417 quibus
2602 5358 2652 5401 ct
2680 5348 2790 5417 ipse
2815 5336 3084 5417 respondit
3108 5345 3206 5416 Ep.
3228 5340 3359 5405 itii.
3384 5340 3607 5417 illosque
3627 5336 3739 5393 Na-

2167 5413 2506 5486 zianzeni'pia
2535 5413 2759 5486 gravitas
2786 5413 2947 5479 notat,
2976 5413 3312 5484 ntin‘iqitos‘et
3332 5413 3541 5465 acerbos
3564 5418 3741 5464 remi:

2158 5489 2371 5563 judices.
2400 5484 2619 5541 Oratiin
2643 5488 2850 5563 tandem
2879 5486 3521 5563 Basilii,_aciposter«.mm
3540 5496 3742 5563 memo-

2164 5551 2257 5611 ria:
2298 5567 2542 5613 testatum
2582 5558 2791 5627 reliquit
2822 5557 3035 5627 rvirum
3073 5551 3241 5627 hunc,
3283 5562 3345 5627 et
3364 5551 3527 5627 scab
3567 5551 3742 5627 anthi-

2170 5610 2710 5709 .uqiié'ét'ulcair'iéi
2722 5610 2947 5698 quadam
2964 5624 3153 5699 ingenii
3172 5610 3523 5703 ostentatione
3538 5610 3743 5681 abhor-

2171 5718 2186 5749 ς
2212 5714 2398 5753 TUISSC.
2422 5717 2439 5749 Ι
