4028 6184
259 347 365 404 655

246 473 576 535 maepotens;
619 463 810 534 quippe
841 462 930 532 qui
969 470 1191 531 utroque
1228 475 1473 520 sermone
1507 461 1721 530 capiose
1759 468 1815 517 et

246 556 478 626 graviter
499 554 790 624 disputaret
813 561 866 609 et
897 553 1182 609 scriberet:
1204 553 1346 622 quod
1369 553 1724 609 monumentis
1747 552 1812 607 li-

245 647 462 702 brorum
481 661 695 704 suorum
711 644 1092 712 manifestatur,
1110 659 1242 714 quos
1256 644 1395 700 idem
1416 644 1603 713 partim
1619 657 1810 713 graeco.

245 735 436 804 partim
484 737 646 792 latino
687 750 933 792 sermone
979 736 1293 805 composuit.
1343 735 1449 792 Sed
1490 735 1626 791 bene
1669 733 1815 803 quod

250 841 545 880 commissae
572 827 672 896 ipsi
695 841 821 882 oves
844 825 1038 882 Christi
1065 827 1286 884 multum
1311 840 1408 896 pro
1431 825 1686 880 catholica
1712 824 1814 881 ﬁde

251 915 522 983 rigilantes
542 923 595 970 et
608 924 794 982 cautae,
814 916 920 972 cito
939 915 1005 972 ad
1031 916 1403 985 praemonentis
1419 915 1584 984 Moysi
1608 914 1814 982 eloquia

247 1015 622 1074 respexerunt,
651 1013 704 1062 et
735 1007 1003 1077 prophetat
1027 1016 1183 1077 atque
1216 1009 1440 1076 pastoris
1465 1007 1547 1062 sui
1571 1005 1693 1060 licet
1716 1005 1812 1060 ad-

249 1094 568 1150 mirarentur
586 1098 956 1167 eloquentiam,
981 1099 1322 1154 tentationem
1345 1107 1523 1154 tamen
1549 1112 1654 1152 non
1676 1097 1816 1166 igno-

248 1191 453 1238 rarunt.
481 1185 611 1240 Nam
637 1202 796 1256 quem
820 1196 973 1242 antea
997 1187 1147 1255 quasi
1180 1187 1398 1241 arietem
1427 1187 1599 1256 gregis
1624 1200 1813 1254 seque-

247 1269 460 1340 bantur,
497 1275 738 1330 eumdem
772 1277 1021 1344 deinceps
1054 1276 1212 1330 veluti
1237 1276 1416 1344 lupum
1437 1277 1614 1346 fugere
1637 1290 1816 1344 coepe-

246 1369 390 1414 runt.
427 1362 607 1436 Neque
647 1366 817 1419 solum
853 1366 1062 1420 Pliotini
1089 1367 1180 1422 sed
1209 1369 1364 1424 etiam
1397 1366 1712 1435 Apollinaris
1738 1365 1813 1435 (1)

246 1453 492 1522 exemplo
517 1453 670 1509 istius
689 1455 1072 1510 Ecclesiasticae
1093 1458 1390 1512 tentationis
1407 1456 1692 1525 periculum
1717 1455 1818 1510 dis-

245 1545 438 1614 cimus,
457 1557 525 1602 .et
543 1547 700 1601 simul
726 1547 794 1602 ad
819 1547 1156 1602 observandae
1175 1547 1472 1618 diligentius
1493 1546 1615 1601 ﬁdei
1633 1555 1814 1601 custo-

245 1635 389 1692 diam
417 1653 832 1694 commonemur.
864 1639 1066 1693 Etenim
1095 1639 1208 1709 ipse
1233 1640 1553 1696 auditoribus
1579 1640 1688 1696 suis
1703 1654 1816 1694 ma-

243 1740 382 1796 gnos
405 1736 567 1782 aestus
595 1729 668 1798 (2)
697 1737 749 1782 et
774 1745 988 1799 magnas
1013 1731 1279 1799 generavit
1303 1731 1595 1799 angustias;
1624 1729 1816 1798 quippe

244 1828 375 1868 cum
389 1830 484 1870 eos
508 1815 612 1870 huc
630 1817 876 1872 Ecclesiae
895 1819 1122 1874 traheret
1139 1820 1441 1884 auctoritas,
1462 1821 1567 1874 .lnic
1582 1818 1816 1888 magistri

242 1906 548 1964 retraheret
583 1909 925 1974 consuetudo;
968 1926 1192 1979 ctnnque
1225 1911 1365 1964 inter
1404 1917 1622 1977 utraque
1660 1917 1814 1962 nuta-

245 1991 413 2050 bundi
431 2006 484 2050 et
505 1997 837 2066 ﬁuctuantes,
861 2000 983 2070 quid
1011 2001 1184 2070 potius
1210 2001 1306 2054 sibi
1335 1999 1658 2067 seligendum
1686 1999 1819 2054 foret

245 2103 355 2143 non
382 2091 708 2160 expedirent.
741 2091 845 2147 Sed
874 2093 1088 2146 forsitan
1115 2091 1373 2160 ejusmodi
1399 2090 1484 2144 ille
1501 2089 1578 2142 vir
1603 2098 1715 2142 erat
1728 2089 1818 2157 qui

245 2178 439 2252 dignus
473 2191 613 2237 esset
649 2182 801 2238 facile
827 2183 1110 2238 contemni.
1146 2182 1255 2236 lmo
1275 2197 1401 2236 vero
1421 2189 1594 2234 tantus
1618 2195 1681 2233 ac
1699 2179 1818 2233 talis

243 2272 329 2326 cui
365 2272 584 2328 nimium
613 2274 716 2328 cito
739 2273 788 2328 in
811 2273 1047 2342 plurimis
1072 2271 1392 2327 crederetur.
1423 2270 1553 2323 Nam
1577 2269 1701 2339 quid
1730 2269 1818 2322 illo

243 2363 608 2430 prmstantius,
636 2364 896 2431 acumine,
929 2364 1320 2428 exercitatione,
1349 2363 1618 2417 doctrina?
1651 2361 1818 2426 Quam

242 2451 446 2506 multas
483 2452 570 2507 ille
605 2453 833 2509 hmreses
869 2455 1045 2510 multis
1082 2455 1428 2508 voluminibus
1466 2453 1814 2524 oppresserit,

241 2549 382 2611 quot
415 2542 657 2598 inimicos
693 2543 814 2598 ﬁdei
855 2544 1197 2599 confutaverit
1235 2560 1460 2610 errores,
1505 2544 1698 2598 indicio
1738 2551 1821 2596 est

242 2647 387 2705 opus
412 2633 539 2688 illud
571 2635 779 2706 triginta
810 2651 912 2690 non
939 2637 1112 2691 minus
1142 2636 1412 2700 librorum,
1437 2635 1819 2689 nobilissimum

242 2736 308 2778 ac
331 2724 643 2791 maximum,
672 2741 777 2795 quo
795 2726 1006 2784 insanas
1026 2727 1298 2798 Porphyrii
1321 2726 1606 2781 calumnias
1633 2739 1818 2795 magna

244 2815 617 2883 probationum
635 2816 773 2871 mole
790 2817 1036 2872 confudit.
1057 2818 1290 2888 Longum
1305 2825 1385 2871 est
1401 2818 1640 2872 universa
1657 2818 1820 2886 ipsius

243 2920 412 2976 opera
446 2923 888 2975 commemorare;
925 2911 1113 2980 quibus
1142 2911 1374 2979 profecto
1398 2911 1618 2965 summis
1651 2911 1819 2965 aediﬁ-

243 2998 518 3054 catoribus
546 2999 795 3054 Ecclesia:
832 3015 927 3069 par
959 3015 1076 3055 esse
1109 3001 1382 3067 potuisset,
1419 3001 1520 3055 nisi
1555 3001 1820 3068 prephana

242 3085 336 3140 illa
373 3087 636 3142 lmretica:
661 3088 978 3142 curiositatis
1012 3089 1224 3142 libidine
1263 3104 1458 3142 novum
1486 3089 1663 3142 nescio
1697 3088 1823 3156 quid

238 3175 610 3231 adinvenisset
625 3191 730 3243 quo
741 3185 793 3230 et
807 3184 1022 3230 cunctos
1037 3177 1243 3230 labores
1260 3191 1382 3229 suos
1399 3177 1540 3230 velut
1551 3177 1835 3245 cujusdam-

240 3264 418 3335 leprm
446 3262 764 3318 admixtione
798 3263 1018 3319 fmdaret
1042 3273 1094 3319 et
1117 3266 1465 3322 committeret
1504 3277 1561 3322 ut
1587 3268 1823 3325 doctrina

238 3372 379 3426 ejus
403 3370 509 3410 non
545 3363 653 3408 tam
677 3354 974 3422 aediﬁcatio,
1003 3371 1160 3425 quam
1193 3359 1413 3413 tentatio
1439 3360 1612 3428 potius
1639 3361 1821 3416 Eccle-

237 3445 470 3501 siastica
489 3445 772 3503 diceretur.

318 3578 405 3648 (1)
437 3578 643 3632 Praeter
683 3577 1063 3648 Apollinarium
1110 3578 1554 3648 Hierapolitanum
1609 3583 1827 3639 Antisti-

240 3659 360 3704 tem
391 3648 566 3717 magni
587 3650 818 3718 nominis
844 3649 1033 3713 virum,
1063 3650 1151 3718 qui
1178 3650 1275 3704 sub
1293 3650 1358 3703 Μ.
1388 3653 1616 3706 Antonio
1631 3653 1824 3714 ﬂoruit.

238 3720 400 3773 circa
423 3717 596 3786 quarti
621 3719 796 3792 seculi
805 3719 1036 3792 medium
1057 3717 1161 3792 duo
1183 3721 1497 3792 exstiterunt
1521 3724 1828 3792 Apollinarii

237 3799 410 3860 pater
450 3799 732 3861 nempe__et
769 3789 904 3843 ﬁlius
938 3790 1092 3844 ambo
1133 3791 1471 3846 Alexandrini
1513 3789 1722 3861 genere,
1768 3811 1829 3849 ac

238 3857 483 3926 interque
519 3857 830 3913 Laodiceam
868 3876 926 3914 se
965 3861 1185 3914 contulit
1231 3861 1329 3914 sub
1369 3857 1640 3918 Theodoto
1685 3865 1830 3920 urbis

237 3928 542 3997 Episcopo,
582 3930 994 4004 commoratique
1033 3930 1104 3984 ibi
1144 3939 1265 3984 sunt
1302 3932 1408 4004 sub
1437 3931 1663 4004 Georgio
1693 3935 1829 3990 illius

237 4011 586 4054 successore.
614 3998 684 4051 At
707 3999 774 4052 ab
799 3999 899 4053 isto
917 3998 1070 4054 fuere
1095 4014 1124 4054 a
1147 4003 1515 4057 communione
1541 3998 1746 4068 semoti,
1775 4006 1830 4059 li-

237 4077 331 4140 cet
360 4076 522 4137 pater
545 4068 597 4120 in
621 4069 1048 4140 presbyterorum
1065 4112 1078 4131 .
1106 4087 1166 4125 ac
1192 4071 1327 4125 ﬁlius
1353 4073 1402 4125 in
1433 4072 1710 4128 Lectorum
1743 4091 1830 4129 or-

237 4139 438 4209 dinct‘n
463 4147 606 4209 esset
629 4148 920 4209 cooptatus.
951 4140 1066 4206 Qua
1101 4150 1274 4195 autem
1300 4142 1365 4194 de
1389 4151 1543 4196 causa
1572 4145 1826 4199 incertum

236 4218 327 4265 est
369 4207 809 4263 dissentientibus
845 4211 1128 4264 veteribus.
1165 4211 1406 4265 Nonnulli
1438 4211 1615 4266 dicunt
1648 4215 1716 4267 ob
1738 4230 1828 4269 ar-

236 4279 555 4352 ctissimum
577 4279 819 4352 amicitia:
835 4279 1117 4352 vinculum,
1142 4296 1244 4349 quo
1264 4281 1552 4352 Epiphanio
1569 4283 1830 4352 Sophistae

235 4347 468 4418 homini
490 4348 668 4418 gentili
693 4356 911 4418 uterque
937 4359 1049 4404 erat
1069 4347 1279 4418 junctus
1293 4347 1322 4414 ς’
1348 4347 1454 4413 alii,
1491 4361 1548 4404 ut
1581 4347 1830 4408 Sdzome-

236 4417 507 4487 nus,quia
519 4417 805 4487 Athanasio
819 4417 1332 4473 communicaverunt
1343 4419 1653 4474 Laodiceam
1669 4431 1831 4476 trans-

234 4485 417 4543 eunte
440 4527 454 4551 ,
490 4494 557 4557 _ut
591 4485 1071 4557 Alexandriamiab
1111 4489 1266 4541 exilio
1312 4489 1535 4548 rediret;
1583 4492 1829 4557 quoniam

234 4568 445 4613 notuit
473 4555 808 4625 Apollinariis
833 4565 947 4609 erat
970 4556 1250 4625 Georgium
1278 4572 1460 4625 parum
1489 4559 1539 4609 in
1563 4555 1832 4613 Trinitatis

234 4624 592 4698 professione
625 4625 733 4698 sibi
783 4633 1042 4698 constare.
1079 4624 1379 4698 _Utcumque
1423 4642 1508 4678 res
1551 4629 1828 4693 acciderit,

233 4693 584 4768 Apollinaris
608 4693 755 4768 _ﬁlius
774 4693 986 4768 Aillutam
1021 4694 1260 4768 iniuriam
1287 4695 1602 4768 impotenter
1634 4698 1828 4762 ferens,

231 4760 382 4823 aulis
413 4775 531 4832 sua:
548 4760 741 4832 ﬁducia
767 4761 952 4832 fretus,
980 4774 1032 4816 et
1048 4760 1328 4816 ulciscendi
1345 4760 1624 4832 cupiditate
1643 4760 1831 4820 novam

235 4830 584 4903 excogitavit
610 4830 892 4903 liceresim;
938 4848 1094 4903 quam
1132 4848 1229 4886 nec
1263 4830 1603 4888 disseminare
1639 4837 1834 4903 quievit

237 4850 386 4893 exco
433 4849 584 4884 ttavu
621 4849 892 4895 ntereSlm;
1011 4849 1094 4885 am
1132 4849 1229 4886 nec
1263 4849 1603 4888 Utsscnnnarc
1639 4849 1831 4903 (pilavit

237 4849 427 4976 pauidi;
448 4909 572 4976 post
593 4849 1205 4976 Δ[λειράξρεηο-Ὲηδςορᾳ
1247 4903 1559 4976 renuntiato.
1605 4905 1670 4976 Et
1711 4907 1831 4973 quia

238 4969 549 5029 summum
591 4971 646 5024 in
686 4969 1026 5025 infortunium
1067 4969 1412 5026 delaberetur.
1463 4975 1666 5028 Sanctis
1707 4969 1833 5029 viris

242 4989 374 5029 ante
417 4989 549 5024 nam
591 4989 646 5024 ιη
686 4989 1026 5025 ιηιοηυηιιιηι
1067 4989 1412 5026 (temneretur.
1463 4989 1666 5028 mancus
1707 4991 1832 5029 viris

242 4989 582 5114 Epip‘iianio,
603 5040 1136 5114 Athanasio,Basilio,
1165 5040 1457 5110 Serapioni,
1478 5043 1694 5114 aliisque
1714 5045 1832 5099 ﬁdei

245 5110 632 5174 defensoribus
652 5119 764 5164 erat
783 5113 1018 5179 apprime
1037 5110 1226 5164 eharus
1251 5130 1261 5162 :
1287 5118 1560 5179 propterea
1581 5110 1835 5168 funestior

247 5185 370 5264 ejus
398 5182 598 5264 _lapsus
623 5180 870 5264 Egclesim
909 5179 1125 5261 accidit_,
1167 5181 1539 5264 uberioresque
1574 5183 1835 5264 lacrymas

247 5203 278 5237 e
302 5203 370 5237 us
415 5203 598 5248 lapsus
623 5203 870 5234 ῡεωιξδιω
909 5203 1125 5244 υυυιυιι,
1169 5203 1539 5248 αμυιίυηςδειυυ
1578 5203 1835 5264 tacrymas

245 5203 566 5322 Elpiph‘anio
589 5257 643 5302 et
662 5249 854 5322 Basilio
878 5250 1584 5322 expressit,_infelicem_tanti
1611 5253 1707 5322 viri
1725 5253 1836 5307 exi-

249 5318 377 5376 ιιίηῐ
410 5318 830 5390 deplorantibus.
867 5318 1120 5390 Consulat
1153 5320 1355 5390 Lector.
1395 5320 1608 5390 Dionys.
1649 5321 1832 5377 Petav.

250 5401 406 5468 tam;
428 5387 857 5468 SJ'Theol_._Dog.
888 5389 1450 5468 lib._chap;§,_num.
1473 5391 1514 5468 ‘2
1532 5387 1594 5444 et
1618 5391 1668 5444 5.

327 5459 414 5530 (2)
460 5455 588 5530 Haec
611 5455 867 5530 estlegtio
883 5457 1014 5530 Cod.
1042 5455 1170 5530 Regi
1187 5457 1346 5530 Unde
1365 5460 1704 5515 conﬁrmatur
1719 5477 1836 5516 con-

255 5525 474 5587 icc'ujra
506 5525 736 5600 Barthol.
759 5527 900 5600 Petri
927 5525 1225 5596 Duac.,'qui
1253 5529 1302 5581 in
1325 5530 1559 5600 ῐῐιςιινςὶῐῃι
1580 5531 1703 5588 edit.
1728 5547 1834 5583 sum

255 5595 551 5656 adnotavit
587 5595 670 5649 hic
702 5595 976 5667 legendum
1015 5595 1280 5665 a‘stua’ol‘o
1315 5614 1378 5652 eo
1417 5595 1553 5667 quod
1582 5601 1835 5655 editiones

257 5668 548 5728 habebam
569 5673 724 5719 acuis.
741 5668 1002 5724 Baluzius.

1423 339 1988 394 (TtiiliithiTORlUJi
2025 335 2314 394 PRIMU“.

3387 351 3496 411 65d

1988 459 2099 515 ΧΗ.
2141 459 2240 515 Hic
2271 475 2302 514 a
2335 475 2424 516 me
2455 460 2675 518 forsitan
2700 462 3016 532 deposcatur
3047 474 3106 522 ut
3137 467 3324 523 horum
3357 485 3490 540 quos

1915 563 2075 621 supra
2109 554 2516 608 commemoravi
2549 553 2778 610 hereses
2803 572 3090 627 exponam,
3123 558 3349 614 Nestorii
3388 561 3492 615 sci-

1916 638 2058 706 licet,
2093 641 2437 709 Apollinaris,
2475 652 2529 698 et
2552 644 2780 700 Photini.
2820 647 2932 703 Hoc
2951 648 3163 718 quidem
3183 649 3248 704 ad
3285 666 3399 704 rem
3423 649 3491 706 de

1916 742 2020 797 qua
2035 746 2174 786 nunc
2188 733 2392 802 agimus
2411 748 2517 788 non
2537 735 2742 790 attinet.
2766 737 3096 808 Pr0positum
3121 741 3318 795 etenim
3338 741 3491 796 nobis

1917 825 2026 885 est,
2065 835 2172 874 non
2201 821 2526 891 singulorum
2552 840 2760 881 errores
2784 830 3050 898 persequi,
3079 828 3173 884 sed
3203 843 3490 899 paucorum

1917 909 2155 977 exempla
2181 911 2444 979 proferre,
2469 914 2660 982 quibus
2693 917 2963 973 evidenter
2994 933 3058 974 ac
3080 920 3357 988 perspicue
3393 918 3492 974 de-

1918 1009 2242 1056 monstretur
2283 1003 2413 1058 illud
2451 1005 2591 1073 quod
2637 1007 2844 1078 Moyses
2887 1011 2988 1076 ait,
3038 1011 3160 1080 quia
3203 1011 3407 1064 scilicet
3447 1010 3494 1065 si

1917 1089 2127 1156 quando
2159 1091 2559 1149 Eeclesiasticus
2593 1096 2783 1166 aliquis
2810 1100 3083 1168 magister,
3119 1108 3173 1155 et
3198 1101 3311 1169 ipse
3334 1101 3493 1154 inter-

1917 1181 2185 1246 pretandis
2205 1184 2578 1253 prophetarum
2605 1189 2871 1258 mysteriis
2898 1191 3174 1259 prepbeta,
3203 1190 3323 1244 novi
3339 1188 3494 1258 quid-

1917 1268 2038 1325 dam
2060 1271 2112 1325 in
2139 1273 2429 1328 Ecclesiam
2455 1277 2548 1330 Dei
2577 1286 2742 1332 tentet
2761 1279 3030 1345 inducere,
3060 1279 3126 1332 ad
3147 1280 3492 1334 tentationem

1918 1361 1971 1415 id
1991 1370 2224 1417 nostram
2247 1365 2356 1420 ﬁeri
2375 1366 2705 1422 Providentia
2721 1369 2894 1424 divina
2913 1371 3156 1439 patiatur.
3175 1370 3314 1424 Utile
3335 1370 3492 1439 igitur

1917 1449 2093 1520 fuerit,
2126 1455 2177 1507 in
2206 1471 2450 1523 excursu,
2481 1458 2606 1527 quid
2627 1473 2783 1528 supra
2809 1460 3088 1513 memorati
3107 1459 3344 1513 .bmretici
3373 1473 3497 1512 sen-

1919 1542 2052 1600 tiant
2075 1543 2305 1600 breviter
2329 1562 2613 1614 exponere,
2640 1549 2691 1602 id
2720 1557 2820 1612 est,
2851 1549 3127 1614 Photinus,
3156 1547 3493 1617 Apollinaris,

1919 1630 2208 1687 Natorius.
2239 1635 2447 1689 Photini
2477 1653 2601 1706 ergo
2617 1647 2760 1692 secta
2781 1639 2894 1692 hate
2921 1648 3020 1692 est.
3049 1640 3186 1693 Dicit
3207 1639 3372 1694 Deum
3397 1637 3500 1692 sin-

1921 1723 2099 1792 gulum
2117 1739 2235 1778 esse
2255 1734 2309 1779 et
2322 1727 2630 1792 solitarium,
2651 1736 2704 1782 et
2723 1743 2868 1781 more
2885 1728 3103 1782 Judaico
3117 1728 3492 1786 conﬁtendum.

1923 1809 2192 1866 Trinitatis
2227 1814 2601 1882 plenitudinem
2627 1824 2802 1884 negat,
2831 1832 3002 1886 neque
3026 1818 3187 1873 ullam
3212 1817 3307 1872 Dei
3336 1816 3499 1872 Verbi

1921 1908 2013 1954 aut
2031 1902 2190 1960 ullam
2226 1904 2453 1971 Spiritus
2481 1907 2648 1959 sancti
2681 1914 2830 1975 putat
2859 1922 3303 1976 esse-personam.
3343 1906 3498 1962 Chri-

1923 1997 2062 2045 stum
2095 2009 2222 2048 vero
2254 1993 2519 2050 hominem
2553 1997 2916 2052 tantummodo
2947 1999 3239 2053 solitarium
3263 1998 3497 2064 adserit,

1923 2081 2008 2135 cui
2034 2082 2344 2151 principium
2368 2085 2619 2139 adscribit
2650 2102 2714 2140 ex
2748 2087 2906 2141 Maria
2932 2106 2944 2140 :
2973 2098 3027 2142 et
3052 2088 3152 2142 hoc
3175 2087 3497 2143 omnimodis

1924 2170 2263 2242 dogmatizat,
2292 2176 2456 2230 solam
2488 2192 2584 2230 nos
2617 2192 2895 2246 personam
2922 2178 3016 2232 Dei
3044 2178 3214 2232 Patris
3241 2187 3301 2232 et
3327 2178 3500 2231 solum

1925 2260 2188 2319 Christum
2215 2265 2483 2321 hominem
2504 2269 2678 2323 colere
2693 2268 2906 2324 debere.
2932 2269 3054 2324 Haec
3074 2284 3198 2339 ergo
3218 2269 3495 2324 Photinus.

1925 2351 2243 2419 Apollinaris
2284 2372 2410 2412 vero
2447 2358 2502 2412 in
2543 2359 2744 2413 unitate
2782 2359 2994 2427 quidem
3039 2359 3308 2414 Trinitatis
3349 2359 3500 2428 quasi

1925 2446 2225 2501 consentire
2251 2462 2310 2501 se
2332 2447 2560 2516 jactitat,
2589 2457 2642 2502 et
2667 2449 2767 2502 hoc
2783 2449 2954 2517 ipsum
2981 2464 3086 2504 non
3107 2450 3260 2517 plena
3283 2447 3401 2501 ﬁdei
3425 2446 3500 2517 (l)

1927 2535 2177 2600 sanitate;
2200 2535 2294 2590 sed
2315 2537 2366 2591 in
2383 2538 2590 2593 Domini
2609 2539 2964 2594 incarnatione
2981 2546 3160 2608 aperta
3178 2537 3503 2607 professione

1926 2620 2273 2694 blaspliemat.
2304 2628 2440 2683 Dicit
2463 2629 2605 2685 enim
2627 2630 2678 2684 in
2699 2630 2813 2700 ipsa
2839 2630 3129 2685 Salvatoris
3155 2629 3322 2682 nostri
3336 2642 3496 2683 carne

1925 2720 2016 2766 aut
2048 2717 2278 2772 animam
2305 2717 2588 2773 humanam
2622 2720 2830 2788 penitus
2869 2735 2974 2774 non
3002 2720 3194 2783 fuisse,
3233 2725 3322 2770 aut
3353 2717 3498 2770 certe

1927 2803 2083 2861 talem
2111 2807 2273 2862 fuisse
2291 2809 2377 2862 cui
2396 2825 2547 2864 mens
2570 2819 2625 2864 et
2643 2810 2778 2862 ratio
2805 2825 2908 2864 non
2931 2816 3090 2862 esset.
3122 2805 3229 2860 Sed
3255 2813 3308 2859 et
3334 2805 3502 2873 ipsam

1926 2892 2135 2950 Domini
2171 2912 2384 2953 carnem
2419 2915 2523 2954 non
2551 2899 2617 2952 de
2649 2907 2842 2952 sanctae
2871 2897 3100 2966 Virginis
3131 2895 3304 2948 Mariae
3340 2909 3502 2949 carne

1929 2994 2246 3052 susceptam,
2271 2987 2360 3040 sed
2383 2987 2448 3041 de
2474 2988 2608 3041 cmlo
2629 2989 2681 3041 in
2710 2987 2976 3057 Virginem
2997 2984 3333 3038 descendisse
3352 2983 3499 3038 diee-

1926 3068 2044 3135 liat;
2074 3089 2294 3142 eamque
2310 3075 2641 3130 nutabundus
2667 3092 2876 3144 semper
2889 3084 2942 3127 et
2967 3074 3158 3128 dubius
3181 3073 3340 3128 modo
3359 3088 3500 3128 eoa:-

1931 3168 2132 3216 ternam
2160 3165 2268 3218 Deo
2294 3165 2487 3230 Verbo,
2523 3165 2681 3220 modo
2707 3166 2773 3220 de
2809 3165 2964 3219 Verbi
3004 3163 3275 3218 divinitate
3308 3164 3497 3219 factam

1930 3252 2263 3320 praedicabat.
2297 3254 2520 3309 Nolebat
2555 3257 2696 3310 enim
2724 3257 2775 3310 in
2809 3255 3017 3310 Christo
3048 3269 3167 3310 esse
3204 3254 3335 3309 duas
3368 3255 3496 3309 sub-

1930 3342 2169 3408 stantias,
2199 3360 2356 3399 unam
2391 3345 2638 3412 divinam,
2668 3347 2885 3402 alteram
2917 3347 3219 3413 humanam,
3249 3360 3405 3400 unam
3429 3361 3497 3400 ett

1929 3430 2113 3497 Patre,
2151 3435 2368 3489 alteram
2396 3452 2458 3489 ex
2499 3445 2692 3502 matre;
2729 3437 2824 3493 sed
2857 3439 3021 3507 ipsam
3054 3437 3212 3492 Verbi
3255 3446 3499 3492 naturam

1929 3524 2144 3592 putabat
2163 3541 2280 3579 esse
2315 3526 2609 3594 discissam,
2633 3530 2782 3598 quasi
2802 3529 2942 3584 aliud
2963 3529 3079 3599 ejus
3098 3540 3432 3598 permaneret
3447 3528 3498 3583 in

1931 3613 2060 3679 Deo,
2083 3614 2224 3667 aliud
2247 3629 2374 3669 vero
2399 3631 2609 3670 versum
2637 3618 2818 3673 fuisset
2846 3620 2895 3672 in
2918 3635 3160 3685 carnem;
3189 3628 3246 3674 ut
3269 3635 3392 3674 cum
3419 3635 3501 3674 te

1931 3702 2059 3756 ritas
2080 3702 2218 3757 dicat
2243 3719 2310 3757 ex
2324 3703 2526 3758 duabus
2551 3705 2856 3760 substantiis
2881 3724 3043 3761 unum
3059 3723 3178 3762 esse
3201 3708 3500 3776 Christum,

1932 3788 2018 3848 ille
2053 3793 2346 3847 contrarius
2380 3795 2586 3847 veritati
2619 3810 2684 3848 ex
2711 3807 2812 3850 una
2841 3795 3035 3848 Christi
3059 3796 3338 3850 divinitate
3371 3797 3504 3851 duas

1961 3882 2137 3937 dserat
2153 3882 2314 3937 factas
2325 3898 2445 3938 esse
2461 3883 2796 3938 substantias.
2808 3881 2940 3935 'llzec
2961 3883 3135 3951 itaque
3155 3883 3498 3951 Apollinaris.

1932 3967 2200 4027 Nestorius
2225 3981 2400 4030 autem
2416 3973 2679 4028 contrario
2703 3971 2992 4041 Apollinari
3006 3970 3210 4036 morbo,
3241 3970 3366 4024 dum
3383 3986 3503 4027 sese

1931 4058 2061 4114 duas
2085 4061 2139 4115 in
2167 4061 2378 4119 Christo
2403 4062 2721 4118 substantias
2746 4061 3071 4131 distinguere
3103 4059 3344 4126 simulat,
3371 4059 3506 4114 duas

1932 4147 2214 4210 introducit
2244 4160 2460 4222 repente
2483 4166 2760 4222 personas,
2796 4159 2851 4206 et
2877 4150 3112 4208 inaudito
3137 4150 3340 4206 scelere
3371 4147 3504 4203 duos

2003 4285 2077 4352 ('l)
2114 4284 2275 4337 Miror
2299 4285 2662 4339 doctissimum
2689 4284 2859 4337 virum
2894 4279 3504 4352 DionysiumPetavium

1933 4349 2067 4407 tom.
2093 4354 2144 4405 ὅ.
2174 4354 2425 4422 'l‘beolog.
2454 4354 2630 4423 dogm.
2660 4353 2752 4406 lib.
2784 4353 2834 4412 1,
2863 4367 2979 4420 cap.
3010 4349 3143 4423 6_,_n.
3176 4349 3260 4423 l5,
3289 4349 3503 4423 opposi-

1933 4430 2043 4489 tum
2071 4423 2262 4490 legere,
2290 4420 2439 4490 quasi
2479 4420 2669 4490 nempe
2696 4423 3006 4490 Vincentius
3023 4420 3234 4490 dixerit,
3269 4428 3316 4471 et
3340 4420 3507 4487 ipsum

1935 4438 2043 4489 tum
2071 4438 2119 4476 le
2153 4438 2262 4486 ere,
2290 4438 2439 4490 quas:
2479 4438 2600 4476 nem
2704 4438 3000 4476 vmcennus
3023 4438 3234 4484 uixerit,
3269 4438 3316 4471 et
3340 4438 3506 4487 ipsum

1935 4491 2082 4559 plena
2109 4438 2228 4569 ﬁdei
2256 4493 2484 4550 smu‘tate,
2511 4438 2920 4569 reciiicmantibns
2945 4489 3278 4569 editionibus,
3301 4503 3366 4568 ac
3388 4503 3506 4544 con-

1935 4557 2077 4612 textu
2107 4557 2219 4624 ipso
2246 4577 2256 4610 :
2290 4561 2580 4627 praesvrtim
2601 4559 2720 4626 quia
2737 4575 2840 4611 non
2857 4559 3014 4627 latuit
3032 4557 3200 4611 virum
3227 4558 3502 4627 oninigena

1937 4627 2228 4681 eruditione
2256 4626 2506 4680 reﬁrrtum
2533 4640 2562 4679 a
2587 4627 2778 4680 Basilio
2802 4628 2855 4680 in
2880 4628 2977 4696 Ep.
2996 4626 3118 4690 295,
3139 4635 3235 4681 eta
3251 4626 3505 4696 Gregorio

1936 4696 2340 4778 ljazianz‘enonin
2367 4696 2465 4763 Ep.
2495 4697 2546 4760 1,
2573 4696 2952 4778 δέρηςρλ
2984 4697 3103 4760 744,
3126 4696 3504 4778 mprobetmum

1937 4766 2102 4820 fuisse
2140 4763 2515 4833 Apollinarem,
2559 4775 2615 4819 ut
2653 4766 2704 4819 in
2735 4763 2946 4822 Saliellii
2984 4763 3218 4821 errorem
3243 4766 3503 4822 inclinan-

1937 4844 2066 4898 tem,
2101 4835 2250 4900 eujus
2275 4835 2349 4887 rei
2378 4843 2538 4905 testes
2566 4835 2650 4889 hic
2681 4837 2942 4905 posterior
2966 4836 3113 4889 affert
3132 4834 3311 4905 _libros
3347 4836 3500 4889 illius.

1938 4906 2071 4958 Ilinc
2097 4905 2310 4957 minime
2331 4904 2619 4958 audiendus
2643 4903 2891 4958 Leontius
2917 4905 2969 4958 in
2995 4905 3085 4958 lib.
3115 4903 3179 4957 de
3200 4905 3357 4957 sectis
3383 4905 3500 4958 Act.

1938 4977 1990 5037 4,
2023 4983 2152 5027 tom.
2185 4975 2266 5037 li,
2301 4975 2431 5026 Bibl.
2463 4975 2563 5027 PP.
2592 4974 2718 5028 dum
2742 4973 2968 5026 afﬁrmat
2993 4973 3256 5027 hominem
3284 4989 3386 5026 non
3414 4989 3502 5027 er-

1937 5059 2058 5098 rare
2099 5044 2238 5097 circa
2277 5044 2605 5100 Trinitatem.
2654 5063 2672 5094 (
2702 5043 2962 5104 Tametsi,
3010 5043 3208 5113 inquit,
3263 5043 3505 5113 Gregorii

1946 5133 1964 5164 ι
1989 5113 2142 5167 ambo
2162 5114 2319 5166 etiam
2341 5113 2436 5167 hac
2457 5114 2507 5167 in
2527 5123 2675 5183 parte
2693 5113 2885 5183 erroris
2913 5113 3058 5166 illum
3082 5112 3319 5183 arguant.
3347 5132 3366 5162 ›
3395 5112 3503 5183 Sed

1939 5193 2131 5253 praeter
2156 5183 2434 5252 Crcgorios
2458 5182 2626 5237 exsmt
2657 5183 2814 5253 etiam
2840 5182 3062 5237 Basilius
3089 5191 3153 5236 et
3184 5182 3499 5253 Lirinensis,

1939 5249 1999 5305 iit
2035 5253 2166 5305 alios
2192 5249 2456 5316 oniittam;
2497 5253 2634 5307 unde
2665 5252 2905 5321 saepicor
2946 5267 3050 5306 non
3095 5250 3397 5321 pervenisse
3436 5249 3503 5303 ad

1939 5322 2214 5390 Leontium
2239 5321 2551 5389 Apollinaris
2567 5319 2836 5386 libros—in
2849 5321 3040 5390 quibus
3055 5328 3285 5390 omum
3313 5319 3504 5390 depre-

1940 5389 2121 5444 hendit
2135 5388 2488 5460 Nazianzenus
2513 5409 2524 5443 :
2553 5391 2653 5446 nisi
2672 5391 2806 5446 forte
2825 5388 2942 5460 quis
2959 5390 3135 5460 dicere
3153 5389 3320 5460 malit,
3335 5388 3502 5460 homig

1939 5475 2061 5514 nem
2099 5460 2358 5530 contraria
2397 5459 2638 5530 dogmata
2677 5458 2933 5530 vulgasse,
2973 5458 3111 5530 quod
3149 5458 3392 5530 accidere
3428 5459 3499 5512 illi

1940 5530 2127 5600 potuit,
2149 5529 2272 5600 dum
2307 5548 2323 5579 ‹
2349 5530 2400 5583 in
2429 5528 2697 5584 tractanda
2716 5528 3008 5600 Theologia
3017 5545 3122 5586 non
3143 5546 3172 5584 e.
3193 5528 3496 5598 Scripturis,

1947 5619 1966 5650 ε
1989 5599 2080 5672 sed
2097 5615 2163 5672 ex
2179 5599 2420 5672 humanis
2445 5601 2667 5657 inventis
2695 5599 2996 5672 argumenta
3017 5600 3245 5672 petebat,
3273 5619 3294 5650 ι
3319 5614 3476 5672 quem
3496 5628 3502 5642 ι

1942 5669 2220 5724 admodum
2243 5671 2311 5722 ait
2336 5671 2570 5726 Basilius.
