4028 6184
523 364 631 420 655

522 506 641 547 esse
660 490 772 543 vult
794 487 925 542 ﬁlios
945 486 1067 551 Dei,
1096 484 1227 538 duos
1252 483 1509 547 Christos,
1538 494 1701 534 unum
1728 479 1894 533 Deum
1910 521 1922 545 ,
1961 480 2090 532 alte-

521 597 639 636 rum
661 581 947 644 hominem,
976 592 1139 631 unum
1159 575 1249 644 qui
1271 591 1336 628 ex
1362 575 1537 637 Patre,
1567 572 1788 623 alterum
1808 571 1897 639 qui
1913 570 1981 623 sit
2000 584 2091 638 ge-

519 680 733 724 neratus
760 686 823 723 ex
852 677 1036 721 matre.
1068 667 1238 733 Atque
1263 663 1380 717 ideo
1406 660 1593 713 asserit
1613 667 1847 713 sanctam
1872 658 2089 711 Mariam

520 778 623 814 non
654 761 951 819 Tlieotocon,
984 757 1078 811 sed
1116 756 1457 807 Chrislotocou
1484 766 1599 804 esse
1625 749 1899 802 dicendam
1925 768 1935 800 :
1966 749 2087 817 quia

518 852 719 904 scilicet
742 866 806 903 ex
829 864 891 903 ea
926 864 1030 901 non
1068 846 1153 899 ille
1178 844 1419 897 Christus
1443 842 1531 909 qui
1568 841 1725 903 Deus,
1764 838 1856 891 sed
1879 839 1964 891 ille
1997 837 2087 905 qui

518 949 632 995 erat
654 942 831 1006 homo,
855 947 1009 992 natus
1029 937 1113 989 sit.
1144 934 1294 999 Quod
1320 934 1363 986 si
1384 933 1501 1001 quis
1518 946 1638 983 eum
1666 929 1877 998 putatin
1900 927 2087 979 litteris

517 1032 627 1085 suis
652 1042 814 1084 unum
840 1028 1105 1083 Christum
1133 1025 1308 1078 dicere
1329 1031 1382 1075 et
1402 1037 1559 1075 unam
1588 1020 1779 1074 Christi
1802 1018 2087 1087 pra-dicare

517 1134 817 1189 personam,
847 1133 951 1171 non
979 1125 1177 1169 temere
1197 1112 1394 1165 credat.
1420 1110 1525 1163 Aut
1550 1111 1689 1163 enim
1718 1107 1855 1160 istud
1877 1104 2089 1159 fallendi

515 1221 629 1265 arte
650 1210 975 1264 machinatus
1001 1215 1110 1271 est,
1142 1210 1200 1257 ut
1225 1218 1318 1271 per
1350 1203 1487 1255 bona
1527 1200 1729 1253 facilius
1765 1197 2011 1251 suaderet
2036 1202 2089 1249 et

516 1303 671 1367 mala,
704 1302 838 1354 sicut
859 1300 931 1350 ait
950 1295 1264 1364 Apostolus:
1293 1293 1392 1345 Per
1410 1293 1590 1344 bonum
1618 1288 1739 1340 mihi
1766 1294 1997 1355 operatus
2017 1294 2087 1336 est

514 1401 738 1453 mortem,
772 1391 924 1443 Rom.
957 1389 1007 1439 7.
1043 1387 1148 1439 Aut
1175 1401 1320 1453 ergo,
1358 1392 1416 1437 ut
1446 1383 1693 1445 diximus,
1726 1377 2087 1431 fraudulentize

513 1494 670 1532 causa
709 1476 1020 1546 quibusdam
1062 1476 1112 1528 iu
1150 1476 1279 1528 locis
1314 1475 1627 1541 scriptorum
1673 1484 1887 1523 suorum
1924 1482 2085 1520 unum

512 1567 777 1622 Christum
800 1575 853 1621 et
872 1582 1027 1619 unam
1045 1565 1237 1619 Christi
1258 1580 1538 1633 personam
1554 1562 1771 1615 credere
1792 1559 2081 1627 sejactitat,

512 1664 601 1708 aut
630 1664 772 1709 certe
799 1663 917 1724 post
941 1662 1147 1724 partum
1172 1654 1280 1722 jam
1312 1653 1537 1722 Virginis
1566 1652 1636 1704 ita
1670 1651 1723 1703 in
1746 1665 1909 1702 unum
1934 1648 2087 1701 Chri-

512 1753 650 1799 stum
671 1746 801 1800 duas
812 1745 1053 1815 perhibet
1072 1744 1381 1798 convenisse
1402 1757 1674 1811 personas,
1694 1748 1752 1793 ut
1772 1747 1949 1797 tamen
1969 1752 2087 1790 con-

512 1843 693 1905 ceptus
713 1852 806 1891 seu
826 1844 1006 1905 partus
1023 1835 1251 1903 Virginei
1274 1842 1530 1901 tempore,
1556 1840 1608 1885 et
1623 1829 1888 1898 aliquanto
1903 1826 2086 1896 postea

512 1926 643 1980 duos
658 1927 894 1981 Christos
909 1927 1070 1980 fuisse
1086 1924 1395 1987 contendat;
1420 1930 1477 1975 ut
1495 1937 1615 1975 cum
1630 1921 1830 1974 scilicet
1845 1918 2085 1972 Christus

512 2016 671 2071 homo
690 2018 985 2072 communis
1006 2018 1233 2085 primum
1254 2023 1306 2069 et
1325 2014 1590 2067 solitarius
1613 2020 1765 2065 natus
1786 2011 1873 2075 sit,
1898 2016 1951 2063 et
1970 2024 2086 2061 nec.

511 2105 634 2160 dum
654 2108 743 2161 Dei
763 2108 933 2161 Verbo
953 2124 1192 2176 personae
1213 2106 1412 2160 unitate
1428 2104 1676 2169 sociatus,
1700 2111 1882 2170 postea
1896 2102 1947 2154 in
1964 2116 2084 2154 eum

511 2197 835 2252 adsumentis
862 2199 1019 2252 Verbi
1044 2212 1269 2267 persona
1302 2194 1662 2255 descenderit;
1702 2201 1756 2245 et
1789 2193 1909 2244 licet
1945 2206 2085 2244 nunc

510 2286 561 2339 in
583 2287 676 2341 Dei
691 2288 855 2356 gloria
871 2296 1081 2340 maneat
1096 2287 1424 2352 adsumptus,
1445 2283 1745 2351 aliquandiu
1763 2291 1938 2335 tamen
1956 2280 2084 2335 nihil

510 2374 645 2429 inter
669 2378 815 2430 illum
843 2386 895 2430 et
914 2386 1134 2430 caeteros
1162 2376 1402 2428 homines
1429 2374 1726 2427 interfuisse
1752 2373 2009 2427 videatur.

578 2456 713 2516 ΧῙΙΙ.
756 2464 879 2518 Haec
898 2480 1023 2534 ergo
1042 2465 1336 2529 Nestorius,
1356 2464 1693 2531 Apollinaris,
1716 2464 1970 2517 Photinus
1991 2463 2082 2516 ad-

510 2568 693 2608 versus
718 2554 1039 2609 Catholicam
1070 2555 1226 2608 fidem
1253 2554 1421 2607 rabidi
1450 2569 1609 2607 canes
1636 2554 1857 2606 latrant:
1898 2553 2080 2605 Photi-

510 2660 626 2711 nus,
653 2645 960 2699 Trinitatem
982 2660 1086 2698 non
1108 2643 1434 2708 conﬁtendo;
1461 2644 1796 2711 Apollinaris,
1821 2643 2083 2696 converti-

510 2735 664 2790 bilem
694 2736 850 2789 Verbi
873 2735 1096 2789 dicendo
1117 2744 1377 2801 naturam,
1407 2742 1459 2789 et
1481 2734 1611 2786 duas
1642 2734 1694 2786 in
1716 2732 1926 2787 Christo
1952 2732 2078 2785 sub-

510 2828 725 2880 stantias
747 2843 850 2880 non
878 2826 1175 2879 conﬁtendo
1192 2868 1205 2891 ,
1241 2833 1293 2879 et
1320 2832 1409 2878 aut
1432 2832 1595 2878 totam
1620 2823 1813 2877 Christi
1850 2823 2081 2876 animam

509 2928 596 2974 aut
612 2928 754 2974 certe
775 2928 1004 2973 mentem
1025 2927 1183 2987 atque
1203 2918 1462 2971 rationem
1486 2916 1537 2969 in
1558 2916 1731 2968 anima
1748 2914 2075 2983 denegando,

509 3017 560 3063 at
585 3008 876 3063 adserendo
916 3024 1010 3076 pro
1055 3022 1214 3061 sensu
1252 3006 1445 3059 mentis
1484 3004 1646 3057 fuisse
1684 3004 1776 3058 Dei
1816 3003 2075 3069 Verbum;

508 3096 794 3163 Nestorius,
824 3098 955 3151 duos
976 3097 1210 3151 Christos
1230 3104 1321 3149 aut
1347 3111 1556 3163 semper
1580 3110 1719 3159 esse,
1744 3102 1834 3146 aut
1852 3094 2079 3163 aliquau-

508 3186 593 3241 diu
622 3188 783 3242 fuisse
808 3188 1184 3242 adseverando.
1222 3186 1456 3240 Ecclesia
1479 3200 1606 3239 vero
1632 3183 1900 3237 Catholica
1935 3192 1988 3237 et
2013 3184 2079 3239 de

506 3273 613 3331 Deo
642 3286 695 3332 et
727 3278 793 3332 de
820 3279 1091 3333 Salvatore
1116 3283 1298 3330 nostro
1319 3284 1461 3329 recta
1486 3275 1739 3339 sentiens,
1770 3289 1867 3327 nec
1888 3274 1940 3326 in
1965 3273 2079 3326 Tri—

507 3368 682 3422 nitatis
715 3370 969 3438 mysterio
995 3383 1093 3421 nec
1133 3368 1185 3419 in
1212 3365 1407 3420 Christi
1440 3366 1797 3418 incarnatione
1834 3363 2079 3431 blasphe-

507 3466 630 3511 mat.
654 3459 783 3510 Nam
801 3467 854 3511 et
868 3473 1027 3511 unam
1043 3457 1371 3510 divinitatem
1395 3456 1447 3508 in
1469 3454 1739 3507 Trinitatis
1758 3452 2079 3521 plenitudine

507 3553 559 3599 et
579 3546 847 3598 Trinitatis
863 3545 1214 3613 aequalitatem
1237 3545 1288 3597 in
1304 3559 1406 3597 una
1428 3551 1584 3611 atque
1604 3543 1789 3596 eadem
1803 3542 2079 3611 majestate

507 3643 801 3700 veneratur,
832 3641 885 3688 et
909 3650 1071 3687 unum
1094 3633 1360 3687 Christum
1383 3633 1583 3699 Jesum,
1615 3649 1719 3687 non
1746 3634 1906 3700 duos,
1930 3649 2078 3687 eum-

506 3724 731 3794 demque
746 3726 910 3779 Deum
929 3727 1124 3793 pariter
1138 3733 1295 3793 atque
1312 3723 1581 3777 hominem
1596 3723 1891 3777 conﬁtetur.
1909 3724 2077 3778 Unam

505 3813 715 3883 quidem
741 3816 793 3869 in
819 3830 884 3870 eo
905 3829 1213 3884 personam,
1259 3813 1353 3867 sed
1390 3813 1520 3867 duas
1560 3814 1908 3878 substantias;
1946 3814 2077 3869 duas

504 3904 851 3973 substantias,
895 3905 990 3961 sed
1033 3921 1190 3958 unam
1235 3904 1404 3958 credit
1447 3919 1565 3958 esse
1601 3918 1919 3971 personam:
1947 3906 2077 3959 duas

503 3996 841 4062 substantias,
889 3998 1011 4065 quia
1042 3995 1291 4049 mutabile
1331 4010 1436 4047 non
1464 4003 1545 4047 est
1583 3994 1814 4048 Verbum
1851 3996 1973 4064 Dei,
2021 4006 2079 4052 ut

502 4099 673 4153 apsum
692 4093 986 4139 verteretur
1006 4085 1058 4136 in
1078 4099 1322 4147 carnem;
1353 4098 1510 4135 unam
1528 4099 1830 4151 personam,
1857 4103 1924 4141 ne
1944 4088 2076 4145 duos

502 4173 796 4244 proﬁtendo
828 4173 992 4238 ﬁlios,
1026 4172 1432 4241 quaternitatem
1458 4172 1697 4227 videatur
1729 4177 1932 4242 colere,
1971 4194 2077 4234 non

501 4262 831 4316 Trinitatem.
864 4261 969 4316 Sed
994 4276 1167 4330 operae
1194 4262 1419 4331 pretium
1448 4270 1531 4316 est
1556 4271 1614 4316 ut
1634 4264 1686 4318 id
1718 4264 1892 4333 ipsum
1918 4268 2075 4321 etiam

501 4360 659 4422 atque
684 4353 843 4406 etiam
879 4351 1173 4407 distinctius
1201 4360 1254 4407 et
1279 4354 1579 4420 expressius
1620 4355 1975 4410 enucleemus.
2020 4357 2076 4412 ln

499 4443 613 4499 Deo
639 4460 743 4498 una
769 4445 1081 4511 substantia,
1107 4445 1199 4499 sed
1222 4453 1331 4498 tres
1354 4460 1619 4513 personae;
1650 4448 1701 4501 in
1724 4448 1933 4503 Christo
1958 4450 2076 4505 duae

501 4536 828 4601 substantiae,
868 4535 962 4589 sed
987 4550 1091 4589 una
1117 4550 1361 4603 persona.
1393 4535 1448 4589 ln
1483 4535 1736 4592 Trinitate
1761 4541 1893 4594 alius
1917 4548 2076 4610 atque

499 4625 661 4689 alius,
691 4642 795 4679 non
827 4625 966 4678 aliud
986 4633 1144 4694 atque
1171 4625 1340 4691 aliud;
1367 4626 1419 4679 in
1452 4626 1725 4683 Salvatore
1751 4630 1890 4683 aliud
1917 4639 2075 4700 atque

499 4714 662 4781 aliud,
680 4730 785 4769 non
805 4716 938 4769 alius
958 4723 1113 4783 atque
1130 4717 1283 4771 alius.
1310 4717 1586 4782 Quomodo
1602 4719 1655 4771 in
1673 4719 1927 4774 Trinitate
1942 4721 2075 4775 alius

498 4811 658 4873 atque
677 4805 830 4870 alius,
855 4821 960 4858 non
987 4805 1127 4859 aliud
1150 4814 1307 4874 atque
1331 4807 1503 4859 aliud?
1529 4807 1662 4872 Quia
1679 4809 1879 4862 scilicet
1902 4811 2002 4863 alia
2022 4818 2076 4864 et

496 4908 726 4964 persona
748 4896 938 4961 Patris,
973 4897 1074 4949 alia
1102 4896 1239 4962 Filii,
1269 4899 1370 4950 alia
1390 4899 1617 4967 Spiritus
1639 4902 1835 4965 sancti;
1873 4901 1966 4955 sed
1990 4910 2072 4955 ta-

496 5001 624 5039 men
650 4986 820 5041 Patris
844 4995 896 5040 et
922 4988 1040 5040 Filii
1068 4996 1121 5042 et
1146 4989 1372 5057 Spiritus
1395 4992 1561 5043 sancti
1596 5006 1700 5044 non
1727 4992 1828 5045 alia
1863 5000 1916 5047 et
1949 4994 2069 5059 alia,

499 5072 595 5127 sed
614 5090 717 5127 una
738 5076 1029 5145 eademque
1049 5088 1253 5131 natura.
1273 5078 1548 5143 Quomodo
1569 5080 1620 5133 in
1643 5081 1914 5135 Salvatore
1934 5083 2073 5137 aliud

497 5172 658 5235 atque
680 5166 850 5232 aliud,
880 5184 985 5222 non
1020 5170 1153 5221 alius
1178 5178 1333 5238 atque
1360 5171 1526 5225 alius?
1558 5172 1689 5238 Quia
1722 5174 1966 5227 videlicet
1997 5174 2075 5225 al-

499 5263 613 5311 tera
636 5259 928 5313 substantia
954 5260 1258 5328 divinitatis,
1288 5264 1451 5317 altera
1482 5265 1847 5330 humanitatis;
1877 5265 1969 5319 sed
1995 5274 2075 5319 ta-

498 5364 623 5405 men
648 5350 818 5405 deitas
839 5359 893 5404 et
917 5351 1214 5407 humanitas
1240 5370 1341 5408 non
1384 5357 1517 5410 alter
1541 5365 1594 5412 et
1619 5358 1768 5424 alter,
1811 5359 1903 5413 sed
1938 5373 2073 5413 unus

501 5439 747 5508 idemque
770 5439 1030 5509 Christus,
1060 5460 1194 5497 unus
1234 5444 1476 5515 idemque
1512 5446 1647 5502 ﬁlius
1680 5449 1802 5515 Dei,
1834 5458 1887 5503 et
1919 5450 2074 5504 unius

501 5529 847 5601 ejusdemque
866 5531 1059 5586 Christi
1080 5542 1133 5587 et
1158 5534 1245 5587 ﬁlii
1268 5536 1359 5588 Dei
1383 5554 1483 5590 una
1511 5538 1799 5608 eademque
1827 5556 2068 5608 persona;

502 5620 641 5675 sicut
665 5623 717 5675 in
742 5623 957 5676 homine
995 5624 1134 5676 aliud
1157 5641 1308 5689 caro,
1340 5635 1393 5681 et
1420 5630 1560 5682 aliud
1589 5632 1759 5684 anima
1777 5674 1789 5695 ,
1820 5633 1911 5686 sed
1940 5648 2073 5687 unus

504 5704 753 5773 idemque
790 5722 949 5764 homo
973 5714 1145 5765 anima
1166 5722 1219 5767 et
1244 5729 1383 5768 caro.
1414 5716 1471 5771 in
1497 5718 1653 5771 Petro
1680 5728 1731 5772 et
1753 5722 1912 5773 Paulo
1935 5723 2073 5777 aliud

1765 345 2107 405 VlNCENTll
2134 342 2515 403 LIRlNENSIS

3657 343 3761 402 856

2196 477 2390 541 anima,
2418 473 2561 528 aliud
2584 486 2739 539 caro;
2766 485 2865 527 nec
2882 478 3055 526 tamen
3074 468 3186 526 duo
3208 468 3375 537 Petri,
3403 484 3531 525 caro
3562 478 3618 526 et
3644 473 3758 527 ani-

2195 582 2310 631 ma;
2342 574 2433 620 aut
2454 566 2589 619 alter
2612 563 2805 617 Paulus
2845 563 3037 628 anima,
3074 570 3127 615 et
3154 562 3288 615 alter
3310 575 3469 625 caro;
3504 561 3602 617 sed
3626 579 3759 619 unus

2196 659 2440 728 idemque
2466 658 2671 723 Petrus,
2703 671 2838 709 unus
2864 654 3106 723 idemque
3129 653 3343 719 Paulus,
3372 668 3440 707 ex
3464 652 3661 723 duplici
3686 654 3761 709 di-

2194 767 2451 820 versaque
2468 751 2759 805 subsistens
2774 748 2933 801 animi
2948 745 3285 816 corporisque
3300 752 3504 800 natura.
3523 745 3600 800 lta
3612 747 3762 817 igitur

2196 842 2247 895 in
2264 859 2368 896 uno
2384 843 2675 911 eodemque
2691 840 2900 896 Christo
2918 840 3034 893 duae
3051 838 3354 892 substantia:
3375 845 3519 903 sunt;
3543 838 3637 893 sed
3660 855 3764 895 una

2194 933 2388 998 divina,
2432 933 2596 985 altera
2634 931 2889 995 humana;
2931 945 3035 983 una
3061 944 3127 983 ex
3150 928 3307 982 Patre
3332 928 3455 993 Deo,
3492 928 3656 983 altera
3693 945 3762 985 ex

2193 1033 2361 1078 matre
2388 1024 2629 1093 Virgine;
2658 1038 2760 1077 una
2786 1030 3049 1076 comterna
3076 1031 3129 1075 et
3161 1020 3374 1089 aequalis
3402 1019 3561 1086 Patri,
3597 1021 3761 1077 altera

2195 1131 2256 1167 ex
2279 1123 2515 1183 tempore
2536 1122 2590 1167 et
2604 1114 2777 1166 minor
2796 1113 2978 1176 Patre;
3002 1126 3105 1165 una
3126 1109 3585 1164 consubstantialis
3602 1110 3763 1175 Patri,

2194 1208 2356 1260 altera
2400 1205 2861 1260 consubstantialis
2900 1204 3085 1267 matri;
3127 1217 3262 1256 unus
3299 1210 3473 1256 tamen
3525 1201 3764 1270 idemque

2193 1295 2432 1349 Christus
2455 1296 2506 1349 in
2528 1304 2747 1363 utraque
2762 1295 3071 1349 substantia.
3094 1293 3209 1347 Non
3230 1308 3353 1362 ergo
3372 1292 3507 1346 alter
3524 1291 3763 1346 Christus

2194 1385 2351 1451 Deus,
2381 1386 2514 1439 alter
2542 1386 2728 1449 homo;
2760 1400 2865 1437 non
2891 1384 3023 1437 alter
3048 1384 3331 1448 inereatus,
3370 1383 3506 1437 alter
3527 1390 3761 1449 creatus;

2192 1492 2295 1529 non
2319 1476 2452 1530 alter
2473 1477 2827 1545 impassibilis,
2853 1477 2985 1529 alter
3003 1475 3292 1545 passibilis;
3317 1491 3422 1529 non
3442 1476 3577 1530 alter
3590 1491 3763 1546 azqua-

2192 1566 2255 1619 lis
2276 1566 2445 1631 Patri,
2484 1568 2617 1621 alter
2637 1567 2809 1621 minor
2833 1567 3015 1630 Patre;
3043 1582 3146 1619 non
3173 1566 3307 1619 alter
3326 1581 3391 1620 ex
3413 1566 3597 1632 Patre,
3633 1566 3761 1619 alter

2192 1673 2257 1711 ex
2277 1668 2473 1723 matre;
2500 1659 2593 1712 sed
2621 1674 2755 1712 unus
2791 1658 3035 1727 idemque
3062 1655 3300 1712 Christus
3334 1657 3477 1712 Deus
3504 1667 3557 1711 et
3583 1656 3757 1724 homo,

2192 1749 2327 1803 idem
2352 1766 2457 1803 non
2485 1759 2695 1803 creatus
2721 1758 2774 1803 et
2798 1758 3034 1816 creatus,
3070 1749 3210 1803 idem
3237 1749 3679 1803 incommutabilis
3714 1756 3760 1805 el

2192 1838 2558 1907 impassibilis,
2594 1839 2733 1893 idem
2767 1846 3118 1893 commutatus
3143 1847 3197 1893 et
3222 1853 3428 1907 passus,
3459 1839 3598 1894 idem
3625 1839 3761 1898 Patri

2190 1939 2243 1983 et
2262 1932 2477 2000 aequalis
2496 1940 2550 1986 et
2568 1932 2759 1999 minor,
2785 1931 2925 1986 idem
2946 1947 3011 1985 ex
3032 1932 3185 1985 Patre
3201 1939 3324 1985 ante
3339 1931 3513 1986 secula
3533 1932 3760 2001 genitus,

2192 2021 2331 2075 idem
2364 2023 2416 2075 in
2445 2022 2623 2075 seculo
2662 2038 2725 2077 ex
2761 2030 2930 2076 matre
2964 2030 3262 2090 generatus,
3293 2020 3550 2090 perfectus
3588 2022 3756 2085 Deus,

2190 2112 2451 2180 perfectus
2478 2114 2657 2168 homo.
2690 2114 2748 2168 In
2782 2116 2891 2169 Deo
2920 2129 3125 2168 summa
3149 2114 3411 2179 divinitas,
3448 2115 3500 2167 in
3541 2114 3758 2169 homine

2191 2204 2342 2271 plena
2363 2204 2678 2258 humanitas.
2713 2204 2902 2270 Plena,
2933 2205 3174 2274 inquam,
3204 2204 3538 2258 humanitas:
3565 2204 3759 2273 quippe

2189 2311 2305 2364 qua:
2332 2297 2560 2349 animam
2583 2296 2737 2349 simul
2758 2296 2950 2351 habeat
2972 2305 3027 2350 et
3051 2312 3283 2360 carnem,
3314 2295 3408 2351 sed
3432 2311 3646 2350 carnem
3671 2311 3759 2349 ve—

2189 2404 2321 2455 ram,
2346 2396 2600 2456 nostram,
2624 2397 2936 2455 maternam,
2955 2390 3184 2442 animam
3198 2404 3325 2443 vero
3340 2388 3607 2442 intellectu
3628 2403 3758 2457 pra:-

2188 2481 2370 2545 ditam,
2396 2490 2572 2535 mente
2592 2497 2653 2536 ac
2674 2482 2876 2535 ratione
2894 2483 3198 2550 pollentem.
3224 2482 3317 2536 Est
3339 2497 3464 2552 ergo
3480 2483 3532 2535 in
3555 2481 3758 2536 Christo

2186 2573 2427 2639 verbum,
2444 2574 2639 2638 anima,
2663 2588 2805 2637 caro;
2830 2573 2923 2627 sed
2944 2574 3046 2627 hoc
3066 2582 3233 2628 totum
3252 2588 3389 2627 unus
3403 2581 3486 2627 est
3500 2573 3754 2641 Christus,

2188 2681 2322 2719 unus
2349 2665 2485 2719 ﬁlius
2505 2666 2619 2731 Dei,
2644 2674 2697 2719 et
2716 2681 2851 2719 unus
2876 2666 3115 2720 Salvator
3136 2682 3199 2720 ac
3218 2665 3541 2734 Redemptor
3560 2674 3755 2720 noster.

2187 2754 2333 2808 Unus
2358 2762 2554 2821 autem,
2584 2771 2687 2808 non
2712 2756 3038 2824 corruptibili
3064 2756 3241 2810 nescio
3266 2770 3370 2825 qua
3395 2754 3681 2809 divinitatis
3704 2760 3756 2808 et

2186 2842 2524 2897 humanitatis
2550 2845 2876 2910 confusione,
2906 2845 2999 2899 sed
3027 2845 3227 2914 integra
3261 2852 3313 2899 et
3336 2844 3589 2914 singulari
3624 2858 3754 2913 qua-

2185 2931 2304 2985 dam
2331 2933 2529 2987 unitate
2555 2948 2813 3001 personae.
2840 2934 3017 3003 Neque
3040 2935 3179 2989 enim
3206 2934 3292 2987 illa
3314 2933 3616 3001 eonjunctio
3637 2934 3755 2988 alte-

2184 3039 2301 3076 rum
2324 3024 2376 3076 in
2397 3024 2620 3077 alterum
2646 3025 2905 3077 convertit
2929 3033 3086 3095 atque
3112 3025 3332 3078 mutavit
3358 3024 3468 3093 (qui
3499 3032 3582 3078 est
3604 3038 3756 3078 error

2184 3116 2426 3183 proprius
2446 3115 2782 3185 Arianorum)
2802 3114 2898 3185 (l),
2921 3115 3014 3169 sed
3036 3116 3105 3168 ita
3123 3116 3175 3169 in
3197 3131 3358 3168 unum
3376 3114 3549 3183 potius
3571 3122 3750 3167 utrum

2184 3220 2285 3272 que
2311 3206 2593 3274 compegit,
2626 3213 2684 3257 ut
2705 3212 2948 3259 manente
2972 3220 3191 3273 semper
3216 3205 3269 3259 in
3294 3204 3503 3259 Christo
3526 3204 3756 3274 singula-

2254 3362 2329 3430 (l)
2371 3362 2436 3415 Ut
2464 3362 2643 3415 Ariani
2670 3362 2873 3416 facilius
2897 3362 3201 3431 improvidis
3225 3363 3508 3417 suaderent
3523 3362 3757 3417 Verbum

2184 3430 2397 3483 alterius
2424 3446 2541 3485 esse
2566 3448 2595 3484 a
2623 3432 2777 3485 Patre
2806 3430 3129 3495 substantiae,
3163 3448 3375 3502 passum
3404 3447 3681 3486 asseruere
3706 3433 3759 3486 in

2184 3514 2370 3572 carne;
2401 3515 2462 3572 ac
2481 3502 2668 3554 anima)
2687 3504 2850 3572 instar
2866 3502 3025 3557 fuisse
3041 3504 3249 3572 corpori
3269 3502 3595 3556 divinitatem
3619 3502 3759 3555 illam

2186 3568 2343 3621 Verbi
2386 3571 2543 3624 veluti
2586 3571 2949 3625 secundariam
2992 3568 3226 3635 aiebant;
3274 3572 3413 3626 unde
3455 3587 3520 3624 ex
3569 3586 3755 3625 eorum

2183 3648 2358 3722 mente
2385 3640 2436 3722 in
2467 3640 2845 3722 humanitatem
2870 3642 3017 3722 quasi
3051 3656 3306 3722 conversa
3333 3650 3446 3722 erat
3479 3640 3753 3722 divinitas,

2184 3707 2307 3761 dum
2335 3709 2673 3763 substantivze
2699 3707 2926 3764 hominis
2956 3711 3135 3766 forma:
3161 3712 3213 3764 in
3242 3710 3453 3765 Christo
3479 3711 3653 3765 locum
3677 3718 3757 3765 te-

2183 3778 2337 3849 nuit.
2358 3780 2507 3833 llunc
2532 3795 2767 3834 errorem
2794 3789 3074 3849 assumpta}
3101 3781 3437 3834 humanitatis
3477 3780 3758 3836 destruen—

2183 3854 2289 3920 tem
2316 3848 2473 3903 ﬁdem
2513 3859 2702 3920 praeter
2728 3848 3052 3904 Lirinensem
3085 3851 3339 3920 exprobat
3371 3850 3472 3904 illis
3501 3850 3756 3904 Leontius

2182 3917 2248 3971 de
2274 3927 2404 3971 sect.
2430 3917 2527 3971 Act
2551 3919 2603 3981 2,
2629 3920 2946 3973 Athanasius
2976 3921 3026 3974 in
3048 3922 3137 3974 lib.
3155 3917 3226 3974 de
3248 3921 3462 3975 salutari
3481 3920 3751 3983 Adventu,

2183 3988 2529 4059 et_in_altero
2564 3988 2628 4041 de
2670 3990 3026 4059 incarnatione
3064 3989 3257 4044 Christi
3285 4008 3295 4041 :
3325 4006 3388 4045 ac
3421 3992 3755 4059 potissimum

2184 4056 2414 4110 llilarius
2430 4058 2480 4109 in
2499 4064 2612 4111 toto
2637 4058 2727 4113 lib.
2748 4076 2780 4111 χ
2801 4058 2866 4112 de
2887 4060 3159 4125 Trinitate,
3187 4059 3326 4113 unde
3341 4056 3546 4114 nilmer.
3573 4060 3625 4123 9,
3644 4060 3718 4114 ait
3739 4079 3751 4112 :

2191 4146 2207 4176 (
2235 4126 2428 4198 Volunt
2468 4126 2704 4198 plerique
2744 4145 2925 4183 eorum
2953 4145 3016 4182 ex
3043 4130 3302 4198 passionis
3327 4139 3491 4196 metu,
3533 4139 3587 4184 et
3610 4130 3757 4184 inﬁr-

2190 4214 2207 4245 ι
2232 4196 2413 4269 mitate
2440 4196 2690 4269 patiendi,
2721 4214 2823 4269 non
2853 4199 2903 4269 in
2930 4196 3115 4252 natura
3140 4214 3258 4252 eum
3296 4200 3635 4269 impassibilis
3661 4200 3754 4254 Dei

2190 4284 2208 4315 ‹
2234 4264 2506 4319 fuisse.....
2541 4266 2644 4321 Sed
2672 4268 2933 4321 inferioris
2960 4283 2989 4320 a
3014 4269 3122 4322 Deo
3149 4269 3303 4323 Patre
3328 4264 3546 4332 naturze,
3577 4277 3631 4324 et
3658 4269 3755 4323 hu-

2190 4354 2207 4385 ‹
2232 4350 2400 4389 manae
2427 4337 2685 4404 passionis
2719 4337 3056 4405 trepidaverit
3091 4347 3261 4401 metu,
3291 4347 3344 4393 et
3376 4338 3441 4392 ad
3466 4339 3756 4407 corporalis

2190 4423 2206 4476 ᾳ
2232 4420 2402 4476 ptenm
2417 4406 3134 4476 cOngemueritatrocitatem.
3164 4428 3180 4457 ι
3206 4407 3333 4473 Quze
3351 4420 3510 4476 quum
3527 4406 3601 4461 ita
3626 4410 3751 4471 sint,

2177 4474 2287 4542 jam
2314 4475 2428 4529 sine
2452 4475 2791 4543 ambiguitate
2814 4476 2919 4529 ulla
2947 4476 3097 4531 facile
3123 4474 3383 4531 dirimitur
3406 4485 3511 4529 tota
3538 4484 3757 4531 contro-

2182 4544 2383 4613 versia,
2423 4559 2578 4613 quam
2617 4543 2933 4599 Claudianus
2960 4546 3267 4612 Mamertus,
3309 4546 3651 4613 Berengarius
3687 4561 3756 4601 ac

2181 4611 2410 4684 Joannes
2438 4611 2649 4684 quidam
2676 4613 2813 4682 apud
2842 4615 3135 4683 Philippum
3170 4611 3322 4671 bona:
3346 4615 3453 4684 spei
3481 4611 3756 4669 'Abbatem

2182 4682 2477 4735 excitarunt
2497 4682 2711 4746 llilario,
2734 4685 2883 4752 quasi
2910 4682 3165 4740 humanas
3181 4687 3232 4739 in
3249 4682 3457 4741 Christo
3470 4684 3757 4739 Passiones

2181 4752 2391 4824 neganti
2429 4753 2672 4824 num/25
2698 4752 2932 4824 ejusdem
2960 4755 3076 4824 libri
3104 4754 3229 4808 dum
3268 4755 3468 4824 inquit:
3504 4772 3521 4802 ε
3551 4753 3755 4810 Passus

2188 4840 2205 4871 ε
2229 4821 2438 4890 quidem
2470 4830 2552 4876 est
2582 4823 2833 4875 Dominus
2867 4824 3019 4877 Jesus
3053 4823 3312 4890 Christus,
3341 4821 3479 4877 'dum
3512 4823 3751 4889 caeditur,

2188 4909 2205 4939 ‹
2229 4892 2374 4963 dum
2397 4892 2750 4963 suspenditur,
2794 4892 2931 4963 dum
2955 4893 3290 4963 cruciﬁgitur,
3327 4893 3451 4947 dum
3488 4895 3750 4947 moritur:

2188 4977 2206 5009 ι
2230 4959 2322 5013 sed
2364 4960 2412 5013 in
2454 4976 2645 5028 corpus
2677 4962 2881 5014 Domini
2924 4959 3358 5026 irruens'Passio,
3389 4978 3485 5017 nec
3521 4978 3624 5015 non
3656 4963 3755 5017 fuit

2188 5047 2206 5077 ε
2230 5028 2430 5093 Passio,
2462 5046 2557 5083 nec
2583 5039 2755 5082 tamen
2782 5040 3023 5085 naturam
3050 5032 3315 5086 Passionis
3343 5033 3601 5096 exseruit,
3625 5031 3753 5086 dum

2188 5116 2206 5147 ‹
2230 5105 2282 5150 et
2312 5099 2503 5165 ptenali
2531 5100 2820 5151 ministerio
2846 5101 3081 5163 desawit,
3106 5111 3159 5154 et
3183 5102 3348 5154 virtus
3374 5102 3610 5169 corporis
3636 5103 3753 5155 sine

2187 5185 2205 5238 ᾳ
2230 5182 2388 5220 sensu
2418 5184 2587 5236 poma:
2615 5169 2717 5221 vim
2744 5184 2913 5236 pcenze
2947 5171 2998 5223 in
3026 5185 3081 5223 se
3107 5170 3439 5224 des:evientis
3466 5172 3690 5238 excepit.
3726 5190 3745 5222 ι

2182 5236 2380 5290 Sensus
2417 5253 2541 5305 ergo
2566 5246 2647 5291 est
2670 5256 2679 5289 :
2706 5238 2891 5291 Passio
2919 5254 3019 5306 qua
3056 5254 3224 5292 caesus
3250 5248 3328 5294 est
3354 5236 3623 5301 Christus,
3655 5239 3753 5293 fuit

2181 5321 2243 5359 ex
2274 5316 2418 5374 parte
2443 5309 2696 5377 corporis,
2729 5322 2821 5361 seu
2844 5308 3181 5361 humanitatis
3202 5323 3231 5361 a
3251 5309 3423 5364 Verbo
3443 5318 3748 5377 assumptte,

2180 5390 2299 5443 quae
2323 5390 2501 5439 sensu,
2530 5376 2730 5437 dolore,
2763 5379 3035 5431 tolerantia
3062 5378 3326 5431 demutata
3354 5387 3463 5442 est;
3502 5379 3593 5432 sed
3625 5376 3751 5433 vera

2180 5460 2283 5499 non
2313 5445 2408 5498 fuit
2431 5462 2496 5499 ex
2524 5454 2668 5514 parte
2697 5447 2871 5508 Verbi,
2901 5448 3039 5514 quod
3065 5448 3439 5501 demutationis
3476 5447 3752 5503 effectibus

2181 5516 2443 5568 caruerit:
2474 5524 2525 5568 et
2554 5516 2653 5569 hoc
2678 5526 2759 5569 est
2795 5516 2933 5584 quod
2970 5516 3192 5569 Hilarius
3228 5518 3393 5585 inquit
3425 5516 3613 5571 Filium
3657 5519 3750 5574 Dei

2182 5585 2277 5655 uim
2307 5600 2464 5653 perna:
2488 5586 2539 5637 in
2573 5602 2624 5638 sc
2646 5586 2952 5638 descevientis
2976 5587 3081 5638 sine
3105 5602 3249 5638 sensu
3284 5603 3443 5654 poma:
3477 5588 3746 5655 excepisse.

2179 5649 2431 5726 Consulat
2449 5655 2591 5711 Lect.
2612 5658 2906 5726 generalem
2923 5656 3128 5726 prmfat:
3134 5649 3468 5726 praemissam
3489 5649 3747 5726 Ope'ribus

2181 5723 2241 5778 D.
2274 5724 2453 5777 llilarii
2479 5723 2634 5780 Edit."
2647 5727 2705 5781 Ρ.
2733 5724 3003 5782 Constant.
3032 5726 3062 5791 §
3088 5723 3171 5779 ΙΙΙ.
