4028 6184
263 325 365 384 657

258 463 419 520 ritate
439 456 599 514 unius
622 452 965 525 ejusdemque
983 459 1244 519 personae,
1272 442 1326 497 in
1345 448 1601 495 aeternum
1623 450 1834 506 quoque

260 554 570 624 permanat
586 542 881 615 proprietas
908 536 1319 605 uniuscujusque
1342 538 1571 593 naturai;
1601 542 1705 596 quo
1730 526 1834 624 sei-

259 615 385 697 licet
407 653 507 693 nec
532 632 763 704 unquam
784 631 927 686 Deus
950 641 1142 696 corpus
1180 639 1299 679 esse
1332 622 1573 690 incipiat,
1603 630 1702 671 nec
1738 615 1833 667 ali-

259 729 469 801 quando
492 739 707 795 corpus,
747 734 940 791 corpus
964 732 1083 773 esse
1111 715 1349 770 desistat.
1377 710 1529 777 Quod
1554 709 1713 763 etiam
1737 705 1836 759 hu-

257 797 427 876 mana:
447 812 766 872 conditionis
790 810 1183 865 demonstratur
1207 803 1468 871 exemplo.
1494 800 1675 868 Neque
1694 797 1835 849 enim

258 914 309 966 in
332 906 582 979 praesenti
600 910 827 968 tantum,
851 898 945 954 sed
966 899 1016 951 in
1034 896 1209 951 futuro
1224 907 1453 963 quoque,
1476 887 1836 957 unusquisque

257 1000 535 1055 hominum
572 1010 640 1051 ex
672 993 847 1047 anima
872 987 1134 1043 constabit
1157 991 1212 1039 et
1243 995 1493 1051 corpore,
1526 992 1625 1032 nec
1657 985 1837 1029 tamen

260 1104 497 1162 unquam
518 1094 610 1142 aut
629 1099 820 1153 corpus
839 1082 895 1136 in
930 1080 1160 1133 animam
1189 1081 1281 1128 aut
1311 1071 1487 1126 anima
1518 1073 1755 1123 vertetur
1782 1066 1836 1162 in

261 1156 482 1252 corpus;
506 1176 599 1233 sed
619 1186 935 1244 unoquoque
958 1167 1233 1223 hominum
1259 1164 1373 1216 sine
1402 1161 1506 1213 ﬁne
1531 1159 1753 1220 victuro,
1783 1156 1837 1209 in

263 1247 579 1340 unoquoque
617 1265 891 1319 hominum
930 1260 1047 1313 sine
1080 1254 1186 1308 ﬁne
1225 1249 1527 1307 necessario
1566 1247 1838 1314 utriusque

260 1336 575 1416 substantia:
600 1352 897 1409 differentia
921 1342 1269 1417 permanebit.
1292 1340 1369 1393 lta
1390 1340 1444 1391 in
1468 1336 1679 1391 Christo
1702 1350 1837 1404 quo-

261 1465 364 1519 que
387 1448 666 1515 utriusque
690 1438 998 1497 substantiae
1026 1449 1122 1489 sua
1148 1433 1337 1501 cuique
1357 1430 1411 1483 in
1432 1435 1686 1482 aeternum
1711 1440 1837 1519 pro-

261 1514 459 1607 prietas
478 1579 494 1604 ,
554 1514 699 1589 salva
752 1540 932 1584 tamen
978 1538 1220 1595 persona:
1260 1522 1460 1577 unitate
1487 1562 1502 1587 ,
1565 1514 1839 1573 retinenda

260 1641 362 1686 est.

333 1718 475 1773 XIV.
498 1715 609 1772 Sed
630 1724 751 1769 cum
776 1726 1055 1782 personam
1075 1709 1270 1778 saepius
1301 1706 1657 1771 nominamus,
1679 1714 1733 1759 et
1755 1705 1837 1757 di-

263 1810 439 1863 cimus
461 1805 603 1876 quod
622 1805 761 1859 Deus
780 1818 875 1871 per
894 1813 1175 1870 personam
1197 1796 1358 1851 homo
1380 1795 1548 1849 factus
1573 1795 1660 1861 sit,
1680 1794 1839 1849 vehe-

260 1904 476 1952 menter
499 1893 787 1949 verendum
830 1899 913 1946 est
948 1905 1017 1944 ne
1042 1889 1142 1943 hoc
1184 1888 1362 1942 dicere
1395 1885 1670 1939 videamur
1698 1884 1839 1953 quod

259 1987 408 2041 Deus
428 1984 650 2039 verbum
675 1982 785 2037 sola
809 1976 1102 2034 imitatione
1128 1976 1349 2031 actionis
1374 1990 1492 2044 quae
1515 1982 1638 2028 sunt
1661 1982 1840 2027 nostra

255 2077 579 2147 susceperit,
613 2084 667 2129 et
702 2071 957 2144 quidquid
994 2069 1120 2125 illud
1158 2077 1241 2123 est
1280 2065 1701 2121 conversationis
1738 2064 1838 2119 hu-

258 2183 455 2233 mana},
479 2165 631 2237 quasi
652 2163 1015 2228 adumbratus,
1044 2176 1148 2213 non
1170 2157 1321 2227 quasi
1337 2171 1493 2210 verus
1519 2155 1678 2208 homo
1701 2153 1841 2209 fece—

259 2261 364 2323 rit;
393 2259 530 2313 sicut
551 2258 603 2310 in
624 2254 843 2309 theatris
867 2250 980 2305 ﬁeri
998 2250 1151 2314 solet,
1170 2248 1259 2301 ubi
1282 2262 1419 2301 unus
1441 2246 1619 2315 plures
1642 2244 1842 2314 efﬁngit

255 2358 485 2419 repente
506 2361 780 2416 personas,
805 2357 1029 2414 quarum
1054 2342 1167 2410 ipse
1188 2340 1332 2394 nulla
1359 2346 1456 2392 est.
1483 2337 1842 2403 Quotiescum-

259 2458 375 2513 que
398 2440 594 2495 etenim
621 2439 794 2507 aliqua
820 2434 1103 2502 suscipitur
1128 2432 1351 2486 imitatio
1376 2430 1599 2485 actionis
1630 2430 1836 2497 alienae,

255 2532 339 2587 ita
362 2530 587 2583 aliorum
602 2526 776 2581 ofﬁcia
797 2532 888 2578 aut
906 2538 1067 2591 opera
1085 2530 1376 2591 patrantur,
1400 2529 1457 2575 ut
1477 2528 1651 2573 tamen
1662 2518 1726 2572 ‘hi
1751 2520 1840 2588 qui

253 2628 450 2692 agunt,
475 2634 581 2672 non
598 2617 703 2672 sint
724 2616 823 2685 ipsi
845 2628 979 2685 quos
1000 2620 1177 2681 agunt.
1206 2612 1386 2681 Neque
1408 2610 1548 2664 enim
1574 2611 1670 2680 (ut,
1695 2609 1839 2663 verbi

254 2712 454 2783 gratia,
484 2708 796 2764 secularium
820 2712 873 2761 et
892 2702 1296 2758 Manichaeorum
1323 2700 1398 2773 (1)
1422 2710 1631 2755 utamur
1655 2715 1839 2754 exem-

255 2804 410 2877 plis),
435 2816 555 2855 cum
587 2808 733 2854 actor
771 2798 999 2867 tragicus
1033 2795 1373 2851 Sacerdotem
1408 2792 1608 2861 eﬁingit
1639 2798 1729 2844 aut
1757 2806 1842 2844 rc-

255 2912 407 2968 gem,
433 2892 681 2948 sacerdos
703 2899 793 2945 aut
816 2906 911 2944 rex
946 2896 1044 2942 est.
1068 2887 1199 2940 Nam
1224 2885 1498 2939 desinente
1531 2889 1649 2934 actu
1685 2881 1842 2934 simul

256 2996 317 3042 et
342 3001 407 3040 ca
437 2999 596 3054 quam
627 2988 936 3050 susceperat
970 2992 1196 3047 persona
1236 2974 1461 3029 desistit.
1496 2973 1650 3025 Absit
1688 2970 1791 3022 hoc
1814 2984 1844 3021 a

256 3079 423 3135 nobis
435 3076 693 3130 nefarium
709 3072 1100 3138 scelestumque
1113 3066 1418 3120 ludibrium.
1437 3061 1845 3116 Manichaeorum

256 3173 337 3226 sit
370 3170 473 3222 ista
502 3165 795 3227 dementia;
824 3163 916 3232 qui
952 3158 1243 3228 phantasia:
1275 3154 1665 3224 praedicatores,
1702 3151 1848 3204 aiunt

257 3259 466 3316 Filium
490 3256 584 3309 Dei
612 3255 797 3317 Deum,
832 3263 1115 3321 personam
1151 3246 1379 3299 hominis
1417 3258 1522 3297 non
1558 3241 1846 3295 substantia

258 3348 532 3413 extitisse,
563 3344 658 3400 sed
693 3326 813 3397 actu
846 3342 1082 3411 putativo
1110 3338 1341 3409 quodam
1368 3345 1422 3392 et
1448 3336 1848 3391 conversatione

258 3439 571 3496 simulasse.
595 3433 862 3489 Catholica
892 3446 1019 3486 vero
1043 3429 1175 3484 ﬁdes
1202 3429 1274 3482 ita
1300 3428 1533 3482 Verbum
1558 3426 1651 3481 Dei
1674 3426 1847 3479 homi-

261 3546 396 3586 nem
417 3527 613 3582 factum
638 3539 757 3579 esse
777 3522 924 3588 dicit,
954 3528 1012 3575 ut
1032 3536 1150 3591 quae
1171 3526 1351 3574 nostra
1377 3526 1518 3582 sunt,
1538 3532 1641 3571 non
1663 3516 1851 3570 fallaci-

261 3630 353 3676 ter
378 3626 431 3673 et
458 3616 786 3681 adumbrate,
805 3613 900 3668 scd
922 3627 1047 3666 vere
1081 3625 1435 3680 expresseque
1459 3608 1767 3676 susciperet,
1798 3617 1852 3661 et

260 3726 393 3784 quae
414 3715 565 3763 erant
602 3707 851 3771 humana,
876 3720 984 3759 non
1016 3704 1166 3774 quasi
1209 3702 1379 3756 aliena
1414 3701 1729 3763 imitaretur,
1757 3698 1851 3752 sed

259 3800 452 3874 potius
484 3804 543 3850 ut
575 3811 671 3849 sua
712 3802 951 3865 gereret;
982 3802 1035 3847 et
1069 3806 1288 3862 prorsus
1328 3790 1471 3860 quod
1512 3788 1716 3858 agebat,
1752 3786 1853 3841 hoc

260 3892 437 3948 ctiam
457 3894 616 3942 esset.
641 3885 788 3939 Sicut
806 3886 907 3953 ipsi
922 3900 1019 3938 nos
1033 3898 1240 3953 quoque
1260 3882 1313 3935 in
1329 3896 1393 3935 eo
1408 3878 1546 3950 quod
1568 3878 1848 3947 loquimur,

259 3980 532 4052 sapimus,
548 3977 792 4041 vivimus,
806 3975 1163 4039 subsistimus,
1183 3988 1286 4027 non
1304 3973 1573 4026 imitamur
1588 3970 1849 4036 homines,

262 4070 371 4127 sed
394 4082 597 4122 sumus.
623 4066 802 4135 Neque
828 4066 969 4119 enim
996 4064 1185 4117 Petrus
1207 4072 1259 4117 ct
1282 4063 1534 4129 Joannes,
1560 4071 1618 4117 ut
1642 4077 1734 4116 eos
1756 4076 1851 4131 po-

265 4160 543 4217 tissimum
564 4157 851 4221 nominem,
876 4155 1130 4209 imitando
1153 4165 1304 4209 erant
1325 4155 1585 4220 homines,
1614 4154 1705 4208 sed
1730 4154 1854 4208 sub—-

264 4248 539 4307 sistendo.
565 4248 745 4317 Neque
781 4247 923 4302 enim
968 4246 1162 4300 Paulus
1195 4246 1476 4299 simulabat
1521 4246 1851 4314 Apostolnm,

265 4349 368 4397 aut
397 4338 625 4409 ﬁngebat
644 4337 899 4400 Paulum;
924 4336 1017 4389 sed
1041 4344 1155 4389 erat
1184 4335 1489 4403 Apostolus,
1521 4343 1574 4389 et
1596 4336 1854 4390 subsiste-

268 4436 366 4489 bat
407 4431 620 4485 Paulus.
654 4428 730 4481 lta
771 4428 932 4482 etiam
974 4427 1115 4481 Deus
1154 4426 1387 4480 Verbum
1433 4427 1762 4480 adsumendo
1804 4435 1859 4481 et

268 4521 526 4579 habendo
570 4516 1128 4585 carnem,loquendo,
1176 4516 1433 4579 faciendo,
1471 4516 1719 4583 patiendo
1766 4531 1859 4583 per

268 4627 521 4675 carnem,
548 4611 663 4663 sine
689 4609 793 4661 ulla
816 4617 993 4662 tamen
1013 4622 1123 4661 suae
1155 4607 1491 4675 corruptione
1513 4615 1733 4672 natura),
1760 4607 1859 4661 hoc

269 4702 504 4761 omnino
536 4706 786 4766 prestare
820 4697 1063 4767 dignatus
1085 4704 1167 4750 est
1187 4705 1245 4749 ut
1265 4696 1533 4750 hominem
1569 4697 1859 4766 perfectum

268 4812 389 4855 non
429 4792 724 4846 imitaretur
761 4797 852 4844 aut
881 4790 1118 4859 ﬁngeret,
1154 4790 1248 4843 sed
1287 4789 1579 4853 exhiberet,
1616 4799 1673 4843 ut
1702 4790 1860 4845 homo

270 4898 445 4943 verus
465 4897 571 4936 non
586 4880 856 4935 videretur
874 4888 964 4934 aut
984 4888 1272 4949 putaretur,
1296 4880 1389 4934 sed
1410 4888 1552 4934 esset
1575 4888 1730 4949 atque
1746 4882 1864 4937 sub-

275 4979 517 5032 sisteret.
542 4971 706 5042 lgitur
729 4972 864 5025 sicut
884 4971 1059 5024 anima
1090 4985 1326 5025 connexa
1348 4971 1513 5037 carni,
1545 4986 1644 5025 nec
1665 4972 1718 5025 in
1742 4987 1860 5027 car-

279 5081 410 5122 nem
450 5073 627 5117 tamen
664 5047 845 5129 versa,
890 5077 996 5115 non
1038 5060 1271 5115 imitatur
1314 5061 1602 5130 hominem,
1646 5064 1739 5118 sed
1782 5072 1865 5119 est

280 5157 469 5221 homo,
498 5163 551 5210 et
571 5154 732 5209 homo
767 5170 870 5209 non
904 5170 1001 5225 per
1034 5154 1444 5220 simulationem,
1474 5157 1565 5211 sed
1606 5173 1701 5226 per
1740 5158 1865 5212 sub-

283 5250 560 5314 stantiam,
586 5249 657 5302 ita
679 5250 838 5303 etiam
857 5248 1089 5303 Verbum
1111 5248 1271 5313 Deus,
1297 5250 1496 5318 absque
1520 5249 1623 5303 ulla
1646 5251 1726 5305 sui
1748 5265 1867 5305 con-

362 5359 440 5429 (l)
482 5358 786 5430 Arbitratur
817 5359 1057 5430 Baluzius
1084 5376 1112 5412 a
1139 5360 1303 5415 sciolo
1340 5360 1566 5430 quodam
1605 5362 1864 5428 adjectam

286 5431 457 5485 fuisse
490 5429 793 5501 parenthesi
832 5429 1228 5483 Manichceorum
1260 5429 1443 5485 vocem
1474 5450 1485 5483 :
1518 5433 1605 5501 qui
1637 5434 1864 5487 Vincen-

290 5501 427 5570 tium
449 5513 554 5570 non
576 5498 887 5570 intelligens,
910 5501 1110 5568 putavit
1128 5498 1573 5570 comparationem
1594 5518 1709 5555 eam
1731 5504 1867 5558 sumi

290 5586 329 5651 ξι
354 5568 671 5651 Manichteis.
697 5568 896 5651 Deinde
914 5570 980 5622 ad
1000 5585 1170 5651 .voces
1198 5568 1521 5651 sacerdotali
1540 5572 1752 5651 efﬁngit,
1772 5574 1862 5640 ait,

292 5637 566 5706 tragoedos
607 5648 660 5693 et
693 5640 1231 5716 connedosinduisse
1263 5644 1434 5716 palam
1471 5637 1715 5713 Episcopi
1742 5637 1864 5716 per;

295 5721 489 5766 sonam
504 5747 518 5775 ,
538 5722 645 5764 non
668 5724 823 5767 secus
842 5725 903 5764 ac
921 5710 1140 5765 aliorum
1164 5710 1454 5766 hominum.

1417 302 1988 363 COMMONITORIUM
2030 302 2313 357 PRIMUM.

3399 310 3503 367 658

1937 430 2202 493 versione,
2238 426 2469 481 uniendo
2506 442 2564 481 se
2604 426 2824 493 homini,
2852 439 2957 479 non
2991 424 3380 494 eonfundendo,
3402 442 3508 485 non

1941 518 2195 575 imitando
2216 518 2385 571 factus
2412 525 2493 571 est
2510 516 2693 582 homo,
2719 517 2813 571 sed
2840 516 3197 571 subsistendo.
3222 517 3511 586 Abjiciatur

1942 629 2067 684 ergo
2105 621 2214 667 tota
2241 611 2455 681 penitus
2480 626 2723 680 personae
2744 610 2880 665 illius
2904 610 3246 679 intelligentia
3269 626 3385 679 qum
3410 608 3512 663 ﬁn-

1943 705 2117 776 gendo
2153 705 2444 759 imitatione
2488 703 2789 772 suscipitur,
2826 703 2913 756 ubi
2941 718 3152 772 semper
3186 703 3319 757 alius
3356 712 3437 757 est
3461 712 3515 757 et

1942 797 2084 851 aliud
2104 796 2399 861 simulatur,
2421 794 2508 848 ubi
2532 795 2621 847 ille
2640 795 2729 863 qui
2751 796 2875 863 agit,
2898 809 3167 864 nunquam
3190 794 3235 846 is
3257 801 3338 847 est
3358 808 3515 862 quem

1943 889 2070 958 agit.
2094 887 2249 941 Absit
2274 886 2471 943 etenim
2507 892 2564 938 ut
2590 884 2691 938 hoc
2730 885 2900 939 fallaci
2923 885 3081 939 modo
3121 885 3260 937 Deus
3284 883 3515 937 Verbum

1944 994 2225 1049 personam
2252 978 2480 1032 hominis
2505 978 2804 1045 suscepisse
2828 978 3103 1043 credatur;
3133 977 3226 1031 sed
3248 977 3320 1029 ita
3344 976 3516 1046 potius

1944 1082 2003 1125 ut
2022 1070 2433 1126 incommutabili
2453 1085 2545 1124 sua
2567 1076 2813 1123 manente
2836 1069 3146 1134 substantia,
3172 1076 3225 1122 et
3248 1069 3301 1121 in
3325 1082 3383 1121 se
3407 1083 3519 1136 per-

1944 1164 2069 1219 fecti
2110 1164 2340 1219 hominis
2384 1162 2718 1231 suscipiendo
2759 1170 3032 1225 naturam,
3073 1162 3187 1230 ipse
3228 1174 3371 1224 caro,
3406 1160 3519 1229 ipse

1945 1256 2125 1323 homo,
2149 1256 2263 1325 ipse
2284 1270 2513 1324 persona
2541 1254 2770 1309 hominis
2811 1256 3085 1319 existeret,
3108 1267 3214 1306 non
3240 1252 3518 1306 simulato-

1945 1348 2042 1413 ria,
2071 1348 2165 1402 sed
2188 1363 2333 1413 vera,
2359 1362 2465 1401 non
2489 1347 2762 1411 imitativa,
2792 1346 2887 1399 sed
2916 1346 3262 1409 substantiva,
3294 1359 3401 1398 non
3420 1344 3517 1398 de-

1946 1442 2105 1510 nique
2126 1456 2243 1510 quae
2264 1450 2387 1494 eum
2410 1440 2615 1494 actione
2637 1438 2934 1503 desisteret,
2960 1437 3053 1491 sed
3083 1451 3200 1506 quae
3225 1450 3444 1506 prorsus
3465 1437 3520 1490 in

1947 1532 2237 1587 substantia
2257 1539 2609 1601 permaneret.

2017 1624 2131 1678 XV.
2158 1624 2283 1679 Hzec
2304 1625 2461 1693 igitur
2501 1625 2555 1677 in
2582 1622 2791 1677 Christo
2830 1637 3071 1692 personae
3114 1621 3288 1675 unitas
3326 1634 3523 1690 nequa-

1948 1730 2107 1785 quam
2133 1723 2254 1784 post
2274 1715 2506 1784 Virginis
2530 1721 2758 1782 partum,
2781 1713 2875 1767 sed
2900 1714 2953 1766 in
2978 1713 3094 1781 ipso
3120 1711 3351 1780 Virginis
3374 1718 3523 1765 utero

1947 1814 2219 1875 compacta
2261 1812 2418 1873 atque
2457 1803 2689 1872 perfecta
2713 1810 2810 1856 est.
2840 1802 3196 1857 Vehementer
3217 1803 3359 1856 enim
3385 1816 3524 1870 prae-

1948 1909 2137 1949 cavere
2179 1893 2452 1957 debemus,
2476 1900 2535 1946 ut
2566 1892 2836 1946 Christum
2858 1907 2966 1945 non
3003 1892 3162 1947 modo
3200 1906 3394 1956 unum,
3430 1893 3524 1947 sed

1950 1984 2111 2037 etiam
2154 1997 2366 2052 semper
2408 1997 2569 2035 unum
2614 1980 2997 2036 conﬁteamur:
3030 1981 3151 2050 quia
3197 1979 3524 2035 intoleranda

1948 2071 2277 2141 blasphemia
2301 2079 2382 2126 est
2406 2079 2462 2125 ut
2483 2071 2688 2124 etiamsi
2712 2084 2851 2124 nunc
2872 2085 2994 2123 eum
3016 2084 3182 2123 unum
3205 2083 3322 2123 esse
3344 2082 3527 2123 conce-

1948 2160 2064 2227 das,
2094 2160 2373 2230 aliquando
2401 2169 2577 2215 tamen
2605 2174 2709 2213 non
2737 2174 2921 2224 unum,
2953 2158 3047 2212 sed
3068 2157 3201 2210 duos
3218 2156 3379 2210 fuisse
3393 2171 3494 2209 con
3512 2185 3529 2196 τ

1949 2252 2157 2317 tendas,
2187 2269 2348 2306 unum
2375 2252 2576 2306 scilicet
2601 2259 2723 2320 post
2742 2257 2951 2319 tempus
2974 2247 3306 2318 baptismatis
3331 2289 3345 2313 ,
3395 2246 3530 2302 duos

1950 2358 2076 2397 vero
2103 2343 2200 2396 sub
2229 2352 2468 2412 tempore
2495 2342 2804 2395 nativitatis.
2836 2340 2985 2406 Quod
3014 2341 3331 2393 immensum
3360 2338 3531 2390 sacri-

1949 2433 2144 2504 legium
2180 2450 2282 2488 non
2320 2435 2472 2489 aliter
2496 2434 2732 2503 profecto
2758 2434 2924 2486 vitare
2952 2432 3244 2501 poterimus
3280 2430 3382 2483 nisi
3408 2429 3532 2483 uni-

1949 2534 2060 2579 tum
2111 2525 2381 2580 hominem
2424 2526 2533 2580 Deo
2557 2569 2570 2593 ,
2627 2525 2721 2580 sed
2756 2526 2956 2578 unitate
2992 2537 3232 2592 persona:
3263 2564 3277 2588 ,
3329 2536 3436 2575 non
3465 2520 3534 2574 ah

1950 2632 2173 2671 ascensu
2194 2661 2207 2684 ,
2238 2618 2320 2672 vel
2347 2617 2762 2682 resurrectione,
2792 2616 2875 2670 vel
2902 2615 3164 2683 baptismo
3184 2655 3198 2677 ,
3228 2613 3321 2666 sed
3347 2613 3449 2666 iam
3479 2612 3532 2666 in

1950 2718 2119 2764 matre
2144 2752 2157 2775 ,
2201 2709 2310 2777 jam
2338 2710 2389 2762 in
2418 2717 2598 2775 utero,
2644 2710 2753 2777 jam
2798 2706 3025 2775 denique
3060 2707 3114 2759 in
3152 2705 3263 2772 ipsa
3290 2701 3532 2770 virginali

1951 2800 2297 2868 conceptione
2321 2798 2580 2853 fateamur
2610 2817 2622 2850 :
2670 2804 2883 2865 propter
2906 2810 3063 2864 quam
3091 2807 3331 2863 persona:
3358 2791 3532 2844 unita-

1951 2897 2059 2943 tem
2104 2889 2464 2943 inditierenter
2508 2896 2664 2956 atque
2709 2888 3009 2955 promiscue
3045 2893 3099 2937 ct
3133 2898 3252 2952 quae
3285 2883 3380 2937 Dei
3409 2891 3534 2936 sunt

1954 2980 2166 3047 propria
2193 2979 2497 3031 tribuuntur
2523 2977 2753 3041 homini,
2786 2985 2837 3029 et
2862 2991 2978 3044 qure
3004 2974 3179 3028 carnis
3206 2974 3416 3042 propria
3442 2972 3535 3027 ad-

1956 3070 2256 3121 scribuntur
2279 3068 2409 3121 Deo.
2441 3067 2566 3121 Inde
2587 3074 2670 3120 est
2694 3066 2835 3118 enim
2849 3065 2991 3133 quod
3012 3063 3262 3117 divinitus
3282 3064 3535 3132 scriptum

1957 3166 2039 3211 est
2063 3167 2117 3213 et
2138 3158 2303 3210 ﬁlium
2330 3158 2559 3211 hominis
2586 3157 2928 3210 descendisse
2952 3156 3017 3209 de
3044 3156 3179 3209 cado
3204 3198 3217 3221 ,
3268 3164 3320 3208 et
3353 3156 3537 3209 DomiA

1956 3264 2083 3303 num
2110 3248 2401 3316 majestatis
2427 3246 2735 3302 crucifixum
2762 3248 2816 3300 in
2844 3256 2984 3300 terra
3008 3289 3022 3312 ,
3072 3246 3222 3299 Joan.
3252 3246 3303 3299 5.
3345 3247 3371 3299 1
3409 3246 3535 3300 Cor.

1958 3340 2010 3394 2.
2042 3340 2166 3394 lnde
2194 3340 2352 3393 etiam
2387 3348 2468 3394 est
2502 3348 2560 3394 ut
2584 3354 2744 3393 carne
2770 3340 2978 3393 Domini
3004 3337 3141 3392 facta
3168 3381 3183 3406 ,
3231 3354 3389 3393 came
3428 3339 3536 3393 Do-

1954 3433 2087 3486 mini
2113 3441 2310 3498 creata,
2335 3433 2507 3502 ipsum
2535 3431 2765 3487 Verbum
2788 3433 2882 3487 Dei
2910 3432 3124 3500 factum,
3153 3433 3265 3502 ipsa
3282 3433 3538 3503 sapientia

1960 3525 2052 3577 Dei
2080 3524 2293 3591 impleta
2324 3566 2337 3590 ,
2393 3524 2611 3578 scientia
2638 3533 2813 3579 creata
2839 3525 3070 3590 dicatur;
3120 3527 3256 3581 sicut
3300 3526 3349 3579 in
3401 3540 3539 3595 prae-

1961 3615 2177 3667 scientia
2204 3629 2391 3667 manus
2418 3614 2585 3683 ipsius
2609 3623 2663 3668 et
2692 3615 2854 3683 pedes
2901 3616 3015 3684 eius
3054 3615 3183 3671 fossi
3231 3631 3351 3670 esse
3394 3615 3539 3670 refe-

1958 3713 2165 3759 runtur.
2197 3704 2299 3758 Per
2327 3705 2463 3759 hanc
2484 3747 2498 3770 ,
2547 3707 2760 3773 inquam
2786 3747 2800 3771 ,
2855 3721 3097 3773 persona:
3131 3708 3383 3762 unitatem
3413 3706 3541 3761 illud

1961 3810 2170 3864 quoque
2214 3795 2400 3849 similis
2444 3795 2682 3865 mysterii
2725 3795 2928 3847 ratione
2972 3795 3263 3862 perfectum
3304 3806 3429 3861 est,
3482 3805 3542 3851 ut

1961 3902 2121 3941 carne
2148 3887 2306 3941 Verbi
2334 3903 2398 3942 ex
2426 3889 2631 3957 integra
2676 3894 2846 3940 matre
2888 3893 3139 3940 nascente
3169 3929 3183 3953 ,
3239 3889 3353 3955 ipse
3400 3889 3542 3942 Deus

1963 3977 2195 4033 Verbum
2222 3987 2375 4033 natus
2391 3995 2454 4033 ex
2478 3979 2693 4049 Virgine
2720 3976 3127 4032 catholicissime
3149 3978 3415 4045 credatur,
3445 3979 3543 4034 im-

1963 4071 2200 4139 piissime
2223 4071 2530 4140 denegctur.
2579 4071 2707 4137 Quae
2733 4085 2852 4125 cum
2882 4070 2951 4124 ita
2980 4070 3111 4137 sint,
3151 4070 3287 4125 absit
3314 4078 3371 4123 ut
3395 4071 3544 4139 quis-

1964 4176 2121 4230 quam
2163 4171 2399 4216 sanctam
2444 4162 2659 4216 Mariam
2705 4161 2895 4216 divinae
2938 4162 3118 4232 gratia:
3157 4161 3442 4231 privilegiis
3494 4169 3546 4219 et

1966 4256 2178 4324 speciali
2204 4256 2369 4323 gloria
2404 4255 2649 4311 fraudare
2678 4266 2914 4310 conetur.
2968 4256 3063 4310 Est
3109 4258 3248 4311 enim
3296 4255 3547 4327 singulari

1966 4346 2192 4414 quodam
2220 4345 2426 4398 Domini
2453 4361 2515 4399 ac
2540 4347 2633 4399 Dei
2660 4348 2845 4410 nostri,
2865 4346 2981 4399 Filii
3004 4355 3178 4401 autem
3197 4348 3295 4410 sui,
3326 4364 3546 4404 munere

1967 4438 2240 4489 verissime
2262 4452 2323 4490 ac
2348 4437 2651 4491 beatissime
2679 4438 2927 4490 theotocos
2955 4437 3280 4503 confitenda;
3319 4439 3413 4493 sed
3440 4455 3548 4495 non

1968 4543 2031 4581 eo
2057 4527 2214 4580 modo
2242 4528 2490 4581 theotocos
2516 4542 2621 4595 quo
2651 4528 2808 4594 impia
2834 4526 3076 4595 quaedam
3124 4527 3341 4583 haeresis
3369 4530 3547 4598 suspi-

1968 4625 2144 4681 catur,
2174 4631 2292 4684 qua:
2318 4616 2515 4669 adserit
2540 4631 2657 4669 eam
2682 4616 2775 4669 Dei
2803 4625 3023 4670 matrem
3063 4618 3172 4671 sola
3199 4620 3548 4687 appellatione

1970 4707 2275 4774 dicendam,
2326 4707 2465 4776 quod
2497 4724 2617 4761 eum
2645 4708 2846 4761 scilicet
2872 4709 3137 4777 pepererit
3162 4709 3429 4765 hominem
3456 4712 3549 4780 qui

1970 4806 2154 4867 postea
2201 4797 2370 4852 factus
2424 4807 2505 4852 est
2554 4800 2733 4863 Deus;
2788 4800 2923 4853 sicut
2971 4800 3197 4855 dicimus
3246 4802 3549 4871 Presbyteri

1970 4898 2211 4955 matrem,
2241 4898 2333 4943 aut
2356 4890 2601 4959 Episcopi
2623 4899 2873 4957 matrem,
2906 4907 3011 4945 non
3034 4893 3144 4960 jam
3174 4893 3549 4964 Presbyterum

1972 4992 2060 5037 aut
2086 4984 2402 5051 Episcopum
2430 4984 2682 5052 pariendo
2708 5026 2722 5050 ,
2775 4985 2868 5038 scd
2904 5000 3022 5039 eum
3050 4985 3349 5054 generando
3374 4985 3549 5041 homi-

1972 5091 2095 5129 nem
2122 5076 2211 5144 qui
2240 5084 2423 5144 postea
2457 5075 2740 5145 Presbyter
2775 5076 2857 5129 vel
2894 5077 3187 5145 Episcopus
3231 5076 3399 5133 factus
3446 5087 3546 5135 est.

1972 5166 2085 5221 Non
2112 5168 2184 5222 ita
2203 5211 2217 5235 ,
2272 5168 2485 5237 inquam
2508 5210 2523 5233 ,
2575 5175 2753 5220 sancta
2781 5167 2939 5220 Maria
2966 5169 3218 5222 theotocos
3244 5212 3259 5235 ,
3308 5170 3401 5223 sed
3431 5170 3551 5225 ideo

1976 5260 2149 5330 potius
2174 5260 2419 5328 quoniam
2439 5302 2453 5325 ,
2484 5266 2541 5312 ut
2567 5273 2725 5327 supra
2749 5259 2945 5313 dictum
2972 5268 3080 5325 est,
3106 5260 3215 5329 jam
3242 5261 3293 5314 in
3320 5260 3435 5329 ejus
3461 5277 3549 5315 sa-

1975 5360 2119 5406 crato
2146 5361 2296 5405 utero
2322 5360 2715 5405 sacrosanctum
2762 5352 2887 5405 illud
2932 5353 3237 5422 mysterium
3273 5361 3550 5421 perpetra-

1976 5452 2084 5497 tum
2099 5451 2197 5507 est,
2226 5443 2364 5512 quod
2382 5452 2594 5512 propter
2614 5444 2929 5513 singularem
2950 5444 3229 5511 quamdam
3252 5453 3409 5513 atque
3436 5445 3549 5499 uni-

1975 5549 2091 5588 cam
2119 5549 2357 5604 personae
2384 5536 2670 5601 unitatem,
2709 5534 2846 5589 sicut
2872 5533 3103 5587 Verbum
3128 5535 3181 5588 in
3207 5549 3367 5589 carne
3392 5550 3547 5607 caro,

1974 5626 2048 5679 ita
2072 5625 2231 5678 homo
2259 5625 2311 5679 in
2336 5626 2474 5693 Deo,
2505 5626 2645 5681 Deus
2670 5632 2768 5680 est.

2048 5715 2184 5770 XVI.
2226 5715 2329 5772 Sed
2358 5718 2473 5780 jam
2501 5733 2561 5774 ea
2588 5733 2707 5787 quae
2732 5732 2890 5787 supra
2910 5718 2977 5775 de
3001 5719 3307 5775 memoratis
3329 5717 3549 5777 haeresi-
