4028 6184
482 325 586 382 (59

480 470 580 524 bus
624 463 706 518 vel
751 459 816 515 de
865 455 1119 514 catholica
1155 451 1256 506 fide
1283 447 1511 502 breviter
1549 441 1688 497 dicta
1733 445 1855 494 sunt
1898 453 2049 492 reno-

480 555 664 612 vanda:
693 567 849 608 causa
897 543 1164 602 memoriae
1209 540 1422 595 brevius
1466 533 1801 600 strictiusque
1848 535 2053 597 repeta-

479 664 633 711 mus;
683 659 786 715 quo
813 639 1013 696 scilicet
1040 644 1092 692 ct
1118 633 1473 701 intelligantur
1500 627 1685 715 iterata
1703 621 1920 715 plen-ius
1939 661 1980 715 ,-
2002 626 2056 672 ct

479 708 684 795 firmius
701 708 964 790 inculcata
991 734 1287 783 teneantur.
1325 718 1619 775 Anathema
1647 713 1805 783 igitur
1830 708 2056 765 Photino

479 845 586 888 non
628 825 899 896 recipienti
934 817 1310 893 plenitudinem
1345 809 1615 867 Trinitatis
1639 851 1652 874 ,
1702 815 1755 861 et
1787 804 2055 860 Christum

481 921 749 976 hominem
801 909 1164 970 tantummodo
1214 904 1503 960 solitarium
1552 897 1876 970 przcdicanti.
1918 896 2057 948 Ana-

482 1012 659 1068 thema
684 1005 972 1080 Apollinari
1007 999 1271 1057 adserenti
1310 996 1362 1050 in
1387 994 1598 1049 Christo
1625 1002 1894 1044 conversre
1921 983 2056 1080 divi-

482 1104 661 1161 nitatis
681 1075 1090 1169 corruptionem,
1106 1101 1159 1147 et
1176 1087 1430 1145 auferenti
1453 1082 1698 1155 perfectce
1721 1075 2058 1169 humanitatis

484 1194 880 1266 proprietatem.
914 1185 1206 1242 Anathema
1239 1177 1480 1234 Nestorio
1507 1171 1718 1244 neganti
1756 1187 1821 1225 ex
1847 1168 2061 1266 Virgine

484 1259 653 1342 Deum
689 1293 908 1347 natum,
958 1275 1224 1333 adserenti
1252 1271 1384 1326 duos
1419 1267 1656 1324 Christus
1683 1308 1696 1331 ,
1750 1269 1802 1318 et
1846 1259 2061 1330 explosa

486 1375 756 1432 Trinitatis
801 1372 900 1426 fide
931 1413 945 1435 ,
1024 1365 1429 1437 quaternitatcm
1484 1360 1634 1414 nobis
1685 1351 2056 1411 introducenti.

486 1465 646 1524 Beata
673 1465 747 1535 (l)
774 1478 899 1518 vero
925 1458 1193 1515 Catholica
1230 1453 1463 1509 Ecclesia
1496 1495 1509 1519 ,
1562 1465 1679 1520 qurc
1707 1461 1867 1501 unum
1897 1446 2061 1499 Dentri

487 1559 543 1614 in
567 1556 833 1611 Trinitatis
859 1550 1178 1622 plenitudine
1201 1557 1253 1602 et
1275 1547 1400 1600 item
1421 1542 1691 1598 Trinitatis
1712 1537 2061 1609 :equaiitatem

487 1647 544 1704 in
589 1665 690 1702 una
733 1644 1012 1700 Divinitate
1061 1645 1380 1701 veneratur;
1429 1643 1485 1690 ut
1531 1648 1700 1702 neque
1732 1629 2063 1700 singularitas

489 1738 792 1795 substantiae
813 1745 1156 1806 personarum
1178 1724 1464 1782 confundat
1484 1725 1878 1795 proprietatem,
1895 1735 2064 1788 neque

490 1834 617 1890 item
668 1827 936 1884 Trinitatis
983 1822 1250 1878 distinctio
1277 1819 1530 1873 unitatem
1569 1823 1776 1884 separet
1824 1811 2061 1866 Deitatis.

491 1923 670 1986 Beata,
713 1923 944 1991 inquam,
997 1913 1252 1979 Ecclesia,
1297 1925 1414 1980 quLc
1442 1910 1495 1962 in
1520 1907 1730 1962 Christo
1756 1905 1886 1959 duas
1917 1917 2065 1957 veras

494 2013 858 2086 perfectasque
885 2005 1221 2069 substantias,
1246 2001 1339 2056 sed
1362 2013 1519 2054 unam
1542 1997 1737 2053 Christi
1759 1996 1926 2050 credit
1949 2007 2065 2048 esse

493 2119 774 2175 personam
800 2145 814 2169 ,
867 2108 924 2154 ut
951 2114 1120 2167 neque
1147 2102 1454 2150 naturarum
1501 2089 1765 2144 distinctio
1815 2090 2067 2142 unitatem

494 2211 740 2267 personae
766 2191 980 2256 dividat,
1011 2203 1179 2258 neque
1208 2187 1332 2240 item
1360 2198 1599 2254 persona:
1626 2181 1796 2234 unitas
1824 2180 2067 2233 differen-

495 2291 619 2343 tiam
647 2283 932 2342 confundat
962 2279 1389 2338 substantiarum.
1420 2277 1599 2336 Beata,
1626 2273 1856 2342 inquam,
1883 2272 2066 2325 Eccle-

495 2381 570 2433 sia
597 2421 609 2443 ,
651 2395 766 2448 qua:
805 2387 860 2430 ut
907 2391 1066 2428 unum
1116 2387 1324 2440 semper
1367 2366 1635 2422 Christum
1664 2382 1782 2420 esse
1809 2373 1861 2418 et
1908 2365 2068 2419 fuisse

496 2468 742 2530 fateatur,
793 2465 993 2519 unitum
1036 2462 1303 2516 hominem
1338 2459 1480 2524 Deo,
1523 2472 1628 2510 non
1665 2463 1784 2526 post
1817 2464 2021 2525 partum
2052 2497 2066 2521 ,

499 2557 593 2613 sed
617 2557 725 2627 jam
766 2556 816 2608 in
863 2555 976 2623 ipso
1018 2551 1199 2606 matris
1243 2559 1394 2604 utero
1432 2545 1728 2602 confitetur.
1775 2547 1955 2611 Beata,
1987 2545 2068 2598 in-

496 2663 653 2719 quam
677 2689 692 2714 ,
740 2643 972 2700 Ecclesia
997 2685 1010 2709 ,
1053 2657 1169 2712 qu'.c
1209 2641 1374 2694 Deum
1414 2639 1608 2692 factum
1651 2637 1919 2691 hominem
1965 2653 2070 2690 non

498 2737 842 2793 conversione
868 2741 1066 2788 naturae
1092 2773 1105 2797 ,
1153 2729 1246 2784 sed
1287 2744 1528 2799 persona:
1557 2729 1759 2781 ratione
1798 2727 2067 2796 intelligit,

501 2842 744 2898 persona:
770 2833 945 2880 autem
974 2839 1077 2876 non
1120 2819 1458 2874 simulatorize
1485 2827 1538 2872 et
1575 2817 1896 2871 transeuntis
1919 2859 1932 2881 ,
1979 2813 2073 2872 sed

500 2920 839 2977 substantiva:
862 2934 923 2971 ac
952 2913 1324 2987 permanentis.
1349 2911 1527 2974 Beata,
1553 2911 1786 2980 inquam,
1814 2908 2068 2975 Ecclesia,

502 3026 618 3082 qua:
639 3009 775 3064 hanc
800 3024 1041 3080 persona:
1063 3006 1315 3060 unitatem
1350 3010 1549 3056 tantam
1577 3001 1681 3054 vim
1711 2999 1906 3053 habere
1935 3015 2071 3068 pra:-

502 3100 643 3158 dicat
668 3110 724 3156 ut
749 3109 961 3172 propter
999 3114 1114 3154 eam
1158 3097 1294 3151 miro
1335 3094 1686 3164 ineffabilique
1732 3094 1982 3164 mysterio
2022 3102 2076 3148 et

503 3195 678 3250 divina
705 3193 905 3248 homini
930 3200 983 3248 et
1007 3192 1117 3246 Deo
1145 3188 1409 3244 adscribat
1431 3186 1678 3241 humana.
1708 3185 1837 3239 Nam
1863 3193 2076 3255 propter

506 3299 622 3339 eam
644 3294 696 3340 et
715 3283 980 3338 hominem
1001 3282 1066 3336 de
1082 3280 1216 3335 coelo
1237 3277 1525 3334 secundum
1551 3278 1716 3331 Deum
1739 3275 2078 3332 descendisse

506 3393 612 3431 non
633 3376 874 3446 abnegat,
917 3383 971 3428 et
997 3371 1161 3427 Deum
1187 3372 1478 3428 secundum
1503 3369 1774 3424 hominem
1818 3368 1984 3423 credit
2023 3368 2078 3423 in

505 3473 645 3520 terra
673 3464 865 3518 factum
886 3504 898 3527 ,
923 3479 1134 3532 passum
1153 3505 1168 3530 ,
1207 3470 1260 3517 et
1280 3461 1606 3517 crucifixum.
1649 3461 1874 3531 Propter
1891 3475 1954 3514 ea
1980 3458 2076 3514 de-

507 3557 665 3626 nique
690 3563 742 3610 et
766 3556 1031 3610 hominem
1066 3555 1158 3610 Dei
1187 3555 1348 3608 filium
1381 3564 1435 3609 et
1459 3555 1625 3609 Deum
1663 3553 1824 3607 filium
1852 3553 2078 3623 Virginis

508 3649 803 3705 confitetur.
837 3645 994 3702 Beata
1035 3648 1190 3719 igitur
1227 3663 1288 3702 ac
1315 3647 1630 3714 veneranda,
1674 3645 1983 3710 benedicta,
2027 3653 2082 3700 et

509 3749 860 3808 sacrosancta,
884 3748 936 3794 et
955 3739 1169 3794 omnino
1195 3756 1435 3811 supernze
1462 3738 1535 3793 illi
1558 3739 1861 3808 angelorum
1895 3735 2079 3790 lauda-

512 3834 637 3889 tioni
684 3832 1036 3904 comparanda
1084 3832 1386 3900 confessio,
1434 3849 1551 3903 qua:
1600 3846 1762 3885 unum
1800 3829 2079 3885 Dominum

509 3926 674 3984 Deum
711 3927 846 3982 trina
891 3927 1302 3982 sanctificatione
1340 3925 1613 3994 glorificat.
1649 3922 1849 3977 Idcirco
1883 3920 2080 3976 etenim

509 4021 592 4076 vel
618 4022 844 4075 maxime
872 4020 1122 4073 unitatem
1145 4015 1339 4072 Christi
1367 4015 1617 4085 priedieat
1635 4056 1648 4080 ,
1683 4029 1748 4067 ne
1770 4013 2080 4082 mysterium

511 4109 779 4165 Trinitatis
806 4107 1041 4163 excedat.
1091 4105 1214 4160 llaec
1252 4108 1302 4160 iu
1334 4119 1556 4159 excursu
1584 4103 1722 4158 dicta
1749 4103 1885 4170 sint,
1915 4102 2077 4174 alias,

583 4243 658 4311 (1)
697 4241 868 4307 Quum
893 4248 972 4294 tot
997 4279 1014 4305 ,
1055 4247 1290 4311 ettanta:
1313 4239 1440 4311 olim
1467 4237 1662 4311 fuerint
1685 4280 1700 4304 ,
1727 4237 2082 4311 quemadmo-

515 4308 648 4365 dum'
669 4320 722 4366 et
747 4326 886 4365 nunc
913 4319 1036 4365 sunt
1057 4351 1071 4376 _.
1109 4309 1294 4363 otiosa:
1323 4309 1689 4362 haereticorum
1717 4308 2081 4364 fraudulentia:

513 4390 694 4435 contra
721 4380 988 4436 Trinitatis
1008 4375 1489 4448 lncarnationisque
1507 4379 1753 4449 mysteria
1772 4422 1784 4444 ,
1831 4387 1934 4431 stat
1955 4379 2085 4433 nihi-

511 4450 1048 4506 lominus.cathoiic:c
1088 4450 1208 4504 fidei
1260 4450 1566 4518 integritas,
1627 4455 1873 4518 tanquam
1922 4465 2082 4518 rupes

511 4523 682 4576 valida
709 4564 723 4588 ,
774 4530 829 4575 et
872 4523 1087 4575 immota
1121 4520 1375 4574 adversus
1406 4534 1593 4573 omnes
1621 4527 1826 4584 ventos,
1857 4520 2078 4588 pluvias,

515 4601 804 4658 torrentes,
833 4593 982 4661 quia,
1029 4592 1198 4661 inquit
1225 4591 1452 4661 Hilarius
1477 4591 1566 4643 lib.
1599 4591 1651 4643 2.
1680 4589 1746 4643 de
1773 4590 1955 4643 Trinit.
1987 4606 2084 4643 nu-

514 4678 646 4716 mer.
675 4664 762 4716 22.
817 4659 931 4716 (Et
955 4659 1193 4731 qumdam
1219 4659 1722 4731 medicamentorum
1749 4675 1939 4731 genera
1963 4668 2085 4714 sunt

568 4733 637 4785 ita
664 4729 988 4800 comparata,
1011 4738 1071 4800 ut
1093 4745 1197 4784 non
1227 4729 1443 4800 singulis
1463 4731 1662 4784 tantum
1689 4730 2084 4799 :egritudinihus

567 4803 712 4857 utilia
760 4799 866 4856 sint
890 4841 905 4867 ,
953 4799 1048 4855 sed
1081 4799 1328 4854 omnibus
1362 4801 1414 4854 in
1457 4815 1738 4854 commune
1775 4800 2086 4854 medeantur

514 4872 900 4940 habeantque
943 4871 996 4924 in
1037 4885 1096 4925 se
1135 4871 1386 4924 virtutem
1431 4871 1694 4939 generalis
1735 4871 1958 4935 auxilii;
2013 4871 2086 4940 ita

567 4952 618 4995 et
643 4942 777 4996 fides
798 4939 1053 4995 cathoiica
1077 4955 1178 4994 non
1207 4941 1460 4994 adversus
1487 4941 1717 5008 singulas
1754 4948 1958 5007 pestes,
1991 4939 2086 4994 sed

568 5019 748 5064 contra
775 5024 960 5064 omnes
984 5011 1195 5063 morbos
1221 5023 1376 5078 Opem
1416 5010 1634 5064 medela:
1663 5011 1956 5063 communis
1985 5011 2085 5063 im-

568 5081 760 5148 pertit;
807 5096 913 5135 non
940 5079 1250 5134 inrmanda
1276 5095 1468 5149 genere
1493 5123 1506 5142 ,
1559 5093 1663 5133 non
1701 5080 1957 5133 vincenda
1985 5096 2086 5132 nu-

569 5165 718 5204 mero
740 5192 755 5215 ,
805 5166 910 5204 non
959 5150 1265 5204 diversitate
1311 5149 1580 5213 fallenda;
1633 5149 1728 5203 sed
1779 5165 1882 5202 una
1931 5157 2087 5217 atque

567 5221 751 5275 eadem
767 5221 1045 5275 adversum
1067 5219 1266 5288 singula
1279 5221 1557 5288 omniaque
1577 5219 1831 5273 consistit.
1847 5219 2087 5287 Magnum

568 5300 647 5344 est
672 5291 810 5344 enim
839 5333 852 5355 ,
906 5297 984 5344 tot
1011 5294 1063 5342 in
1091 5305 1191 5342 una
1223 5291 1284 5342 ea
1313 5304 1430 5343 esse
1457 5289 1685 5342 remedia
1708 5332 1721 5353 ,
1767 5297 1894 5358 quot
1920 5288 2088 5343 morbi

568 5367 717 5425 sunt;
749 5368 802 5414 et
826 5360 1047 5414 totidem
1075 5359 1308 5428 veritatis
1335 5374 1453 5412 esse
1479 5359 1771 5422 doctrinas,
1819 5359 2088 5428 quotidcm

569 5441 724 5485 erunt
749 5431 921 5484 studia
947 5430 1209 5484 falsitatis.
1255 5427 1646 5483 Contrahantur
1684 5430 1735 5482 in
1779 5427 1942 5483 unum
1987 5444 2087 5484 no-

571 5503 710 5555 mina
764 5500 1130 5555 hrereticorum
1156 5541 1169 5562 ,
1223 5507 1275 5552 et
1319 5513 1504 5552 omnes
1548 5499 1742 5553 scholae
1787 5500 2084 5568 prodeant:

572 5571 786 5624 audiant
813 5586 973 5623 unum
1010 5571 1296 5637 ingenitum
1331 5570 1494 5637 Deum
1532 5579 1735 5637 patrem
1763 5611 1780 5634 ,
1835 5578 1888 5622 et
1927 5584 2087 5623 unum

572 5638 899 5714 unigenitum
941 5639 1034 5691 Dei
1088 5638 1273 5690 Filium
1317 5636 1544 5704 perfecti
1583 5639 1754 5692 Patris
1801 5638 2088 5706 perfectam

571 5719 898 5774 merrtem,
979 5714 1084 5760 etc.
1111 5721 1229 5772 quae
1253 5716 1562 5772 sequuntur.

1754 311 2091 371 VINCENTII
2131 303 2513 370 LlRiNENSlS
3633 294 3723 350 660

2159 448 2202 486 si
2251 432 2356 484 beo
2392 428 2642 497 placuerit
2669 469 2681 491 ,
2730 426 2941 479 uberius
2985 423 3251 481 tractanda
3305 429 3358 474 et
3401 419 3715 489 explicanda.

2161 525 2306 577 Nunc
2327 521 2392 575 ad
2420 521 2744 590 propositum
2771 517 3064 571 redeamus.

2232 611 2389 667 XVII.
2446 609 2760 664 Dieebamns
2802 618 2930 676 ergo
2976 607 3030 658 in
3081 603 3446 673 superioribus
3486 601 3628 673 quod
3678 603 3724 658 in

2162 702 2395 758 Ecclesia
2419 700 2512 754 Dei
2541 699 2760 753 tentatio
2797 705 2938 750 esset
2958 695 3162 765 populi,
3193 707 3341 748 error
3359 693 3634 764 magistri,
3678 704 3727 750 et

2163 803 2308 850 tanto
2330 794 2501 862 major
2523 792 2745 846 tentatio
2763 797 2961 859 quanto
2993 788 3109 856 ipse
3131 795 3274 841 esset
3297 785 3500 840 doctior
3520 787 3611 856 qui
3643 802 3726 842 er-

2163 891 2322 942 raret.
2370 884 2521 953 Quod
2563 885 2789 954 primum
2831 881 3120 950 Scriptura:
3153 879 3460 934 auctoritate
3483 919 3496 944 ,
3539 877 3727 934 deinde

2163 975 2532 1034 ecclesiasticis
2578 974 2898 1029 docebamus
2955 971 3212 1036 exemplis
3239 1011 3252 1034 ,
3308 983 3486 1024 eorum
3532 970 3726 1026 scilicet

2165 1066 2665 1123 commemoratione
2684 1064 2772 1134 qui
2793 1071 2914 1117 cum
2941 1061 3244 1130 aliquandiu
3262 1074 3406 1115 sanae
3423 1059 3544 1114 fidei
3565 1059 3728 1115 forent

2167 1156 2366 1223 habiti,
2415 1154 2480 1210 ad
2508 1162 2802 1209 extremum
2841 1159 3018 1206 tamen
3045 1159 3136 1205 aut
3170 1151 3222 1204 in
3248 1151 3475 1204 ahenam
3515 1149 3731 1204 decidis-

2167 1253 2286 1302 sent
2325 1254 2522 1301 sectam
2547 1287 2560 1309 ,
2606 1250 2694 1297 aut
2740 1243 2840 1312 ipsi
2877 1251 3026 1296 suam
3067 1239 3311 1294 hmresim
3355 1238 3729 1293 condidissent.

2167 1337 2347 1408 Magna
2375 1334 2611 1406 profecto
2638 1347 2742 1397 res,
2767 1338 2820 1387 et
2845 1332 2912 1386 ad
2939 1330 3244 1385 discendum
3268 1327 3410 1383 utilis
3429 1370 3446 1396 ,
3475 1335 3530 1383 et
3559 1329 3626 1383 ad
3650 1343 3731 1382 re-

2168 1429 2445 1485 colendum
2467 1426 2796 1490 necessaria;
2822 1438 2980 1494 quam
3006 1417 3162 1478 etiam
3191 1429 3349 1490 atrpte
3372 1421 3532 1475 etiam
3559 1433 3703 1474 exem

2170 1514 2374 1582 piorum
2408 1511 2634 1565 molibus
2671 1509 2932 1562 illustrare
2957 1516 3114 1576 atque
3140 1505 3408 1559 inculcare
3447 1504 3727 1569 debemus;

2170 1611 2226 1656 ut
2251 1617 2435 1655 omnes
2467 1616 2589 1653 vere
2627 1597 2882 1652 Catholici
2912 1595 3154 1649 noverint
3175 1609 3230 1647 se
3251 1609 3369 1646 cum
3395 1593 3621 1648 Ecclesia
3644 1593 3732 1647 d0-

2171 1702 2344 1748 ctores
2386 1692 2622 1759 recipere
2643 1731 2656 1754 ,
2685 1703 2789 1742 non
2816 1703 2936 1741 cum
2977 1685 3278 1740 doctoribus
3305 1685 3552 1739 Ecclesia:
3581 1684 3726 1739 fidem

2171 1784 2418 1838 deserere
2433 1781 2644 1834 debere.
2665 1778 2769 1833 Sed
2785 1793 2884 1847 ego
2901 1777 2970 1830 ita
2989 1777 3235 1842 arbitror,
3253 1774 3392 1843 quod
3409 1789 3530 1829 cum
3551 1775 3734 1829 multos

2173 1873 2224 1930 in
2251 1875 2350 1928 hoc
2372 1869 2606 1928 tentandi
2636 1884 2829 1941 genere
2853 1867 3087 1939 proferre
3108 1868 3404 1932 valeamus,
3429 1883 3588 1922 nemo
3607 1881 3736 1936 pene

2173 1967 2240 2022 sit
2279 1966 2366 2035 qui
2404 1964 2649 2034 Origenis
2689 1962 2963 2018 tentatloni
2997 1961 3168 2015 valeat
3191 1959 3512 2030 comparari;
3555 1962 3606 2014 in
3633 1975 3735 2029 quo

2175 2059 2320 2126 plura
2344 2057 2477 2110 adeo
2504 2056 2752 2125 prmelara
2777 2094 2790 2119 ,
2840 2051 2973 2107 adeo
2993 2051 3277 2121 singularia
3293 2093 3306 2117 ,
3333 2049 3460 2104 adeo
3484 2051 3616 2105 mira
3638 2065 3732 2105 ex-

2174 2149 2418 2201 stiterunt
2441 2188 2453 2208 ,
2486 2155 2543 2199 ut
2581 2147 2717 2199 inter
2754 2144 2897 2198 initia
2924 2142 3218 2197 habendam
3255 2142 3453 2196 cunctis
3478 2141 3738 2196 adsertio-

2175 2239 2326 2292 nibus
2361 2239 2474 2308 ejus
2514 2235 2667 2292 fidem
2705 2236 2876 2305 quivis
2917 2233 3004 2289 ille
3035 2231 3184 2288 facile
3205 2235 3482 2304 judicaret.
3528 2234 3658 2288 Nam
3697 2236 3738 2289 si

2174 2330 2279 2383 vita
2300 2329 2423 2382 facit
2447 2327 2811 2382 auctoritatem
2837 2368 2851 2392 ,
2901 2337 3089 2395 magna
3115 2324 3189 2378 illi
3214 2323 3468 2378 industria
3493 2365 3507 2392 ,
3554 2335 3738 2396 magna

2175 2418 2422 2488 pudicitia
2485 2418 2600 2488 (1),
2659 2416 2946 2487 patientia,
3005 2415 3301 2470 tolerantia.
3356 2415 3410 2469 Si
3452 2429 3619 2485 genus
3663 2417 3742 2472 vel

2248 2562 2323 2631 (1)
2361 2559 2629 2631 Pudicitiae
2673 2575 2852 2614 amore
2901 2574 3054 2631 suum
3103 2559 3305 2631 evirare
3353 2573 3545 2628 corpus
3589 2575 3744 2615 ausus

2178 2627 2427 2695 fuit.,non
2457 2640 2560 2683 tam
2587 2629 2726 2685 ferro
2753 2629 2977 2699 exsectis
3013 2627 3324 2699 genitalibus
3348 2671 3362 2695 ,
3412 2627 3569 2698 quam
3606 2631 3746 2684 cicu-

2178 2709 2284 2754 tam
2312 2701 2410 2754 illis
2438 2699 2754 2765 adi.ibendo,
2788 2708 2844 2753 ut
2870 2698 3218 2754 Athenienses
3249 2699 3650 2768 Hierophantas,
3680 2701 3745 2755 ad

2177 2771 2614 2838 compescendam
2638 2771 2905 2823 libidinem
2923 2771 3148 2824 iiievisse
3171 2770 3319 2823 testis
3339 2778 3423 2824 est
3447 2771 3562 2838 ipse
3585 2770 3678 2825 lib.
3695 2773 3743 2825 .

2178 2849 2320 2894 cont.
2351 2840 2564 2894 Celsum
2595 2859 2606 2893 :
2656 2841 2779 2894 licet
2805 2841 2855 2894 in
2883 2841 3120 2893 diversas
3146 2840 3338 2894 abeant
3363 2839 3520 2894 etiam
3541 2849 3749 2897 veteres

2179 2907 2362 2964 Patres
2388 2911 2661 2979 opiniones
2685 2952 2698 2975 ,
2749 2909 2889 2979 quod
2914 2909 3134 2964 candide
3164 2909 3396 2978 oportuit
3422 2910 3590 2964 fateri.
3642 2911 3750 2966 Hoc

2179 2981 2377 3048 grande
2403 2980 2604 3033 facinus
2626 2980 2754 3048 ipse,
2779 2981 2876 3034 etsi
2905 2994 3044 3046 sero,
3073 2981 3340 3034 damnavit
3366 2987 3558 3046 tamen,
3589 2981 3751 3035 vehe-

2179 3059 2487 3120 menterque
2501 3049 2783 3104 absterruit
2795 3052 2925 3104 alios
2939 3059 3066 3104 tom.
3087 3051 3172 3117 15,
3189 3051 3254 3103 ad
3270 3065 3387 3119 cap.
3405 3051 3488 3115 l9,
3503 3066 3644 3106 vers.
3665 3051 3750 3116 12,

2182 3121 2234 3174 in
2263 3121 2559 3174 Mattlneum
2585 3163 2598 3187 ,
2633 3131 2741 3174 tum
2767 3121 3154 3189 Scripturarum
3182 3122 3511 3186 auctoritate,
3542 3130 3656 3175 tum
3679 3139 3738 3176 ra

2184 3191 2381 3245 tionum
2410 3191 2660 3260 pondere,
2708 3205 2774 3244 ne
2799 3192 3048 3245 conviciis
3071 3233 3085 3257 ,
3135 3205 3196 3244 ac
3223 3190 3502 3260 ignominia
3529 3191 3741 3247 afficien

2183 3260 2323 3344 dos,
2377 3277 2433 3314 se
2471 3262 2714 3344 omnibus
2756 3261 3025 3343 pne-beant
3056 3277 3070 3325 ;
3126 3269 3178 3344 et
3205 3261 3291 3344 his
3314 3261 3488 3344 verbis
3515 3263 3755 3344 apposite

2183 3329 2480 3396 Philonem,
2512 3339 2565 3385 et
2589 3331 2806 3384 Sextum
2833 3333 3003 3400 arguit
3034 3349 3044 3383 :
3100 3343 3118 3381 t
3146 3332 3214 3384 At
3241 3330 3324 3384 bis
3347 3375 3360 3397 ,
3411 3329 3616 3401 inquit}
3662 3333 3730 3388 Sa

2237 3413 2445 3454 erarum
2480 3402 2772 3456 litterarum
2807 3403 2946 3456 circa
2999 3401 3139 3454 illam
3183 3401 3496 3456 sententiam
3539 3403 3761 3458 minime

2237 3473 2492 3525 assecutis
2519 3471 2650 3526 fides
2676 3471 2916 3525 habenda
2943 3487 3046 3525 non
3073 3480 3153 3527 est
3177 3489 3190 3528 :
3242 3487 3363 3525 nam
3389 3472 3434 3524 si
3463 3473 3602 3526 inter
3628 3473 3762 3529 fruc-

2242 3547 2324 3594 tus
2352 3541 2596 3611 Spiritus,
2627 3557 2744 3594 cum
2771 3539 3022 3595 charitatc
3042 3583 3055 3608 ,
3085 3549 3136 3594 et
3162 3541 3372 3610 gaudio,
3405 3549 3458 3595 et
3483 3543 3758 3611 patientia,

2239 3618 2291 3663 et
2336 3611 2550 3682 reliquis
2589 3627 2796 3682 quoque
2821 3613 3034 3665 castitas
3059 3621 3391 3677 recensetur,
3422 3611 3558 3666 hanc
3584 3615 3762 3682 potius

2241 3688 2486 3751 tanquam
2521 3681 2743 3735 fructum
2769 3681 2895 3736 dare
2918 3724 2932 3749 ,
2979 3689 3032 3735 et
3062 3682 3350 3735 masculum
3376 3696 3570 3751 corpus
3586 3681 3624 3736 7a
3652 3685 3763 3738 Deo

2239 3750 2440 3824 datum,
2489 3767 2802 3824 conservare
2829 3760 3071 3824 oportet,
3122 3767 3279 3824 quam
3324 3750 3764 3824 aliudquidpiam

2239 3820 2476 3903 audere,
2529 3821 2667 3903 adeo
2690 3830 2746 3875 ut
2773 3820 3187 3903 transgrediatur
3211 3822 3398 3892 aliquis
3425 3820 3523 3903 per
3545 3820 3764 3903 apposi-

2240 3898 2352 3963 tum
2370 3891 2454 3963 ad
2497 3908 2609 3945 rem
2637 3891 2703 3946 de
2729 3907 2830 3962 qua
2858 3889 3026 3963 agitur
3052 3889 3216 3963 hocce
3251 3889 3764 3962 praeceptum{Non

2239 3961 2448 4015 vitiabis
2476 3961 2758 4029 aspectum
2776 3961 2950 4016 barba:
2979 3972 3080 4016 tua:
3102 4003 3116 4028 ,
3167 3962 3292 4016 Lev.
3323 3963 3410 4026 19,
3431 3961 3492 4015 .
3516 3963 3702 4016 27...

2187 4030 2254 4084 Et
2281 4031 2448 4085 allatis
2496 4033 2780 4100 Scriptura:
2830 4034 2960 4088 locis
3006 4033 3270 4087 nonnullis
3310 4032 3614 4088 ferventiori
3657 4033 3767 4088 de

2189 4100 2435 4173 pra-ditos
2485 4101 2707 4170 juvenes
2758 4104 2833 4158 sic
2881 4103 3218 4173 alloquitur:
3324 4103 3442 4157 Jam
3469 4118 3595 4158 vero
3639 4118 3769 4159 cum

2240 4171 2416 4224 animo
2465 4186 2561 4224 suo
2613 4174 2843 4241 cogitet,
2895 4174 2983 4243 qui
3004 4171 3126 4227 tale
3155 4171 3354 4227 facinus
3381 4175 3770 4229 commissurus

2241 4249 2322 4294 est
2351 4259 2364 4293 :
2411 4257 2652 4310 quamam
2675 4244 2740 4295 ab
2766 4244 2829 4296 iis
2856 4243 2923 4296 sit
2949 4256 3230 4312 passurus,
3260 4244 3350 4312 qui
3375 4243 3582 4312 probris
3609 4259 3732 4298 eum
3750 4286 3766 4308 ,

2241 4318 2294 4364 et
2318 4313 2570 4366 conviciis
2592 4321 2929 4380 appetentes,
2959 4313 3042 4367 his
3068 4314 3244 4367 verbis
3271 4322 3484 4368 utentur
3510 4332 3522 4366 :
3551 4313 3668 4368 Non
3694 4315 3752 4368 in

2241 4381 2398 4452 trahit
2425 4382 2706 4452 Eunuchus
2731 4383 2950 4452 attritis,
2988 4385 3069 4437 vel
3108 4385 3390 4452 amputatis
3427 4383 3684 4438 testiculis
3711 4385 3770 4439 in

2242 4449 2533 4504 Ecclesiam
2586 4451 2832 4517 Domini;
2893 4453 3060 4506 virum
3122 4449 3262 4507 hunc
3313 4453 3448 4507 inter
3499 4461 3773 4508 castratos

2243 4529 2601 4574 numerantes.
2686 4521 3084 4645 _DcindeJ}aulo
3111 4531 3230 4590 post
3255 4523 3426 4576 subdit
3477 4539 3488 4572 :
3597 4519 3752 4586 Quas

2242 4605 2364 4642 nam
2391 4605 2518 4644 vero
2541 4599 2728 4645 camus
2749 4606 2906 4645 grave
2947 4606 3060 4645 mes
3102 4595 3387 4645 patiuntur.
3430 4603 3558 4645 uuas
3603 4595 3750 4645 verti

2242 4605 2364 4642 nam
2391 4605 2518 4644 vero
2541 4590 2728 4658 capitis
2749 4590 3060 4659 gravedines
3102 4595 3387 4660 patiuntur,
3430 4603 3558 4659 quas
3603 4595 3750 4648 verti

2241 4660 2410 4740 ,
2435 4676 2552 4728 quae
2577 4669 2807 4740 ruentem
2836 4662 2993 4716 etiam
3019 4663 3331 4740 quandoque
3365 4660 3654 4740 invadunt,
3709 4673 3769 4719 et

2244 4729 2527 4800 imaginum
2575 4729 2926 4800 formatrieem
2973 4729 3160 4785 anima:
3199 4729 3303 4784 vim
3334 4729 3432 4785 sibi
3461 4745 3624 4786 novas
3652 4775 3666 4799 ,
3711 4743 3772 4790 et.

2241 4798 2515 4854 inusitatas
2541 4815 2604 4854 ex
2626 4799 2722 4853 hac
2744 4802 2958 4854 materia
2985 4801 3227 4870 (semine)
3253 4801 3534 4869 ngentem
3559 4802 3769 4870 species

2243 4871 2568 4937 perturbant.
2647 4871 2848 4935 Quibus
2871 4873 2916 4924 si
2942 4871 3184 4937 addatur,
3212 4870 3265 4924 id
3290 4871 3430 4940 quod
3459 4879 3610 4925 acute
3633 4871 3770 4927 vidit

2191 4939 2513 5010 Augustinus
2539 4940 2629 4994 lib.
2658 4940 2724 5010 6,
2775 4942 2964 5009 prioris
2991 4943 3166 5010 operis
3201 4939 3321 4995 adv.
3349 4941 3614 4996 lulianum
3641 4957 3762 5010 cap.

2195 5008 2279 5074 1-1,
2306 5026 2450 5064 .
2482 5010 2566 5074 41,
2598 5008 2858 5079 spadones
2885 5008 3044 5065 etiam
3069 5012 3294 5066 carnalis
3320 5008 3768 5080 concupiscentia:

2193 5081 2366 5149 urgeri
2394 5080 2639 5150 stimulis,
2707 5081 2881 5134 minus
2907 5081 3116 5150 quidem
3146 5081 3426 5147 laboriose,
3455 5096 3540 5148 ne,
3571 5081 3764 5150 inquit,

2244 5149 2625 5204 concumbendi
2662 5151 2902 5218 quamvis
2927 5149 3117 5204 irritus
3144 5152 3256 5219 ipse
3280 5159 3500 5206 conatus
3552 5151 3602 5204 in
3643 5149 3767 5205 eam

2247 5219 2618 5290 turpitudinem
2644 5221 2820 5274 veniat
2837 5261 2850 5282 ,
2881 5231 3096 5290 propter
3120 5235 3277 5289 quam
3303 5220 3628 5290 Calligonum
3659 5222 3768 5275 Va

2200 5310 2217 5340 (
2246 5290 2517 5343 lentiniani
2549 5289 2770 5358 junioris
2798 5289 3104 5344 Eunuchum
3131 5291 3302 5360 gladio
3329 5289 3571 5344 novimus
3594 5290 3767 5344 ultore

2247 5361 2482 5428 punitum
2512 5359 2808 5431 meretricis
2833 5359 3494 5431 confessioneconvictum
3522 5376 3562 5431 ;_
3590 5373 3768 5431 nmque

2245 5431 2405 5493 enim,
2434 5439 2487 5484 et
2506 5430 2558 5482 in
2585 5430 2698 5483 Lib.
2728 5431 3095 5483 Eceiesiastico
3121 5429 3460 5484 adhiberetur
3477 5428 3598 5483 inde
3622 5428 3768 5482 simi-

2250 5501 2411 5554 litudo
2437 5508 2591 5581 atque
2616 5499 2913 5582 diceretur;
2999 5500 3194 5582 Videris
3210 5499 3378 5582 geniis
3403 5507 3509 5582 ,
3535 5498 3768 5582 ingemi-

2192 5585 2366 5633 scens,
2390 5571 2536 5639 quasi
2552 5569 2714 5638 spado
2730 5570 3083 5639 complectens
3097 5569 3370 5639 virginem,
3393 5571 3447 5623 et
3461 5569 3764 5639 su_spira_n,

2244 5640 2340 5692 nisi
2367 5637 2419 5692 et
2436 5641 2534 5708 ipsi
2562 5637 2871 5692 vituperemur
2909 5637 3317 5709 concupiscentia:
3345 5637 3572 5709 carnalis
3609 5637 3767 5704 effec-

2197 5713 2342 5767 tibus.
2376 5713 2484 5764 (iret
2511 5710 2728 5762 destituti
2749 5711 2914 5762 carnis
2938 5708 3190 5774 e'ectibns
3212 5725 3228 5774 ;
3309 5708 3377 5776 Si,
3401 5709 3636 5778 "inquam,
3664 5713 3766 5761 -
