  <div class='ocr_page' id='page_1' title='image "/cluster/home/n/w/nwhite01/storage/ocr_20150623/50/uva.x000827094/341.png"; bbox 0 0 4028 6184; ppageno 0'>
   <div class='ocr_carea' id='block_1_1' title="bbox 506 296 615 361">
    <p class='ocr_par' dir='ltr' id='par_1_1' title="bbox 506 296 615 361">
     <span class='ocr_line' id='line_1_1' title="bbox 506 296 615 361; baseline -0.083 0"><span class='ocrx_word' id='word_1_1' title='bbox 506 296 615 361; x_wconf 73' lang='lat'><strong>665</strong></span> 
     </span>
    </p>
   </div>
   <div class='ocr_carea' id='block_1_2' title="bbox 506 401 2064 486">
    <p class='ocr_par' dir='ltr' id='par_1_2' title="bbox 506 401 2064 486">
     <span class='ocr_line' id='line_1_2' title="bbox 506 401 2064 486; baseline -0.017 -8"><span class='ocrx_word' id='word_1_2' title='bbox 506 435 607 480; x_wconf 78' lang='lat' dir='ltr'><strong>nus</strong></span> <span class='ocrx_word' id='word_1_3' title='bbox 630 417 729 475; x_wconf 86' lang='lat' dir='ltr'><strong>fuit</strong></span> <span class='ocrx_word' id='word_1_4' title='bbox 744 459 760 486; x_wconf 88' lang='lat'><strong>,</strong></span> <span class='ocrx_word' id='word_1_5' title='bbox 787 413 1071 472; x_wconf 79' lang='lat' dir='ltr'><strong>Christiani</strong></span> <span class='ocrx_word' id='word_1_6' title='bbox 1095 407 1382 480; x_wconf 76' lang='lat' dir='ltr'><strong>magisterii</strong></span> <span class='ocrx_word' id='word_1_7' title='bbox 1407 405 1719 461; x_wconf 75' lang='lat' dir='ltr'><strong>auctoritate</strong></span> <span class='ocrx_word' id='word_1_8' title='bbox 1743 401 2064 470; x_wconf 71' lang='lat' dir='ltr'><strong>conscripsx.</strong></span> 
     </span>
    </p>
   </div>
   <div class='ocr_carea' id='block_1_3' title="bbox 503 493 2072 581">
    <p class='ocr_par' dir='ltr' id='par_1_3' title="bbox 503 493 2072 581">
     <span class='ocr_line' id='line_1_3' title="bbox 503 493 2072 581; baseline -0.015 -12"><span class='ocrx_word' id='word_1_9' title='bbox 503 513 580 569; x_wconf 90' lang='lat' dir='ltr'><strong>De</strong></span> <span class='ocrx_word' id='word_1_10' title='bbox 603 511 754 581; x_wconf 83' lang='lat' dir='ltr'><strong>cujus</strong></span> <span class='ocrx_word' id='word_1_11' title='bbox 778 506 1068 564; x_wconf 84' lang='lat' dir='ltr'><strong>incredibili</strong></span> <span class='ocrx_word' id='word_1_12' title='bbox 1111 502 1337 573; x_wconf 90' lang='lat' dir='ltr'><strong>quadam</strong></span> <span class='ocrx_word' id='word_1_13' title='bbox 1362 498 1581 554; x_wconf 89' lang='lat' dir='ltr'><strong>scientia</strong></span> <span class='ocrx_word' id='word_1_14' title='bbox 1608 497 1654 551; x_wconf 92' lang='lat' dir='ltr'><strong>si</strong></span> <span class='ocrx_word' id='word_1_15' title='bbox 1680 495 1798 565; x_wconf 84' lang='lat' dir='ltr'><strong>quis</strong></span> <span class='ocrx_word' id='word_1_16' title='bbox 1837 493 2072 548; x_wconf 84' lang='lat' dir='ltr'><strong>referen-</strong></span> 
     </span>
    </p>
   </div>
   <div class='ocr_carea' id='block_1_4' title="bbox 500 587 2070 660">
    <p class='ocr_par' dir='ltr' id='par_1_4' title="bbox 500 587 2070 660">
     <span class='ocr_line' id='line_1_4' title="bbox 500 587 2070 660; baseline -0.014 1"><span class='ocrx_word' id='word_1_17' title='bbox 500 607 642 660; x_wconf 89' lang='lat' dir='ltr'><strong>tibus</strong></span> <span class='ocrx_word' id='word_1_18' title='bbox 684 603 837 657; x_wconf 89' lang='lat' dir='ltr'><strong>nobis</strong></span> <span class='ocrx_word' id='word_1_19' title='bbox 878 599 1230 654; x_wconf 88' lang='lat' dir='ltr'><strong>Christianum</strong></span> <span class='ocrx_word' id='word_1_20' title='bbox 1278 609 1384 648; x_wconf 89' lang='lat' dir='ltr'><strong>non</strong></span> <span class='ocrx_word' id='word_1_21' title='bbox 1430 591 1632 660; x_wconf 88' lang='lat' dir='ltr'><strong>accepit</strong></span> <span class='ocrx_word' id='word_1_22' title='bbox 1675 587 2032 642; x_wconf 85' lang='lat' dir='ltr'><strong>testimonium</strong></span> <span class='ocrx_word' id='word_1_23' title='bbox 2056 626 2070 652; x_wconf 95' lang='lat'><strong>,</strong></span> 
     </span>
    </p>
   </div>
   <div class='ocr_carea' id='block_1_5' title="bbox 501 676 2078 755">
    <p class='ocr_par' dir='ltr' id='par_1_5' title="bbox 501 676 2078 755">
     <span class='ocr_line' id='line_1_5' title="bbox 501 676 2078 755; baseline -0.013 -5"><span class='ocrx_word' id='word_1_24' title='bbox 501 696 689 750; x_wconf 89' lang='lat' dir='ltr'><strong>saltem</strong></span> <span class='ocrx_word' id='word_1_25' title='bbox 743 687 1143 746; x_wconf 85' lang='lat' dir='ltr'><strong>testificantibus</strong></span> <span class='ocrx_word' id='word_1_26' title='bbox 1185 682 1512 755; x_wconf 85' lang='lat' dir='ltr'><strong>philosophis</strong></span> <span class='ocrx_word' id='word_1_27' title='bbox 1559 679 1807 750; x_wconf 87' lang='lat' dir='ltr'><strong>gentilem</strong></span> <span class='ocrx_word' id='word_1_28' title='bbox 1856 676 2078 746; x_wconf 83' lang='lat' dir='ltr'><strong>recipiat</strong></span> 
     </span>
    </p>
   </div>
   <div class='ocr_carea' id='block_1_6' title="bbox 501 765 2076 846">
    <p class='ocr_par' dir='ltr' id='par_1_6' title="bbox 501 765 2076 846">
     <span class='ocr_line' id='line_1_6' title="bbox 501 765 2076 846; baseline -0.013 -7"><span class='ocrx_word' id='word_1_29' title='bbox 501 782 905 839; x_wconf 81' lang='lat' dir='ltr'><strong>confessionem.</strong></span> <span class='ocrx_word' id='word_1_30' title='bbox 949 779 1038 833; x_wconf 87' lang='lat' dir='ltr'><strong>Ait</strong></span> <span class='ocrx_word' id='word_1_31' title='bbox 1074 791 1300 846; x_wconf 87' lang='lat' dir='ltr'><strong>namque</strong></span> <span class='ocrx_word' id='word_1_32' title='bbox 1324 773 1514 843; x_wconf 84' lang='lat' dir='ltr'><strong>irrpius</strong></span> <span class='ocrx_word' id='word_1_33' title='bbox 1539 771 1626 824; x_wconf 90' lang='lat' dir='ltr'><strong>ille</strong></span> <span class='ocrx_word' id='word_1_34' title='bbox 1648 767 1971 838; x_wconf 83' lang='lat' dir='ltr'><strong>Porphyrius</strong></span> <span class='ocrx_word' id='word_1_35' title='bbox 1997 765 2076 837; x_wconf 87' lang='grc'><strong>(1)</strong></span> 
     </span>
    </p>
   </div>
   <div class='ocr_carea' id='block_1_7' title="bbox 500 857 2077 938">
    <p class='ocr_par' dir='ltr' id='par_1_7' title="bbox 500 857 2077 938">
     <span class='ocr_line' id='line_1_7' title="bbox 500 857 2077 938; baseline -0.013 -8"><span class='ocrx_word' id='word_1_36' title='bbox 500 875 728 930; x_wconf 87' lang='lat' dir='ltr'><strong>excitum</strong></span> <span class='ocrx_word' id='word_1_37' title='bbox 776 887 836 926; x_wconf 89' lang='lat' dir='ltr'><strong>se</strong></span> <span class='ocrx_word' id='word_1_38' title='bbox 876 870 1016 924; x_wconf 90' lang='lat' dir='ltr'><strong>fama</strong></span> <span class='ocrx_word' id='word_1_39' title='bbox 1070 867 1233 938; x_wconf 88' lang='lat' dir='ltr'><strong>ipsius</strong></span> <span class='ocrx_word' id='word_1_40' title='bbox 1281 861 1652 918; x_wconf 82' lang='lat' dir='ltr'><strong>Alexandriam</strong></span> <span class='ocrx_word' id='word_1_41' title='bbox 1693 874 1917 929; x_wconf 88' lang='lat' dir='ltr'><strong>puerum</strong></span> <span class='ocrx_word' id='word_1_42' title='bbox 1967 857 2077 910; x_wconf 89' lang='lat' dir='ltr'><strong>fere</strong></span> 
     </span>
    </p>
   </div>
   <div class='ocr_carea' id='block_1_8' title="bbox 498 950 2077 1039">
    <p class='ocr_par' dir='ltr' id='par_1_8' title="bbox 498 950 2077 1039">
     <span class='ocr_line' id='line_1_8' title="bbox 498 950 2077 1039; baseline -0.013 -16"><span class='ocrx_word' id='word_1_43' title='bbox 498 967 817 1039; x_wconf 85' lang='lat' dir='ltr'><strong>perrexisse,</strong></span> <span class='ocrx_word' id='word_1_44' title='bbox 849 963 1025 1032; x_wconf 86' lang='lat' dir='ltr'><strong>ibique</strong></span> <span class='ocrx_word' id='word_1_45' title='bbox 1049 975 1172 1014; x_wconf 89' lang='lat' dir='ltr'><strong>eum</strong></span> <span class='ocrx_word' id='word_1_46' title='bbox 1195 957 1389 1011; x_wconf 83' lang='lat' dir='ltr'><strong>vidisse</strong></span> <span class='ocrx_word' id='word_1_47' title='bbox 1411 954 1521 1024; x_wconf 89' lang='lat' dir='ltr'><strong>jam</strong></span> <span class='ocrx_word' id='word_1_48' title='bbox 1547 968 1727 1007; x_wconf 89' lang='lat' dir='ltr'><strong>senem</strong></span> <span class='ocrx_word' id='word_1_49' title='bbox 1748 993 1761 1018; x_wconf 94' lang='lat'><strong>,</strong></span> <span class='ocrx_word' id='word_1_50' title='bbox 1803 950 1896 1004; x_wconf 89' lang='lat' dir='ltr'><strong>sed</strong></span> <span class='ocrx_word' id='word_1_51' title='bbox 1923 950 2077 1019; x_wconf 90' lang='lat' dir='ltr'><strong>plane</strong></span> 
     </span>
    </p>
   </div>
   <div class='ocr_carea' id='block_1_9' title="bbox 500 1041 2073 1125">
    <p class='ocr_par' dir='ltr' id='par_1_9' title="bbox 500 1041 2073 1125">
     <span class='ocr_line' id='line_1_9' title="bbox 500 1041 2073 1125; baseline -0.014 -9"><span class='ocrx_word' id='word_1_52' title='bbox 500 1061 659 1114; x_wconf 90' lang='lat' dir='ltr'><strong>talem</strong></span> <span class='ocrx_word' id='word_1_53' title='bbox 705 1066 1013 1125; x_wconf 88' lang='lat' dir='ltr'><strong>tantumque</strong></span> <span class='ocrx_word' id='word_1_54' title='bbox 1056 1053 1146 1122; x_wconf 89' lang='lat' dir='ltr'><strong>qui</strong></span> <span class='ocrx_word' id='word_1_55' title='bbox 1191 1064 1367 1104; x_wconf 86' lang='lat' dir='ltr'><strong>arcem</strong></span> <span class='ocrx_word' id='word_1_56' title='bbox 1411 1047 1572 1101; x_wconf 82' lang='lat' dir='ltr'><strong>totius</strong></span> <span class='ocrx_word' id='word_1_57' title='bbox 1608 1045 1842 1099; x_wconf 68' lang='lat' dir='ltr'><strong>scientia:</strong></span> <span class='ocrx_word' id='word_1_58' title='bbox 1889 1041 2073 1096; x_wconf 91' lang='lat' dir='ltr'><strong>condi-</strong></span> 
     </span>
    </p>
   </div>
   <div class='ocr_carea' id='block_1_10' title="bbox 501 1131 2076 1206">
    <p class='ocr_par' dir='ltr' id='par_1_10' title="bbox 501 1131 2076 1206">
     <span class='ocr_line' id='line_1_10' title="bbox 501 1131 2076 1206; baseline -0.015 0"><span class='ocrx_word' id='word_1_59' title='bbox 501 1151 682 1205; x_wconf 87' lang='lat' dir='ltr'><strong>disset.</strong></span> <span class='ocrx_word' id='word_1_60' title='bbox 723 1149 846 1202; x_wconf 89' lang='lat' dir='ltr'><strong>Dies</strong></span> <span class='ocrx_word' id='word_1_61' title='bbox 885 1160 972 1199; x_wconf 91' lang='lat' dir='ltr'><strong>me</strong></span> <span class='ocrx_word' id='word_1_62' title='bbox 1008 1143 1161 1197; x_wconf 92' lang='lat' dir='ltr'><strong>citius</strong></span> <span class='ocrx_word' id='word_1_63' title='bbox 1188 1138 1437 1194; x_wconf 83' lang='lat' dir='ltr'><strong>defecerit</strong></span> <span class='ocrx_word' id='word_1_64' title='bbox 1475 1151 1635 1206; x_wconf 92' lang='lat' dir='ltr'><strong>quam</strong></span> <span class='ocrx_word' id='word_1_65' title='bbox 1658 1149 1721 1188; x_wconf 91' lang='lat' dir='ltr'><strong>ea</strong></span> <span class='ocrx_word' id='word_1_66' title='bbox 1746 1149 1863 1202; x_wconf 62' lang='lat' dir='ltr'><strong>quae</strong></span> <span class='ocrx_word' id='word_1_67' title='bbox 1892 1133 1944 1186; x_wconf 91' lang='lat' dir='ltr'><strong>in</strong></span> <span class='ocrx_word' id='word_1_68' title='bbox 1985 1131 2076 1184; x_wconf 91' lang='lat' dir='ltr'><strong>illo</strong></span> 
     </span>
    </p>
   </div>
   <div class='ocr_carea' id='block_1_11' title="bbox 499 1224 2077 1309">
    <p class='ocr_par' dir='ltr' id='par_1_11' title="bbox 499 1224 2077 1309">
     <span class='ocr_line' id='line_1_11' title="bbox 499 1224 2077 1309; baseline -0.013 -14"><span class='ocrx_word' id='word_1_69' title='bbox 499 1241 614 1294; x_wconf 83' lang='lat' dir='ltr'><strong>viro</strong></span> <span class='ocrx_word' id='word_1_70' title='bbox 635 1227 886 1309; x_wconf 61' lang='lat' dir='ltr'><strong>praeclara</strong></span> <span class='ocrx_word' id='word_1_71' title='bbox 910 1234 1222 1289; x_wconf 86' lang='lat' dir='ltr'><strong>exstiterunt</strong></span> <span class='ocrx_word' id='word_1_72' title='bbox 1254 1229 1336 1282; x_wconf 89' lang='lat' dir='ltr'><strong>vel</strong></span> <span class='ocrx_word' id='word_1_73' title='bbox 1370 1244 1436 1281; x_wconf 82' lang='lat' dir='ltr'><strong>ex</strong></span> <span class='ocrx_word' id='word_1_74' title='bbox 1474 1226 1691 1280; x_wconf 88' lang='lat' dir='ltr'><strong>minima</strong></span> <span class='ocrx_word' id='word_1_75' title='bbox 1716 1224 1901 1277; x_wconf 85' lang='lat' dir='ltr'><strong>saltem</strong></span> <span class='ocrx_word' id='word_1_76' title='bbox 1929 1231 2077 1290; x_wconf 85' lang='lat' dir='ltr'><strong>parte</strong></span> 
     </span>
    </p>
   </div>
   <div class='ocr_carea' id='block_1_12' title="bbox 500 1315 2074 1402">
    <p class='ocr_par' dir='ltr' id='par_1_12' title="bbox 500 1315 2074 1402">
     <span class='ocr_line' id='line_1_12' title="bbox 500 1315 2074 1402; baseline -0.012 -15"><span class='ocrx_word' id='word_1_77' title='bbox 500 1332 852 1402; x_wconf 77' lang='lat' dir='ltr'><strong>perstringam</strong></span> <span class='ocrx_word' id='word_1_78' title='bbox 882 1347 893 1381; x_wconf 94' lang='lat'>:</span> <span class='ocrx_word' id='word_1_79' title='bbox 937 1341 1054 1395; x_wconf 81' lang='lat' dir='ltr'><strong>quae</strong></span> <span class='ocrx_word' id='word_1_80' title='bbox 1082 1332 1259 1378; x_wconf 86' lang='lat' dir='ltr'><strong>tamen</strong></span> <span class='ocrx_word' id='word_1_81' title='bbox 1283 1321 1458 1374; x_wconf 84' lang='lat' dir='ltr'><strong>omnia</strong></span> <span class='ocrx_word' id='word_1_82' title='bbox 1485 1333 1591 1372; x_wconf 91' lang='lat' dir='ltr'><strong>non</strong></span> <span class='ocrx_word' id='word_1_83' title='bbox 1630 1317 1800 1371; x_wconf 91' lang='lat' dir='ltr'><strong>solum</strong></span> <span class='ocrx_word' id='word_1_84' title='bbox 1837 1315 1904 1368; x_wconf 90' lang='lat' dir='ltr'><strong>ad</strong></span> <span class='ocrx_word' id='word_1_85' title='bbox 1931 1315 2074 1368; x_wconf 88' lang='lat' dir='ltr'><strong>Reli-</strong></span> 
     </span>
    </p>
   </div>
   <div class='ocr_carea' id='block_1_13' title="bbox 501 1405 2075 1494">
    <p class='ocr_par' dir='ltr' id='par_1_13' title="bbox 501 1405 2075 1494">
     <span class='ocr_line' id='line_1_13' title="bbox 501 1405 2075 1494; baseline -0.015 -15"><span class='ocrx_word' id='word_1_86' title='bbox 501 1425 674 1494; x_wconf 79' lang='lat' dir='ltr'><strong>gionis</strong></span> <span class='ocrx_word' id='word_1_87' title='bbox 691 1421 932 1488; x_wconf 78' lang='lat' dir='ltr'><strong>gloriam,</strong></span> <span class='ocrx_word' id='word_1_88' title='bbox 951 1415 1044 1471; x_wconf 86' lang='lat' dir='ltr'><strong>sed</strong></span> <span class='ocrx_word' id='word_1_89' title='bbox 1059 1414 1218 1468; x_wconf 88' lang='lat' dir='ltr'><strong>etiam</strong></span> <span class='ocrx_word' id='word_1_90' title='bbox 1243 1411 1310 1464; x_wconf 92' lang='lat' dir='ltr'><strong>ad</strong></span> <span class='ocrx_word' id='word_1_91' title='bbox 1337 1409 1640 1464; x_wconf 91' lang='lat' dir='ltr'><strong>tentationis</strong></span> <span class='ocrx_word' id='word_1_92' title='bbox 1665 1405 2075 1476; x_wconf 81' lang='lat' dir='ltr'><strong>magnitudinem</strong></span> 
     </span>
    </p>
   </div>
   <div class='ocr_carea' id='block_1_14' title="bbox 500 1496 2077 1580">
    <p class='ocr_par' dir='ltr' id='par_1_14' title="bbox 500 1496 2077 1580">
     <span class='ocr_line' id='line_1_14' title="bbox 500 1496 2077 1580; baseline -0.01 -15"><span class='ocrx_word' id='word_1_93' title='bbox 500 1516 852 1580; x_wconf 83' lang='lat' dir='ltr'><strong>pertinebant.</strong></span> <span class='ocrx_word' id='word_1_94' title='bbox 882 1507 1084 1572; x_wconf 86' lang='lat' dir='ltr'><strong>Quotus</strong></span> <span class='ocrx_word' id='word_1_95' title='bbox 1109 1503 1250 1556; x_wconf 90' lang='lat' dir='ltr'><strong>enim</strong></span> <span class='ocrx_word' id='word_1_96' title='bbox 1278 1501 1497 1570; x_wconf 89' lang='lat' dir='ltr'><strong>quisque</strong></span> <span class='ocrx_word' id='word_1_97' title='bbox 1523 1498 1654 1552; x_wconf 83' lang='lat' dir='ltr'><strong>tanti</strong></span> <span class='ocrx_word' id='word_1_98' title='bbox 1680 1496 1892 1567; x_wconf 82' lang='lat' dir='ltr'><strong>ingenii,</strong></span> <span class='ocrx_word' id='word_1_99' title='bbox 1919 1503 2077 1550; x_wconf 67' lang='lat' dir='ltr'><strong>tanta)</strong></span> 
     </span>
    </p>
   </div>
   <div class='ocr_carea' id='block_1_15' title="bbox 502 1589 2077 1667">
    <p class='ocr_par' dir='ltr' id='par_1_15' title="bbox 502 1589 2077 1667">
     <span class='ocr_line' id='line_1_15' title="bbox 502 1589 2077 1667; baseline -0.011 -8"><span class='ocrx_word' id='word_1_100' title='bbox 502 1603 774 1666; x_wconf 58' lang='lat' dir='ltr'><strong>doctrinae,</strong></span> <span class='ocrx_word' id='word_1_101' title='bbox 803 1607 962 1654; x_wconf 74' lang='lat' dir='ltr'><strong>tantae</strong></span> <span class='ocrx_word' id='word_1_102' title='bbox 987 1596 1167 1667; x_wconf 76' lang='lat' dir='ltr'><strong>gratiae</strong></span> <span class='ocrx_word' id='word_1_103' title='bbox 1185 1595 1355 1648; x_wconf 88' lang='lat' dir='ltr'><strong>vimm</strong></span> <span class='ocrx_word' id='word_1_104' title='bbox 1381 1600 1470 1646; x_wconf 93' lang='lat' dir='ltr'><strong>aut</strong></span> <span class='ocrx_word' id='word_1_105' title='bbox 1495 1590 1648 1644; x_wconf 83' lang='lat' dir='ltr'><strong>facile</strong></span> <span class='ocrx_word' id='word_1_106' title='bbox 1672 1589 1986 1659; x_wconf 90' lang='lat' dir='ltr'><strong>deponeret,</strong></span> <span class='ocrx_word' id='word_1_107' title='bbox 2015 1603 2077 1642; x_wconf 92' lang='lat' dir='ltr'><strong>ac</strong></span> 
     </span>
    </p>
   </div>
   <div class='ocr_carea' id='block_1_16' title="bbox 501 1681 2076 1763">
    <p class='ocr_par' dir='ltr' id='par_1_16' title="bbox 501 1681 2076 1763">
     <span class='ocr_line' id='line_1_16' title="bbox 501 1681 2076 1763; baseline -0.011 -13"><span class='ocrx_word' id='word_1_108' title='bbox 501 1712 608 1752; x_wconf 91' lang='lat' dir='ltr'><strong>non</strong></span> <span class='ocrx_word' id='word_1_109' title='bbox 651 1696 739 1749; x_wconf 87' lang='lat' dir='ltr'><strong>illa</strong></span> <span class='ocrx_word' id='word_1_110' title='bbox 783 1693 957 1763; x_wconf 87' lang='lat' dir='ltr'><strong>potius</strong></span> <span class='ocrx_word' id='word_1_111' title='bbox 1000 1697 1234 1743; x_wconf 87' lang='lat' dir='ltr'><strong>uteretur</strong></span> <span class='ocrx_word' id='word_1_112' title='bbox 1277 1685 1536 1740; x_wconf 87' lang='lat' dir='ltr'><strong>sententia</strong></span> <span class='ocrx_word' id='word_1_113' title='bbox 1561 1725 1576 1750; x_wconf 94' lang='lat'><strong>,</strong></span> <span class='ocrx_word' id='word_1_114' title='bbox 1624 1698 1681 1737; x_wconf 89' lang='lat' dir='ltr'><strong>se</strong></span> <span class='ocrx_word' id='word_1_115' title='bbox 1707 1698 1827 1736; x_wconf 90' lang='lat' dir='ltr'><strong>cum</strong></span> <span class='ocrx_word' id='word_1_116' title='bbox 1853 1681 2076 1750; x_wconf 85' lang='lat' dir='ltr'><strong>Origene</strong></span> 
     </span>
    </p>
   </div>
   <div class='ocr_carea' id='block_1_17' title="bbox 501 1773 2079 1852">
    <p class='ocr_par' dir='ltr' id='par_1_17' title="bbox 501 1773 2079 1852">
     <span class='ocr_line' id='line_1_17' title="bbox 501 1773 2079 1852; baseline -0.013 -6"><span class='ocrx_word' id='word_1_117' title='bbox 501 1804 682 1846; x_wconf 88' lang='lat' dir='ltr'><strong>errare</strong></span> <span class='ocrx_word' id='word_1_118' title='bbox 717 1786 872 1843; x_wconf 88' lang='lat' dir='ltr'><strong>malle</strong></span> <span class='ocrx_word' id='word_1_119' title='bbox 896 1826 910 1850; x_wconf 95' lang='lat'><strong>,</strong></span> <span class='ocrx_word' id='word_1_120' title='bbox 957 1797 1114 1852; x_wconf 89' lang='lat' dir='ltr'><strong>quam</strong></span> <span class='ocrx_word' id='word_1_121' title='bbox 1146 1796 1267 1834; x_wconf 92' lang='lat' dir='ltr'><strong>cum</strong></span> <span class='ocrx_word' id='word_1_122' title='bbox 1291 1779 1408 1831; x_wconf 91' lang='lat' dir='ltr'><strong>aliis</strong></span> <span class='ocrx_word' id='word_1_123' title='bbox 1435 1791 1561 1830; x_wconf 90' lang='lat' dir='ltr'><strong>vera</strong></span> <span class='ocrx_word' id='word_1_124' title='bbox 1597 1775 1831 1830; x_wconf 89' lang='lat' dir='ltr'><strong>sentire?</strong></span> <span class='ocrx_word' id='word_1_125' title='bbox 1876 1782 1930 1828; x_wconf 89' lang='lat' dir='ltr'><strong>et</strong></span> <span class='ocrx_word' id='word_1_126' title='bbox 1952 1773 2079 1843; x_wconf 90' lang='lat' dir='ltr'><strong>quid</strong></span> 
     </span>
    </p>
   </div>
   <div class='ocr_carea' id='block_1_18' title="bbox 503 1867 2074 1954">
    <p class='ocr_par' dir='ltr' id='par_1_18' title="bbox 503 1867 2074 1954">
     <span class='ocr_line' id='line_1_18' title="bbox 503 1867 2074 1954; baseline -0.013 -16"><span class='ocrx_word' id='word_1_127' title='bbox 503 1882 692 1954; x_wconf 89' lang='lat' dir='ltr'><strong>plura?</strong></span> <span class='ocrx_word' id='word_1_128' title='bbox 717 1880 795 1935; x_wconf 85' lang='lat' dir='ltr'><strong>Eo</strong></span> <span class='ocrx_word' id='word_1_129' title='bbox 811 1893 897 1932; x_wconf 90' lang='lat' dir='ltr'><strong>res</strong></span> <span class='ocrx_word' id='word_1_130' title='bbox 911 1874 1104 1930; x_wconf 86' lang='lat' dir='ltr'><strong>decidit</strong></span> <span class='ocrx_word' id='word_1_131' title='bbox 1123 1882 1180 1926; x_wconf 91' lang='lat' dir='ltr'><strong>ut</strong></span> <span class='ocrx_word' id='word_1_132' title='bbox 1200 1881 1358 1926; x_wconf 74' lang='lat' dir='ltr'><strong>tanta:</strong></span> <span class='ocrx_word' id='word_1_133' title='bbox 1383 1884 1642 1940; x_wconf 64' lang='lat' dir='ltr'><strong>personis,</strong></span> <span class='ocrx_word' id='word_1_134' title='bbox 1665 1867 1797 1922; x_wconf 90' lang='lat' dir='ltr'><strong>tanti</strong></span> <span class='ocrx_word' id='word_1_135' title='bbox 1823 1867 2074 1931; x_wconf 88' lang='lat' dir='ltr'><strong>doctoris,</strong></span> 
     </span>
    </p>
   </div>
   <div class='ocr_carea' id='block_1_19' title="bbox 503 1956 2078 2042">
    <p class='ocr_par' dir='ltr' id='par_1_19' title="bbox 503 1956 2078 2042">
     <span class='ocr_line' id='line_1_19' title="bbox 503 1956 2078 2042; baseline -0.011 -14"><span class='ocrx_word' id='word_1_136' title='bbox 503 1973 632 2028; x_wconf 91' lang='lat' dir='ltr'><strong>tanti</strong></span> <span class='ocrx_word' id='word_1_137' title='bbox 657 1969 927 2042; x_wconf 67' lang='lat' dir='ltr'><strong>prephetae</strong></span> <span class='ocrx_word' id='word_1_138' title='bbox 951 2009 964 2032; x_wconf 93' lang='lat'><strong>,</strong></span> <span class='ocrx_word' id='word_1_139' title='bbox 1012 1979 1117 2019; x_wconf 93' lang='lat' dir='ltr'><strong>non</strong></span> <span class='ocrx_word' id='word_1_140' title='bbox 1143 1963 1369 2016; x_wconf 88' lang='lat' dir='ltr'><strong>humana</strong></span> <span class='ocrx_word' id='word_1_141' title='bbox 1404 1961 1608 2029; x_wconf 89' lang='lat' dir='ltr'><strong>aliqua,</strong></span> <span class='ocrx_word' id='word_1_142' title='bbox 1656 1958 1783 2022; x_wconf 88' lang='lat' dir='ltr'><strong>sed,</strong></span> <span class='ocrx_word' id='word_1_143' title='bbox 1824 1966 1883 2010; x_wconf 89' lang='lat' dir='ltr'><strong>ut</strong></span> <span class='ocrx_word' id='word_1_144' title='bbox 1906 1956 2078 2011; x_wconf 84' lang='lat' dir='ltr'><strong>exitus</strong></span> 
     </span>
    </p>
   </div>
   <div class='ocr_carea' id='block_1_20' title="bbox 502 2049 2078 2129">
    <p class='ocr_par' dir='ltr' id='par_1_20' title="bbox 502 2049 2078 2129">
     <span class='ocr_line' id='line_1_20' title="bbox 502 2049 2078 2129; baseline -0.011 -9"><span class='ocrx_word' id='word_1_145' title='bbox 502 2065 718 2129; x_wconf 87' lang='lat' dir='ltr'><strong>docuit,</strong></span> <span class='ocrx_word' id='word_1_146' title='bbox 765 2061 985 2115; x_wconf 90' lang='lat' dir='ltr'><strong>nimium</strong></span> <span class='ocrx_word' id='word_1_147' title='bbox 1020 2057 1311 2127; x_wconf 90' lang='lat' dir='ltr'><strong>periculosa</strong></span> <span class='ocrx_word' id='word_1_148' title='bbox 1339 2053 1558 2108; x_wconf 84' lang='lat' dir='ltr'><strong>tentatio</strong></span> <span class='ocrx_word' id='word_1_149' title='bbox 1585 2051 1838 2121; x_wconf 92' lang='lat' dir='ltr'><strong>plurimos</strong></span> <span class='ocrx_word' id='word_1_150' title='bbox 1883 2062 1911 2102; x_wconf 89' lang='lat' dir='ltr'><strong>a</strong></span> <span class='ocrx_word' id='word_1_151' title='bbox 1958 2049 2078 2103; x_wconf 84' lang='lat' dir='ltr'><strong>ﬁdei</strong></span> 
     </span>
    </p>
   </div>
   <div class='ocr_carea' id='block_1_21' title="bbox 503 2143 2079 2226">
    <p class='ocr_par' dir='ltr' id='par_1_21' title="bbox 503 2143 2079 2226">
     <span class='ocr_line' id='line_1_21' title="bbox 503 2143 2079 2226; baseline -0.009 -16"><span class='ocrx_word' id='word_1_152' title='bbox 503 2156 802 2226; x_wconf 88' lang='lat' dir='ltr'><strong>integritate</strong></span> <span class='ocrx_word' id='word_1_153' title='bbox 821 2151 1120 2206; x_wconf 87' lang='lat' dir='ltr'><strong>deduceret.</strong></span> <span class='ocrx_word' id='word_1_154' title='bbox 1156 2146 1510 2213; x_wconf 83' lang='lat' dir='ltr'><strong>Quamobrem</strong></span> <span class='ocrx_word' id='word_1_155' title='bbox 1531 2144 1617 2197; x_wconf 92' lang='lat' dir='ltr'><strong>hic</strong></span> <span class='ocrx_word' id='word_1_156' title='bbox 1633 2143 1884 2211; x_wconf 86' lang='lat' dir='ltr'><strong>Origenes</strong></span> <span class='ocrx_word' id='word_1_157' title='bbox 1905 2150 2079 2196; x_wconf 90' lang='lat' dir='ltr'><strong>tantus</strong></span> 
     </span>
    </p>
   </div>
   <div class='ocr_carea' id='block_1_22' title="bbox 503 2233 2078 2313">
    <p class='ocr_par' dir='ltr' id='par_1_22' title="bbox 503 2233 2078 2313">
     <span class='ocr_line' id='line_1_22' title="bbox 503 2233 2078 2313; baseline -0.012 -10"><span class='ocrx_word' id='word_1_158' title='bbox 503 2261 565 2302; x_wconf 88' lang='lat' dir='ltr'><strong>ac</strong></span> <span class='ocrx_word' id='word_1_159' title='bbox 594 2247 731 2312; x_wconf 90' lang='lat' dir='ltr'><strong>talis,</strong></span> <span class='ocrx_word' id='word_1_160' title='bbox 759 2245 884 2300; x_wconf 90' lang='lat' dir='ltr'><strong>dum</strong></span> <span class='ocrx_word' id='word_1_161' title='bbox 910 2243 1076 2313; x_wconf 88' lang='lat' dir='ltr'><strong>gratia</strong></span> <span class='ocrx_word' id='word_1_162' title='bbox 1103 2241 1195 2294; x_wconf 89' lang='lat' dir='ltr'><strong>Dei</strong></span> <span class='ocrx_word' id='word_1_163' title='bbox 1222 2238 1529 2293; x_wconf 89' lang='lat' dir='ltr'><strong>insolentius</strong></span> <span class='ocrx_word' id='word_1_164' title='bbox 1554 2236 1812 2298; x_wconf 89' lang='lat' dir='ltr'><strong>abutitur,</strong></span> <span class='ocrx_word' id='word_1_165' title='bbox 1842 2233 1966 2287; x_wconf 90' lang='lat' dir='ltr'><strong>dum</strong></span> <span class='ocrx_word' id='word_1_166' title='bbox 1996 2234 2078 2286; x_wconf 86' lang='lat' dir='ltr'><strong>in-</strong></span> 
     </span>
    </p>
   </div>
   <div class='ocr_carea' id='block_1_23' title="bbox 504 2323 2080 2411">
    <p class='ocr_par' dir='ltr' id='par_1_23' title="bbox 504 2323 2080 2411">
     <span class='ocr_line' id='line_1_23' title="bbox 504 2323 2080 2411; baseline -0.011 -17"><span class='ocrx_word' id='word_1_167' title='bbox 504 2339 658 2411; x_wconf 86' lang='lat' dir='ltr'><strong>genio</strong></span> <span class='ocrx_word' id='word_1_168' title='bbox 683 2350 779 2392; x_wconf 91' lang='lat' dir='ltr'><strong>suo</strong></span> <span class='ocrx_word' id='word_1_169' title='bbox 805 2333 1026 2388; x_wconf 88' lang='lat' dir='ltr'><strong>nimium</strong></span> <span class='ocrx_word' id='word_1_170' title='bbox 1052 2329 1302 2392; x_wconf 68' lang='lat' dir='ltr'><strong>indulget,</strong></span> <span class='ocrx_word' id='word_1_171' title='bbox 1333 2327 1536 2395; x_wconf 89' lang='lat' dir='ltr'><strong>sibique</strong></span> <span class='ocrx_word' id='word_1_172' title='bbox 1576 2325 1702 2379; x_wconf 86' lang='lat' dir='ltr'><strong>satis</strong></span> <span class='ocrx_word' id='word_1_173' title='bbox 1727 2323 1918 2386; x_wconf 88' lang='lat' dir='ltr'><strong>credit,</strong></span> <span class='ocrx_word' id='word_1_174' title='bbox 1959 2338 2080 2377; x_wconf 90' lang='lat' dir='ltr'><strong>cum</strong></span> 
     </span>
    </p>
   </div>
   <div class='ocr_carea' id='block_1_24' title="bbox 504 2414 2080 2498">
    <p class='ocr_par' dir='ltr' id='par_1_24' title="bbox 504 2414 2080 2498">
     <span class='ocr_line' id='line_1_24' title="bbox 504 2414 2080 2498; baseline -0.01 -17"><span class='ocrx_word' id='word_1_175' title='bbox 504 2428 655 2498; x_wconf 90' lang='lat' dir='ltr'><strong>parvi</strong></span> <span class='ocrx_word' id='word_1_176' title='bbox 681 2425 862 2495; x_wconf 90' lang='lat' dir='ltr'><strong>pendit</strong></span> <span class='ocrx_word' id='word_1_177' title='bbox 879 2423 1147 2490; x_wconf 89' lang='lat' dir='ltr'><strong>antiquam</strong></span> <span class='ocrx_word' id='word_1_178' title='bbox 1174 2417 1485 2472; x_wconf 72' lang='lat' dir='ltr'><strong>Christiana:</strong></span> <span class='ocrx_word' id='word_1_179' title='bbox 1515 2414 1800 2483; x_wconf 84' lang='lat' dir='ltr'><strong>Religionis</strong></span> <span class='ocrx_word' id='word_1_180' title='bbox 1827 2414 2080 2482; x_wconf 91' lang='lat' dir='ltr'><strong>simplici-</strong></span> 
     </span>
    </p>
   </div>
   <div class='ocr_carea' id='block_1_25' title="bbox 505 2502 2082 2579">
    <p class='ocr_par' dir='ltr' id='par_1_25' title="bbox 505 2502 2082 2579">
     <span class='ocr_line' id='line_1_25' title="bbox 505 2502 2082 2579; baseline -0.008 -9"><span class='ocrx_word' id='word_1_181' title='bbox 505 2523 708 2579; x_wconf 72' lang='lat' dir='ltr'><strong>tatem,</strong></span> <span class='ocrx_word' id='word_1_182' title='bbox 760 2513 884 2566; x_wconf 87' lang='lat' dir='ltr'><strong>dum</strong></span> <span class='ocrx_word' id='word_1_183' title='bbox 923 2525 981 2565; x_wconf 90' lang='lat' dir='ltr'><strong>se</strong></span> <span class='ocrx_word' id='word_1_184' title='bbox 1020 2510 1136 2579; x_wconf 91' lang='lat' dir='ltr'><strong>plus</strong></span> <span class='ocrx_word' id='word_1_185' title='bbox 1162 2508 1365 2561; x_wconf 89' lang='lat' dir='ltr'><strong>cunctis</strong></span> <span class='ocrx_word' id='word_1_186' title='bbox 1391 2519 1576 2574; x_wconf 87' lang='lat' dir='ltr'><strong>sapere</strong></span> <span class='ocrx_word' id='word_1_187' title='bbox 1601 2504 1908 2573; x_wconf 84' lang='lat' dir='ltr'><strong>praesumit,</strong></span> <span class='ocrx_word' id='word_1_188' title='bbox 1955 2502 2082 2557; x_wconf 90' lang='lat' dir='ltr'><strong>dum</strong></span> 
     </span>
    </p>
   </div>
   <div class='ocr_carea' id='block_1_26' title="bbox 507 2596 2079 2667">
    <p class='ocr_par' dir='ltr' id='par_1_26' title="bbox 507 2596 2079 2667">
     <span class='ocr_line' id='line_1_26' title="bbox 507 2596 2079 2667; baseline -0.009 -5"><span class='ocrx_word' id='word_1_189' title='bbox 507 2604 892 2662; x_wconf 86' lang='lat' dir='ltr'><strong>ecclesiasticas</strong></span> <span class='ocrx_word' id='word_1_190' title='bbox 913 2601 1218 2656; x_wconf 89' lang='lat' dir='ltr'><strong>traditiones</strong></span> <span class='ocrx_word' id='word_1_191' title='bbox 1237 2607 1291 2653; x_wconf 93' lang='lat' dir='ltr'><strong>et</strong></span> <span class='ocrx_word' id='word_1_192' title='bbox 1304 2605 1540 2651; x_wconf 88' lang='lat' dir='ltr'><strong>veterum</strong></span> <span class='ocrx_word' id='word_1_193' title='bbox 1567 2596 1868 2667; x_wconf 86' lang='lat' dir='ltr'><strong>magisteria</strong></span> <span class='ocrx_word' id='word_1_194' title='bbox 1895 2603 2079 2649; x_wconf 89' lang='lat' dir='ltr'><strong>conte-</strong></span> 
     </span>
    </p>
   </div>
   <div class='ocr_carea' id='block_1_27' title="bbox 508 2684 2082 2763">
    <p class='ocr_par' dir='ltr' id='par_1_27' title="bbox 508 2684 2082 2763">
     <span class='ocr_line' id='line_1_27' title="bbox 508 2684 2082 2763; baseline -0.006 -13"><span class='ocrx_word' id='word_1_195' title='bbox 508 2710 718 2758; x_wconf 88' lang='lat' dir='ltr'><strong>mnens,</strong></span> <span class='ocrx_word' id='word_1_196' title='bbox 748 2691 989 2763; x_wconf 57' lang='lat' dir='ltr'><strong>quaedam</strong></span> <span class='ocrx_word' id='word_1_197' title='bbox 1016 2689 1404 2759; x_wconf 89' lang='lat' dir='ltr'><strong>Seripturarum</strong></span> <span class='ocrx_word' id='word_1_198' title='bbox 1427 2687 1652 2756; x_wconf 88' lang='lat' dir='ltr'><strong>capitula</strong></span> <span class='ocrx_word' id='word_1_199' title='bbox 1682 2684 1755 2756; x_wconf 74' lang='grc'><strong>(2)</strong></span> <span class='ocrx_word' id='word_1_200' title='bbox 1785 2699 1920 2739; x_wconf 92' lang='lat' dir='ltr'><strong>novo</strong></span> <span class='ocrx_word' id='word_1_201' title='bbox 1935 2700 2082 2741; x_wconf 90' lang='lat' dir='ltr'><strong>more</strong></span> 
     </span>
    </p>
   </div>
   <div class='ocr_carea' id='block_1_28' title="bbox 508 2775 2082 2856">
    <p class='ocr_par' dir='ltr' id='par_1_28' title="bbox 508 2775 2082 2856">
     <span class='ocr_line' id='line_1_28' title="bbox 508 2775 2082 2856; baseline -0.007 -15"><span class='ocrx_word' id='word_1_202' title='bbox 508 2789 902 2856; x_wconf 81' lang='lat' dir='ltr'><strong>interpretatur,</strong></span> <span class='ocrx_word' id='word_1_203' title='bbox 942 2780 1135 2836; x_wconf 87' lang='lat' dir='ltr'><strong>meruit</strong></span> <span class='ocrx_word' id='word_1_204' title='bbox 1172 2787 1228 2834; x_wconf 93' lang='lat' dir='ltr'><strong>ut</strong></span> <span class='ocrx_word' id='word_1_205' title='bbox 1269 2778 1335 2833; x_wconf 91' lang='lat' dir='ltr'><strong>de</strong></span> <span class='ocrx_word' id='word_1_206' title='bbox 1379 2794 1437 2832; x_wconf 93' lang='lat' dir='ltr'><strong>se</strong></span> <span class='ocrx_word' id='word_1_207' title='bbox 1479 2791 1688 2846; x_wconf 89' lang='lat' dir='ltr'><strong>quoque</strong></span> <span class='ocrx_word' id='word_1_208' title='bbox 1714 2775 1963 2830; x_wconf 83' lang='lat' dir='ltr'><strong>Ecclesiae</strong></span> <span class='ocrx_word' id='word_1_209' title='bbox 1989 2776 2082 2830; x_wconf 90' lang='lat' dir='ltr'><strong>Dei</strong></span> 
     </span>
    </p>
   </div>
   <div class='ocr_carea' id='block_1_29' title="bbox 498 2915 508 2952">
    <p class='ocr_par' dir='ltr' id='par_1_29' title="bbox 498 2915 508 2952">
     <span class='ocr_line' id='line_1_29' title="bbox 498 2915 508 2952; baseline 0 0"><span class='ocrx_word' id='word_1_210' title='bbox 498 2915 508 2952; x_wconf 67' lang='grc' dir='ltr'>ἱ</span> 
     </span>
    </p>
   </div>
   <div class='ocr_carea' id='block_1_30' title="bbox 510 2972 2084 3053">
    <p class='ocr_par' dir='ltr' id='par_1_30' title="bbox 510 2972 2084 3053">
     <span class='ocr_line' id='line_1_30' title="bbox 510 2972 2084 3053; baseline -0.01 -15"><span class='ocrx_word' id='word_1_211' title='bbox 510 2998 627 3053; x_wconf 67' lang='lat' dir='ltr'><strong>qua:</strong></span> <span class='ocrx_word' id='word_1_212' title='bbox 669 2981 911 3051; x_wconf 89' lang='lat' dir='ltr'><strong>Philippo</strong></span> <span class='ocrx_word' id='word_1_213' title='bbox 939 2978 1160 3053; x_wconf 50' lang='lat' dir='ltr'><strong>{Egypti</strong></span> <span class='ocrx_word' id='word_1_214' title='bbox 1197 2974 1478 3053; x_wconf 48' lang='lat' dir='ltr'><strong>Augustali</strong></span> <span class='ocrx_word' id='word_1_215' title='bbox 1522 2972 1877 3053; x_wconf 60' lang='lat' dir='ltr'><strong>conveniunt;</strong></span> <span class='ocrx_word' id='word_1_216' title='bbox 1935 2972 2084 3053; x_wconf 61' lang='lat' dir='ltr'><strong>quod</strong></span> 
     </span>
    </p>
   </div>
   <div class='ocr_carea' id='block_1_31' title="bbox 510 3042 2079 3123">
    <p class='ocr_par' dir='ltr' id='par_1_31' title="bbox 510 3042 2079 3123">
     <span class='ocr_line' id='line_1_31' title="bbox 510 3042 2079 3123; baseline -0.01 -14"><span class='ocrx_word' id='word_1_217' title='bbox 510 3042 699 3123; x_wconf 56' lang='lat' dir='ltr'><strong>asserit</strong></span> <span class='ocrx_word' id='word_1_218' title='bbox 713 3042 1007 3123; x_wconf 60' lang='lat' dir='ltr'><strong>praesertim</strong></span> <span class='ocrx_word' id='word_1_219' title='bbox 1021 3042 1363 3123; x_wconf 58' lang='lat' dir='ltr'><strong>de&#39;Epistoiis</strong></span> <span class='ocrx_word' id='word_1_220' title='bbox 1383 3043 1641 3123; x_wconf 75' lang='lat' dir='ltr'><strong>Origenis.</strong></span> <span class='ocrx_word' id='word_1_221' title='bbox 1654 3043 1906 3123; x_wconf 52' lang='lat' dir='ltr'><strong>“liuetius</strong></span> <span class='ocrx_word' id='word_1_222' title='bbox 2055 3043 2079 3095; x_wconf 87' lang='lat' dir='ltr'><strong>I</strong></span> 
     </span>
    </p>
   </div>
   <div class='ocr_carea' id='block_1_32' title="bbox 510 3111 2086 3204">
    <p class='ocr_par' dir='ltr' id='par_1_32' title="bbox 510 3111 2086 3204">
     <span class='ocr_line' id='line_1_32' title="bbox 510 3111 2086 3204; baseline -0.009 -27"><span class='ocrx_word' id='word_1_223' title='bbox 510 3111 731 3204; x_wconf 57' lang='lat' dir='ltr'><strong>Origen:</strong></span> <span class='ocrx_word' id='word_1_224' title='bbox 753 3137 868 3204; x_wconf 61' lang='lat' dir='ltr'><strong>cap:</strong></span> <span class='ocrx_word' id='word_1_225' title='bbox 976 3135 1120 3172; x_wconf 91' lang='lat' dir='ltr'><strong>num.</strong></span> <span class='ocrx_word' id='word_1_226' title='bbox 1155 3111 1239 3204; x_wconf 66' lang='lat' dir='ltr'><strong>i2,</strong></span> <span class='ocrx_word' id='word_1_227' title='bbox 1258 3111 1568 3204; x_wconf 42' lang='lat' dir='ltr'><strong>.ait‘occulte</strong></span> <span class='ocrx_word' id='word_1_228' title='bbox 1654 3112 1883 3204; x_wconf 59' lang='lat' dir='ltr'><strong>Eabiano</strong></span> <span class='ocrx_word' id='word_1_229' title='bbox 1910 3111 2086 3204; x_wconf 63' lang='lat' dir='ltr'><strong>fuisse</strong></span> 
     </span>
    </p>
   </div>
   <div class='ocr_carea' id='block_1_33' title="bbox 509 3137 2085 3260">
    <p class='ocr_par' dir='ltr' id='par_1_33' title="bbox 509 3137 2085 3260">
     <span class='ocr_line' id='line_1_33' title="bbox 510 3137 2085 3204; baseline -0.01 -26"><span class='ocrx_word' id='word_1_230' title='bbox 510 3137 722 3204; x_wconf 67' lang='lat' dir='ltr'><strong>Ut‘lgen.</strong></span> <span class='ocrx_word' id='word_1_231' title='bbox 753 3138 811 3176; x_wconf 91' lang='lat' dir='ltr'><strong>ca</strong></span> <span class='ocrx_word' id='word_1_232' title='bbox 857 3161 868 3173; x_wconf 95' lang='lat'><strong>.</strong></span> <span class='ocrx_word' id='word_1_233' title='bbox 891 3137 946 3184; x_wconf 75' lang='grc' dir='ltr'><strong>Ζ,</strong></span> <span class='ocrx_word' id='word_1_234' title='bbox 976 3137 1120 3172; x_wconf 90' lang='lat' dir='ltr'><strong>num.</strong></span> <span class='ocrx_word' id='word_1_235' title='bbox 1155 3137 1239 3182; x_wconf 71' lang='lat' dir='ltr'><strong>az,</strong></span> <span class='ocrx_word' id='word_1_236' title='bbox 1268 3137 1340 3169; x_wconf 85' lang='lat' dir='ltr'><strong>alt</strong></span> <span class='ocrx_word' id='word_1_237' title='bbox 1365 3137 1568 3196; x_wconf 60' lang='lat' dir='ltr'><strong>eccum:</strong></span> <span class='ocrx_word' id='word_1_238' title='bbox 1597 3137 1626 3166; x_wconf 76' lang='lat' dir='ltr'><strong>il</strong></span> <span class='ocrx_word' id='word_1_239' title='bbox 1654 3137 1883 3165; x_wconf 65' lang='lat' dir='ltr'><strong>ramum:</strong></span> <span class='ocrx_word' id='word_1_240' title='bbox 1922 3137 2085 3192; x_wconf 69' lang='lat' dir='ltr'><strong>inisse</strong></span> 
     </span>
     <span class='ocr_line' id='line_1_34' title="bbox 509 3137 2085 3260; baseline -0.01 -12"><span class='ocrx_word' id='word_1_241' title='bbox 509 3193 771 3248; x_wconf 79' lang='lat' dir='ltr'><strong>initiatum</strong></span> <span class='ocrx_word' id='word_1_242' title='bbox 813 3137 1109 3260; x_wconf 46' lang='lat' dir='ltr'><strong>Philippum</strong></span> <span class='ocrx_word' id='word_1_243' title='bbox 1148 3185 1442 3260; x_wconf 68' lang='lat' dir='ltr'><strong>Antiochia:</strong></span> <span class='ocrx_word' id='word_1_244' title='bbox 1475 3184 1574 3237; x_wconf 90' lang='lat' dir='ltr'><strong>sub</strong></span> <span class='ocrx_word' id='word_1_245' title='bbox 1601 3182 1826 3260; x_wconf 77' lang='lat' dir='ltr'><strong>Babyla_;</strong></span> <span class='ocrx_word' id='word_1_246' title='bbox 1875 3191 1928 3235; x_wconf 87' lang='lat' dir='ltr'><strong>et</strong></span> <span class='ocrx_word' id='word_1_247' title='bbox 1967 3182 2085 3235; x_wconf 69' lang='grc' dir='ltr'><strong>ιιιοο</strong></span> 
     </span>
    </p>
   </div>
   <div class='ocr_carea' id='block_1_34' title="bbox 511 3251 2086 3329">
    <p class='ocr_par' dir='ltr' id='par_1_34' title="bbox 511 3251 2086 3329">
     <span class='ocr_line' id='line_1_35' title="bbox 511 3251 2086 3329; baseline -0.008 -12"><span class='ocrx_word' id='word_1_248' title='bbox 511 3264 833 3318; x_wconf 89' lang='lat' dir='ltr'><strong>celebratum</strong></span> <span class='ocrx_word' id='word_1_249' title='bbox 859 3276 889 3314; x_wconf 90' lang='lat' dir='ltr'><strong>a</strong></span> <span class='ocrx_word' id='word_1_250' title='bbox 913 3251 1197 3314; x_wconf 74' lang='lat' dir='ltr'><strong>catholicis</strong></span> <span class='ocrx_word' id='word_1_251' title='bbox 1240 3256 1294 3329; x_wconf 91' lang='lat' dir='ltr'><strong>id</strong></span> <span class='ocrx_word' id='word_1_252' title='bbox 1335 3255 1434 3329; x_wconf 66' lang='lat' dir='ltr'><strong>iuit</strong></span> <span class='ocrx_word' id='word_1_253' title='bbox 1457 3295 1480 3329; x_wconf 92' lang='lat'><strong>,_</strong></span> <span class='ocrx_word' id='word_1_254' title='bbox 1505 3268 1609 3306; x_wconf 91' lang='lat' dir='ltr'><strong>non</strong></span> <span class='ocrx_word' id='word_1_255' title='bbox 1639 3251 2014 3329; x_wconf 73' lang='lat' dir='ltr'><strong>reprehensum</strong></span> <span class='ocrx_word' id='word_1_256' title='bbox 2056 3267 2086 3305; x_wconf 90' lang='lat' dir='ltr'><strong>a</strong></span> 
     </span>
    </p>
   </div>
   <div class='ocr_carea' id='block_1_35' title="bbox 547 3320 2086 3399">
    <p class='ocr_par' dir='ltr' id='par_1_35' title="bbox 547 3320 2086 3399">
     <span class='ocr_line' id='line_1_36' title="bbox 547 3320 2086 3399; baseline -0.008 -12"><span class='ocrx_word' id='word_1_257' title='bbox 547 3333 792 3387; x_wconf 85' lang='lat' dir='ltr'><strong>entilibus</strong></span> <span class='ocrx_word' id='word_1_258' title='bbox 815 3373 828 3395; x_wconf 92' lang='lat'><strong>,</strong></span> <span class='ocrx_word' id='word_1_259' title='bbox 871 3331 990 3399; x_wconf 89' lang='lat' dir='ltr'><strong>quia</strong></span> <span class='ocrx_word' id='word_1_260' title='bbox 1012 3344 1103 3383; x_wconf 91' lang='lat' dir='ltr'><strong>eos</strong></span> <span class='ocrx_word' id='word_1_261' title='bbox 1130 3327 1312 3399; x_wconf 49' lang='lat' dir='ltr'><strong>latuit.</strong></span> <span class='ocrx_word' id='word_1_262' title='bbox 1329 3325 1579 3399; x_wconf 81' lang='lat' dir='ltr'><strong>S_u5picor</strong></span> <span class='ocrx_word' id='word_1_263' title='bbox 1598 3322 1896 3399; x_wconf 78' lang='lat' dir='ltr'><strong>amplexum</strong></span> <span class='ocrx_word' id='word_1_264' title='bbox 1923 3320 2086 3399; x_wconf 78' lang='lat' dir='ltr'><strong>fuisse</strong></span> 
     </span>
    </p>
   </div>
   <div class='ocr_carea' id='block_1_36' title="bbox 511 3349 2088 3472">
    <p class='ocr_par' dir='ltr' id='par_1_36' title="bbox 511 3349 2088 3472">
     <span class='ocr_line' id='line_1_37' title="bbox 547 3349 2086 3399; baseline -0.008 -12"><span class='ocrx_word' id='word_1_265' title='bbox 547 3349 792 3387; x_wconf 81' lang='lat' dir='ltr'><strong>entnmus</strong></span> <span class='ocrx_word' id='word_1_266' title='bbox 815 3373 828 3395; x_wconf 88' lang='lat'><strong>,</strong></span> <span class='ocrx_word' id='word_1_267' title='bbox 871 3349 990 3399; x_wconf 76' lang='lat' dir='ltr'><strong>qum</strong></span> <span class='ocrx_word' id='word_1_268' title='bbox 1012 3349 1103 3383; x_wconf 80' lang='lat' dir='ltr'><strong>COS</strong></span> <span class='ocrx_word' id='word_1_269' title='bbox 1131 3349 1298 3382; x_wconf 75' lang='grc' dir='ltr'><strong>ωιυιι.</strong></span> <span class='ocrx_word' id='word_1_270' title='bbox 1331 3349 1579 3392; x_wconf 68' lang='lat' dir='ltr'><strong>Dusptcur</strong></span> <span class='ocrx_word' id='word_1_271' title='bbox 1598 3349 1896 3390; x_wconf 62' lang='grc' dir='ltr'><strong>ειηιμιελυιιι</strong></span> <span class='ocrx_word' id='word_1_272' title='bbox 1923 3349 2086 3375; x_wconf 68' lang='lat' dir='ltr'><strong>sumat:</strong></span> 
     </span>
     <span class='ocr_line' id='line_1_38' title="bbox 511 3349 2088 3472; baseline -0.008 -16"><span class='ocrx_word' id='word_1_273' title='bbox 511 3349 811 3472; x_wconf 41' lang='lat' dir='ltr'><strong>Philippum</strong></span> <span class='ocrx_word' id='word_1_274' title='bbox 831 3400 1184 3472; x_wconf 76' lang='lat' dir='ltr'><strong>Christianam</strong></span> <span class='ocrx_word' id='word_1_275' title='bbox 1206 3397 1561 3472; x_wconf 60' lang='lat' dir='ltr'><strong>Religionem,</strong></span> <span class='ocrx_word' id='word_1_276' title='bbox 1577 3392 1716 3472; x_wconf 77' lang='lat' dir='ltr'><strong>quod</strong></span> <span class='ocrx_word' id='word_1_277' title='bbox 1733 3392 2088 3472; x_wconf 77' lang='lat' dir='ltr'><strong>ei_exprobant</strong></span> 
     </span>
    </p>
   </div>
   <div class='ocr_carea' id='block_1_37' title="bbox 513 3461 2088 3536">
    <p class='ocr_par' dir='ltr' id='par_1_37' title="bbox 513 3461 2088 3536">
     <span class='ocr_line' id='line_1_39' title="bbox 513 3461 2088 3536; baseline -0.006 -13"><span class='ocrx_word' id='word_1_278' title='bbox 513 3461 770 3530; x_wconf 62' lang='lat' dir='ltr'><strong>nonnulli,</strong></span> <span class='ocrx_word' id='word_1_279' title='bbox 800 3469 949 3536; x_wconf 90' lang='lat' dir='ltr'><strong>quasi</strong></span> <span class='ocrx_word' id='word_1_280' title='bbox 976 3469 1052 3520; x_wconf 92' lang='lat' dir='ltr'><strong>sic</strong></span> <span class='ocrx_word' id='word_1_281' title='bbox 1083 3477 1258 3536; x_wconf 88' lang='lat' dir='ltr'><strong>tegere</strong></span> <span class='ocrx_word' id='word_1_282' title='bbox 1284 3461 1463 3536; x_wconf 79' lang='lat' dir='ltr'><strong>posset</strong></span> <span class='ocrx_word' id='word_1_283' title='bbox 1487 3462 1729 3536; x_wconf 79' lang='lat' dir='ltr'><strong>erimina.</strong></span> <span class='ocrx_word' id='word_1_284' title='bbox 1761 3461 2088 3536; x_wconf 82' lang='lat' dir='ltr'><strong>iioc_testan-</strong></span> 
     </span>
    </p>
   </div>
   <div class='ocr_carea' id='block_1_38' title="bbox 514 3531 2082 3608">
    <p class='ocr_par' dir='ltr' id='par_1_38' title="bbox 514 3531 2082 3608">
     <span class='ocr_line' id='line_1_40' title="bbox 514 3531 2082 3608; baseline -0.006 -16"><span class='ocrx_word' id='word_1_285' title='bbox 514 3547 602 3608; x_wconf 88' lang='lat' dir='ltr'><strong>tur</strong></span> <span class='ocrx_word' id='word_1_286' title='bbox 644 3531 837 3608; x_wconf 61' lang='lat' dir='ltr'><strong>praeter</strong></span> <span class='ocrx_word' id='word_1_287' title='bbox 882 3550 1040 3604; x_wconf 87' lang='lat' dir='ltr'><strong>supra</strong></span> <span class='ocrx_word' id='word_1_288' title='bbox 1090 3531 1350 3608; x_wconf 53' lang='lat' dir='ltr'><strong>laudatos</strong></span> <span class='ocrx_word' id='word_1_289' title='bbox 1380 3533 1629 3608; x_wconf 76' lang='lat' dir='ltr'><strong>Leontius</strong></span> <span class='ocrx_word' id='word_1_290' title='bbox 1682 3531 2082 3608; x_wconf 71' lang='lat' dir='ltr'><strong>Antiochenus,</strong></span> 
     </span>
    </p>
   </div>
   <div class='ocr_carea' id='block_1_39' title="bbox 515 3601 2087 3677">
    <p class='ocr_par' dir='ltr' id='par_1_39' title="bbox 515 3601 2087 3677">
     <span class='ocr_line' id='line_1_41' title="bbox 515 3601 2087 3677; baseline -0.004 -16"><span class='ocrx_word' id='word_1_291' title='bbox 515 3601 925 3677; x_wconf 64' lang='lat' dir='ltr'><strong>Chrjsostomus</strong></span> <span class='ocrx_word' id='word_1_292' title='bbox 949 3601 964 3668; x_wconf 66' lang='grc' dir='ltr'><strong>ζ</strong></span> <span class='ocrx_word' id='word_1_293' title='bbox 1009 3612 1062 3656; x_wconf 91' lang='lat' dir='ltr'><strong>et</strong></span> <span class='ocrx_word' id='word_1_294' title='bbox 1083 3611 1266 3677; x_wconf 76' lang='lat' dir='ltr'><strong>auctor</strong></span> <span class='ocrx_word' id='word_1_295' title='bbox 1293 3602 1539 3677; x_wconf 76' lang='lat' dir='ltr'><strong>Chronici</strong></span> <span class='ocrx_word' id='word_1_296' title='bbox 1567 3601 1904 3677; x_wconf 56' lang='lat' dir='ltr'><strong>Alexandrini</strong></span> <span class='ocrx_word' id='word_1_297' title='bbox 1931 3619 1943 3677; x_wconf 67' lang='grc' dir='ltr'>ξ</span> <span class='ocrx_word' id='word_1_298' title='bbox 1993 3601 2087 3677; x_wconf 80' lang='lat' dir='ltr'><strong>sed</strong></span> 
     </span>
    </p>
   </div>
   <div class='ocr_carea' id='block_1_40' title="bbox 515 3671 2083 3741">
    <p class='ocr_par' dir='ltr' id='par_1_40' title="bbox 515 3671 2083 3741">
     <span class='ocr_line' id='line_1_42' title="bbox 515 3671 2083 3741; baseline -0.005 -10"><span class='ocrx_word' id='word_1_299' title='bbox 515 3671 816 3741; x_wconf 65' lang='lat' dir='ltr'><strong>non&#39;plene,</strong></span> <span class='ocrx_word' id='word_1_300' title='bbox 845 3673 967 3727; x_wconf 91' lang='lat' dir='ltr'><strong>hinc</strong></span> <span class='ocrx_word' id='word_1_301' title='bbox 991 3673 1173 3737; x_wconf 87' lang='lat' dir='ltr'><strong>multa,</strong></span> <span class='ocrx_word' id='word_1_302' title='bbox 1197 3686 1312 3741; x_wconf 65' lang='lat' dir='ltr'><strong>qua:</strong></span> <span class='ocrx_word' id='word_1_303' title='bbox 1327 3673 1630 3741; x_wconf 82' lang='lat' dir='ltr'><strong>gentilitatis</strong></span> <span class='ocrx_word' id='word_1_304' title='bbox 1652 3679 1818 3741; x_wconf 89' lang='lat' dir='ltr'><strong>erant,</strong></span> <span class='ocrx_word' id='word_1_305' title='bbox 1849 3671 2083 3736; x_wconf 89' lang='lat' dir='ltr'><strong>retinuit,</strong></span> 
     </span>
    </p>
   </div>
   <div class='ocr_carea' id='block_1_41' title="bbox 516 3740 2086 3812">
    <p class='ocr_par' dir='ltr' id='par_1_41' title="bbox 516 3740 2086 3812">
     <span class='ocr_line' id='line_1_43' title="bbox 516 3740 2086 3812; baseline -0.006 -11"><span class='ocrx_word' id='word_1_306' title='bbox 516 3761 620 3801; x_wconf 91' lang='lat' dir='ltr'><strong>nec</strong></span> <span class='ocrx_word' id='word_1_307' title='bbox 645 3740 803 3798; x_wconf 70' lang='lat' dir='ltr'><strong>iidem</strong></span> <span class='ocrx_word' id='word_1_308' title='bbox 848 3743 901 3796; x_wconf 92' lang='lat' dir='ltr'><strong>in</strong></span> <span class='ocrx_word' id='word_1_309' title='bbox 948 3750 1188 3812; x_wconf 88' lang='lat' dir='ltr'><strong>posteros</strong></span> <span class='ocrx_word' id='word_1_310' title='bbox 1217 3740 1582 3810; x_wconf 78' lang='lat' dir='ltr'><strong>imperatores</strong></span> <span class='ocrx_word' id='word_1_311' title='bbox 1620 3740 1921 3812; x_wconf 81' lang='lat' dir='ltr'><strong>transfodit.</strong></span> <span class='ocrx_word' id='word_1_312' title='bbox 1958 3742 2086 3806; x_wconf 62' lang='lat' dir='ltr'><strong>Quae</strong></span> 
     </span>
    </p>
   </div>
   <div class='ocr_carea' id='block_1_42' title="bbox 516 3811 1780 3882">
    <p class='ocr_par' dir='ltr' id='par_1_42' title="bbox 516 3811 1780 3882">
     <span class='ocr_line' id='line_1_44' title="bbox 516 3811 1780 3882; baseline -0.006 -11"><span class='ocrx_word' id='word_1_313' title='bbox 516 3815 749 3882; x_wconf 86' lang='lat' dir='ltr'><strong>suspicio</strong></span> <span class='ocrx_word' id='word_1_314' title='bbox 775 3811 961 3868; x_wconf 80' lang='lat' dir='ltr'><strong>multis</strong></span> <span class='ocrx_word' id='word_1_315' title='bbox 978 3812 1176 3866; x_wconf 81' lang='lat' dir='ltr'><strong>firmari</strong></span> <span class='ocrx_word' id='word_1_316' title='bbox 1203 3819 1381 3882; x_wconf 89' lang='lat' dir='ltr'><strong>posset</strong></span> <span class='ocrx_word' id='word_1_317' title='bbox 1406 3811 1780 3882; x_wconf 78' lang='lat' dir='ltr'><strong>monumentis.</strong></span> 
     </span>
    </p>
   </div>
   <div class='ocr_carea' id='block_1_43' title="bbox 589 3879 2086 4001">
    <p class='ocr_par' dir='ltr' id='par_1_43' title="bbox 589 3879 2086 4001">
     <span class='ocr_line' id='line_1_45' title="bbox 589 3879 2086 4001; baseline -0.005 -62"><span class='ocrx_word' id='word_1_318' title='bbox 589 3879 664 3956; x_wconf 81' lang='grc'><strong>(1)</strong></span> <span class='ocrx_word' id='word_1_319' title='bbox 705 3884 958 3947; x_wconf 82' lang='lat' dir='ltr'><strong>Valesius,</strong></span> <span class='ocrx_word' id='word_1_320' title='bbox 978 3891 1031 3937; x_wconf 89' lang='lat' dir='ltr'><strong>et</strong></span> <span class='ocrx_word' id='word_1_321' title='bbox 1053 3890 1168 3951; x_wconf 92' lang='lat' dir='ltr'><strong>post</strong></span> <span class='ocrx_word' id='word_1_322' title='bbox 1194 3879 1338 3935; x_wconf 85' lang='lat' dir='ltr'><strong>illum</strong></span> <span class='ocrx_word' id='word_1_323' title='bbox 1361 3882 1577 3936; x_wconf 85' lang='lat' dir='ltr'><strong>Huetius</strong></span> <span class='ocrx_word' id='word_1_324' title='bbox 1598 3897 1662 3934; x_wconf 83' lang='lat' dir='ltr'><strong>ex</strong></span> <span class='ocrx_word' id='word_1_325' title='bbox 1684 3880 1784 3934; x_wconf 92' lang='lat' dir='ltr'><strong>hoc</strong></span> <span class='ocrx_word' id='word_1_326' title='bbox 1809 3879 2086 4001; x_wconf 53' lang='lat' dir='ltr'><strong>Porphgii</strong></span> 
     </span>
     <span class='ocr_line' id='line_1_46' title="bbox 589 3950 2086 4001; baseline 0 0"><span class='ocrx_word' id='word_1_327' title='bbox 589 3955 1067 4001; x_wconf 73' lang='lat' dir='ltr'><strong>nimnnininl‘emnt</strong></span> <span class='ocrx_word' id='word_1_328' title='bbox 1113 3952 1245 4001; x_wconf 87' lang='lat' dir='ltr'><strong>dnns</strong></span> <span class='ocrx_word' id='word_1_329' title='bbox 1288 3953 1552 4001; x_wconf 77' lang='lat' dir='ltr'><strong>exstitisse</strong></span> <span class='ocrx_word' id='word_1_330' title='bbox 1590 3950 1864 4001; x_wconf 75' lang='lat' dir='ltr'><strong>Origenes.</strong></span> <span class='ocrx_word' id='word_1_331' title='bbox 1903 3963 1986 4000; x_wconf 91' lang='lat' dir='ltr'><strong>am</strong></span> <span class='ocrx_word' id='word_1_332' title='bbox 2061 3960 2086 4001; x_wconf 89' lang='lat' dir='ltr'><strong>s</strong></span> 
     </span>
    </p>
   </div>
   <div class='ocr_carea' id='block_1_44' title="bbox 517 3950 2087 4016">
    <p class='ocr_par' dir='ltr' id='par_1_44' title="bbox 517 3950 2087 4016">
     <span class='ocr_line' id='line_1_47' title="bbox 517 3950 2087 4016; baseline -0.006 -5"><span class='ocrx_word' id='word_1_333' title='bbox 517 3950 817 4011; x_wconf 80' lang='lat' dir='ltr'><strong>testimonio</strong></span> <span class='ocrx_word' id='word_1_334' title='bbox 837 3950 1067 4008; x_wconf 83' lang='lat' dir='ltr'><strong>inferunt</strong></span> <span class='ocrx_word' id='word_1_335' title='bbox 1113 3952 1245 4006; x_wconf 89' lang='lat' dir='ltr'><strong>duos</strong></span> <span class='ocrx_word' id='word_1_336' title='bbox 1288 3953 1552 4005; x_wconf 75' lang='lat' dir='ltr'><strong>exstitisse</strong></span> <span class='ocrx_word' id='word_1_337' title='bbox 1590 3950 1864 4016; x_wconf 83' lang='lat' dir='ltr'><strong>Origenes,</strong></span> <span class='ocrx_word' id='word_1_338' title='bbox 1903 3950 2087 4001; x_wconf 88' lang='lat' dir='ltr'><strong>ambos</strong></span> 
     </span>
    </p>
   </div>
   <div class='ocr_carea' id='block_1_45' title="bbox 517 4017 2087 4093">
    <p class='ocr_par' dir='ltr' id='par_1_45' title="bbox 517 4017 2087 4093">
     <span class='ocr_line' id='line_1_48' title="bbox 517 4017 2087 4093; baseline -0.006 -13"><span class='ocrx_word' id='word_1_339' title='bbox 517 4025 781 4081; x_wconf 79' lang='lat' dir='ltr'><strong>Ammonii</strong></span> <span class='ocrx_word' id='word_1_340' title='bbox 807 4024 1092 4093; x_wconf 89' lang='lat' dir='ltr'><strong>discipulos</strong></span> <span class='ocrx_word' id='word_1_341' title='bbox 1117 4041 1129 4075; x_wconf 89' lang='lat'>:</span> <span class='ocrx_word' id='word_1_342' title='bbox 1159 4032 1396 4093; x_wconf 86' lang='lat' dir='ltr'><strong>nostrum</strong></span> <span class='ocrx_word' id='word_1_343' title='bbox 1415 4063 1429 4083; x_wconf 89' lang='lat'><strong>,</strong></span> <span class='ocrx_word' id='word_1_344' title='bbox 1458 4021 1547 4093; x_wconf 84' lang='lat' dir='ltr'><strong>qui</strong></span> <span class='ocrx_word' id='word_1_345' title='bbox 1573 4018 1726 4093; x_wconf 77' lang='lat' dir='ltr'><strong>vulgo</strong></span> <span class='ocrx_word' id='word_1_346' title='bbox 1747 4017 2087 4093; x_wconf 82' lang='lat' dir='ltr'><strong>Adamantius</strong></span> 
     </span>
    </p>
   </div>
   <div class='ocr_carea' id='block_1_46' title="bbox 515 4087 2089 4162">
    <p class='ocr_par' dir='ltr' id='par_1_46' title="bbox 515 4087 2089 4162">
     <span class='ocr_line' id='line_1_49' title="bbox 515 4087 2089 4162; baseline -0.006 -12"><span class='ocrx_word' id='word_1_347' title='bbox 515 4105 599 4150; x_wconf 91' lang='lat' dir='ltr'><strong>est</strong></span> <span class='ocrx_word' id='word_1_348' title='bbox 616 4095 805 4159; x_wconf 90' lang='lat' dir='ltr'><strong>dictus,</strong></span> <span class='ocrx_word' id='word_1_349' title='bbox 830 4095 898 4147; x_wconf 92' lang='lat' dir='ltr'><strong>de</strong></span> <span class='ocrx_word' id='word_1_350' title='bbox 912 4087 1016 4162; x_wconf 76' lang='lat' dir='ltr'><strong>quo</strong></span> <span class='ocrx_word' id='word_1_351' title='bbox 1037 4091 1356 4162; x_wconf 75' lang='lat' dir='ltr'><strong>Porphyrius</strong></span> <span class='ocrx_word' id='word_1_352' title='bbox 1378 4087 1535 4142; x_wconf 88' lang='lat' dir='ltr'><strong>tradit</strong></span> <span class='ocrx_word' id='word_1_353' title='bbox 1549 4087 1764 4141; x_wconf 87' lang='lat' dir='ltr'><strong>multam</strong></span> <span class='ocrx_word' id='word_1_354' title='bbox 1778 4102 1856 4162; x_wconf 48' lang='lat' dir='ltr'><strong>“ex</strong></span> <span class='ocrx_word' id='word_1_355' title='bbox 1879 4088 2089 4162; x_wconf 73' lang='lat' dir='ltr'><strong>scriptis</strong></span> 
     </span>
    </p>
   </div>
   <div class='ocr_carea' id='block_1_47' title="bbox 515 4157 2088 4234">
    <p class='ocr_par' dir='ltr' id='par_1_47' title="bbox 515 4157 2088 4234">
     <span class='ocr_line' id='line_1_50' title="bbox 515 4157 2088 4234; baseline -0.006 -15"><span class='ocrx_word' id='word_1_356' title='bbox 515 4165 653 4234; x_wconf 89' lang='lat' dir='ltr'><strong>apud</strong></span> <span class='ocrx_word' id='word_1_357' title='bbox 679 4157 917 4234; x_wconf 79' lang='lat' dir='ltr'><strong>posteros</strong></span> <span class='ocrx_word' id='word_1_358' title='bbox 930 4157 1157 4231; x_wconf 60' lang='lat' dir='ltr'><strong>&#39;gloriani</strong></span> <span class='ocrx_word' id='word_1_359' title='bbox 1176 4157 1338 4234; x_wconf 72' lang='lat' dir='ltr'><strong>fuisse</strong></span> <span class='ocrx_word' id='word_1_360' title='bbox 1363 4166 1722 4234; x_wconf 41' lang='lat' dir='ltr'><strong>consecutum“,</strong></span> <span class='ocrx_word' id='word_1_361' title='bbox 1748 4157 1949 4234; x_wconf 66' lang='lat' dir='ltr'><strong>sibique</strong></span> <span class='ocrx_word' id='word_1_362' title='bbox 1969 4157 2088 4234; x_wconf 81' lang='lat' dir='ltr'><strong>ado-</strong></span> 
     </span>
    </p>
   </div>
   <div class='ocr_carea' id='block_1_48' title="bbox 515 4226 2083 4296">
    <p class='ocr_par' dir='ltr' id='par_1_48' title="bbox 515 4226 2083 4296">
     <span class='ocr_line' id='line_1_51' title="bbox 515 4226 2083 4296; baseline -0.006 -7"><span class='ocrx_word' id='word_1_363' title='bbox 515 4226 737 4289; x_wconf 71' lang='lat' dir='ltr'><strong>lescenti</strong></span> <span class='ocrx_word' id='word_1_364' title='bbox 761 4232 912 4286; x_wconf 86' lang='lat' dir='ltr'><strong>valde</strong></span> <span class='ocrx_word' id='word_1_365' title='bbox 932 4226 1148 4294; x_wconf 75' lang='lat' dir='ltr'><strong>notum;</strong></span> <span class='ocrx_word' id='word_1_366' title='bbox 1178 4231 1402 4283; x_wconf 89' lang='lat' dir='ltr'><strong>alterum</strong></span> <span class='ocrx_word' id='word_1_367' title='bbox 1427 4243 1552 4281; x_wconf 90' lang='lat' dir='ltr'><strong>vero</strong></span> <span class='ocrx_word' id='word_1_368' title='bbox 1577 4227 1664 4296; x_wconf 90' lang='lat' dir='ltr'><strong>qui</strong></span> <span class='ocrx_word' id='word_1_369' title='bbox 1690 4227 1786 4280; x_wconf 86' lang='lat' dir='ltr'><strong>fuit</strong></span> <span class='ocrx_word' id='word_1_370' title='bbox 1814 4226 2083 4294; x_wconf 79' lang='lat' dir='ltr'><strong>I&#39;lerennii,</strong></span> 
     </span>
    </p>
   </div>
   <div class='ocr_carea' id='block_1_49' title="bbox 515 4297 2086 4366">
    <p class='ocr_par' dir='ltr' id='par_1_49' title="bbox 515 4297 2086 4366">
     <span class='ocr_line' id='line_1_52' title="bbox 515 4297 2086 4366; baseline -0.005 -7"><span class='ocrx_word' id='word_1_371' title='bbox 515 4313 570 4359; x_wconf 91' lang='lat' dir='ltr'><strong>ct</strong></span> <span class='ocrx_word' id='word_1_372' title='bbox 612 4303 803 4357; x_wconf 89' lang='lat' dir='ltr'><strong>Plotini</strong></span> <span class='ocrx_word' id='word_1_373' title='bbox 844 4299 1264 4366; x_wconf 87' lang='lat' dir='ltr'><strong>condiscipulus,</strong></span> <span class='ocrx_word' id='word_1_374' title='bbox 1318 4298 1386 4352; x_wconf 91' lang='lat' dir='ltr'><strong>de</strong></span> <span class='ocrx_word' id='word_1_375' title='bbox 1411 4312 1516 4366; x_wconf 91' lang='lat' dir='ltr'><strong>quo</strong></span> <span class='ocrx_word' id='word_1_376' title='bbox 1543 4297 1788 4366; x_wconf 85' lang='lat' dir='ltr'><strong>frequens</strong></span> <span class='ocrx_word' id='word_1_377' title='bbox 1809 4297 2006 4349; x_wconf 89' lang='lat' dir='ltr'><strong>mentio</strong></span> <span class='ocrx_word' id='word_1_378' title='bbox 2033 4299 2086 4351; x_wconf 92' lang='lat' dir='ltr'><strong>in</strong></span> 
     </span>
    </p>
   </div>
   <div class='ocr_carea' id='block_1_50' title="bbox 515 4366 2087 4437">
    <p class='ocr_par' dir='ltr' id='par_1_50' title="bbox 515 4366 2087 4437">
     <span class='ocr_line' id='line_1_53' title="bbox 515 4366 2087 4437; baseline -0.004 -10"><span class='ocrx_word' id='word_1_379' title='bbox 515 4375 624 4428; x_wconf 83' lang='lat' dir='ltr'><strong>vita</strong></span> <span class='ocrx_word' id='word_1_380' title='bbox 659 4372 850 4426; x_wconf 90' lang='lat' dir='ltr'><strong>Plotini</strong></span> <span class='ocrx_word' id='word_1_381' title='bbox 896 4371 962 4424; x_wconf 91' lang='lat' dir='ltr'><strong>ab</strong></span> <span class='ocrx_word' id='word_1_382' title='bbox 1005 4366 1193 4424; x_wconf 85' lang='lat' dir='ltr'><strong>eodem</strong></span> <span class='ocrx_word' id='word_1_383' title='bbox 1236 4367 1530 4437; x_wconf 84' lang='lat' dir='ltr'><strong>Porphyrio</strong></span> <span class='ocrx_word' id='word_1_384' title='bbox 1568 4369 1804 4437; x_wconf 79' lang='lat' dir='ltr'><strong>scripta;</strong></span> <span class='ocrx_word' id='word_1_385' title='bbox 1834 4366 2087 4437; x_wconf 64' lang='lat' dir='ltr'><strong>nihilque</strong></span> 
     </span>
    </p>
   </div>
   <div class='ocr_carea' id='block_1_51' title="bbox 553 4435 2087 4507">
    <p class='ocr_par' dir='ltr' id='par_1_51' title="bbox 553 4435 2087 4507">
     <span class='ocr_line' id='line_1_54' title="bbox 553 4435 2087 4507; baseline -0.005 -10"><span class='ocrx_word' id='word_1_386' title='bbox 553 4451 848 4497; x_wconf 88' lang='lat' dir='ltr'><strong>osterorum</strong></span> <span class='ocrx_word' id='word_1_387' title='bbox 907 4439 1178 4494; x_wconf 84' lang='lat' dir='ltr'><strong>memoriae</strong></span> <span class='ocrx_word' id='word_1_388' title='bbox 1232 4435 1441 4507; x_wconf 79' lang='lat' dir='ltr'><strong>reliquit</strong></span> <span class='ocrx_word' id='word_1_389' title='bbox 1492 4446 1692 4507; x_wconf 16' lang='lat' dir='ltr'><strong>przetcri</strong></span> <span class='ocrx_word' id='word_1_390' title='bbox 1728 4435 1960 4507; x_wconf 86' lang='lat' dir='ltr'><strong>libellum</strong></span> <span class='ocrx_word' id='word_1_391' title='bbox 2001 4436 2087 4507; x_wconf 17' lang='lat' dir='ltr'><strong>ide</strong></span> 
     </span>
    </p>
   </div>
   <div class='ocr_carea' id='block_1_52' title="bbox 515 4457 2085 4579">
    <p class='ocr_par' dir='ltr' id='par_1_52' title="bbox 515 4457 2085 4579">
     <span class='ocr_line' id='line_1_55' title="bbox 553 4457 2085 4507; baseline -0.005 -10"><span class='ocrx_word' id='word_1_392' title='bbox 553 4457 848 4497; x_wconf 82' lang='lat' dir='ltr'><strong>OSterorum</strong></span> <span class='ocrx_word' id='word_1_393' title='bbox 907 4457 1178 4494; x_wconf 73' lang='lat' dir='ltr'><strong>memoria:</strong></span> <span class='ocrx_word' id='word_1_394' title='bbox 1232 4457 1441 4507; x_wconf 77' lang='lat' dir='ltr'><strong>reliquu.</strong></span> <span class='ocrx_word' id='word_1_395' title='bbox 1492 4457 1682 4506; x_wconf 54' lang='lat' dir='ltr'><strong>praeter</strong></span> <span class='ocrx_word' id='word_1_396' title='bbox 1728 4457 1960 4488; x_wconf 72' lang='lat' dir='ltr'><strong>noenum</strong></span> <span class='ocrx_word' id='word_1_397' title='bbox 2020 4457 2085 4489; x_wconf 76' lang='lat' dir='ltr'><strong>ut:</strong></span> 
     </span>
     <span class='ocr_line' id='line_1_56' title="bbox 515 4457 2085 4579; baseline -0.006 -12"><span class='ocrx_word' id='word_1_398' title='bbox 515 4457 854 4567; x_wconf 61' lang='lat' dir='ltr'><strong>Baemonibus</strong></span> <span class='ocrx_word' id='word_1_399' title='bbox 876 4551 890 4574; x_wconf 90' lang='lat'><strong>,</strong></span> <span class='ocrx_word' id='word_1_400' title='bbox 933 4519 991 4563; x_wconf 92' lang='lat' dir='ltr'><strong>ut</strong></span> <span class='ocrx_word' id='word_1_401' title='bbox 1021 4517 1227 4564; x_wconf 87' lang='lat' dir='ltr'><strong>constat</strong></span> <span class='ocrx_word' id='word_1_402' title='bbox 1264 4523 1329 4562; x_wconf 91' lang='lat' dir='ltr'><strong>ex</strong></span> <span class='ocrx_word' id='word_1_403' title='bbox 1370 4507 1623 4579; x_wconf 77' lang='lat' dir='ltr'><strong>Longino.</strong></span> <span class='ocrx_word' id='word_1_404' title='bbox 1655 4505 1773 4559; x_wconf 87' lang='lat' dir='ltr'><strong>Fuit</strong></span> <span class='ocrx_word' id='word_1_405' title='bbox 1797 4513 1972 4579; x_wconf 79' lang='lat' dir='ltr'><strong>autem</strong></span> <span class='ocrx_word' id='word_1_406' title='bbox 2000 4506 2085 4579; x_wconf 86' lang='lat' dir='ltr'><strong>hic</strong></span> 
     </span>
    </p>
   </div>
   <div class='ocr_carea' id='block_1_53' title="bbox 517 4576 2086 4651">
    <p class='ocr_par' dir='ltr' id='par_1_53' title="bbox 517 4576 2086 4651">
     <span class='ocr_line' id='line_1_57' title="bbox 517 4576 2086 4651; baseline -0.004 -15"><span class='ocrx_word' id='word_1_407' title='bbox 517 4581 927 4651; x_wconf 89' lang='lat' dir='ltr'><strong>condiscipulus,</strong></span> <span class='ocrx_word' id='word_1_408' title='bbox 950 4587 1004 4634; x_wconf 90' lang='lat' dir='ltr'><strong>et</strong></span> <span class='ocrx_word' id='word_1_409' title='bbox 1022 4580 1235 4648; x_wconf 72' lang='lat' dir='ltr'><strong>aequalis</strong></span> <span class='ocrx_word' id='word_1_410' title='bbox 1263 4577 1539 4651; x_wconf 72' lang='lat' dir='ltr'><strong>Porphyrii</strong></span> <span class='ocrx_word' id='word_1_411' title='bbox 1561 4577 1762 4651; x_wconf 78' lang='lat' dir='ltr'><strong>Romae,</strong></span> <span class='ocrx_word' id='word_1_412' title='bbox 1786 4576 1829 4629; x_wconf 90' lang='lat' dir='ltr'><strong>si</strong></span> <span class='ocrx_word' id='word_1_413' title='bbox 1849 4576 2086 4644; x_wconf 86' lang='lat' dir='ltr'><strong>Eunapio</strong></span> 
     </span>
    </p>
   </div>
   <div class='ocr_carea' id='block_1_54' title="bbox 518 4646 2086 4717">
    <p class='ocr_par' dir='ltr' id='par_1_54' title="bbox 518 4646 2086 4717">
     <span class='ocr_line' id='line_1_58' title="bbox 518 4646 2086 4717; baseline -0.006 -11"><span class='ocrx_word' id='word_1_414' title='bbox 518 4651 670 4706; x_wconf 84' lang='lat' dir='ltr'><strong>ﬁdes.</strong></span> <span class='ocrx_word' id='word_1_415' title='bbox 712 4646 905 4705; x_wconf 78' lang='lat' dir='ltr'><strong>Verum</strong></span> <span class='ocrx_word' id='word_1_416' title='bbox 928 4692 943 4716; x_wconf 94' lang='lat'><strong>,</strong></span> <span class='ocrx_word' id='word_1_417' title='bbox 993 4657 1051 4703; x_wconf 93' lang='lat' dir='ltr'><strong>ut</strong></span> <span class='ocrx_word' id='word_1_418' title='bbox 1087 4646 1361 4717; x_wconf 83' lang='lat' dir='ltr'><strong>utriusque</strong></span> <span class='ocrx_word' id='word_1_419' title='bbox 1379 4646 1616 4717; x_wconf 84' lang='lat' dir='ltr'><strong>Origenis</strong></span> <span class='ocrx_word' id='word_1_420' title='bbox 1650 4646 2086 4717; x_wconf 15' lang='lat' dir='ltr'><strong>latumiapparcat</strong></span> 
     </span>
    </p>
   </div>
   <div class='ocr_carea' id='block_1_55' title="bbox 520 4664 2084 4788">
    <p class='ocr_par' dir='ltr' id='par_1_55' title="bbox 520 4664 2084 4788">
     <span class='ocr_line' id='line_1_59' title="bbox 520 4664 2084 4769; baseline -0.006 -63"><span class='ocrx_word' id='word_1_421' title='bbox 520 4664 670 4706; x_wconf 78' lang='lat' dir='ltr'><strong>mles.</strong></span> <span class='ocrx_word' id='word_1_422' title='bbox 717 4664 905 4705; x_wconf 84' lang='lat' dir='ltr'><strong>verum</strong></span> <span class='ocrx_word' id='word_1_423' title='bbox 928 4692 943 4716; x_wconf 95' lang='lat'><strong>,</strong></span> <span class='ocrx_word' id='word_1_424' title='bbox 993 4664 1051 4703; x_wconf 84' lang='lat' dir='ltr'><strong>ut</strong></span> <span class='ocrx_word' id='word_1_425' title='bbox 1093 4664 1361 4717; x_wconf 78' lang='lat' dir='ltr'><strong>Utriusque</strong></span> <span class='ocrx_word' id='word_1_426' title='bbox 1379 4664 1616 4769; x_wconf 52' lang='lat' dir='ltr'><strong>urigems</strong></span> <span class='ocrx_word' id='word_1_427' title='bbox 1650 4664 1809 4698; x_wconf 84' lang='lat' dir='ltr'><strong>latum</strong></span> <span class='ocrx_word' id='word_1_428' title='bbox 1838 4664 2084 4713; x_wconf 83' lang='lat' dir='ltr'><strong>appareat</strong></span> 
     </span>
     <span class='ocr_line' id='line_1_60' title="bbox 520 4715 2084 4788; baseline -0.004 -14"><span class='ocrx_word' id='word_1_429' title='bbox 520 4720 801 4774; x_wconf 89' lang='lat' dir='ltr'><strong>discrimen</strong></span> <span class='ocrx_word' id='word_1_430' title='bbox 825 4763 839 4786; x_wconf 96' lang='lat'><strong>,</strong></span> <span class='ocrx_word' id='word_1_431' title='bbox 869 4726 1076 4788; x_wconf 84' lang='lat' dir='ltr'><strong>Oportet</strong></span> <span class='ocrx_word' id='word_1_432' title='bbox 1110 4717 1385 4772; x_wconf 86' lang='lat' dir='ltr'><strong>advertere</strong></span> <span class='ocrx_word' id='word_1_433' title='bbox 1410 4718 1450 4769; x_wconf 83' lang='lat' dir='ltr'><strong>A</strong></span> <span class='ocrx_word' id='word_1_434' title='bbox 1475 4717 1778 4788; x_wconf 83' lang='lat' dir='ltr'><strong>amantium</strong></span> <span class='ocrx_word' id='word_1_435' title='bbox 1818 4715 2084 4788; x_wconf 87' lang='lat' dir='ltr'><strong>imperan-</strong></span> 
     </span>
    </p>
   </div>
   <div class='ocr_carea' id='block_1_56' title="bbox 520 4786 2084 4844">
    <p class='ocr_par' dir='ltr' id='par_1_56' title="bbox 520 4786 2084 4844">
     <span class='ocr_line' id='line_1_61' title="bbox 520 4786 2084 4844; baseline -0.004 0"><span class='ocrx_word' id='word_1_436' title='bbox 520 4789 663 4844; x_wconf 90' lang='lat' dir='ltr'><strong>tibus</strong></span> <span class='ocrx_word' id='word_1_437' title='bbox 689 4788 836 4844; x_wconf 89' lang='lat' dir='ltr'><strong>Gallo</strong></span> <span class='ocrx_word' id='word_1_438' title='bbox 855 4786 1209 4843; x_wconf 76' lang='lat' dir='ltr'><strong>etVolusiano</strong></span> <span class='ocrx_word' id='word_1_439' title='bbox 1237 4803 1301 4840; x_wconf 86' lang='lat' dir='ltr'><strong>ex</strong></span> <span class='ocrx_word' id='word_1_440' title='bbox 1331 4787 1557 4840; x_wconf 85' lang='lat' dir='ltr'><strong>Eusebio</strong></span> <span class='ocrx_word' id='word_1_441' title='bbox 1578 4786 1772 4840; x_wconf 89' lang='lat' dir='ltr'><strong>obiisse</strong></span> <span class='ocrx_word' id='word_1_442' title='bbox 1802 4803 1814 4836; x_wconf 91' lang='lat'><strong>:</strong></span> <span class='ocrx_word' id='word_1_443' title='bbox 1861 4786 2084 4838; x_wconf 87' lang='lat' dir='ltr'><strong>alterum</strong></span> 
     </span>
    </p>
   </div>
   <div class='ocr_carea' id='block_1_57' title="bbox 522 4855 2085 4928">
    <p class='ocr_par' dir='ltr' id='par_1_57' title="bbox 522 4855 2085 4928">
     <span class='ocr_line' id='line_1_62' title="bbox 522 4855 2085 4928; baseline -0.004 -15"><span class='ocrx_word' id='word_1_444' title='bbox 522 4871 651 4915; x_wconf 86' lang='lat' dir='ltr'><strong>vero</strong></span> <span class='ocrx_word' id='word_1_445' title='bbox 677 4875 744 4914; x_wconf 83' lang='lat' dir='ltr'><strong>ex</strong></span> <span class='ocrx_word' id='word_1_446' title='bbox 770 4859 1062 4928; x_wconf 88' lang='lat' dir='ltr'><strong>Porphyrio</strong></span> <span class='ocrx_word' id='word_1_447' title='bbox 1083 4857 1135 4909; x_wconf 91' lang='lat' dir='ltr'><strong>in</strong></span> <span class='ocrx_word' id='word_1_448' title='bbox 1161 4857 1266 4928; x_wconf 82' lang='lat' dir='ltr'><strong>vita</strong></span> <span class='ocrx_word' id='word_1_449' title='bbox 1287 4856 1474 4928; x_wconf 76' lang='lat' dir='ltr'><strong>Plotini</strong></span> <span class='ocrx_word' id='word_1_450' title='bbox 1498 4856 1595 4909; x_wconf 90' lang='lat' dir='ltr'><strong>sub</strong></span> <span class='ocrx_word' id='word_1_451' title='bbox 1620 4855 1857 4910; x_wconf 88' lang='lat' dir='ltr'><strong>Gallieno</strong></span> <span class='ocrx_word' id='word_1_452' title='bbox 1883 4855 1934 4907; x_wconf 93' lang='lat' dir='ltr'><strong>in</strong></span> <span class='ocrx_word' id='word_1_453' title='bbox 1954 4855 2085 4908; x_wconf 80' lang='lat' dir='ltr'><strong>vivis</strong></span> 
     </span>
    </p>
   </div>
   <div class='ocr_carea' id='block_1_58' title="bbox 517 4925 1654 4995">
    <p class='ocr_par' dir='ltr' id='par_1_58' title="bbox 517 4925 1654 4995">
     <span class='ocr_line' id='line_1_63' title="bbox 517 4925 1654 4995; baseline -0.008 -9"><span class='ocrx_word' id='word_1_454' title='bbox 517 4928 702 4994; x_wconf 79' lang='lat' dir='ltr'><strong>fuisse,</strong></span> <span class='ocrx_word' id='word_1_455' title='bbox 733 4943 796 4982; x_wconf 90' lang='lat' dir='ltr'><strong>ac</strong></span> <span class='ocrx_word' id='word_1_456' title='bbox 813 4925 1003 4982; x_wconf 76' lang='lat' dir='ltr'><strong>librum</strong></span> <span class='ocrx_word' id='word_1_457' title='bbox 1030 4925 1324 4995; x_wconf 13' lang='lat' dir='ltr'><strong>quemdam,</strong></span> <span class='ocrx_word' id='word_1_458' title='bbox 1339 4925 1654 4979; x_wconf 83' lang='lat' dir='ltr'><strong>elaborasse.</strong></span> 
     </span>
    </p>
   </div>
   <div class='ocr_carea' id='block_1_59' title="bbox 595 4994 2086 5079">
    <p class='ocr_par' dir='ltr' id='par_1_59' title="bbox 595 4994 2086 5079">
     <span class='ocr_line' id='line_1_64' title="bbox 595 4994 2086 5079; baseline -0.004 -27"><span class='ocrx_word' id='word_1_459' title='bbox 595 4998 673 5079; x_wconf 59' lang='grc' dir='ltr'><strong>(ἓξ</strong></span> <span class='ocrx_word' id='word_1_460' title='bbox 709 4996 837 5078; x_wconf 75' lang='lat' dir='ltr'><strong>Qua:</strong></span> <span class='ocrx_word' id='word_1_461' title='bbox 858 4994 1062 5079; x_wconf 38' lang='lat' dir='ltr'><strong>fuerint&quot;</strong></span> <span class='ocrx_word' id='word_1_462' title='bbox 1080 4995 1194 5079; x_wconf 70' lang='lat' dir='ltr'><strong>hmo</strong></span> <span class='ocrx_word' id='word_1_463' title='bbox 1217 4994 1845 5079; x_wconf 36' lang='lat' dir='ltr'><strong>Scripturarumlcapitjuqla</strong></span> <span class='ocrx_word' id='word_1_464' title='bbox 1873 4994 2086 5079; x_wconf 69' lang='lat' dir='ltr'><strong>exponit</strong></span> 
     </span>
    </p>
   </div>
   <div class='ocr_carea' id='block_1_60' title="bbox 520 5063 2083 5147">
    <p class='ocr_par' dir='ltr' id='par_1_60' title="bbox 520 5063 2083 5147">
     <span class='ocr_line' id='line_1_65' title="bbox 520 5063 2083 5147; baseline -0.004 -25"><span class='ocrx_word' id='word_1_465' title='bbox 520 5063 844 5147; x_wconf 72' lang='lat' dir='ltr'><strong>Epiphanius</strong></span> <span class='ocrx_word' id='word_1_466' title='bbox 888 5067 952 5146; x_wconf 42' lang='lat' dir='ltr'><strong>in.</strong></span> <span class='ocrx_word' id='word_1_467' title='bbox 979 5063 1283 5147; x_wconf 51' lang='lat' dir='ltr'><strong>Anch&#39;oratu</strong></span> <span class='ocrx_word' id='word_1_468' title='bbox 1325 5078 1529 5144; x_wconf 80' lang='lat' dir='ltr'><strong>numer.</strong></span> <span class='ocrx_word' id='word_1_469' title='bbox 1653 5072 1706 5117; x_wconf 90' lang='lat' dir='ltr'><strong>et</strong></span> <span class='ocrx_word' id='word_1_470' title='bbox 1739 5064 1830 5147; x_wconf 52' lang='lat'><strong>£2,</strong></span> <span class='ocrx_word' id='word_1_471' title='bbox 1871 5063 2083 5147; x_wconf 67' lang='lat' dir='ltr'><strong>exordia</strong></span> 
     </span>
    </p>
   </div>
   <div class='ocr_carea' id='block_1_61' title="bbox 519 5132 2084 5202">
    <p class='ocr_par' dir='ltr' id='par_1_61' title="bbox 519 5132 2084 5202">
     <span class='ocr_line' id='line_1_66' title="bbox 519 5132 2084 5202; baseline -0.004 -11"><span class='ocrx_word' id='word_1_472' title='bbox 519 5132 725 5191; x_wconf 76' lang='lat' dir='ltr'><strong>scilicet</strong></span> <span class='ocrx_word' id='word_1_473' title='bbox 765 5135 985 5190; x_wconf 88' lang='lat' dir='ltr'><strong>Genesis</strong></span> <span class='ocrx_word' id='word_1_474' title='bbox 1015 5152 1027 5187; x_wconf 91' lang='lat'>:</span> <span class='ocrx_word' id='word_1_475' title='bbox 1077 5153 1095 5185; x_wconf 85' lang='grc'><em>‹</em></span> <span class='ocrx_word' id='word_1_476' title='bbox 1127 5133 1368 5202; x_wconf 89' lang='lat' dir='ltr'><strong>Plerique</strong></span> <span class='ocrx_word' id='word_1_477' title='bbox 1393 5174 1406 5198; x_wconf 92' lang='lat'><strong>,</strong></span> <span class='ocrx_word' id='word_1_478' title='bbox 1456 5133 1659 5202; x_wconf 88' lang='lat' dir='ltr'><strong>inquit,</strong></span> <span class='ocrx_word' id='word_1_479' title='bbox 1706 5132 1981 5202; x_wconf 80' lang='lat' dir='ltr'><strong>allegorice</strong></span> <span class='ocrx_word' id='word_1_480' title='bbox 2019 5133 2084 5185; x_wconf 90' lang='lat' dir='ltr'><strong>de</strong></span> 
     </span>
    </p>
   </div>
   <div class='ocr_carea' id='block_1_62' title="bbox 527 5200 2084 5272">
    <p class='ocr_par' dir='ltr' id='par_1_62' title="bbox 527 5200 2084 5272">
     <span class='ocr_line' id='line_1_67' title="bbox 527 5200 2084 5272; baseline -0.003 -14"><span class='ocrx_word' id='word_1_481' title='bbox 527 5225 547 5258; x_wconf 75' lang='grc' dir='ltr'><strong>ε</strong></span> <span class='ocrx_word' id='word_1_482' title='bbox 575 5204 824 5260; x_wconf 91' lang='lat' dir='ltr'><strong>Paradiso</strong></span> <span class='ocrx_word' id='word_1_483' title='bbox 867 5205 1134 5272; x_wconf 91' lang='lat' dir='ltr'><strong>disputant</strong></span> <span class='ocrx_word' id='word_1_484' title='bbox 1157 5245 1172 5269; x_wconf 94' lang='lat'><strong>,</strong></span> <span class='ocrx_word' id='word_1_485' title='bbox 1221 5200 1377 5271; x_wconf 59' lang='lat' dir='ltr'><strong>auiue</strong></span> <span class='ocrx_word' id='word_1_486' title='bbox 1417 5200 1553 5256; x_wconf 77' lang='lat' dir='ltr'><strong>inter</strong></span> <span class='ocrx_word' id='word_1_487' title='bbox 1595 5200 1827 5256; x_wconf 67' lang='lat' dir='ltr'><strong>casteros</strong></span> <span class='ocrx_word' id='word_1_488' title='bbox 1857 5200 2084 5254; x_wconf 84' lang='lat' dir='ltr'><strong>furiosus</strong></span> 
     </span>
    </p>
   </div>
   <div class='ocr_carea' id='block_1_63' title="bbox 527 5272 2084 5358">
    <p class='ocr_par' dir='ltr' id='par_1_63' title="bbox 527 5272 2084 5358">
     <span class='ocr_line' id='line_1_68' title="bbox 527 5272 2084 5358; baseline -0.004 -29"><span class='ocrx_word' id='word_1_489' title='bbox 527 5293 548 5329; x_wconf 68' lang='grc' dir='ltr'>α</span> <span class='ocrx_word' id='word_1_490' title='bbox 574 5276 836 5358; x_wconf 75' lang='lat' dir='ltr'><strong>Origenes</strong></span> <span class='ocrx_word' id='word_1_491' title='bbox 869 5274 1231 5358; x_wconf 72' lang='lat' dir='ltr'><strong>adumbratam</strong></span> <span class='ocrx_word' id='word_1_492' title='bbox 1280 5272 1457 5358; x_wconf 77' lang='lat' dir='ltr'><strong>nescio</strong></span> <span class='ocrx_word' id='word_1_493' title='bbox 1498 5287 1656 5358; x_wconf 57' lang='lat' dir='ltr'><strong>quam</strong></span> <span class='ocrx_word' id='word_1_494' title='bbox 1698 5272 1937 5358; x_wconf 44' lang='lat' dir='ltr'><strong>‘speciem</strong></span> <span class='ocrx_word' id='word_1_495' title='bbox 1989 5285 2084 5339; x_wconf 89' lang='lat' dir='ltr'><strong>pro</strong></span> 
     </span>
    </p>
   </div>
   <div class='ocr_carea' id='block_1_64' title="bbox 528 5340 2081 5410">
    <p class='ocr_par' dir='ltr' id='par_1_64' title="bbox 528 5340 2081 5410">
     <span class='ocr_line' id='line_1_69' title="bbox 528 5340 2081 5410; baseline -0.004 -11"><span class='ocrx_word' id='word_1_496' title='bbox 528 5365 550 5399; x_wconf 73' lang='grc' dir='ltr'>ι</span> <span class='ocrx_word' id='word_1_497' title='bbox 577 5340 797 5402; x_wconf 82' lang='lat' dir='ltr'><strong>veritate</strong></span> <span class='ocrx_word' id='word_1_498' title='bbox 824 5346 874 5399; x_wconf 92' lang='lat' dir='ltr'><strong>in</strong></span> <span class='ocrx_word' id='word_1_499' title='bbox 899 5343 1151 5398; x_wconf 90' lang='lat' dir='ltr'><strong>mundum</strong></span> <span class='ocrx_word' id='word_1_500' title='bbox 1185 5342 1398 5395; x_wconf 76' lang='lat' dir='ltr'><strong>invexit.</strong></span> <span class='ocrx_word' id='word_1_501' title='bbox 1428 5361 1445 5394; x_wconf 70' lang='grc' dir='ltr'><strong>ι</strong></span> <span class='ocrx_word' id='word_1_502' title='bbox 1497 5340 1563 5394; x_wconf 90' lang='lat' dir='ltr'><strong>Et</strong></span> <span class='ocrx_word' id='word_1_503' title='bbox 1599 5340 1876 5410; x_wconf 89' lang='lat' dir='ltr'><strong>posteriori</strong></span> <span class='ocrx_word' id='word_1_504' title='bbox 1897 5354 2040 5393; x_wconf 93' lang='lat' dir='ltr'><strong>num.</strong></span> <span class='ocrx_word' id='word_1_505' title='bbox 2066 5381 2081 5404; x_wconf 92' lang='lat'><strong>,</strong></span> 
     </span>
    </p>
   </div>
   <div class='ocr_carea' id='block_1_65' title="bbox 528 5410 2087 5533">
    <p class='ocr_par' dir='ltr' id='par_1_65' title="bbox 528 5410 2087 5533">
     <span class='ocr_line' id='line_1_70' title="bbox 528 5410 2087 5533; baseline -0.005 -64"><span class='ocrx_word' id='word_1_506' title='bbox 528 5436 549 5469; x_wconf 76' lang='grc' dir='ltr'>ι</span> <span class='ocrx_word' id='word_1_507' title='bbox 577 5418 768 5471; x_wconf 87' lang='lat' dir='ltr'><strong>iterum</strong></span> <span class='ocrx_word' id='word_1_508' title='bbox 801 5434 813 5468; x_wconf 90' lang='lat'><strong>:</strong></span> <span class='ocrx_word' id='word_1_509' title='bbox 851 5434 869 5465; x_wconf 76' lang='grc' dir='ltr'>ι</span> <span class='ocrx_word' id='word_1_510' title='bbox 897 5412 1077 5468; x_wconf 90' lang='lat' dir='ltr'><strong>Redeo</strong></span> <span class='ocrx_word' id='word_1_511' title='bbox 1101 5412 1167 5466; x_wconf 90' lang='lat' dir='ltr'><strong>ad</strong></span> <span class='ocrx_word' id='word_1_512' title='bbox 1185 5411 1450 5533; x_wconf 68' lang='lat' dir='ltr'><strong>Originem</strong></span> <span class='ocrx_word' id='word_1_513' title='bbox 1473 5411 1642 5533; x_wconf 39' lang='lat' dir='ltr'><strong>gquod</strong></span> <span class='ocrx_word' id='word_1_514' title='bbox 1666 5410 1763 5479; x_wconf 89' lang='lat' dir='ltr'><strong>ipsi</strong></span> <span class='ocrx_word' id='word_1_515' title='bbox 1785 5411 1922 5463; x_wconf 89' lang='lat' dir='ltr'><strong>Deus</strong></span> <span class='ocrx_word' id='word_1_516' title='bbox 1948 5410 2087 5478; x_wconf 86' lang='lat' dir='ltr'><strong>igno-</strong></span> 
     </span>
     <span class='ocr_line' id='line_1_71' title="bbox 528 5479 2086 5533; baseline -0.002 0"><span class='ocrx_word' id='word_1_517' title='bbox 528 5505 549 5533; x_wconf 82' lang='grc' dir='ltr'>ι</span> <span class='ocrx_word' id='word_1_518' title='bbox 576 5488 726 5533; x_wconf 69' lang='lat' dir='ltr'><strong>senti</strong></span> <span class='ocrx_word' id='word_1_519' title='bbox 757 5502 768 5533; x_wconf 73' lang='grc' dir='ltr'><strong>ε</strong></span> <span class='ocrx_word' id='word_1_520' title='bbox 799 5483 1227 5533; x_wconf 82' lang='lat' dir='ltr'><strong>absurdissimam</strong></span> <span class='ocrx_word' id='word_1_521' title='bbox 1252 5482 1406 5533; x_wconf 90' lang='lat' dir='ltr'><strong>aiam</strong></span> <span class='ocrx_word' id='word_1_522' title='bbox 1431 5480 1478 5533; x_wconf 86' lang='lat' dir='ltr'><strong>fa</strong></span> <span class='ocrx_word' id='word_1_523' title='bbox 1518 5481 1676 5533; x_wconf 87' lang='lat' dir='ltr'><strong>uiam.</strong></span> <span class='ocrx_word' id='word_1_524' title='bbox 1706 5488 1760 5533; x_wconf 91' lang='lat' dir='ltr'><strong>et</strong></span> <span class='ocrx_word' id='word_1_525' title='bbox 1784 5479 2086 5533; x_wconf 71' lang='lat' dir='ltr'><strong>allegoriam</strong></span> 
     </span>
    </p>
   </div>
   <div class='ocr_carea' id='block_1_66' title="bbox 527 5479 2086 5556">
    <p class='ocr_par' dir='ltr' id='par_1_66' title="bbox 527 5479 2086 5556">
     <span class='ocr_line' id='line_1_72' title="bbox 527 5479 2086 5556; baseline -0.006 -16"><span class='ocrx_word' id='word_1_526' title='bbox 527 5505 549 5539; x_wconf 72' lang='grc' dir='ltr'>ι</span> <span class='ocrx_word' id='word_1_527' title='bbox 576 5488 726 5556; x_wconf 84' lang='lat' dir='ltr'><strong>seat)</strong></span> <span class='ocrx_word' id='word_1_528' title='bbox 753 5502 768 5556; x_wconf 75' lang='lat'><strong>_:</strong></span> <span class='ocrx_word' id='word_1_529' title='bbox 799 5483 1227 5556; x_wconf 81' lang='lat' dir='ltr'><strong>absurdissimam</strong></span> <span class='ocrx_word' id='word_1_530' title='bbox 1252 5479 1412 5556; x_wconf 79' lang='lat' dir='ltr'><strong>aliam</strong></span> <span class='ocrx_word' id='word_1_531' title='bbox 1431 5479 1760 5556; x_wconf 47' lang='lat' dir='ltr'><strong>fabulamznet</strong></span> <span class='ocrx_word' id='word_1_532' title='bbox 1784 5479 2086 5556; x_wconf 68' lang='lat' dir='ltr'><strong>allegoriam</strong></span> 
     </span>
    </p>
   </div>
   <div class='ocr_carea' id='block_1_67' title="bbox 527 5549 2085 5622">
    <p class='ocr_par' dir='ltr' id='par_1_67' title="bbox 527 5549 2085 5622">
     <span class='ocr_line' id='line_1_73' title="bbox 527 5549 2085 5622; baseline -0.006 -12"><span class='ocrx_word' id='word_1_533' title='bbox 527 5575 548 5597; x_wconf 77' lang='grc' dir='ltr'><em>ι</em></span> <span class='ocrx_word' id='word_1_534' title='bbox 575 5549 817 5610; x_wconf 84' lang='lat' dir='ltr'><strong>fallendis</strong></span> <span class='ocrx_word' id='word_1_535' title='bbox 843 5554 1141 5607; x_wconf 88' lang='lat' dir='ltr'><strong>hominibus</strong></span> <span class='ocrx_word' id='word_1_536' title='bbox 1168 5551 1458 5622; x_wconf 84' lang='lat' dir='ltr'><strong>proposuit,</strong></span> <span class='ocrx_word' id='word_1_537' title='bbox 1483 5559 1582 5604; x_wconf 91' lang='lat' dir='ltr'><strong>etc.</strong></span> <span class='ocrx_word' id='word_1_538' title='bbox 1607 5570 1626 5602; x_wconf 75' lang='grc' dir='ltr'><strong><em>ι</em></strong></span> <span class='ocrx_word' id='word_1_539' title='bbox 1658 5549 1787 5603; x_wconf 88' lang='lat' dir='ltr'><strong>Vide</strong></span> <span class='ocrx_word' id='word_1_540' title='bbox 1811 5549 2085 5622; x_wconf 23' lang='lat' dir='ltr'><strong>S_._‘Virum</strong></span> 
     </span>
    </p>
   </div>
   <div class='ocr_carea' id='block_1_68' title="bbox 521 5617 2086 5747">
    <p class='ocr_par' dir='ltr' id='par_1_68' title="bbox 521 5617 2086 5747">
     <span class='ocr_line' id='line_1_74' title="bbox 521 5617 2086 5747; baseline -0.004 -69"><span class='ocrx_word' id='word_1_541' title='bbox 521 5625 626 5747; x_wconf 35' lang='lat' dir='ltr'><strong>ac;</strong></span> <span class='ocrx_word' id='word_1_542' title='bbox 657 5623 797 5678; x_wconf 91' lang='lat' dir='ltr'><strong>laud.</strong></span> <span class='ocrx_word' id='word_1_543' title='bbox 825 5622 1044 5690; x_wconf 90' lang='lat' dir='ltr'><strong>Oportet</strong></span> <span class='ocrx_word' id='word_1_544' title='bbox 1068 5617 1243 5676; x_wconf 73' lang='lat' dir='ltr'><strong>tamen</strong></span> <span class='ocrx_word' id='word_1_545' title='bbox 1267 5617 1354 5675; x_wconf 87' lang='lat' dir='ltr'><strong>hic</strong></span> <span class='ocrx_word' id='word_1_546' title='bbox 1377 5620 1678 5683; x_wconf 88' lang='lat' dir='ltr'><strong>advertere,</strong></span> <span class='ocrx_word' id='word_1_547' title='bbox 1708 5618 1847 5687; x_wconf 91' lang='lat' dir='ltr'><strong>quod</strong></span> <span class='ocrx_word' id='word_1_548' title='bbox 1871 5618 1995 5671; x_wconf 90' lang='lat' dir='ltr'><strong>licet</strong></span> <span class='ocrx_word' id='word_1_549' title='bbox 2021 5617 2086 5672; x_wconf 89' lang='lat' dir='ltr'><strong>ab</strong></span> 
     </span>
     <span class='ocr_line' id='line_1_75' title="bbox 601 5689 2086 5747; baseline -0.002 0"><span class='ocrx_word' id='word_1_550' title='bbox 601 5693 750 5747; x_wconf 71' lang='lat' dir='ltr'><strong>&#39;eene</strong></span> <span class='ocrx_word' id='word_1_551' title='bbox 775 5698 1046 5747; x_wconf 78' lang='lat' dir='ltr'><strong>peccatum</strong></span> <span class='ocrx_word' id='word_1_552' title='bbox 1083 5691 1152 5746; x_wconf 89' lang='lat' dir='ltr'><strong>sit</strong></span> <span class='ocrx_word' id='word_1_553' title='bbox 1193 5691 1262 5746; x_wconf 89' lang='lat' dir='ltr'><strong>ob</strong></span> <span class='ocrx_word' id='word_1_554' title='bbox 1290 5690 1591 5747; x_wconf 82' lang='lat' dir='ltr'><strong>frequentes</strong></span> <span class='ocrx_word' id='word_1_555' title='bbox 1616 5689 1908 5747; x_wconf 62' lang='lat' dir='ltr'><strong>allegorias.</strong></span> <span class='ocrx_word' id='word_1_556' title='bbox 1950 5689 2086 5744; x_wconf 87' lang='lat' dir='ltr'><strong>inter</strong></span> 
     </span>
    </p>
   </div>
   <div class='ocr_carea' id='block_1_69' title="bbox 601 5689 2088 5757">
    <p class='ocr_par' dir='ltr' id='par_1_69' title="bbox 601 5689 2088 5757">
     <span class='ocr_line' id='line_1_76' title="bbox 601 5689 2088 5757; baseline -0.001 -12"><span class='ocrx_word' id='word_1_557' title='bbox 601 5693 750 5754; x_wconf 74' lang='lat' dir='ltr'><strong>igene</strong></span> <span class='ocrx_word' id='word_1_558' title='bbox 775 5689 1046 5753; x_wconf 82' lang='lat' dir='ltr'><strong>peccatum</strong></span> <span class='ocrx_word' id='word_1_559' title='bbox 1083 5691 1152 5746; x_wconf 89' lang='lat' dir='ltr'><strong>sit</strong></span> <span class='ocrx_word' id='word_1_560' title='bbox 1193 5691 1262 5746; x_wconf 90' lang='lat' dir='ltr'><strong>ob</strong></span> <span class='ocrx_word' id='word_1_561' title='bbox 1290 5690 1591 5757; x_wconf 84' lang='lat' dir='ltr'><strong>frequentes</strong></span> <span class='ocrx_word' id='word_1_562' title='bbox 1616 5689 1908 5756; x_wconf 68' lang='lat' dir='ltr'><strong>allegorias.</strong></span> <span class='ocrx_word' id='word_1_563' title='bbox 1950 5689 2088 5744; x_wconf 89' lang='lat' dir='ltr'><strong>inter</strong></span> 
     </span>
    </p>
   </div>
   <div class='ocr_carea' id='block_1_70' title="bbox 1758 285 2514 345">
    <p class='ocr_par' dir='ltr' id='par_1_70' title="bbox 1758 285 2514 345">
     <span class='ocr_line' id='line_1_77' title="bbox 1758 285 2514 345; baseline -0.003 0"><span class='ocrx_word' id='word_1_564' title='bbox 1758 285 2100 345; x_wconf 76' lang='lat' dir='ltr'><strong>VINCENTII</strong></span> <span class='ocrx_word' id='word_1_565' title='bbox 2137 286 2514 344; x_wconf 77' lang='lat' dir='ltr'><strong>LIRINENSIS</strong></span> 
     </span>
    </p>
   </div>
   <div class='ocr_carea' id='block_1_71' title="bbox 3641 285 3745 342">
    <p class='ocr_par' dir='ltr' id='par_1_71' title="bbox 3641 285 3745 342">
     <span class='ocr_line' id='line_1_78' title="bbox 3641 285 3745 342; baseline -0.01 0"><span class='ocrx_word' id='word_1_566' title='bbox 3641 285 3745 342; x_wconf 77' lang='grc'><strong>664</strong></span> 
     </span>
    </p>
   </div>
   <div class='ocr_carea' id='block_1_72' title="bbox 2182 390 3728 463">
    <p class='ocr_par' dir='ltr' id='par_1_72' title="bbox 2182 390 3728 463">
     <span class='ocr_line' id='line_1_79' title="bbox 2182 390 3728 463; baseline -0.001 -13"><span class='ocrx_word' id='word_1_567' title='bbox 2182 396 2491 450; x_wconf 85' lang='lat' dir='ltr'><strong>diceretur:</strong></span> <span class='ocrx_word' id='word_1_568' title='bbox 2533 392 2594 448; x_wconf 91' lang='lat' dir='ltr'><strong>Si</strong></span> <span class='ocrx_word' id='word_1_569' title='bbox 2620 393 2887 447; x_wconf 68' lang='lat' dir='ltr'><strong>surrexerit</strong></span> <span class='ocrx_word' id='word_1_570' title='bbox 2910 393 2964 446; x_wconf 85' lang='lat' dir='ltr'><strong>in</strong></span> <span class='ocrx_word' id='word_1_571' title='bbox 3000 393 3160 448; x_wconf 67' lang='lat' dir='ltr'><strong>medio</strong></span> <span class='ocrx_word' id='word_1_572' title='bbox 3185 392 3259 446; x_wconf 84' lang='lat' dir='ltr'><strong>tui</strong></span> <span class='ocrx_word' id='word_1_573' title='bbox 3283 391 3562 463; x_wconf 77' lang='lat' dir='ltr'><strong>propheta,</strong></span> <span class='ocrx_word' id='word_1_574' title='bbox 3602 390 3728 448; x_wconf 83' lang='lat' dir='ltr'><strong>Deut</strong></span> 
     </span>
    </p>
   </div>
   <div class='ocr_carea' id='block_1_73' title="bbox 2182 484 3754 556">
    <p class='ocr_par' dir='ltr' id='par_1_73' title="bbox 2182 484 3754 556">
     <span class='ocr_line' id='line_1_80' title="bbox 2182 484 3754 556; baseline 0.001 -16"><span class='ocrx_word' id='word_1_575' title='bbox 2182 488 2268 541; x_wconf 80' lang='grc'><strong>15.</strong></span> <span class='ocrx_word' id='word_1_576' title='bbox 2297 487 2364 540; x_wconf 89' lang='lat' dir='ltr'><strong>Et</strong></span> <span class='ocrx_word' id='word_1_577' title='bbox 2384 486 2538 556; x_wconf 90' lang='lat' dir='ltr'><strong>paulo</strong></span> <span class='ocrx_word' id='word_1_578' title='bbox 2562 493 2712 555; x_wconf 90' lang='lat' dir='ltr'><strong>post:</strong></span> <span class='ocrx_word' id='word_1_579' title='bbox 2744 484 2865 539; x_wconf 83' lang='lat' dir='ltr'><strong>Non</strong></span> <span class='ocrx_word' id='word_1_580' title='bbox 2889 487 3081 550; x_wconf 73' lang='lat' dir='ltr'><strong>audies,</strong></span> <span class='ocrx_word' id='word_1_581' title='bbox 3109 486 3298 550; x_wconf 63' lang='lat' dir='ltr'><strong>inquit,</strong></span> <span class='ocrx_word' id='word_1_582' title='bbox 3324 485 3474 538; x_wconf 84' lang='lat' dir='ltr'><strong>verba</strong></span> <span class='ocrx_word' id='word_1_583' title='bbox 3499 485 3754 555; x_wconf 66' lang='lat' dir='ltr'><strong>propheta</strong></span> 
     </span>
    </p>
   </div>
   <div class='ocr_carea' id='block_1_74' title="bbox 2180 573 3754 644">
    <p class='ocr_par' dir='ltr' id='par_1_74' title="bbox 2180 573 3754 644">
     <span class='ocr_line' id='line_1_81' title="bbox 2180 573 3754 644; baseline 0 -14"><span class='ocrx_word' id='word_1_584' title='bbox 2180 576 2336 630; x_wconf 74' lang='lat' dir='ltr'><strong>illius.</strong></span> <span class='ocrx_word' id='word_1_585' title='bbox 2366 576 2432 630; x_wconf 88' lang='lat' dir='ltr'><strong>Et</strong></span> <span class='ocrx_word' id='word_1_586' title='bbox 2456 577 2582 630; x_wconf 89' lang='lat' dir='ltr'><strong>item</strong></span> <span class='ocrx_word' id='word_1_587' title='bbox 2606 595 2619 629; x_wconf 88' lang='lat'><strong>:</strong></span> <span class='ocrx_word' id='word_1_588' title='bbox 2669 575 2802 640; x_wconf 84' lang='lat' dir='ltr'><strong>Quia</strong></span> <span class='ocrx_word' id='word_1_589' title='bbox 2826 584 2979 629; x_wconf 78' lang='lat' dir='ltr'><strong>tentet</strong></span> <span class='ocrx_word' id='word_1_590' title='bbox 3001 592 3104 639; x_wconf 72' lang='lat' dir='ltr'><strong>vos,</strong></span> <span class='ocrx_word' id='word_1_591' title='bbox 3133 574 3321 644; x_wconf 70' lang='lat' dir='ltr'><strong>inquit,</strong></span> <span class='ocrx_word' id='word_1_592' title='bbox 3349 573 3599 628; x_wconf 69' lang='lat' dir='ltr'><strong>Dominus</strong></span> <span class='ocrx_word' id='word_1_593' title='bbox 3616 574 3754 631; x_wconf 72' lang='lat' dir='ltr'><strong>Deus</strong></span> 
     </span>
    </p>
   </div>
   <div class='ocr_carea' id='block_1_75' title="bbox 2181 665 3756 737">
    <p class='ocr_par' dir='ltr' id='par_1_75' title="bbox 2181 665 3756 737">
     <span class='ocr_line' id='line_1_82' title="bbox 2181 665 3756 737; baseline 0.001 -16"><span class='ocrx_word' id='word_1_594' title='bbox 2181 677 2338 721; x_wconf 74' lang='lat' dir='ltr'><strong>vester</strong></span> <span class='ocrx_word' id='word_1_595' title='bbox 2385 668 2554 720; x_wconf 69' lang='lat' dir='ltr'><strong>utriim</strong></span> <span class='ocrx_word' id='word_1_596' title='bbox 2592 666 2813 737; x_wconf 80' lang='lat' dir='ltr'><strong>diligatis</strong></span> <span class='ocrx_word' id='word_1_597' title='bbox 2848 682 2960 719; x_wconf 84' lang='lat' dir='ltr'><strong>eum</strong></span> <span class='ocrx_word' id='word_1_598' title='bbox 2993 682 3059 717; x_wconf 82' lang='lat' dir='ltr'><strong>an</strong></span> <span class='ocrx_word' id='word_1_599' title='bbox 3097 681 3216 719; x_wconf 83' lang='lat' dir='ltr'><strong>non.</strong></span> <span class='ocrx_word' id='word_1_600' title='bbox 3263 665 3396 719; x_wconf 72' lang='lat' dir='ltr'><strong>Vere</strong></span> <span class='ocrx_word' id='word_1_601' title='bbox 3437 679 3544 719; x_wconf 89' lang='lat' dir='ltr'><strong>non</strong></span> <span class='ocrx_word' id='word_1_602' title='bbox 3583 665 3756 723; x_wconf 86' lang='lat' dir='ltr'><strong>solum</strong></span> 
     </span>
    </p>
   </div>
   <div class='ocr_carea' id='block_1_76' title="bbox 2183 757 3754 829">
    <p class='ocr_par' dir='ltr' id='par_1_76' title="bbox 2183 757 3754 829">
     <span class='ocr_line' id='line_1_83' title="bbox 2183 757 3754 829; baseline -0.001 -15"><span class='ocrx_word' id='word_1_603' title='bbox 2183 760 2422 825; x_wconf 82' lang='lat' dir='ltr'><strong>tentatio,</strong></span> <span class='ocrx_word' id='word_1_604' title='bbox 2451 758 2546 814; x_wconf 88' lang='lat' dir='ltr'><strong>sed</strong></span> <span class='ocrx_word' id='word_1_605' title='bbox 2581 758 2741 814; x_wconf 91' lang='lat' dir='ltr'><strong>etiam</strong></span> <span class='ocrx_word' id='word_1_606' title='bbox 2769 773 2956 828; x_wconf 88' lang='lat' dir='ltr'><strong>magna</strong></span> <span class='ocrx_word' id='word_1_607' title='bbox 2977 757 3195 812; x_wconf 91' lang='lat' dir='ltr'><strong>tentatio</strong></span> <span class='ocrx_word' id='word_1_608' title='bbox 3215 757 3443 812; x_wconf 62' lang='lat' dir='ltr'><strong>deditam</strong></span> <span class='ocrx_word' id='word_1_609' title='bbox 3470 757 3569 812; x_wconf 91' lang='lat' dir='ltr'><strong>sibi</strong></span> <span class='ocrx_word' id='word_1_610' title='bbox 3595 767 3754 829; x_wconf 86' lang='lat' dir='ltr'><strong>atque</strong></span> 
     </span>
    </p>
   </div>
   <div class='ocr_carea' id='block_1_77' title="bbox 2182 848 3754 919">
    <p class='ocr_par' dir='ltr' id='par_1_77' title="bbox 2182 848 3754 919">
     <span class='ocr_line' id='line_1_84' title="bbox 2182 848 3754 919; baseline 0.001 -16"><span class='ocrx_word' id='word_1_611' title='bbox 2182 849 2236 903; x_wconf 92' lang='lat' dir='ltr'><strong>in</strong></span> <span class='ocrx_word' id='word_1_612' title='bbox 2251 865 2308 904; x_wconf 90' lang='lat' dir='ltr'><strong>se</strong></span> <span class='ocrx_word' id='word_1_613' title='bbox 2322 849 2638 919; x_wconf 89' lang='lat' dir='ltr'><strong>pendentem</strong></span> <span class='ocrx_word' id='word_1_614' title='bbox 2664 849 2955 904; x_wconf 87' lang='lat' dir='ltr'><strong>Ecclesiam</strong></span> <span class='ocrx_word' id='word_1_615' title='bbox 2979 848 3324 902; x_wconf 87' lang='lat' dir='ltr'><strong>admiratione</strong></span> <span class='ocrx_word' id='word_1_616' title='bbox 3343 849 3550 918; x_wconf 78' lang='lat' dir='ltr'><strong>Ingenii,</strong></span> <span class='ocrx_word' id='word_1_617' title='bbox 3572 849 3754 904; x_wconf 84' lang='lat' dir='ltr'><strong>scien-</strong></span> 
     </span>
    </p>
   </div>
   <div class='ocr_carea' id='block_1_78' title="bbox 2183 922 3860 1010">
    <p class='ocr_par' dir='ltr' id='par_1_78' title="bbox 2183 922 3860 1010">
     <span class='ocr_line' id='line_1_85' title="bbox 2183 922 3860 1010; baseline 0.001 -17"><span class='ocrx_word' id='word_1_618' title='bbox 2183 941 2287 1006; x_wconf 65' lang='lat' dir='ltr'><strong>tiat,</strong></span> <span class='ocrx_word' id='word_1_619' title='bbox 2309 940 2640 1010; x_wconf 62' lang='lat' dir='ltr'><strong>eloquentiae,</strong></span> <span class='ocrx_word' id='word_1_620' title='bbox 2668 938 3103 1003; x_wconf 89' lang='lat' dir='ltr'><strong>conversationis,</strong></span> <span class='ocrx_word' id='word_1_621' title='bbox 3133 946 3186 992; x_wconf 91' lang='lat' dir='ltr'><strong>et</strong></span> <span class='ocrx_word' id='word_1_622' title='bbox 3219 939 3417 1006; x_wconf 60' lang='lat' dir='ltr'><strong>gratiae,</strong></span> <span class='ocrx_word' id='word_1_623' title='bbox 3445 938 3568 992; x_wconf 91' lang='lat' dir='ltr'><strong>nihil</strong></span> <span class='ocrx_word' id='word_1_624' title='bbox 3592 938 3660 993; x_wconf 90' lang='lat' dir='ltr'><strong>de</strong></span> <span class='ocrx_word' id='word_1_625' title='bbox 3689 954 3754 994; x_wconf 84' lang='lat' dir='ltr'><strong>se</strong></span> <span class='ocrx_word' id='word_1_626' title='bbox 3851 922 3860 930; x_wconf 65' lang='grc'><em>’</em></span> 
     </span>
    </p>
   </div>
   <div class='ocr_carea' id='block_1_79' title="bbox 2181 1028 3751 1100">
    <p class='ocr_par' dir='ltr' id='par_1_79' title="bbox 2181 1028 3751 1100">
     <span class='ocr_line' id='line_1_86' title="bbox 2181 1028 3751 1100; baseline 0 -16"><span class='ocrx_word' id='word_1_627' title='bbox 2181 1029 2554 1100; x_wconf 84' lang='lat' dir='ltr'><strong>suspicantem,</strong></span> <span class='ocrx_word' id='word_1_628' title='bbox 2583 1029 2712 1084; x_wconf 90' lang='lat' dir='ltr'><strong>nihil</strong></span> <span class='ocrx_word' id='word_1_629' title='bbox 2730 1037 3022 1092; x_wconf 90' lang='lat' dir='ltr'><strong>verentem,</strong></span> <span class='ocrx_word' id='word_1_630' title='bbox 3044 1029 3218 1082; x_wconf 91' lang='lat' dir='ltr'><strong>subito</strong></span> <span class='ocrx_word' id='word_1_631' title='bbox 3243 1043 3274 1082; x_wconf 88' lang='lat' dir='ltr'><strong>a</strong></span> <span class='ocrx_word' id='word_1_632' title='bbox 3291 1028 3456 1081; x_wconf 88' lang='lat' dir='ltr'><strong>veteri</strong></span> <span class='ocrx_word' id='word_1_633' title='bbox 3481 1028 3751 1099; x_wconf 86' lang='lat' dir='ltr'><strong>Religione</strong></span> 
     </span>
    </p>
   </div>
   <div class='ocr_carea' id='block_1_80' title="bbox 2181 1119 3748 1192">
    <p class='ocr_par' dir='ltr' id='par_1_80' title="bbox 2181 1119 3748 1192">
     <span class='ocr_line' id='line_1_87' title="bbox 2181 1119 3748 1192; baseline 0.001 -18"><span class='ocrx_word' id='word_1_634' title='bbox 2181 1121 2237 1175; x_wconf 89' lang='lat' dir='ltr'><strong>in</strong></span> <span class='ocrx_word' id='word_1_635' title='bbox 2248 1137 2434 1175; x_wconf 90' lang='lat' dir='ltr'><strong>novam</strong></span> <span class='ocrx_word' id='word_1_636' title='bbox 2447 1121 2867 1192; x_wconf 89' lang='lat' dir='ltr'><strong>prophanitatem</strong></span> <span class='ocrx_word' id='word_1_637' title='bbox 2881 1121 3076 1175; x_wconf 88' lang='lat' dir='ltr'><strong>sensim</strong></span> <span class='ocrx_word' id='word_1_638' title='bbox 3091 1121 3444 1190; x_wconf 88' lang='lat' dir='ltr'><strong>paulatimque</strong></span> <span class='ocrx_word' id='word_1_639' title='bbox 3457 1119 3748 1176; x_wconf 85' lang='lat' dir='ltr'><strong>traducere.</strong></span> 
     </span>
    </p>
   </div>
   <div class='ocr_carea' id='block_1_81' title="bbox 2183 1211 3752 1283">
    <p class='ocr_par' dir='ltr' id='par_1_81' title="bbox 2183 1211 3752 1283">
     <span class='ocr_line' id='line_1_88' title="bbox 2183 1211 3752 1283; baseline 0.001 -16"><span class='ocrx_word' id='word_1_640' title='bbox 2183 1212 2289 1268; x_wconf 88' lang='lat' dir='ltr'><strong>Sed</strong></span> <span class='ocrx_word' id='word_1_641' title='bbox 2315 1214 2455 1268; x_wconf 88' lang='lat' dir='ltr'><strong>dicet</strong></span> <span class='ocrx_word' id='word_1_642' title='bbox 2493 1214 2679 1283; x_wconf 88' lang='lat' dir='ltr'><strong>aliquis</strong></span> <span class='ocrx_word' id='word_1_643' title='bbox 2719 1221 2994 1282; x_wconf 89' lang='lat' dir='ltr'><strong>corruptos</strong></span> <span class='ocrx_word' id='word_1_644' title='bbox 3019 1227 3137 1267; x_wconf 90' lang='lat' dir='ltr'><strong>esse</strong></span> <span class='ocrx_word' id='word_1_645' title='bbox 3161 1211 3400 1282; x_wconf 86' lang='lat' dir='ltr'><strong>Origenis</strong></span> <span class='ocrx_word' id='word_1_646' title='bbox 3427 1212 3611 1266; x_wconf 88' lang='lat' dir='ltr'><strong>libros.</strong></span> <span class='ocrx_word' id='word_1_647' title='bbox 3640 1212 3752 1268; x_wconf 85' lang='lat' dir='ltr'><strong>Non</strong></span> 
     </span>
    </p>
   </div>
   <div class='ocr_carea' id='block_1_82' title="bbox 2181 1302 3751 1384">
    <p class='ocr_par' dir='ltr' id='par_1_82' title="bbox 2181 1302 3751 1384">
     <span class='ocr_line' id='line_1_89' title="bbox 2181 1302 3751 1384; baseline 0.001 -27"><span class='ocrx_word' id='word_1_648' title='bbox 2181 1303 2408 1369; x_wconf 89' lang='lat' dir='ltr'><strong>resisto;</strong></span> <span class='ocrx_word' id='word_1_649' title='bbox 2435 1305 2560 1373; x_wconf 91' lang='lat' dir='ltr'><strong>quin</strong></span> <span class='ocrx_word' id='word_1_650' title='bbox 2582 1305 2754 1374; x_wconf 91' lang='lat' dir='ltr'><strong>potius</strong></span> <span class='ocrx_word' id='word_1_651' title='bbox 2775 1313 2834 1384; x_wconf 68' lang='lat' dir='ltr'><strong>et</strong></span> <span class='ocrx_word' id='word_1_652' title='bbox 2858 1304 3016 1357; x_wconf 88' lang='lat' dir='ltr'><strong>malo.</strong></span> <span class='ocrx_word' id='word_1_653' title='bbox 3057 1303 3189 1357; x_wconf 87' lang='lat' dir='ltr'><strong>Nam</strong></span> <span class='ocrx_word' id='word_1_654' title='bbox 3227 1302 3280 1356; x_wconf 89' lang='lat' dir='ltr'><strong>id</strong></span> <span class='ocrx_word' id='word_1_655' title='bbox 3304 1317 3334 1356; x_wconf 88' lang='lat' dir='ltr'><strong>a</strong></span> <span class='ocrx_word' id='word_1_656' title='bbox 3361 1302 3677 1373; x_wconf 82' lang='lat' dir='ltr'><strong>quibusdam</strong></span> <span class='ocrx_word' id='word_1_657' title='bbox 3701 1314 3751 1359; x_wconf 88' lang='lat' dir='ltr'><strong>et</strong></span> 
     </span>
    </p>
   </div>
   <div class='ocr_carea' id='block_1_83' title="bbox 2181 1394 3751 1465">
    <p class='ocr_par' dir='ltr' id='par_1_83' title="bbox 2181 1394 3751 1465">
     <span class='ocr_line' id='line_1_90' title="bbox 2181 1394 3751 1465; baseline 0.003 -17"><span class='ocrx_word' id='word_1_658' title='bbox 2181 1396 2430 1450; x_wconf 90' lang='lat' dir='ltr'><strong>traditum</strong></span> <span class='ocrx_word' id='word_1_659' title='bbox 2446 1405 2500 1450; x_wconf 89' lang='lat' dir='ltr'><strong>et</strong></span> <span class='ocrx_word' id='word_1_660' title='bbox 2515 1397 2616 1450; x_wconf 87' lang='lat' dir='ltr'><strong>seri</strong></span> <span class='ocrx_word' id='word_1_661' title='bbox 2624 1406 2767 1465; x_wconf 89' lang='lat' dir='ltr'><strong>ptum</strong></span> <span class='ocrx_word' id='word_1_662' title='bbox 2784 1403 2883 1461; x_wconf 92' lang='lat' dir='ltr'><strong>est,</strong></span> <span class='ocrx_word' id='word_1_663' title='bbox 2907 1411 3011 1449; x_wconf 90' lang='lat' dir='ltr'><strong>non</strong></span> <span class='ocrx_word' id='word_1_664' title='bbox 3026 1394 3308 1450; x_wconf 88' lang='lat' dir='ltr'><strong>Catholicis</strong></span> <span class='ocrx_word' id='word_1_665' title='bbox 3329 1404 3555 1461; x_wconf 88' lang='lat' dir='ltr'><strong>tantum,</strong></span> <span class='ocrx_word' id='word_1_666' title='bbox 3571 1411 3751 1452; x_wconf 83' lang='lat' dir='ltr'><strong>verum</strong></span> 
     </span>
    </p>
   </div>
   <div class='ocr_carea' id='block_1_84' title="bbox 2181 1487 3748 1558">
    <p class='ocr_par' dir='ltr' id='par_1_84' title="bbox 2181 1487 3748 1558">
     <span class='ocr_line' id='line_1_91' title="bbox 2181 1487 3748 1558; baseline 0 -16"><span class='ocrx_word' id='word_1_667' title='bbox 2181 1489 2339 1542; x_wconf 91' lang='lat' dir='ltr'><strong>etiam</strong></span> <span class='ocrx_word' id='word_1_668' title='bbox 2359 1488 2649 1542; x_wconf 69' lang='lat' dir='ltr'><strong>llmreticis.</strong></span> <span class='ocrx_word' id='word_1_669' title='bbox 2680 1487 2785 1542; x_wconf 90' lang='lat' dir='ltr'><strong>Sed</strong></span> <span class='ocrx_word' id='word_1_670' title='bbox 2809 1487 2936 1542; x_wconf 88' lang='lat' dir='ltr'><strong>illud</strong></span> <span class='ocrx_word' id='word_1_671' title='bbox 2957 1497 3039 1542; x_wconf 90' lang='lat' dir='ltr'><strong>est</strong></span> <span class='ocrx_word' id='word_1_672' title='bbox 3057 1487 3195 1558; x_wconf 91' lang='lat' dir='ltr'><strong>quod</strong></span> <span class='ocrx_word' id='word_1_673' title='bbox 3219 1503 3361 1542; x_wconf 90' lang='lat' dir='ltr'><strong>nunc</strong></span> <span class='ocrx_word' id='word_1_674' title='bbox 3379 1488 3632 1543; x_wconf 88' lang='lat' dir='ltr'><strong>debemus</strong></span> <span class='ocrx_word' id='word_1_675' title='bbox 3655 1489 3748 1544; x_wconf 69' lang='lat' dir='ltr'><strong>ad.</strong></span> 
     </span>
    </p>
   </div>
   <div class='ocr_carea' id='block_1_85' title="bbox 2181 1578 3750 1648">
    <p class='ocr_par' dir='ltr' id='par_1_85' title="bbox 2181 1578 3750 1648">
     <span class='ocr_line' id='line_1_92' title="bbox 2181 1578 3750 1648; baseline 0.001 -16"><span class='ocrx_word' id='word_1_676' title='bbox 2181 1586 2388 1633; x_wconf 83' lang='lat' dir='ltr'><strong>vertere</strong></span> <span class='ocrx_word' id='word_1_677' title='bbox 2412 1579 2509 1632; x_wconf 88' lang='lat' dir='ltr'><strong>etsi</strong></span> <span class='ocrx_word' id='word_1_678' title='bbox 2536 1594 2640 1632; x_wconf 92' lang='lat' dir='ltr'><strong>non</strong></span> <span class='ocrx_word' id='word_1_679' title='bbox 2669 1579 2840 1648; x_wconf 89' lang='lat' dir='ltr'><strong>ipsum</strong></span> <span class='ocrx_word' id='word_1_680' title='bbox 2861 1621 2874 1643; x_wconf 89' lang='lat'><strong>,</strong></span> <span class='ocrx_word' id='word_1_681' title='bbox 2911 1579 3070 1632; x_wconf 80' lang='lat' dir='ltr'><strong>libros</strong></span> <span class='ocrx_word' id='word_1_682' title='bbox 3095 1586 3270 1631; x_wconf 89' lang='lat' dir='ltr'><strong>tamen</strong></span> <span class='ocrx_word' id='word_1_683' title='bbox 3296 1578 3396 1632; x_wconf 87' lang='lat' dir='ltr'><strong>sub</strong></span> <span class='ocrx_word' id='word_1_684' title='bbox 3421 1579 3629 1633; x_wconf 86' lang='lat' dir='ltr'><strong>nomine</strong></span> <span class='ocrx_word' id='word_1_685' title='bbox 3653 1595 3750 1634; x_wconf 87' lang='lat' dir='ltr'><strong>suo</strong></span> 
     </span>
    </p>
   </div>
   <div class='ocr_carea' id='block_1_86' title="bbox 2182 1670 3752 1743">
    <p class='ocr_par' dir='ltr' id='par_1_86' title="bbox 2182 1670 3752 1743">
     <span class='ocr_line' id='line_1_93' title="bbox 2182 1670 3752 1743; baseline 0.002 -18"><span class='ocrx_word' id='word_1_686' title='bbox 2182 1670 2370 1737; x_wconf 91' lang='lat' dir='ltr'><strong>editos,</strong></span> <span class='ocrx_word' id='word_1_687' title='bbox 2393 1687 2596 1741; x_wconf 57' lang='lat' dir='ltr'><strong>magna</strong></span> <span class='ocrx_word' id='word_1_688' title='bbox 2622 1687 2739 1726; x_wconf 91' lang='lat' dir='ltr'><strong>esse</strong></span> <span class='ocrx_word' id='word_1_689' title='bbox 2760 1672 3033 1726; x_wconf 91' lang='lat' dir='ltr'><strong>tentationi</strong></span> <span class='ocrx_word' id='word_1_690' title='bbox 3058 1690 3070 1724; x_wconf 91' lang='lat'>:</span> <span class='ocrx_word' id='word_1_691' title='bbox 3094 1672 3184 1741; x_wconf 90' lang='lat' dir='ltr'><strong>qui</strong></span> <span class='ocrx_word' id='word_1_692' title='bbox 3209 1671 3388 1726; x_wconf 93' lang='lat' dir='ltr'><strong>multis</strong></span> <span class='ocrx_word' id='word_1_693' title='bbox 3407 1671 3752 1743; x_wconf 85' lang='lat' dir='ltr'><strong>blasphemia-</strong></span> 
     </span>
    </p>
   </div>
   <div class='ocr_carea' id='block_1_87' title="bbox 2182 1763 3750 1834">
    <p class='ocr_par' dir='ltr' id='par_1_87' title="bbox 2182 1763 3750 1834">
     <span class='ocr_line' id='line_1_94' title="bbox 2182 1763 3750 1834; baseline 0.003 -18"><span class='ocrx_word' id='word_1_694' title='bbox 2182 1778 2298 1816; x_wconf 90' lang='lat' dir='ltr'><strong>rum</strong></span> <span class='ocrx_word' id='word_1_695' title='bbox 2314 1763 2616 1817; x_wconf 87' lang='lat' dir='ltr'><strong>vulneribus</strong></span> <span class='ocrx_word' id='word_1_696' title='bbox 2641 1772 2921 1829; x_wconf 85' lang='lat' dir='ltr'><strong>scatentes,</strong></span> <span class='ocrx_word' id='word_1_697' title='bbox 2951 1779 3057 1818; x_wconf 92' lang='lat' dir='ltr'><strong>non</strong></span> <span class='ocrx_word' id='word_1_698' title='bbox 3083 1772 3140 1818; x_wconf 94' lang='lat' dir='ltr'><strong>ut</strong></span> <span class='ocrx_word' id='word_1_699' title='bbox 3157 1763 3314 1818; x_wconf 88' lang='lat' dir='ltr'><strong>alieni</strong></span> <span class='ocrx_word' id='word_1_700' title='bbox 3331 1804 3346 1828; x_wconf 95' lang='lat'><strong>,</strong></span> <span class='ocrx_word' id='word_1_701' title='bbox 3380 1763 3476 1818; x_wconf 90' lang='lat' dir='ltr'><strong>sed</strong></span> <span class='ocrx_word' id='word_1_702' title='bbox 3499 1766 3647 1834; x_wconf 89' lang='lat' dir='ltr'><strong>quasi</strong></span> <span class='ocrx_word' id='word_1_703' title='bbox 3671 1766 3750 1820; x_wconf 92' lang='lat' dir='ltr'><strong>sui</strong></span> 
     </span>
    </p>
   </div>
   <div class='ocr_carea' id='block_1_88' title="bbox 2183 1854 3753 1924">
    <p class='ocr_par' dir='ltr' id='par_1_88' title="bbox 2183 1854 3753 1924">
     <span class='ocr_line' id='line_1_95' title="bbox 2183 1854 3753 1924; baseline 0.002 -17"><span class='ocrx_word' id='word_1_704' title='bbox 2183 1861 2237 1907; x_wconf 91' lang='lat' dir='ltr'><strong>et</strong></span> <span class='ocrx_word' id='word_1_705' title='bbox 2256 1854 2498 1923; x_wconf 87' lang='lat' dir='ltr'><strong>leguntur</strong></span> <span class='ocrx_word' id='word_1_706' title='bbox 2522 1861 2577 1908; x_wconf 91' lang='lat' dir='ltr'><strong>et</strong></span> <span class='ocrx_word' id='word_1_707' title='bbox 2605 1862 2878 1919; x_wconf 90' lang='lat' dir='ltr'><strong>amantur;</strong></span> <span class='ocrx_word' id='word_1_708' title='bbox 2928 1862 2984 1908; x_wconf 91' lang='lat' dir='ltr'><strong>ut</strong></span> <span class='ocrx_word' id='word_1_709' title='bbox 3006 1854 3105 1908; x_wconf 90' lang='lat' dir='ltr'><strong>etsi</strong></span> <span class='ocrx_word' id='word_1_710' title='bbox 3125 1855 3178 1907; x_wconf 91' lang='lat' dir='ltr'><strong>in</strong></span> <span class='ocrx_word' id='word_1_711' title='bbox 3203 1867 3385 1911; x_wconf 87' lang='lat' dir='ltr'><strong>errore</strong></span> <span class='ocrx_word' id='word_1_712' title='bbox 3409 1855 3753 1924; x_wconf 81' lang='lat' dir='ltr'><strong>concipiendo</strong></span> 
     </span>
    </p>
   </div>
   <div class='ocr_carea' id='block_1_89' title="bbox 2183 1946 3751 2017">
    <p class='ocr_par' dir='ltr' id='par_1_89' title="bbox 2183 1946 3751 2017">
     <span class='ocr_line' id='line_1_96' title="bbox 2183 1946 3751 2017; baseline 0.001 -17"><span class='ocrx_word' id='word_1_713' title='bbox 2183 1946 2422 2017; x_wconf 88' lang='lat' dir='ltr'><strong>Origenis</strong></span> <span class='ocrx_word' id='word_1_714' title='bbox 2447 1963 2553 2001; x_wconf 91' lang='lat' dir='ltr'><strong>non</strong></span> <span class='ocrx_word' id='word_1_715' title='bbox 2595 1946 2692 2001; x_wconf 84' lang='lat' dir='ltr'><strong>fuit</strong></span> <span class='ocrx_word' id='word_1_716' title='bbox 2715 1962 2930 2013; x_wconf 90' lang='lat' dir='ltr'><strong>sensus,</strong></span> <span class='ocrx_word' id='word_1_717' title='bbox 2971 1946 3038 2000; x_wconf 91' lang='lat' dir='ltr'><strong>ad</strong></span> <span class='ocrx_word' id='word_1_718' title='bbox 3070 1961 3305 2001; x_wconf 89' lang='lat' dir='ltr'><strong>errorem</strong></span> <span class='ocrx_word' id='word_1_719' title='bbox 3329 1954 3501 2000; x_wconf 89' lang='lat' dir='ltr'><strong>tamen</strong></span> <span class='ocrx_word' id='word_1_720' title='bbox 3527 1961 3751 2016; x_wconf 82' lang='lat' dir='ltr'><strong>persua-</strong></span> 
     </span>
    </p>
   </div>
   <div class='ocr_carea' id='block_1_90' title="bbox 2184 2038 3462 2109">
    <p class='ocr_par' dir='ltr' id='par_1_90' title="bbox 2184 2038 3462 2109">
     <span class='ocr_line' id='line_1_97' title="bbox 2184 2038 3462 2109; baseline -0.002 -16"><span class='ocrx_word' id='word_1_721' title='bbox 2184 2039 2413 2093; x_wconf 91' lang='lat' dir='ltr'><strong>dcndum</strong></span> <span class='ocrx_word' id='word_1_722' title='bbox 2437 2039 2676 2109; x_wconf 88' lang='lat' dir='ltr'><strong>Origenis</strong></span> <span class='ocrx_word' id='word_1_723' title='bbox 2703 2040 2988 2094; x_wconf 89' lang='lat' dir='ltr'><strong>auctoritas</strong></span> <span class='ocrx_word' id='word_1_724' title='bbox 3013 2039 3188 2092; x_wconf 90' lang='lat' dir='ltr'><strong>valere</strong></span> <span class='ocrx_word' id='word_1_725' title='bbox 3213 2038 3462 2093; x_wconf 88' lang='lat' dir='ltr'><strong>videatur.</strong></span> 
     </span>
    </p>
   </div>
   <div class='ocr_carea' id='block_1_91' title="bbox 2254 2131 3731 2202">
    <p class='ocr_par' dir='ltr' id='par_1_91' title="bbox 2254 2131 3731 2202">
     <span class='ocr_line' id='line_1_98' title="bbox 2254 2131 3731 2202; baseline 0.001 -18"><span class='ocrx_word' id='word_1_726' title='bbox 2254 2131 2437 2186; x_wconf 83' lang='lat' dir='ltr'><strong>XVIII.</strong></span> <span class='ocrx_word' id='word_1_727' title='bbox 2475 2131 2583 2186; x_wconf 91' lang='lat' dir='ltr'><strong>Sed</strong></span> <span class='ocrx_word' id='word_1_728' title='bbox 2613 2140 2668 2186; x_wconf 91' lang='lat' dir='ltr'><strong>et</strong></span> <span class='ocrx_word' id='word_1_729' title='bbox 2704 2132 3007 2186; x_wconf 89' lang='lat' dir='ltr'><strong>Tertulliani</strong></span> <span class='ocrx_word' id='word_1_730' title='bbox 3033 2146 3242 2202; x_wconf 90' lang='lat' dir='ltr'><strong>quoque</strong></span> <span class='ocrx_word' id='word_1_731' title='bbox 3270 2131 3448 2186; x_wconf 89' lang='lat' dir='ltr'><strong>eadem</strong></span> <span class='ocrx_word' id='word_1_732' title='bbox 3480 2131 3619 2186; x_wconf 88' lang='lat' dir='ltr'><strong>ratio</strong></span> <span class='ocrx_word' id='word_1_733' title='bbox 3643 2141 3731 2186; x_wconf 88' lang='lat' dir='ltr'><strong>est</strong></span> 
     </span>
    </p>
   </div>
   <div class='ocr_carea' id='block_1_92' title="bbox 2183 2221 3758 2292">
    <p class='ocr_par' dir='ltr' id='par_1_92' title="bbox 2183 2221 3758 2292">
     <span class='ocr_line' id='line_1_99' title="bbox 2183 2221 3758 2292; baseline 0 -16"><span class='ocrx_word' id='word_1_734' title='bbox 2183 2222 2315 2276; x_wconf 89' lang='lat' dir='ltr'><strong>Nam</strong></span> <span class='ocrx_word' id='word_1_735' title='bbox 2341 2232 2476 2276; x_wconf 72' lang='lat' dir='ltr'><strong>sncut</strong></span> <span class='ocrx_word' id='word_1_736' title='bbox 2505 2223 2590 2276; x_wconf 91' lang='lat' dir='ltr'><strong>ille</strong></span> <span class='ocrx_word' id='word_1_737' title='bbox 2611 2225 2746 2292; x_wconf 90' lang='lat' dir='ltr'><strong>apud</strong></span> <span class='ocrx_word' id='word_1_738' title='bbox 2768 2222 2980 2278; x_wconf 80' lang='lat' dir='ltr'><strong>Graecos</strong></span> <span class='ocrx_word' id='word_1_739' title='bbox 2996 2264 3010 2287; x_wconf 93' lang='lat'><strong>,</strong></span> <span class='ocrx_word' id='word_1_740' title='bbox 3040 2222 3113 2275; x_wconf 91' lang='lat' dir='ltr'><strong>ita</strong></span> <span class='ocrx_word' id='word_1_741' title='bbox 3132 2221 3218 2276; x_wconf 92' lang='lat' dir='ltr'><strong>hic</strong></span> <span class='ocrx_word' id='word_1_742' title='bbox 3243 2221 3380 2291; x_wconf 90' lang='lat' dir='ltr'><strong>apud</strong></span> <span class='ocrx_word' id='word_1_743' title='bbox 3402 2221 3620 2276; x_wconf 87' lang='lat' dir='ltr'><strong>Latinos</strong></span> <span class='ocrx_word' id='word_1_744' title='bbox 3639 2237 3758 2276; x_wconf 88' lang='lat' dir='ltr'><strong>nos-</strong></span> 
     </span>
    </p>
   </div>
   <div class='ocr_carea' id='block_1_93' title="bbox 2185 2311 3757 2382">
    <p class='ocr_par' dir='ltr' id='par_1_93' title="bbox 2185 2311 3757 2382">
     <span class='ocr_line' id='line_1_100' title="bbox 2185 2311 3757 2382; baseline 0.002 -17"><span class='ocrx_word' id='word_1_745' title='bbox 2185 2319 2386 2365; x_wconf 89' lang='lat' dir='ltr'><strong>trorum</strong></span> <span class='ocrx_word' id='word_1_746' title='bbox 2421 2312 2656 2365; x_wconf 90' lang='lat' dir='ltr'><strong>omnium</strong></span> <span class='ocrx_word' id='word_1_747' title='bbox 2698 2311 2850 2366; x_wconf 89' lang='lat' dir='ltr'><strong>facile</strong></span> <span class='ocrx_word' id='word_1_748' title='bbox 2887 2312 3133 2382; x_wconf 89' lang='lat' dir='ltr'><strong>princeps</strong></span> <span class='ocrx_word' id='word_1_749' title='bbox 3149 2311 3461 2380; x_wconf 89' lang='lat' dir='ltr'><strong>judicandus</strong></span> <span class='ocrx_word' id='word_1_750' title='bbox 3480 2320 3580 2367; x_wconf 91' lang='lat' dir='ltr'><strong>est.</strong></span> <span class='ocrx_word' id='word_1_751' title='bbox 3619 2312 3757 2378; x_wconf 88' lang='lat' dir='ltr'><strong>Quid</strong></span> 
     </span>
    </p>
   </div>
   <div class='ocr_carea' id='block_1_94' title="bbox 2185 2403 3756 2474">
    <p class='ocr_par' dir='ltr' id='par_1_94' title="bbox 2185 2403 3756 2474">
     <span class='ocr_line' id='line_1_101' title="bbox 2185 2403 3756 2474; baseline 0.001 -18"><span class='ocrx_word' id='word_1_752' title='bbox 2185 2405 2327 2457; x_wconf 90' lang='lat' dir='ltr'><strong>enim</strong></span> <span class='ocrx_word' id='word_1_753' title='bbox 2353 2404 2453 2457; x_wconf 94' lang='lat' dir='ltr'><strong>hoc</strong></span> <span class='ocrx_word' id='word_1_754' title='bbox 2473 2404 2586 2457; x_wconf 91' lang='lat' dir='ltr'><strong>viro</strong></span> <span class='ocrx_word' id='word_1_755' title='bbox 2611 2403 2818 2458; x_wconf 89' lang='lat' dir='ltr'><strong>doctius</strong></span> <span class='ocrx_word' id='word_1_756' title='bbox 2837 2445 2850 2469; x_wconf 95' lang='lat'><strong>,</strong></span> <span class='ocrx_word' id='word_1_757' title='bbox 2886 2404 3012 2474; x_wconf 88' lang='lat' dir='ltr'><strong>quid</strong></span> <span class='ocrx_word' id='word_1_758' title='bbox 3037 2405 3088 2458; x_wconf 92' lang='lat' dir='ltr'><strong>in</strong></span> <span class='ocrx_word' id='word_1_759' title='bbox 3109 2403 3299 2457; x_wconf 90' lang='lat' dir='ltr'><strong>divinis</strong></span> <span class='ocrx_word' id='word_1_760' title='bbox 3317 2412 3473 2474; x_wconf 91' lang='lat' dir='ltr'><strong>atque</strong></span> <span class='ocrx_word' id='word_1_761' title='bbox 3511 2404 3756 2458; x_wconf 88' lang='lat' dir='ltr'><strong>humanis</strong></span> 
     </span>
    </p>
   </div>
   <div class='ocr_carea' id='block_1_95' title="bbox 2186 2496 3759 2567">
    <p class='ocr_par' dir='ltr' id='par_1_95' title="bbox 2186 2496 3759 2567">
     <span class='ocr_line' id='line_1_102' title="bbox 2186 2496 3759 2567; baseline 0.001 -17"><span class='ocrx_word' id='word_1_762' title='bbox 2186 2496 2344 2551; x_wconf 87' lang='lat' dir='ltr'><strong>rebus</strong></span> <span class='ocrx_word' id='word_1_763' title='bbox 2391 2496 2760 2550; x_wconf 83' lang='lat' dir='ltr'><strong>exercitatius?</strong></span> <span class='ocrx_word' id='word_1_764' title='bbox 2795 2496 2992 2567; x_wconf 89' lang='lat' dir='ltr'><strong>Nempe</strong></span> <span class='ocrx_word' id='word_1_765' title='bbox 3028 2512 3238 2550; x_wconf 92' lang='lat' dir='ltr'><strong>omnem</strong></span> <span class='ocrx_word' id='word_1_766' title='bbox 3281 2496 3673 2566; x_wconf 90' lang='lat' dir='ltr'><strong>philosophiam</strong></span> <span class='ocrx_word' id='word_1_767' title='bbox 3706 2504 3759 2551; x_wconf 87' lang='lat' dir='ltr'><strong>et</strong></span> 
     </span>
    </p>
   </div>
   <div class='ocr_carea' id='block_1_96' title="bbox 2187 2587 3760 2658">
    <p class='ocr_par' dir='ltr' id='par_1_96' title="bbox 2187 2587 3760 2658">
     <span class='ocr_line' id='line_1_103' title="bbox 2187 2587 3760 2658; baseline 0.001 -15"><span class='ocrx_word' id='word_1_768' title='bbox 2187 2597 2401 2643; x_wconf 88' lang='lat' dir='ltr'><strong>cunctas</strong></span> <span class='ocrx_word' id='word_1_769' title='bbox 2429 2589 2860 2658; x_wconf 89' lang='lat' dir='ltr'><strong>philosophorum</strong></span> <span class='ocrx_word' id='word_1_770' title='bbox 2889 2597 3061 2643; x_wconf 89' lang='lat' dir='ltr'><strong>sectas</strong></span> <span class='ocrx_word' id='word_1_771' title='bbox 3080 2631 3093 2654; x_wconf 94' lang='lat'><strong>,</strong></span> <span class='ocrx_word' id='word_1_772' title='bbox 3121 2596 3362 2643; x_wconf 89' lang='lat' dir='ltr'><strong>auctores</strong></span> <span class='ocrx_word' id='word_1_773' title='bbox 3384 2631 3398 2654; x_wconf 96' lang='lat'><strong>,</strong></span> <span class='ocrx_word' id='word_1_774' title='bbox 3429 2587 3760 2644; x_wconf 84' lang='lat' dir='ltr'><strong>adsertores-</strong></span> 
     </span>
    </p>
   </div>
   <div class='ocr_carea' id='block_1_97' title="bbox 2187 2681 3759 2751">
    <p class='ocr_par' dir='ltr' id='par_1_97' title="bbox 2187 2681 3759 2751">
     <span class='ocr_line' id='line_1_104' title="bbox 2187 2681 3759 2751; baseline -0.001 -15"><span class='ocrx_word' id='word_1_775' title='bbox 2187 2698 2289 2751; x_wconf 88' lang='lat' dir='ltr'><strong>que</strong></span> <span class='ocrx_word' id='word_1_776' title='bbox 2311 2690 2604 2748; x_wconf 87' lang='lat' dir='ltr'><strong>sectarum,</strong></span> <span class='ocrx_word' id='word_1_777' title='bbox 2646 2696 2935 2751; x_wconf 89' lang='lat' dir='ltr'><strong>omnesque</strong></span> <span class='ocrx_word' id='word_1_778' title='bbox 2972 2696 3153 2736; x_wconf 89' lang='lat' dir='ltr'><strong>eorum</strong></span> <span class='ocrx_word' id='word_1_779' title='bbox 3175 2681 3495 2750; x_wconf 88' lang='lat' dir='ltr'><strong>disciplinas,</strong></span> <span class='ocrx_word' id='word_1_780' title='bbox 3543 2695 3759 2735; x_wconf 84' lang='lat' dir='ltr'><strong>omnem</strong></span> 
     </span>
    </p>
   </div>
   <div class='ocr_carea' id='block_1_98' title="bbox 2188 2770 3761 2841">
    <p class='ocr_par' dir='ltr' id='par_1_98' title="bbox 2188 2770 3761 2841">
     <span class='ocr_line' id='line_1_105' title="bbox 2188 2770 3761 2841; baseline 0.002 -17"><span class='ocrx_word' id='word_1_781' title='bbox 2188 2771 2525 2826; x_wconf 91' lang='lat' dir='ltr'><strong>historiarum</strong></span> <span class='ocrx_word' id='word_1_782' title='bbox 2569 2787 2630 2824; x_wconf 91' lang='lat' dir='ltr'><strong>ac</strong></span> <span class='ocrx_word' id='word_1_783' title='bbox 2669 2771 2961 2825; x_wconf 90' lang='lat' dir='ltr'><strong>studiorum</strong></span> <span class='ocrx_word' id='word_1_784' title='bbox 3004 2772 3308 2825; x_wconf 88' lang='lat' dir='ltr'><strong>varietatem</strong></span> <span class='ocrx_word' id='word_1_785' title='bbox 3353 2771 3486 2825; x_wconf 91' lang='lat' dir='ltr'><strong>mira</strong></span> <span class='ocrx_word' id='word_1_786' title='bbox 3530 2770 3761 2841; x_wconf 85' lang='lat' dir='ltr'><strong>quadam</strong></span> 
     </span>
    </p>
   </div>
   <div class='ocr_carea' id='block_1_99' title="bbox 2187 2861 3762 2932">
    <p class='ocr_par' dir='ltr' id='par_1_99' title="bbox 2187 2861 3762 2932">
     <span class='ocr_line' id='line_1_106' title="bbox 2187 2861 3762 2932; baseline 0.001 -17"><span class='ocrx_word' id='word_1_787' title='bbox 2187 2862 2379 2915; x_wconf 91' lang='lat' dir='ltr'><strong>mentis</strong></span> <span class='ocrx_word' id='word_1_788' title='bbox 2405 2862 2692 2932; x_wconf 90' lang='lat' dir='ltr'><strong>eapacitatc</strong></span> <span class='ocrx_word' id='word_1_789' title='bbox 2733 2861 3036 2931; x_wconf 88' lang='lat' dir='ltr'><strong>complexus</strong></span> <span class='ocrx_word' id='word_1_790' title='bbox 3061 2869 3160 2916; x_wconf 91' lang='lat' dir='ltr'><strong>est.</strong></span> <span class='ocrx_word' id='word_1_791' title='bbox 3187 2861 3399 2931; x_wconf 83' lang='lat' dir='ltr'><strong>Ingenio</strong></span> <span class='ocrx_word' id='word_1_792' title='bbox 3431 2876 3556 2916; x_wconf 88' lang='lat' dir='ltr'><strong>vero</strong></span> <span class='ocrx_word' id='word_1_793' title='bbox 3581 2877 3762 2917; x_wconf 89' lang='lat' dir='ltr'><strong>nonne</strong></span> 
     </span>
    </p>
   </div>
   <div class='ocr_carea' id='block_1_100' title="bbox 2187 2951 3762 3023">
    <p class='ocr_par' dir='ltr' id='par_1_100' title="bbox 2187 2951 3762 3023">
     <span class='ocr_line' id='line_1_107' title="bbox 2187 2951 3762 3023; baseline 0.002 -17"><span class='ocrx_word' id='word_1_794' title='bbox 2187 2959 2294 3006; x_wconf 91' lang='lat' dir='ltr'><strong>tam</strong></span> <span class='ocrx_word' id='word_1_795' title='bbox 2324 2952 2467 3021; x_wconf 85' lang='lat' dir='ltr'><strong>gravi</strong></span> <span class='ocrx_word' id='word_1_796' title='bbox 2488 2967 2548 3005; x_wconf 89' lang='lat' dir='ltr'><strong>ae</strong></span> <span class='ocrx_word' id='word_1_797' title='bbox 2576 2953 2874 3006; x_wconf 88' lang='lat' dir='ltr'><strong>vehementi</strong></span> <span class='ocrx_word' id='word_1_798' title='bbox 2897 2951 3140 3006; x_wconf 88' lang='lat' dir='ltr'><strong>excelluit</strong></span> <span class='ocrx_word' id='word_1_799' title='bbox 3161 2959 3218 3006; x_wconf 93' lang='lat' dir='ltr'><strong>ut</strong></span> <span class='ocrx_word' id='word_1_800' title='bbox 3243 2951 3341 3005; x_wconf 89' lang='lat' dir='ltr'><strong>sibi</strong></span> <span class='ocrx_word' id='word_1_801' title='bbox 3381 2951 3509 3004; x_wconf 90' lang='lat' dir='ltr'><strong>nihil</strong></span> <span class='ocrx_word' id='word_1_802' title='bbox 3535 2967 3671 3023; x_wconf 84' lang='lat' dir='ltr'><strong>pene</strong></span> <span class='ocrx_word' id='word_1_803' title='bbox 3691 2952 3762 3009; x_wconf 82' lang='lat' dir='ltr'><strong>ad</strong></span> 
     </span>
    </p>
   </div>
   <div class='ocr_carea' id='block_1_101' title="bbox 2190 3043 3763 3114">
    <p class='ocr_par' dir='ltr' id='par_1_101' title="bbox 2190 3043 3763 3114">
     <span class='ocr_line' id='line_1_108' title="bbox 2190 3043 3763 3114; baseline 0.001 -17"><span class='ocrx_word' id='word_1_804' title='bbox 2190 3043 2596 3114; x_wconf 86' lang='lat' dir='ltr'><strong>expugnandum</strong></span> <span class='ocrx_word' id='word_1_805' title='bbox 2628 3044 2960 3113; x_wconf 89' lang='lat' dir='ltr'><strong>proposuerit</strong></span> <span class='ocrx_word' id='word_1_806' title='bbox 2986 3043 3125 3113; x_wconf 92' lang='lat' dir='ltr'><strong>quod</strong></span> <span class='ocrx_word' id='word_1_807' title='bbox 3156 3058 3258 3097; x_wconf 94' lang='lat' dir='ltr'><strong>non</strong></span> <span class='ocrx_word' id='word_1_808' title='bbox 3283 3052 3373 3096; x_wconf 91' lang='lat' dir='ltr'><strong>aut</strong></span> <span class='ocrx_word' id='word_1_809' title='bbox 3402 3045 3643 3098; x_wconf 90' lang='lat' dir='ltr'><strong>acumine</strong></span> <span class='ocrx_word' id='word_1_810' title='bbox 3677 3044 3763 3099; x_wconf 88' lang='lat' dir='ltr'><strong>in-</strong></span> 
     </span>
    </p>
   </div>
   <div class='ocr_carea' id='block_1_102' title="bbox 2189 3135 3763 3206">
    <p class='ocr_par' dir='ltr' id='par_1_102' title="bbox 2189 3135 3763 3206">
     <span class='ocr_line' id='line_1_109' title="bbox 2189 3135 3763 3206; baseline 0.001 -16"><span class='ocrx_word' id='word_1_811' title='bbox 2189 3137 2408 3206; x_wconf 87' lang='lat' dir='ltr'><strong>ruperit,</strong></span> <span class='ocrx_word' id='word_1_812' title='bbox 2433 3146 2522 3190; x_wconf 91' lang='lat' dir='ltr'><strong>aut</strong></span> <span class='ocrx_word' id='word_1_813' title='bbox 2538 3136 2768 3206; x_wconf 88' lang='lat' dir='ltr'><strong>pondere</strong></span> <span class='ocrx_word' id='word_1_814' title='bbox 2788 3136 3028 3191; x_wconf 85' lang='lat' dir='ltr'><strong>eliserit?</strong></span> <span class='ocrx_word' id='word_1_815' title='bbox 3048 3135 3161 3190; x_wconf 82' lang='lat' dir='ltr'><strong>Jam</strong></span> <span class='ocrx_word' id='word_1_816' title='bbox 3189 3148 3345 3205; x_wconf 90' lang='lat' dir='ltr'><strong>porro</strong></span> <span class='ocrx_word' id='word_1_817' title='bbox 3367 3136 3618 3190; x_wconf 89' lang='lat' dir='ltr'><strong>orationis</strong></span> <span class='ocrx_word' id='word_1_818' title='bbox 3651 3153 3763 3191; x_wconf 79' lang='lat' dir='ltr'><strong>suae</strong></span> 
     </span>
    </p>
   </div>
   <div class='ocr_carea' id='block_1_103' title="bbox 2191 3228 3765 3299">
    <p class='ocr_par' dir='ltr' id='par_1_103' title="bbox 2191 3228 3765 3299">
     <span class='ocr_line' id='line_1_110' title="bbox 2191 3228 3765 3299; baseline 0.003 -19"><span class='ocrx_word' id='word_1_819' title='bbox 2191 3228 2371 3282; x_wconf 85' lang='lat' dir='ltr'><strong>laudes</strong></span> <span class='ocrx_word' id='word_1_820' title='bbox 2398 3229 2514 3298; x_wconf 91' lang='lat' dir='ltr'><strong>quis</strong></span> <span class='ocrx_word' id='word_1_821' title='bbox 2535 3229 2749 3298; x_wconf 88' lang='lat' dir='ltr'><strong>exsequi</strong></span> <span class='ocrx_word' id='word_1_822' title='bbox 2771 3229 2940 3282; x_wconf 83' lang='lat' dir='ltr'><strong>valeat</strong></span> <span class='ocrx_word' id='word_1_823' title='bbox 2963 3271 2976 3293; x_wconf 95' lang='lat'><strong>,</strong></span> <span class='ocrx_word' id='word_1_824' title='bbox 3005 3245 3142 3298; x_wconf 69' lang='lat' dir='ltr'><strong>quae,</strong></span> <span class='ocrx_word' id='word_1_825' title='bbox 3167 3236 3310 3282; x_wconf 91' lang='lat' dir='ltr'><strong>tanta</strong></span> <span class='ocrx_word' id='word_1_826' title='bbox 3349 3229 3528 3283; x_wconf 89' lang='lat' dir='ltr'><strong>nescio</strong></span> <span class='ocrx_word' id='word_1_827' title='bbox 3549 3243 3655 3299; x_wconf 84' lang='lat' dir='ltr'><strong>qua</strong></span> <span class='ocrx_word' id='word_1_828' title='bbox 3685 3246 3765 3284; x_wconf 84' lang='lat' dir='ltr'><strong>ra-</strong></span> 
     </span>
    </p>
   </div>
   <div class='ocr_carea' id='block_1_104' title="bbox 2192 3320 3764 3377">
    <p class='ocr_par' dir='ltr' id='par_1_104' title="bbox 2192 3320 3764 3377">
     <span class='ocr_line' id='line_1_111' title="bbox 2192 3320 3764 3377; baseline 0.003 -5"><span class='ocrx_word' id='word_1_829' title='bbox 2192 3320 2394 3374; x_wconf 88' lang='lat' dir='ltr'><strong>tionum</strong></span> <span class='ocrx_word' id='word_1_830' title='bbox 2419 3322 2733 3375; x_wconf 89' lang='lat' dir='ltr'><strong>necessitate</strong></span> <span class='ocrx_word' id='word_1_831' title='bbox 2771 3330 3015 3375; x_wconf 89' lang='lat' dir='ltr'><strong>concerta</strong></span> <span class='ocrx_word' id='word_1_832' title='bbox 3049 3329 3131 3375; x_wconf 90' lang='lat' dir='ltr'><strong>est</strong></span> <span class='ocrx_word' id='word_1_833' title='bbox 3157 3329 3212 3375; x_wconf 90' lang='lat' dir='ltr'><strong>ut</strong></span> <span class='ocrx_word' id='word_1_834' title='bbox 3232 3321 3298 3374; x_wconf 91' lang='lat' dir='ltr'><strong>ad</strong></span> <span class='ocrx_word' id='word_1_835' title='bbox 3323 3336 3641 3376; x_wconf 86' lang='lat' dir='ltr'><strong>consensum</strong></span> <span class='ocrx_word' id='word_1_836' title='bbox 3681 3325 3764 3377; x_wconf 89' lang='lat' dir='ltr'><strong>sul</strong></span> 
     </span>
    </p>
   </div>
   <div class='ocr_carea' id='block_1_105' title="bbox 2192 3411 3766 3486">
    <p class='ocr_par' dir='ltr' id='par_1_105' title="bbox 2192 3411 3766 3486">
     <span class='ocr_line' id='line_1_112' title="bbox 2192 3411 3766 3486; baseline 0.003 -23"><span class='ocrx_word' id='word_1_837' title='bbox 2192 3425 2324 3480; x_wconf 91' lang='lat' dir='ltr'><strong>quos</strong></span> <span class='ocrx_word' id='word_1_838' title='bbox 2345 3411 2566 3465; x_wconf 85' lang='lat' dir='ltr'><strong>suadere</strong></span> <span class='ocrx_word' id='word_1_839' title='bbox 2606 3427 2710 3466; x_wconf 92' lang='lat' dir='ltr'><strong>non</strong></span> <span class='ocrx_word' id='word_1_840' title='bbox 2744 3412 2974 3480; x_wconf 89' lang='lat' dir='ltr'><strong>potuerit</strong></span> <span class='ocrx_word' id='word_1_841' title='bbox 2997 3411 3260 3480; x_wconf 87' lang='lat' dir='ltr'><strong>impellat;</strong></span> <span class='ocrx_word' id='word_1_842' title='bbox 3301 3412 3450 3480; x_wconf 83' lang='lat' dir='ltr'><strong>cujus</strong></span> <span class='ocrx_word' id='word_1_843' title='bbox 3471 3421 3602 3486; x_wconf 86' lang='lat' dir='ltr'><strong>quot</strong></span> <span class='ocrx_word' id='word_1_844' title='bbox 3628 3428 3766 3482; x_wconf 81' lang='lat' dir='ltr'><strong>pene</strong></span> 
     </span>
    </p>
   </div>
   <div class='ocr_carea' id='block_1_106' title="bbox 2193 3501 3761 3571">
    <p class='ocr_par' dir='ltr' id='par_1_106' title="bbox 2193 3501 3761 3571">
     <span class='ocr_line' id='line_1_113' title="bbox 2193 3501 3761 3571; baseline 0.003 -18"><span class='ocrx_word' id='word_1_845' title='bbox 2193 3501 2371 3568; x_wconf 89' lang='lat' dir='ltr'><strong>verba,</strong></span> <span class='ocrx_word' id='word_1_846' title='bbox 2400 3510 2478 3556; x_wconf 93' lang='lat' dir='ltr'><strong>tot</strong></span> <span class='ocrx_word' id='word_1_847' title='bbox 2499 3502 2772 3556; x_wconf 72' lang='lat' dir='ltr'><strong>sententia:</strong></span> <span class='ocrx_word' id='word_1_848' title='bbox 2794 3510 2951 3566; x_wconf 90' lang='lat' dir='ltr'><strong>sunt;</strong></span> <span class='ocrx_word' id='word_1_849' title='bbox 2994 3511 3122 3571; x_wconf 89' lang='lat' dir='ltr'><strong>quot</strong></span> <span class='ocrx_word' id='word_1_850' title='bbox 3159 3517 3363 3568; x_wconf 90' lang='lat' dir='ltr'><strong>sensus,</strong></span> <span class='ocrx_word' id='word_1_851' title='bbox 3401 3510 3476 3556; x_wconf 91' lang='lat' dir='ltr'><strong>tot</strong></span> <span class='ocrx_word' id='word_1_852' title='bbox 3501 3504 3761 3558; x_wconf 56' lang='lat' dir='ltr'><strong>victoriae.</strong></span> 
     </span>
    </p>
   </div>
   <div class='ocr_carea' id='block_1_107' title="bbox 2193 3590 3767 3662">
    <p class='ocr_par' dir='ltr' id='par_1_107' title="bbox 2193 3590 3767 3662">
     <span class='ocr_line' id='line_1_114' title="bbox 2193 3590 3767 3662; baseline 0.002 -18"><span class='ocrx_word' id='word_1_853' title='bbox 2193 3590 2379 3646; x_wconf 91' lang='lat' dir='ltr'><strong>Sciunt</strong></span> <span class='ocrx_word' id='word_1_854' title='bbox 2413 3592 2513 3646; x_wconf 92' lang='lat' dir='ltr'><strong>hoc</strong></span> <span class='ocrx_word' id='word_1_855' title='bbox 2533 3592 2822 3646; x_wconf 89' lang='lat' dir='ltr'><strong>Mareiones</strong></span> <span class='ocrx_word' id='word_1_856' title='bbox 2846 3632 2860 3656; x_wconf 92' lang='lat'><strong>,</strong></span> <span class='ocrx_word' id='word_1_857' title='bbox 2918 3592 3128 3660; x_wconf 80' lang='lat' dir='ltr'><strong>Apelles</strong></span> <span class='ocrx_word' id='word_1_858' title='bbox 3147 3635 3161 3657; x_wconf 96' lang='lat'><strong>,</strong></span> <span class='ocrx_word' id='word_1_859' title='bbox 3203 3591 3436 3655; x_wconf 65' lang='lat' dir='ltr'><strong>Praxem,</strong></span> <span class='ocrx_word' id='word_1_860' title='bbox 3466 3591 3767 3662; x_wconf 85' lang='lat' dir='ltr'><strong>Hermoge-</strong></span> 
     </span>
    </p>
   </div>
   <div class='ocr_carea' id='block_1_108' title="bbox 2194 3681 3768 3750">
    <p class='ocr_par' dir='ltr' id='par_1_108' title="bbox 2194 3681 3768 3750">
     <span class='ocr_line' id='line_1_115' title="bbox 2194 3681 3768 3750; baseline 0.003 -16"><span class='ocrx_word' id='word_1_861' title='bbox 2194 3695 2307 3747; x_wconf 90' lang='lat' dir='ltr'><strong>nes,</strong></span> <span class='ocrx_word' id='word_1_862' title='bbox 2325 3681 2509 3748; x_wconf 72' lang='lat' dir='ltr'><strong>Judaei,</strong></span> <span class='ocrx_word' id='word_1_863' title='bbox 2535 3683 2789 3746; x_wconf 88' lang='lat' dir='ltr'><strong>Gentiles,</strong></span> <span class='ocrx_word' id='word_1_864' title='bbox 2813 3681 3068 3747; x_wconf 88' lang='lat' dir='ltr'><strong>Gnostici,</strong></span> <span class='ocrx_word' id='word_1_865' title='bbox 3093 3681 3404 3750; x_wconf 57' lang='lat' dir='ltr'><strong>exterique;</strong></span> <span class='ocrx_word' id='word_1_866' title='bbox 3429 3697 3654 3750; x_wconf 87' lang='lat' dir='ltr'><strong>quorum</strong></span> <span class='ocrx_word' id='word_1_867' title='bbox 3679 3685 3768 3739; x_wconf 83' lang='lat' dir='ltr'><strong>ille</strong></span> 
     </span>
    </p>
   </div>
   <div class='ocr_carea' id='block_1_109' title="bbox 2193 3772 3769 3843">
    <p class='ocr_par' dir='ltr' id='par_1_109' title="bbox 2193 3772 3769 3843">
     <span class='ocr_line' id='line_1_116' title="bbox 2193 3772 3769 3843; baseline 0.003 -17"><span class='ocrx_word' id='word_1_868' title='bbox 2193 3772 2545 3842; x_wconf 88' lang='lat' dir='ltr'><strong>hlasphemias</strong></span> <span class='ocrx_word' id='word_1_869' title='bbox 2571 3773 2748 3827; x_wconf 89' lang='lat' dir='ltr'><strong>multis</strong></span> <span class='ocrx_word' id='word_1_870' title='bbox 2764 3789 2827 3828; x_wconf 91' lang='lat' dir='ltr'><strong>ac</strong></span> <span class='ocrx_word' id='word_1_871' title='bbox 2851 3775 3053 3843; x_wconf 86' lang='lat' dir='ltr'><strong>magnis</strong></span> <span class='ocrx_word' id='word_1_872' title='bbox 3064 3773 3386 3827; x_wconf 88' lang='lat' dir='ltr'><strong>voluminum</strong></span> <span class='ocrx_word' id='word_1_873' title='bbox 3407 3788 3624 3828; x_wconf 91' lang='lat' dir='ltr'><strong>suorum</strong></span> <span class='ocrx_word' id='word_1_874' title='bbox 3649 3792 3769 3830; x_wconf 78' lang='lat' dir='ltr'><strong>mo-</strong></span> 
     </span>
    </p>
   </div>
   <div class='ocr_carea' id='block_1_110' title="bbox 2191 3863 3768 3933">
    <p class='ocr_par' dir='ltr' id='par_1_110' title="bbox 2191 3863 3768 3933">
     <span class='ocr_line' id='line_1_117' title="bbox 2191 3863 3768 3933; baseline 0.003 -17"><span class='ocrx_word' id='word_1_875' title='bbox 2191 3863 2350 3929; x_wconf 89' lang='lat' dir='ltr'><strong>libus,</strong></span> <span class='ocrx_word' id='word_1_876' title='bbox 2379 3864 2520 3916; x_wconf 84' lang='lat' dir='ltr'><strong>velut</strong></span> <span class='ocrx_word' id='word_1_877' title='bbox 2544 3863 2857 3933; x_wconf 90' lang='lat' dir='ltr'><strong>quibusdam</strong></span> <span class='ocrx_word' id='word_1_878' title='bbox 2897 3863 3227 3930; x_wconf 89' lang='lat' dir='ltr'><strong>fulminibus,</strong></span> <span class='ocrx_word' id='word_1_879' title='bbox 3251 3863 3455 3916; x_wconf 83' lang='lat' dir='ltr'><strong>evertit.</strong></span> <span class='ocrx_word' id='word_1_880' title='bbox 3487 3863 3554 3917; x_wconf 86' lang='lat' dir='ltr'><strong>Et</strong></span> <span class='ocrx_word' id='word_1_881' title='bbox 3585 3873 3768 3920; x_wconf 85' lang='lat' dir='ltr'><strong>tamen</strong></span> 
     </span>
    </p>
   </div>
   <div class='ocr_carea' id='block_1_111' title="bbox 2194 3955 3765 4026">
    <p class='ocr_par' dir='ltr' id='par_1_111' title="bbox 2194 3955 3765 4026">
     <span class='ocr_line' id='line_1_118' title="bbox 2194 3955 3765 4026; baseline 0.003 -19"><span class='ocrx_word' id='word_1_882' title='bbox 2194 3955 2279 4009; x_wconf 90' lang='lat' dir='ltr'><strong>hic</strong></span> <span class='ocrx_word' id='word_1_883' title='bbox 2305 3971 2511 4026; x_wconf 89' lang='lat' dir='ltr'><strong>quoque</strong></span> <span class='ocrx_word' id='word_1_884' title='bbox 2540 3963 2659 4025; x_wconf 93' lang='lat' dir='ltr'><strong>post</strong></span> <span class='ocrx_word' id='word_1_885' title='bbox 2683 3956 2797 4010; x_wconf 57' lang='lat' dir='ltr'><strong>hate</strong></span> <span class='ocrx_word' id='word_1_886' title='bbox 2831 3956 3037 4022; x_wconf 91' lang='lat' dir='ltr'><strong>omnia,</strong></span> <span class='ocrx_word' id='word_1_887' title='bbox 3063 3956 3168 4021; x_wconf 92' lang='lat' dir='ltr'><strong>hic,</strong></span> <span class='ocrx_word' id='word_1_888' title='bbox 3198 3956 3446 4025; x_wconf 87' lang='lat' dir='ltr'><strong>inquam,</strong></span> <span class='ocrx_word' id='word_1_889' title='bbox 3478 3955 3765 4011; x_wconf 86' lang='lat' dir='ltr'><strong>Tertullia-</strong></span> 
     </span>
    </p>
   </div>
   <div class='ocr_carea' id='block_1_112' title="bbox 2193 4045 3769 4114">
    <p class='ocr_par' dir='ltr' id='par_1_112' title="bbox 2193 4045 3769 4114">
     <span class='ocr_line' id='line_1_119' title="bbox 2193 4045 3769 4114; baseline 0.003 -16"><span class='ocrx_word' id='word_1_890' title='bbox 2193 4061 2312 4110; x_wconf 84' lang='lat' dir='ltr'><strong>nus,</strong></span> <span class='ocrx_word' id='word_1_891' title='bbox 2335 4045 2578 4100; x_wconf 89' lang='lat' dir='ltr'><strong>catholici</strong></span> <span class='ocrx_word' id='word_1_892' title='bbox 2599 4046 2876 4114; x_wconf 85' lang='lat' dir='ltr'><strong>dogmatis,</strong></span> <span class='ocrx_word' id='word_1_893' title='bbox 2914 4047 2965 4100; x_wconf 92' lang='lat' dir='ltr'><strong>id</strong></span> <span class='ocrx_word' id='word_1_894' title='bbox 2991 4055 3090 4112; x_wconf 89' lang='lat' dir='ltr'><strong>est,</strong></span> <span class='ocrx_word' id='word_1_895' title='bbox 3116 4046 3426 4100; x_wconf 82' lang='lat' dir='ltr'><strong>universalis</strong></span> <span class='ocrx_word' id='word_1_896' title='bbox 3451 4061 3513 4100; x_wconf 83' lang='lat' dir='ltr'><strong>ac</strong></span> <span class='ocrx_word' id='word_1_897' title='bbox 3535 4055 3769 4103; x_wconf 73' lang='lat' dir='ltr'><strong>vetustrc</strong></span> 
     </span>
    </p>
   </div>
   <div class='ocr_carea' id='block_1_113' title="bbox 2194 4133 3766 4205">
    <p class='ocr_par' dir='ltr' id='par_1_113' title="bbox 2194 4133 3766 4205">
     <span class='ocr_line' id='line_1_120' title="bbox 2194 4133 3766 4205; baseline 0.004 -20"><span class='ocrx_word' id='word_1_898' title='bbox 2194 4133 2313 4188; x_wconf 88' lang='lat' dir='ltr'><strong>fidei</strong></span> <span class='ocrx_word' id='word_1_899' title='bbox 2335 4149 2519 4203; x_wconf 88' lang='lat' dir='ltr'><strong>parum</strong></span> <span class='ocrx_word' id='word_1_900' title='bbox 2539 4143 2714 4202; x_wconf 85' lang='lat' dir='ltr'><strong>tenax,</strong></span> <span class='ocrx_word' id='word_1_901' title='bbox 2743 4150 2805 4188; x_wconf 91' lang='lat' dir='ltr'><strong>ac</strong></span> <span class='ocrx_word' id='word_1_902' title='bbox 2843 4135 3088 4189; x_wconf 90' lang='lat' dir='ltr'><strong>disertior</strong></span> <span class='ocrx_word' id='word_1_903' title='bbox 3128 4135 3293 4188; x_wconf 89' lang='lat' dir='ltr'><strong>multo</strong></span> <span class='ocrx_word' id='word_1_904' title='bbox 3336 4151 3494 4204; x_wconf 86' lang='lat' dir='ltr'><strong>quam</strong></span> <span class='ocrx_word' id='word_1_905' title='bbox 3527 4136 3766 4205; x_wconf 88' lang='lat' dir='ltr'><strong>felicior,</strong></span> 
     </span>
    </p>
   </div>
   <div class='ocr_carea' id='block_1_114' title="bbox 2193 4223 3768 4294">
    <p class='ocr_par' dir='ltr' id='par_1_114' title="bbox 2193 4223 3768 4294">
     <span class='ocr_line' id='line_1_121' title="bbox 2193 4223 3768 4294; baseline 0.003 -17"><span class='ocrx_word' id='word_1_906' title='bbox 2193 4232 2388 4278; x_wconf 90' lang='lat' dir='ltr'><strong>mutata</strong></span> <span class='ocrx_word' id='word_1_907' title='bbox 2410 4224 2661 4293; x_wconf 89' lang='lat' dir='ltr'><strong>deinceps</strong></span> <span class='ocrx_word' id='word_1_908' title='bbox 2680 4225 2959 4290; x_wconf 91' lang='lat' dir='ltr'><strong>sententia,</strong></span> <span class='ocrx_word' id='word_1_909' title='bbox 2991 4224 3111 4278; x_wconf 87' lang='lat' dir='ltr'><strong>fecit</strong></span> <span class='ocrx_word' id='word_1_910' title='bbox 3131 4223 3194 4278; x_wconf 88' lang='lat' dir='ltr'><strong>ad</strong></span> <span class='ocrx_word' id='word_1_911' title='bbox 3215 4233 3505 4278; x_wconf 81' lang='lat' dir='ltr'><strong>extremum</strong></span> <span class='ocrx_word' id='word_1_912' title='bbox 3528 4225 3674 4294; x_wconf 90' lang='lat' dir='ltr'><strong>quod</strong></span> <span class='ocrx_word' id='word_1_913' title='bbox 3699 4228 3768 4282; x_wconf 89' lang='lat' dir='ltr'><strong>de</strong></span> 
     </span>
    </p>
   </div>
   <div class='ocr_carea' id='block_1_115' title="bbox 2194 4313 3761 4384">
    <p class='ocr_par' dir='ltr' id='par_1_115' title="bbox 2194 4313 3761 4384">
     <span class='ocr_line' id='line_1_122' title="bbox 2194 4313 3761 4384; baseline 0.002 -16"><span class='ocrx_word' id='word_1_914' title='bbox 2194 4330 2259 4368; x_wconf 88' lang='lat' dir='ltr'><strong>eo</strong></span> <span class='ocrx_word' id='word_1_915' title='bbox 2281 4314 2466 4368; x_wconf 87' lang='lat' dir='ltr'><strong>beatus</strong></span> <span class='ocrx_word' id='word_1_916' title='bbox 2487 4313 2763 4368; x_wconf 87' lang='lat' dir='ltr'><strong>confessor</strong></span> <span class='ocrx_word' id='word_1_917' title='bbox 2783 4314 3009 4368; x_wconf 82' lang='lat' dir='ltr'><strong>Hilarius</strong></span> <span class='ocrx_word' id='word_1_918' title='bbox 3034 4314 3260 4384; x_wconf 92' lang='lat' dir='ltr'><strong>quodam</strong></span> <span class='ocrx_word' id='word_1_919' title='bbox 3287 4314 3404 4367; x_wconf 91' lang='lat' dir='ltr'><strong>loco</strong></span> <span class='ocrx_word' id='word_1_920' title='bbox 3424 4314 3605 4368; x_wconf 88' lang='lat' dir='ltr'><strong>scribit</strong></span> <span class='ocrx_word' id='word_1_921' title='bbox 3629 4333 3642 4368; x_wconf 92' lang='lat'><em>:</em></span> <span class='ocrx_word' id='word_1_922' title='bbox 3678 4315 3761 4371; x_wconf 80' lang='lat' dir='ltr'><strong>Se</strong></span> 
     </span>
    </p>
   </div>
   <div class='ocr_carea' id='block_1_116' title="bbox 2192 4405 3767 4476">
    <p class='ocr_par' dir='ltr' id='par_1_116' title="bbox 2192 4405 3767 4476">
     <span class='ocr_line' id='line_1_123' title="bbox 2192 4405 3767 4476; baseline 0.003 -21"><span class='ocrx_word' id='word_1_923' title='bbox 2192 4407 2379 4474; x_wconf 81' lang='lat' dir='ltr'><strong>quenti,</strong></span> <span class='ocrx_word' id='word_1_924' title='bbox 2403 4405 2588 4474; x_wconf 88' lang='lat' dir='ltr'><strong>inquit,</strong></span> <span class='ocrx_word' id='word_1_925' title='bbox 2611 4421 2776 4458; x_wconf 86' lang='lat' dir='ltr'><strong>errore</strong></span> <span class='ocrx_word' id='word_1_926' title='bbox 2793 4405 3006 4458; x_wconf 76' lang='lat' dir='ltr'><strong>detraxit</strong></span> <span class='ocrx_word' id='word_1_927' title='bbox 3028 4405 3224 4476; x_wconf 81' lang='lat' dir='ltr'><strong>scriptis</strong></span> <span class='ocrx_word' id='word_1_928' title='bbox 3245 4405 3576 4474; x_wconf 81' lang='lat' dir='ltr'><strong>probabilibus</strong></span> <span class='ocrx_word' id='word_1_929' title='bbox 3596 4417 3767 4460; x_wconf 63' lang='lat' dir='ltr'><strong>unde.</strong></span> 
     </span>
    </p>
   </div>
   <div class='ocr_carea' id='block_1_117' title="bbox 2191 4493 3764 4561">
    <p class='ocr_par' dir='ltr' id='par_1_117' title="bbox 2191 4493 3764 4561">
     <span class='ocr_line' id='line_1_124' title="bbox 2191 4493 3764 4561; baseline 0.002 -14"><span class='ocrx_word' id='word_1_930' title='bbox 2191 4495 2407 4560; x_wconf 86' lang='lat' dir='ltr'><strong>ritatem,</strong></span> <span class='ocrx_word' id='word_1_931' title='bbox 2437 4495 2663 4548; x_wconf 86' lang='lat' dir='ltr'><strong>Hilarius</strong></span> <span class='ocrx_word' id='word_1_932' title='bbox 2689 4494 2742 4548; x_wconf 92' lang='lat' dir='ltr'><strong>in</strong></span> <span class='ocrx_word' id='word_1_933' title='bbox 2768 4494 2948 4549; x_wconf 88' lang='lat' dir='ltr'><strong>Matth.</strong></span> <span class='ocrx_word' id='word_1_934' title='bbox 2978 4509 3025 4547; x_wconf 93' lang='lat' dir='ltr'><strong>c.</strong></span> <span class='ocrx_word' id='word_1_935' title='bbox 3051 4494 3102 4548; x_wconf 82' lang='grc'><strong>5.</strong></span> <span class='ocrx_word' id='word_1_936' title='bbox 3126 4495 3192 4547; x_wconf 83' lang='grc' dir='ltr'><strong>Ει</strong></span> <span class='ocrx_word' id='word_1_937' title='bbox 3217 4493 3313 4546; x_wconf 86' lang='lat' dir='ltr'><strong>fuit</strong></span> <span class='ocrx_word' id='word_1_938' title='bbox 3333 4493 3440 4561; x_wconf 86' lang='lat' dir='ltr'><strong>ipse</strong></span> <span class='ocrx_word' id='word_1_939' title='bbox 3464 4507 3678 4560; x_wconf 86' lang='lat' dir='ltr'><strong>quoque</strong></span> <span class='ocrx_word' id='word_1_940' title='bbox 3709 4496 3764 4549; x_wconf 92' lang='lat' dir='ltr'><strong>in</strong></span> 
     </span>
    </p>
   </div>
   <div class='ocr_carea' id='block_1_118' title="bbox 2195 4580 3759 4655">
    <p class='ocr_par' dir='ltr' id='par_1_118' title="bbox 2195 4580 3759 4655">
     <span class='ocr_line' id='line_1_125' title="bbox 2195 4580 3759 4655; baseline 0 -16"><span class='ocrx_word' id='word_1_941' title='bbox 2195 4585 2430 4640; x_wconf 89' lang='lat' dir='ltr'><strong>Ecclesia</strong></span> <span class='ocrx_word' id='word_1_942' title='bbox 2452 4600 2637 4655; x_wconf 89' lang='lat' dir='ltr'><strong>magna</strong></span> <span class='ocrx_word' id='word_1_943' title='bbox 2659 4586 2895 4639; x_wconf 88' lang='lat' dir='ltr'><strong>tentatio.</strong></span> <span class='ocrx_word' id='word_1_944' title='bbox 2922 4583 3025 4638; x_wconf 89' lang='lat' dir='ltr'><strong>Sed</strong></span> <span class='ocrx_word' id='word_1_945' title='bbox 3043 4583 3108 4637; x_wconf 92' lang='lat' dir='ltr'><strong>de</strong></span> <span class='ocrx_word' id='word_1_946' title='bbox 3128 4584 3230 4637; x_wconf 90' lang='lat' dir='ltr'><strong>hoc</strong></span> <span class='ocrx_word' id='word_1_947' title='bbox 3249 4584 3368 4636; x_wconf 93' lang='lat' dir='ltr'><strong>nolo</strong></span> <span class='ocrx_word' id='word_1_948' title='bbox 3387 4581 3531 4650; x_wconf 90' lang='lat' dir='ltr'><strong>plura</strong></span> <span class='ocrx_word' id='word_1_949' title='bbox 3551 4580 3759 4638; x_wconf 77' lang='lat' dir='ltr'><strong>dicere.</strong></span> 
     </span>
    </p>
   </div>
   <div class='ocr_carea' id='block_1_119' title="bbox 2193 4669 3763 4743">
    <p class='ocr_par' dir='ltr' id='par_1_119' title="bbox 2193 4669 3763 4743">
     <span class='ocr_line' id='line_1_126' title="bbox 2193 4669 3763 4743; baseline -0.001 -14"><span class='ocrx_word' id='word_1_950' title='bbox 2193 4675 2305 4730; x_wconf 88' lang='lat' dir='ltr'><strong>lloc</strong></span> <span class='ocrx_word' id='word_1_951' title='bbox 2339 4684 2541 4729; x_wconf 89' lang='lat' dir='ltr'><strong>tantum</strong></span> <span class='ocrx_word' id='word_1_952' title='bbox 2573 4675 3031 4741; x_wconf 88' lang='lat' dir='ltr'><strong>commemorabo,</strong></span> <span class='ocrx_word' id='word_1_953' title='bbox 3061 4673 3202 4743; x_wconf 91' lang='lat' dir='ltr'><strong>quod</strong></span> <span class='ocrx_word' id='word_1_954' title='bbox 3227 4682 3406 4727; x_wconf 86' lang='lat' dir='ltr'><strong>contra</strong></span> <span class='ocrx_word' id='word_1_955' title='bbox 3425 4669 3586 4742; x_wconf 79' lang='lat' dir='ltr'><strong>Moysi</strong></span> <span class='ocrx_word' id='word_1_956' title='bbox 3616 4687 3763 4740; x_wconf 75' lang='lat' dir='ltr'><strong>prae-</strong></span> 
     </span>
    </p>
   </div>
   <div class='ocr_carea' id='block_1_120' title="bbox 2193 4758 3764 4835">
    <p class='ocr_par' dir='ltr' id='par_1_120' title="bbox 2193 4758 3764 4835">
     <span class='ocr_line' id='line_1_127' title="bbox 2193 4758 3764 4835; baseline -0.001 -17"><span class='ocrx_word' id='word_1_957' title='bbox 2193 4774 2402 4835; x_wconf 87' lang='lat' dir='ltr'><strong>ceptum</strong></span> <span class='ocrx_word' id='word_1_958' title='bbox 2423 4772 2763 4833; x_wconf 88' lang='lat' dir='ltr'><strong>exsurgentes</strong></span> <span class='ocrx_word' id='word_1_959' title='bbox 2778 4765 2830 4816; x_wconf 90' lang='lat' dir='ltr'><strong>in</strong></span> <span class='ocrx_word' id='word_1_960' title='bbox 2846 4763 3077 4817; x_wconf 88' lang='lat' dir='ltr'><strong>Ecclesia</strong></span> <span class='ocrx_word' id='word_1_961' title='bbox 3105 4761 3335 4815; x_wconf 90' lang='lat' dir='ltr'><strong>novellas</strong></span> <span class='ocrx_word' id='word_1_962' title='bbox 3348 4759 3576 4813; x_wconf 86' lang='lat' dir='ltr'><strong>Montani</strong></span> <span class='ocrx_word' id='word_1_963' title='bbox 3597 4758 3764 4816; x_wconf 88' lang='lat' dir='ltr'><strong>furias</strong></span> 
     </span>
    </p>
   </div>
   <div class='ocr_carea' id='block_1_121' title="bbox 2193 4849 3764 4920">
    <p class='ocr_par' dir='ltr' id='par_1_121' title="bbox 2193 4849 3764 4920">
     <span class='ocr_line' id='line_1_128' title="bbox 2193 4849 3764 4920; baseline -0.003 -11"><span class='ocrx_word' id='word_1_964' title='bbox 2193 4863 2246 4909; x_wconf 91' lang='lat' dir='ltr'><strong>et</strong></span> <span class='ocrx_word' id='word_1_965' title='bbox 2257 4856 2436 4909; x_wconf 90' lang='lat' dir='ltr'><strong>insana</strong></span> <span class='ocrx_word' id='word_1_966' title='bbox 2451 4853 2541 4907; x_wconf 90' lang='lat' dir='ltr'><strong>illa</strong></span> <span class='ocrx_word' id='word_1_967' title='bbox 2553 4854 2851 4906; x_wconf 90' lang='lat' dir='ltr'><strong>insanarum</strong></span> <span class='ocrx_word' id='word_1_968' title='bbox 2864 4852 3140 4906; x_wconf 89' lang='lat' dir='ltr'><strong>mulierum</strong></span> <span class='ocrx_word' id='word_1_969' title='bbox 3155 4850 3334 4905; x_wconf 89' lang='lat' dir='ltr'><strong>novitii</strong></span> <span class='ocrx_word' id='word_1_970' title='bbox 3347 4849 3607 4920; x_wconf 87' lang='lat' dir='ltr'><strong>dogmatis</strong></span> <span class='ocrx_word' id='word_1_971' title='bbox 3627 4863 3764 4904; x_wconf 86' lang='lat' dir='ltr'><strong>som-</strong></span> 
     </span>
    </p>
   </div>
   <div class='ocr_carea' id='block_1_122' title="bbox 2193 4937 3763 5015">
    <p class='ocr_par' dir='ltr' id='par_1_122' title="bbox 2193 4937 3763 5015">
     <span class='ocr_line' id='line_1_129' title="bbox 2193 4937 3763 5015; baseline -0.003 -17"><span class='ocrx_word' id='word_1_972' title='bbox 2193 4947 2277 4998; x_wconf 91' lang='lat' dir='ltr'><strong>nia</strong></span> <span class='ocrx_word' id='word_1_973' title='bbox 2307 4945 2380 5015; x_wconf 91' lang='lat' dir='ltr'><strong>(I)</strong></span> <span class='ocrx_word' id='word_1_974' title='bbox 2404 4958 2555 4997; x_wconf 87' lang='lat' dir='ltr'><strong>veras</strong></span> <span class='ocrx_word' id='word_1_975' title='bbox 2577 4942 2876 5012; x_wconf 88' lang='lat' dir='ltr'><strong>pr0phetias</strong></span> <span class='ocrx_word' id='word_1_976' title='bbox 2901 4939 3279 5005; x_wconf 89' lang='lat' dir='ltr'><strong>adseverando,</strong></span> <span class='ocrx_word' id='word_1_977' title='bbox 3318 4937 3510 4992; x_wconf 89' lang='lat' dir='ltr'><strong>meruit</strong></span> <span class='ocrx_word' id='word_1_978' title='bbox 3534 4937 3674 4991; x_wconf 88' lang='lat' dir='ltr'><strong>utde</strong></span> <span class='ocrx_word' id='word_1_979' title='bbox 3703 4953 3763 4994; x_wconf 89' lang='lat' dir='ltr'><strong>se</strong></span> 
     </span>
    </p>
   </div>
   <div class='ocr_carea' id='block_1_123' title="bbox 2192 5047 3758 5111">
    <p class='ocr_par' dir='ltr' id='par_1_123' title="bbox 2192 5047 3758 5111">
     <span class='ocr_line' id='line_1_130' title="bbox 2192 5047 3758 5111; baseline -0.006 0"><span class='ocrx_word' id='word_1_980' title='bbox 2192 5067 2399 5111; x_wconf 85' lang='lat' dir='ltr'><strong>veteres</strong></span> <span class='ocrx_word' id='word_1_981' title='bbox 2436 5065 2609 5108; x_wconf 89' lang='lat' dir='ltr'><strong>tamen</strong></span> <span class='ocrx_word' id='word_1_982' title='bbox 2638 5069 2794 5107; x_wconf 90' lang='lat' dir='ltr'><strong>nemo</strong></span> <span class='ocrx_word' id='word_1_983' title='bbox 2836 5051 3128 5105; x_wconf 88' lang='lat' dir='ltr'><strong>accuratius</strong></span> <span class='ocrx_word' id='word_1_984' title='bbox 3164 5051 3252 5104; x_wconf 93' lang='lat' dir='ltr'><strong>illo</strong></span> <span class='ocrx_word' id='word_1_985' title='bbox 3292 5050 3450 5103; x_wconf 90' lang='lat' dir='ltr'><strong>etiam</strong></span> <span class='ocrx_word' id='word_1_986' title='bbox 3476 5047 3758 5102; x_wconf 89' lang='lat' dir='ltr'><strong>litteralem</strong></span> 
     </span>
    </p>
   </div>
   <div class='ocr_carea' id='block_1_124' title="bbox 2193 5117 3757 5194">
    <p class='ocr_par' dir='ltr' id='par_1_124' title="bbox 2193 5117 3757 5194">
     <span class='ocr_line' id='line_1_131' title="bbox 2193 5117 3757 5194; baseline -0.007 -14"><span class='ocrx_word' id='word_1_987' title='bbox 2193 5127 2474 5194; x_wconf 71' lang='lat' dir='ltr'><strong>Scriptum</strong></span> <span class='ocrx_word' id='word_1_988' title='bbox 2501 5121 3080 5194; x_wconf 17' lang='lat' dir='ltr'><strong>sensumiexposuittut</strong></span> <span class='ocrx_word' id='word_1_989' title='bbox 3099 5120 3261 5188; x_wconf 89' lang='lat' dir='ltr'><strong>probe</strong></span> <span class='ocrx_word' id='word_1_990' title='bbox 3287 5127 3469 5194; x_wconf 65' lang='lat' dir='ltr'><strong>notum</strong></span> <span class='ocrx_word' id='word_1_991' title='bbox 3507 5125 3588 5172; x_wconf 91' lang='lat' dir='ltr'><strong>est</strong></span> <span class='ocrx_word' id='word_1_992' title='bbox 3625 5117 3757 5194; x_wconf 73' lang='lat' dir='ltr'><strong>illis,</strong></span> 
     </span>
    </p>
   </div>
   <div class='ocr_carea' id='block_1_125' title="bbox 2191 5187 3758 5266">
    <p class='ocr_par' dir='ltr' id='par_1_125' title="bbox 2191 5187 3758 5266">
     <span class='ocr_line' id='line_1_132' title="bbox 2191 5187 3758 5266; baseline -0.006 -16"><span class='ocrx_word' id='word_1_993' title='bbox 2191 5197 2281 5266; x_wconf 87' lang='lat' dir='ltr'><strong>qui</strong></span> <span class='ocrx_word' id='word_1_994' title='bbox 2312 5187 2437 5264; x_wconf 55' lang='lat' dir='ltr'><strong>&#39;cjus</strong></span> <span class='ocrx_word' id='word_1_995' title='bbox 2481 5187 2869 5266; x_wconf 75' lang='lat' dir='ltr'><strong>lucubrationes</strong></span> <span class='ocrx_word' id='word_1_996' title='bbox 2915 5187 3238 5266; x_wconf 56' lang='lat' dir='ltr'><strong>evoiverunt.</strong></span> <span class='ocrx_word' id='word_1_997' title='bbox 3289 5187 3758 5266; x_wconf 80' lang='lat' dir='ltr'><strong>Hin_c_optandum</strong></span> 
     </span>
    </p>
   </div>
   <div class='ocr_carea' id='block_1_126' title="bbox 2191 5257 3759 5382">
    <p class='ocr_par' dir='ltr' id='par_1_126' title="bbox 2191 5257 3759 5382">
     <span class='ocr_line' id='line_1_133' title="bbox 2191 5257 3759 5382; baseline -0.007 -62"><span class='ocrx_word' id='word_1_998' title='bbox 2191 5257 2320 5320; x_wconf 75' lang='lat' dir='ltr'><strong>sane</strong></span> <span class='ocrx_word' id='word_1_999' title='bbox 2340 5257 2440 5326; x_wconf 78' lang='lat' dir='ltr'><strong>est,</strong></span> <span class='ocrx_word' id='word_1_1000' title='bbox 2471 5273 2530 5319; x_wconf 91' lang='lat' dir='ltr'><strong>ut</strong></span> <span class='ocrx_word' id='word_1_1001' title='bbox 2549 5263 2701 5332; x_wconf 89' lang='lat' dir='ltr'><strong>paulo</strong></span> <span class='ocrx_word' id='word_1_1002' title='bbox 2728 5261 2985 5382; x_wconf 37' lang='lat' dir='ltr'><strong>arituiores</strong></span> <span class='ocrx_word' id='word_1_1003' title='bbox 3011 5260 3062 5313; x_wconf 92' lang='lat' dir='ltr'><strong>in</strong></span> <span class='ocrx_word' id='word_1_1004' title='bbox 3083 5258 3362 5328; x_wconf 87' lang='lat' dir='ltr'><strong>Origenem</strong></span> <span class='ocrx_word' id='word_1_1005' title='bbox 3385 5257 3609 5312; x_wconf 86' lang='lat' dir='ltr'><strong>fuissent</strong></span> <span class='ocrx_word' id='word_1_1006' title='bbox 3627 5272 3759 5310; x_wconf 88' lang='lat' dir='ltr'><strong>non-</strong></span> 
     </span>
     <span class='ocr_line' id='line_1_134' title="bbox 2193 5328 3757 5382; baseline -0.003 0"><span class='ocrx_word' id='word_1_1007' title='bbox 2193 5337 2318 5382; x_wconf 89' lang='lat' dir='ltr'><strong>nnlli</strong></span> <span class='ocrx_word' id='word_1_1008' title='bbox 2345 5336 2500 5382; x_wconf 76' lang='lat' dir='ltr'><strong>etiam</strong></span> <span class='ocrx_word' id='word_1_1009' title='bbox 2531 5350 2594 5382; x_wconf 78' lang='lat' dir='ltr'><strong>ex</strong></span> <span class='ocrx_word' id='word_1_1010' title='bbox 2620 5331 2785 5382; x_wconf 88' lang='lat' dir='ltr'><strong>veteri</strong></span> <span class='ocrx_word' id='word_1_1011' title='bbox 2825 5346 2883 5382; x_wconf 93' lang='lat' dir='ltr'><strong>us</strong></span> <span class='ocrx_word' id='word_1_1012' title='bbox 2908 5346 2921 5382; x_wconf 90' lang='grc'>;</span> <span class='ocrx_word' id='word_1_1013' title='bbox 2949 5331 3036 5382; x_wconf 85' lang='lat' dir='ltr'><strong>aui</strong></span> <span class='ocrx_word' id='word_1_1014' title='bbox 3058 5336 3271 5382; x_wconf 88' lang='lat' dir='ltr'><strong>strenue</strong></span> <span class='ocrx_word' id='word_1_1015' title='bbox 3291 5344 3449 5382; x_wconf 82' lang='lat' dir='ltr'><strong>ouum</strong></span> <span class='ocrx_word' id='word_1_1016' title='bbox 3472 5328 3553 5381; x_wconf 90' lang='lat' dir='ltr'><strong>usi</strong></span> <span class='ocrx_word' id='word_1_1017' title='bbox 3579 5334 3757 5380; x_wconf 81' lang='lat' dir='ltr'><strong>essent</strong></span> 
     </span>
    </p>
   </div>
   <div class='ocr_carea' id='block_1_127' title="bbox 2193 5334 3757 5398">
    <p class='ocr_par' dir='ltr' id='par_1_127' title="bbox 2193 5334 3757 5398">
     <span class='ocr_line' id='line_1_135' title="bbox 2193 5334 3757 5398; baseline -0.007 -9"><span class='ocrx_word' id='word_1_1018' title='bbox 2193 5337 2318 5389; x_wconf 89' lang='lat' dir='ltr'><strong>nulli</strong></span> <span class='ocrx_word' id='word_1_1019' title='bbox 2345 5336 2501 5389; x_wconf 90' lang='lat' dir='ltr'><strong>etiam</strong></span> <span class='ocrx_word' id='word_1_1020' title='bbox 2531 5350 2595 5386; x_wconf 86' lang='lat' dir='ltr'><strong>ex</strong></span> <span class='ocrx_word' id='word_1_1021' title='bbox 2620 5334 2883 5385; x_wconf 88' lang='lat' dir='ltr'><strong>veteribus</strong></span> <span class='ocrx_word' id='word_1_1022' title='bbox 2908 5346 2921 5393; x_wconf 92' lang='lat'><strong>;</strong></span> <span class='ocrx_word' id='word_1_1023' title='bbox 2949 5334 3036 5398; x_wconf 91' lang='lat' dir='ltr'><strong>qui</strong></span> <span class='ocrx_word' id='word_1_1024' title='bbox 3058 5336 3271 5382; x_wconf 88' lang='lat' dir='ltr'><strong>strenue</strong></span> <span class='ocrx_word' id='word_1_1025' title='bbox 3291 5344 3449 5397; x_wconf 86' lang='lat' dir='ltr'><strong>quum</strong></span> <span class='ocrx_word' id='word_1_1026' title='bbox 3472 5334 3553 5398; x_wconf 85' lang='lat' dir='ltr'><strong>usi</strong></span> <span class='ocrx_word' id='word_1_1027' title='bbox 3579 5334 3757 5380; x_wconf 81' lang='lat' dir='ltr'><strong>essent</strong></span> 
     </span>
    </p>
   </div>
   <div class='ocr_carea' id='block_1_128' title="bbox 2192 5397 3697 5468">
    <p class='ocr_par' dir='ltr' id='par_1_128' title="bbox 2192 5397 3697 5468">
     <span class='ocr_line' id='line_1_136' title="bbox 2192 5397 3697 5468; baseline -0.006 -11"><span class='ocrx_word' id='word_1_1028' title='bbox 2192 5405 2420 5459; x_wconf 89' lang='lat' dir='ltr'><strong>hominis</strong></span> <span class='ocrx_word' id='word_1_1029' title='bbox 2438 5402 2722 5463; x_wconf 85' lang='lat' dir='ltr'><strong>laboribus,</strong></span> <span class='ocrx_word' id='word_1_1030' title='bbox 2751 5414 2936 5468; x_wconf 86' lang='lat' dir='ltr'><strong>graves</strong></span> <span class='ocrx_word' id='word_1_1031' title='bbox 2963 5397 3150 5467; x_wconf 84' lang='lat' dir='ltr'><strong>postea</strong></span> <span class='ocrx_word' id='word_1_1032' title='bbox 3169 5398 3217 5451; x_wconf 92' lang='lat' dir='ltr'><strong>ei</strong></span> <span class='ocrx_word' id='word_1_1033' title='bbox 3238 5399 3356 5468; x_wconf 83' lang='lat' dir='ltr'><strong>lites</strong></span> <span class='ocrx_word' id='word_1_1034' title='bbox 3383 5397 3697 5468; x_wconf 76' lang='lat' dir='ltr'><strong>excitarunt.</strong></span> 
     </span>
    </p>
   </div>
   <div class='ocr_carea' id='block_1_129' title="bbox 2263 5465 3757 5544">
    <p class='ocr_par' dir='ltr' id='par_1_129' title="bbox 2263 5465 3757 5544">
     <span class='ocr_line' id='line_1_137' title="bbox 2263 5465 3757 5544; baseline -0.007 -16"><span class='ocrx_word' id='word_1_1035' title='bbox 2263 5475 2338 5544; x_wconf 85' lang='lat' dir='ltr'><strong>(l)</strong></span> <span class='ocrx_word' id='word_1_1036' title='bbox 2365 5474 2604 5544; x_wconf 89' lang='lat' dir='ltr'><strong>Intelligit</strong></span> <span class='ocrx_word' id='word_1_1037' title='bbox 2643 5465 2928 5544; x_wconf 69' lang='lat' dir='ltr'><strong>Priscillam</strong></span> <span class='ocrx_word' id='word_1_1038' title='bbox 2964 5465 3034 5544; x_wconf 54' lang='lat' dir='ltr'><strong>&#39;et</strong></span> <span class='ocrx_word' id='word_1_1039' title='bbox 3069 5467 3429 5544; x_wconf 81' lang='lat' dir='ltr'><strong>Maximillam,</strong></span> <span class='ocrx_word' id='word_1_1040' title='bbox 3467 5465 3672 5544; x_wconf 78' lang='lat' dir='ltr'><strong>nobiles</strong></span> <span class='ocrx_word' id='word_1_1041' title='bbox 3697 5478 3757 5518; x_wconf 87' lang='lat' dir='ltr'><strong>ac</strong></span> 
     </span>
    </p>
   </div>
   <div class='ocr_carea' id='block_1_130' title="bbox 2193 5536 3753 5613">
    <p class='ocr_par' dir='ltr' id='par_1_130' title="bbox 2193 5536 3753 5613">
     <span class='ocr_line' id='line_1_138' title="bbox 2193 5536 3753 5613; baseline -0.007 -15"><span class='ocrx_word' id='word_1_1042' title='bbox 2193 5536 2464 5613; x_wconf 79' lang='lat' dir='ltr'><strong>opulentas</strong></span> <span class='ocrx_word' id='word_1_1043' title='bbox 2480 5536 2722 5613; x_wconf 73' lang='lat' dir='ltr'><strong>feminas,</strong></span> <span class='ocrx_word' id='word_1_1044' title='bbox 2746 5555 2864 5608; x_wconf 84' lang='lat' dir='ltr'><strong>quae</strong></span> <span class='ocrx_word' id='word_1_1045' title='bbox 2885 5537 3142 5613; x_wconf 77' lang='lat' dir='ltr'><strong>Ecclesias</strong></span> <span class='ocrx_word' id='word_1_1046' title='bbox 3155 5537 3347 5613; x_wconf 64' lang='lat' dir='ltr'><strong>plures</strong></span> <span class='ocrx_word' id='word_1_1047' title='bbox 3357 5551 3487 5613; x_wconf 72' lang='lat' dir='ltr'><strong>auro</strong></span> <span class='ocrx_word' id='word_1_1048' title='bbox 3507 5536 3582 5605; x_wconf 90' lang='lat' dir='ltr'><strong>pri</strong></span> <span class='ocrx_word' id='word_1_1049' title='bbox 3591 5550 3753 5613; x_wconf 54' lang='lat' dir='ltr'><strong>nium,</strong></span> 
     </span>
    </p>
   </div>
   <div class='ocr_carea' id='block_1_131' title="bbox 2193 5551 3753 5735">
    <p class='ocr_par' dir='ltr' id='par_1_131' title="bbox 2193 5551 3753 5735">
     <span class='ocr_line' id='line_1_139' title="bbox 2193 5551 3753 5657; baseline -0.007 -59"><span class='ocrx_word' id='word_1_1050' title='bbox 2193 5551 2464 5613; x_wconf 88' lang='lat' dir='ltr'><strong>opulentas</strong></span> <span class='ocrx_word' id='word_1_1051' title='bbox 2484 5551 2722 5618; x_wconf 82' lang='lat' dir='ltr'><strong>feminas,</strong></span> <span class='ocrx_word' id='word_1_1052' title='bbox 2746 5555 2864 5608; x_wconf 72' lang='lat' dir='ltr'><strong>qua:</strong></span> <span class='ocrx_word' id='word_1_1053' title='bbox 2885 5551 3142 5592; x_wconf 70' lang='lat' dir='ltr'><strong>Ecctesms</strong></span> <span class='ocrx_word' id='word_1_1054' title='bbox 3155 5551 3337 5657; x_wconf 36' lang='lat' dir='ltr'><strong>{intres</strong></span> <span class='ocrx_word' id='word_1_1055' title='bbox 3357 5551 3487 5617; x_wconf 82' lang='lat' dir='ltr'><strong>auro</strong></span> <span class='ocrx_word' id='word_1_1056' title='bbox 3507 5551 3582 5605; x_wconf 80' lang='lat' dir='ltr'><strong>pri</strong></span> <span class='ocrx_word' id='word_1_1057' title='bbox 3591 5551 3753 5601; x_wconf 87' lang='lat' dir='ltr'><strong>mum,</strong></span> 
     </span>
     <span class='ocr_line' id='line_1_140' title="bbox 2193 5604 3753 5676; baseline -0.007 -8"><span class='ocrx_word' id='word_1_1058' title='bbox 2193 5612 2382 5668; x_wconf 86' lang='lat' dir='ltr'><strong>deinde</strong></span> <span class='ocrx_word' id='word_1_1059' title='bbox 2401 5611 2613 5669; x_wconf 80' lang='lat' dir='ltr'><strong>nefariis</strong></span> <span class='ocrx_word' id='word_1_1060' title='bbox 2632 5623 2916 5676; x_wconf 90' lang='lat' dir='ltr'><strong>corrupere</strong></span> <span class='ocrx_word' id='word_1_1061' title='bbox 2941 5607 2974 5661; x_wconf 93' lang='lat' dir='ltr'><strong>d</strong></span> <span class='ocrx_word' id='word_1_1062' title='bbox 3046 5613 3167 5661; x_wconf 74' lang='lat' dir='ltr'><strong>mat:</strong></span> <span class='ocrx_word' id='word_1_1063' title='bbox 3209 5620 3286 5657; x_wconf 88' lang='lat' dir='ltr'><strong>us.</strong></span> <span class='ocrx_word' id='word_1_1064' title='bbox 3312 5605 3388 5660; x_wconf 88' lang='lat' dir='ltr'><strong>De</strong></span> <span class='ocrx_word' id='word_1_1065' title='bbox 3417 5606 3498 5659; x_wconf 77' lang='lat' dir='ltr'><strong>his</strong></span> <span class='ocrx_word' id='word_1_1066' title='bbox 3519 5619 3580 5657; x_wconf 90' lang='lat' dir='ltr'><strong>ac</strong></span> <span class='ocrx_word' id='word_1_1067' title='bbox 3604 5604 3753 5658; x_wconf 86' lang='lat' dir='ltr'><strong>Mon-</strong></span> 
     </span>
     <span class='ocr_line' id='line_1_141' title="bbox 2193 5623 3750 5735; baseline -0.005 0"><span class='ocrx_word' id='word_1_1068' title='bbox 2193 5695 2318 5735; x_wconf 75' lang='lat' dir='ltr'><strong>iano</strong></span> <span class='ocrx_word' id='word_1_1069' title='bbox 2335 5686 2560 5735; x_wconf 77' lang='lat' dir='ltr'><strong>Prosper</strong></span> <span class='ocrx_word' id='word_1_1070' title='bbox 2573 5681 2624 5735; x_wconf 92' lang='lat' dir='ltr'><strong>in</strong></span> <span class='ocrx_word' id='word_1_1071' title='bbox 2641 5679 2902 5734; x_wconf 88' lang='lat' dir='ltr'><strong>Chronico</strong></span> <span class='ocrx_word' id='word_1_1072' title='bbox 2917 5623 3269 5735; x_wconf 54' lang='lat' dir='ltr'><strong>adogons&#39;ulat.</strong></span> <span class='ocrx_word' id='word_1_1073' title='bbox 3291 5673 3513 5735; x_wconf 76' lang='lat' dir='ltr'><strong>Cethegi</strong></span> <span class='ocrx_word' id='word_1_1074' title='bbox 3526 5681 3578 5730; x_wconf 89' lang='lat' dir='ltr'><strong>et</strong></span> <span class='ocrx_word' id='word_1_1075' title='bbox 3592 5673 3750 5735; x_wconf 83' lang='lat' dir='ltr'><strong>Clari.</strong></span> 
     </span>
    </p>
   </div>
   <div class='ocr_carea' id='block_1_132' title="bbox 2192 5673 3750 5745">
    <p class='ocr_par' dir='ltr' id='par_1_132' title="bbox 2192 5673 3750 5745">
     <span class='ocr_line' id='line_1_142' title="bbox 2192 5673 3750 5745; baseline -0.009 -4"><span class='ocrx_word' id='word_1_1076' title='bbox 2192 5695 2318 5741; x_wconf 87' lang='lat' dir='ltr'><strong>tano</strong></span> <span class='ocrx_word' id='word_1_1077' title='bbox 2335 5686 2560 5739; x_wconf 75' lang='lat' dir='ltr'><strong>Prosper</strong></span> <span class='ocrx_word' id='word_1_1078' title='bbox 2573 5681 2624 5736; x_wconf 92' lang='lat' dir='ltr'><strong>in</strong></span> <span class='ocrx_word' id='word_1_1079' title='bbox 2641 5673 2902 5734; x_wconf 79' lang='lat' dir='ltr'><strong>Chronico</strong></span> <span class='ocrx_word' id='word_1_1080' title='bbox 2917 5677 2982 5731; x_wconf 90' lang='lat' dir='ltr'><strong>ad</strong></span> <span class='ocrx_word' id='word_1_1081' title='bbox 3005 5673 3269 5735; x_wconf 85' lang='lat' dir='ltr'><strong>Consulat.</strong></span> <span class='ocrx_word' id='word_1_1082' title='bbox 3291 5673 3513 5745; x_wconf 69' lang='lat' dir='ltr'><strong>Cethegi</strong></span> <span class='ocrx_word' id='word_1_1083' title='bbox 3526 5681 3578 5730; x_wconf 89' lang='lat' dir='ltr'><strong>et</strong></span> <span class='ocrx_word' id='word_1_1084' title='bbox 3592 5673 3750 5735; x_wconf 83' lang='lat' dir='ltr'><strong>Clari.</strong></span> 
     </span>
    </p>
   </div>
  </div>
