4028 6184
233 312 339 369 665

228 440 436 501 quoque
461 430 517 482 et
556 420 832 494 scripturis
871 419 983 475 suis
1006 417 1301 473 diceretur:
1327 415 1388 470 Si
1434 416 1703 469 surrexerit
1743 432 1797 469 in

226 518 391 572 medio
417 516 492 571 tui
518 512 776 587 propheta.
802 510 870 565 Et
886 523 1009 564 mox
1029 527 1041 561 :
1059 506 1180 562 Non
1192 506 1365 559 audies
1386 506 1533 560 verba
1544 505 1797 576 propheta:

227 610 383 664 illius.
406 605 616 676 Quare?
644 602 794 669 Quia,
843 600 1034 671 inquit,
1060 606 1214 652 tentet
1251 613 1338 652 vos
1370 595 1617 650 Dominus
1641 604 1797 650 vester

227 710 393 754 utrum
408 697 626 768 diligatis
645 710 759 747 eum
777 709 844 745 an
867 708 986 745 non.

297 788 433 843 XIX.
476 786 570 841 His
598 785 757 856 igitur
793 790 871 837 tot
890 796 953 836 ac
990 780 1151 834 tantis
1184 780 1496 848 caeterisque
1540 779 1798 847 ejusmodi

224 876 714 934 Ecclesiasticorum
738 871 1101 941 exemplorum
1134 869 1361 923 molibus
1398 868 1669 922 evidenter
1702 867 1797 922 ad-

224 978 447 1035 vertere,
476 976 532 1022 et
557 964 849 1021 secundum
876 960 1272 1017 Deuteronomii
1292 960 1438 1028 leges
1465 958 1581 1013 luce
1607 958 1799 1014 clarius

222 1059 517 1129 intelligere
541 1056 815 1119 debemus,
839 1052 980 1123 quod
1000 1053 1046 1105 si
1071 1050 1282 1121 quando
1302 1050 1492 1119 aliquis
1518 1049 1803 1103 Ecclesias-

221 1152 359 1205 ticus
394 1149 644 1218 magister
662 1161 692 1200 a
718 1145 821 1200 ﬁde
858 1142 1201 1209 aberraverit,
1244 1141 1311 1195 ad
1357 1141 1703 1195 tentationem
1748 1140 1802 1195 id

222 1250 460 1298 nostram
486 1238 599 1293 ﬁeri
624 1235 961 1291 Providentia
990 1233 1168 1287 divina
1201 1232 1449 1300 patiatur,
1486 1239 1664 1284 utrum
1685 1229 1803 1283 dili-

221 1346 410 1403 gamus
433 1330 600 1385 Deum
637 1342 705 1382 an
724 1340 831 1380 non
870 1326 925 1378 in
959 1330 1070 1377 toto
1105 1320 1266 1376 corde
1303 1328 1359 1374 et
1392 1320 1446 1373 in
1481 1326 1591 1373 tota
1628 1318 1801 1373 anima

222 1430 423 1476 nostra.

218 1552 221 1553 ν
290 1511 412 1566 XX.
441 1509 573 1577 Quae
606 1523 730 1562 cum
755 1507 826 1560 ita
855 1504 980 1569 sint,
1022 1502 1109 1557 ille
1135 1509 1218 1556 est
1246 1516 1403 1556 verus
1430 1507 1484 1555 et
1520 1515 1803 1571 germanus

220 1601 528 1657 Catholicus
547 1599 640 1669 qui
654 1596 931 1651 veritatem
954 1593 1069 1660 Dei,
1091 1592 1181 1661 qui
1198 1592 1506 1657 Ecclesiam,
1536 1592 1624 1661 qui
1644 1590 1801 1645 Chri-

218 1694 289 1748 sti
315 1707 513 1760 corpus
542 1688 731 1757 diligit,
760 1686 850 1755 qui
881 1684 1069 1739 divina:
1106 1683 1387 1753 Religioni,
1416 1682 1504 1751 qui
1531 1682 1803 1737 catholica:

218 1781 351 1837 ﬁdei
376 1780 508 1833 nihil
540 1776 817 1848 praeponit,
858 1790 962 1829 non
996 1773 1223 1827 hominis
1255 1773 1548 1842 cujuspiam
1576 1773 1803 1827 auctori-

218 1877 411 1937 tatem,
442 1883 548 1924 non
575 1882 829 1933 amorem,
852 1881 958 1919 non
980 1864 1268 1934 ingenium,
1292 1878 1401 1918 non
1427 1864 1801 1933 eloquentiam,

219 1977 330 2017 non
352 1959 773 2031 philosophiam;
810 1957 903 2012 sed
952 1956 1067 2010 haec
1096 1964 1286 2009 cuneta
1321 1955 1639 2024 despiciens,
1670 1963 1724 2009 et
1752 1955 1806 2009 in

220 2052 327 2109 ﬁde
353 2051 510 2119 ﬁxus,
541 2052 762 2117 stabilis,
787 2063 1123 2119 permanens,
1153 2048 1403 2117 quicquid
1440 2047 1806 2103 universaliter

221 2144 515 2215 antiquitus
540 2143 831 2197 Ecclesiam
870 2139 1197 2195 Catholicam
1226 2138 1460 2192 tenuisse
1480 2139 1803 2207 cognoverit,

222 2233 276 2289 id
303 2235 480 2289 solum
501 2233 601 2287 sibi
622 2230 907 2287 tenendum
932 2228 1363 2298 credendumque
1383 2228 1646 2293 decernit;
1670 2229 1809 2297 quic-

221 2322 354 2394 quid
377 2337 506 2377 vero
535 2322 602 2375 ab
638 2322 812 2390 aliquo
861 2319 1112 2387 deinceps
1149 2333 1257 2373 uno
1286 2326 1479 2386 praeter
1509 2332 1692 2372 omnes
1724 2319 1809 2373 vel

220 2420 421 2468 contra
467 2426 653 2465 omnes
679 2418 887 2465 sanctos
919 2423 1114 2461 novum
1152 2416 1205 2461 et
1229 2407 1523 2461 inauditum
1549 2406 1810 2463 subindici

222 2503 481 2569 s'enserit,
512 2502 563 2556 id
599 2518 706 2557 non
751 2502 817 2556 ad
857 2501 1183 2570 Religionem
1229 2499 1324 2554 sed
1351 2499 1418 2553 ad
1457 2499 1808 2554 tentationem

222 2597 407 2669 potius
426 2594 667 2664 intelligit
690 2594 977 2663 pertinere,
996 2600 1107 2645 tum
1128 2591 1391 2660 praecipue
1410 2590 1552 2645 beati
1572 2589 1808 2659 Apostoli

224 2688 379 2745 Pauli
398 2685 636 2743 eruditus
666 2685 887 2755 eloquiis
906 2702 917 2736 :
936 2684 1038 2738 hoc
1057 2690 1138 2737 est
1160 2683 1300 2736 enim
1317 2681 1459 2751 quod
1481 2682 1533 2734 in
1564 2679 1809 2749 primaad

227 2776 533 2834 Corinthios
554 2774 786 2845 Epistola
802 2774 985 2829 scribit
1011 2792 1023 2826 :
1058 2772 1287 2842 Oportet,
1318 2772 1505 2841 inquit,
1535 2779 1582 2824 et
1597 2771 1809 2825 hereses

225 2885 351 2935 esse,
376 2878 431 2921 ut
471 2868 663 2938 probati
688 2866 939 2935 manifesti
959 2866 1083 2935 ﬁant
1110 2865 1164 2917 in
1188 2864 1387 2927 vobis,I
1418 2862 1532 2917 Cor.
1564 2863 1623 2916 il
1644 2880 1657 2929 ;
1676 2878 1737 2917 ac
1763 2862 1809 2916 si

225 2959 467 3014 diceret:
496 2958 575 3012 Ob
608 2957 711 3012 hoc
732 2957 1007 3011 haereseon
1036 2970 1141 3009 non
1167 2954 1347 3009 statim
1374 2953 1625 3007 divinitus
1645 2953 1811 3007 eradi-

226 3059 424 3106 cantur
474 3059 719 3105 auctores
742 3091 755 3115 ,
780 3057 838 3102 ut
862 3048 1070 3117 probati
1095 3045 1358 3098 manifesti
1385 3043 1530 3107 ﬁant,
1556 3043 1606 3096 id
1628 3051 1726 3107 est,
1756 3050 1813 3096 ut

225 3141 593 3209 unusquisque
604 3154 762 3209 quam
777 3148 933 3195 tenax
954 3145 1009 3191 et
1019 3136 1185 3190 ﬁdelis
1202 3143 1253 3188 et
1268 3134 1401 3191 Iixus
1411 3132 1680 3186 catholicae
1690 3132 1812 3186 Iidei

228 3234 303 3286 sit
323 3240 529 3284 amator
553 3238 821 3298 appareat.
858 3230 927 3282 Et
964 3239 1169 3291 revera,
1208 3225 1326 3279 cum
1354 3239 1576 3293 quaeque
1608 3224 1812 3279 novitas

228 3320 440 3387 ebullit,
464 3319 642 3373 statim
662 3318 895 3373 cernitur
913 3318 1296 3371 frumentorum
1319 3314 1547 3383 gravitas
1562 3320 1615 3367 et
1629 3313 1813 3370 levitas

227 3414 535 3484 palearum;
577 3419 703 3464 tunc
746 3409 861 3463 sine
905 3422 1096 3477 magno
1138 3405 1408 3459 molimine
1448 3405 1709 3458 excutitur
1746 3405 1813 3460 ab

229 3515 359 3559 area
379 3502 520 3573 quod
546 3501 692 3555 nullo
711 3499 945 3570 pondere
968 3498 1105 3551 intra
1139 3510 1317 3549 aream
1338 3493 1631 3548 tenebatur.
1655 3493 1812 3548 Nam-

228 3612 337 3667 que
364 3595 452 3649 alii
484 3594 623 3648 illico
658 3606 876 3662 prorsus
909 3588 1151 3653 avolant;
1181 3586 1268 3639 alii
1298 3599 1424 3640 vero
1452 3584 1812 3639 tantummodo

229 3686 477 3752 excussi,
506 3693 560 3739 et
586 3684 760 3753 perire
786 3687 1047 3745 metuunt,
1072 3686 1125 3733 et
1148 3675 1325 3731 redire
1354 3675 1673 3730 erubescunt
1691 3689 1811 3730 sau-

227 3824 323 3895 qui
340 3820 527 3895 incidit
540 3820 592 3872 iu
605 3814 940 3895 anii.thris.ti
956 3815 977 3866 l
991 3813 1056 3866 70
1076 3830 1087 3864 :
1112 3830 1129 3861 ι
1142 3810 1252 3892 Hac
1265 3814 1580 3895 tempestate
1596 3804 1812 3895 pseudo-

233 3876 562 3963 :prOphetia
571 3932 584 3955 ,
598 3903 716 3958 quas
729 3884 1084 3963 Cataphrygas
1104 3876 1649 3963 nominatur,naccepit
1659 3890 1811 3957 exor-

233 3983 254 4017 ι
287 3946 458 4026 dium,
481 3946 727 4014 Montano
740 3946 973 4020 auctore,
994 3946 1592 4026 PriscaAMaximillaque
1612 3946 1810 4026 insanis

234 4016 518 4087 rvatibus.
566 4029 767 4083 Nomen
814 4016 979 4079 errori
1042 4022 1316 4077 Provincia
1356 4018 1582 4089 Phrygia
1632 4016 1807 4089 dedit,

234 4123 253 4157 ‹
289 4105 413 4174 quia
435 4103 737 4155 inventores
754 4092 1242 4174 ejusillicpriuiitus
1272 4087 1607 4174 exstiterunt,
1633 4087 1811 4174 ibique

235 4193 253 4225 ‹
288 4161 554 4237 vixerunt,
579 4178 633 4224 et
660 4161 801 4223 nunc
825 4161 1061 4220 ctiam—in
1090 4161 1553 4237 eisdcnrpartibus
1589 4161 1810 4237 populos

238 4263 257 4296 ι
284 4244 499 4297 habent.
524 4228 821 4294 Adventum
845 4236 1070 4305 Spiritus
1091 4232 1273 4305 Sancti
1293 4232 1322 4283 ii
1349 4231 1572 4305 [lumino
1593 4228 1811 4305 promis-

240 4332 258 4367 ι
288 4328 430 4379 sum,
450 4313 503 4365 in
522 4326 580 4365 se
599 4311 795 4378 potius,
814 4300 970 4379 quam
986 4307 1043 4379 in_
1060 4302 1340 4379 Apostolus
1362 4300 1521 4379 fuisse
1535 4304 1805 4379 asserunt:

240 4403 256 4435 ι
293 4367 552 4439 secundas
574 4367 894 4450 n'uptias'pro
914 4367 1345 4450 fornicationiqu
1372 4370 1593 4450 habent;
1619 4375 1675 4448 et
1691 4367 1809 4420 ideo

239 4473 255 4505 ε
289 4437 472 4508 dicunt
502 4466 593 4505 eas
616 4437 920 4518 permisisse
955 4441 1553 4518 Apostolumi’aulum,
1590 4437 1711 4505 quia
1738 4452 1809 4515 ex

240 4543 256 4575 ι
288 4505 446 4594 parte
460 4505 679 4594 sciebat,
702 4527 755 4571 et
775 4532 838 4594 ex
859 4505 1395 4594 parte-propl‘ietaliat‘;
1413 4508 1644 4594 nondum
1666 4505 1810 4594 enim

240 4574 256 4645 ἀ
284 4574 505 4648 venerat
543 4574 685 4658 quod
711 4574 1002 4658 perfectum
1021 4574 1140 4658 'est'.
1164 4582 1276 4658 lloc
1302 4587 1479 4658 autem
1518 4574 1809 4658 perfectum

238 4644 257 4715 ἔ
280 4644 671 4721 in‘lilontanum,
687 4644 740 4709 et
752 4657 804 4708 in
816 4653 928 4721 ejus
942 4651 1296 4721 prophetissas
1309 4648 1516 4700 venisse
1527 4644 1770 4721 delirant.
1785 4662 1803 4693 ι

236 4714 379 4786 Vixit
410 4714 763 4782 Tertullianus
790 4714 958 4791 usque
987 4714 1054 4773 ad
1081 4719 1308 4791 mediam
1331 4724 1538 4769 :etatem
1561 4714 1810 4791 Ecclesia:

231 4782 535 4879 presbyter;
557 4814 573 4847 (
588 4782 985 4879 ‘lllV’ldlii’BOtha
1001 4833 1014 4855 ,
1035 4787 1567 4879 inquitllie‘r'onymus
1580 4785 1633 4835 in
1628 4782 1788 4879 Iflata!
1793 4822 1806 4835 .

240 4852 259 4922 ξ
276 4852 457 4933 VS'cridp.
479 4852 618 4919 Eccl.
642 4881 754 4933 cap.
771 4852 858 4927 53,
875 4868 927 4914 et
938 4852 1269 4933 contumeliis
1280 4856 1611 4933 _Clericorum
1628 4852 1810 4933 Roma-

243 4960 261 4992 ι
286 4922 371 4995 nte
384 4922 656 5010 Rcclesiae,
675 4922 742 4987 ad
760 4922 1190 5010 Montanidogma
1211 4926 1475 5010 delapsus,
1493 4924 1543 4976 in
1558 4922 1738 5010 multis
1750 4923 1810 5010 li—

246 5030 261 5061 ι
288 4992 405 5064 bris
425 4992 665 5061 meminit
681 5018 829 5057 novat
855 4992 1143 5069 prOphetim
1162 5016 1173 5051 :
1194 4992 1492 5069 specialiter
1511 5002 1685 5069 autem
1719 4992 1811 5069 atl-

247 5100 264 5130 ε
295 5061 507 5135 versum
536 5074 825 5129 Ecclesiam
852 5061 1019 5125 texuit
1042 5061 1304 5122 volumina
1323 5084 1334 5118 :
1352 5065 1418 5118 de
1446 5062 1713 5135 pudicitia,
1730 5061 1813 5135 _(_l_e

250 5167 267 5200 ι
288 5132 673 5219 persecutione,
696 5141 1006 5219 dejejuniis,
1031 5140 1098 5194 de
1126 5136 1470 5219 Monpgamia,
1492 5134 1561 5219 de
1578 5132 1742 5219 extasi
1760 5132 1814 5185 li-

251 5238 268 5269 ι
289 5202 536 5273 brossex
556 5258 570 5281 ,
600 5202 671 5269 et.
691 5202 971 5283 sep'tiinum
995 5202 1164 5283 quem
1195 5202 1446 5283 adversus
1478 5202 1813 5283 Apollonium

253 5307 269 5339 ι
297 5272 606 5357 composuit.
636 5304 655 5336 ι
671 5272 947 5357 Dolendus
956 5272 1083 5357 sane
1100 5277 1326 5357 hominis
1343 5276 1539 5355 laps-us,
1557 5272 1814 5357 quia‘llie-

247 5343 464 5419 ronvuio
479 5356 666 5412 eodem
690 5364 823 5408 teste
840 5353 891 5405 in
908 5351 1077 5419 Epist.
1094 5349 1157 5401 ad
1172 5347 1432 5419 Magnum,
1452 5346 1587 5419 inter
1599 5343 1812 5419 Latinos

250 5412 374 5481 nihil
399 5427 717 5481 Tertulliano
746 5412 1021 5485 eruditius,
1044 5420 1124 5474 vel
1140 5412 1371 5481 acutius;
1391 5414 1601 5483 quando
1621 5412 1816 5485 Apolo-

252 5429 374 5481 nihil
399 5429 717 5481 Tertulliano
746 5429 1021 5485 eruditius,
1044 5429 1124 5474 vel
1140 5429 1371 5481 acutius;
1391 5429 1601 5483 quando
1621 5429 1816 5536 Apono-

252 5498 445 5566 geticus
464 5497 599 5565 ejus,
626 5504 681 5549 et
700 5503 884 5566 contra
898 5488 1252 5566 Genteslibri,
1274 5495 1524 5566 cunctam.
1538 5499 1659 5537 secu
1686 5482 1817 5566 iob—

254 5552 418 5622 ﬁnent
435 5552 780 5636 disciplinam.
801 5562 988 5617 Fertur
1007 5559 1200 5615 vixisse
1217 5571 1383 5630 usque
1409 5555 1474 5609 ad
1493 5552 1816 5625 decrepitam

257 5644 479 5694 aetatem.

1391 297 1955 356 COMMONITORIUM
1998 294 2281 351 PRIMUM.

3362 306 3469 366 666

1902 414 1989 480 cii,
2014 416 2306 471 semineces
2325 430 2388 471 ac
2412 418 2684 485 semivivi;
2706 418 2900 489 quippe
2935 417 3025 491 qui
3043 426 3245 476 tantam
3274 423 3468 480 veneni

1902 505 2172 561 hauserint
2188 510 2533 579 quantitatem
2555 526 2674 580 quae
2698 526 2799 566 nec
2826 509 3031 566 occidat
3052 525 3153 567 nec
3178 510 3462 583 digeratur,

1900 615 2003 655 nec
2025 602 2161 655 mori
2184 610 2338 672 cogat
2362 617 2461 657 nec
2494 603 2674 658 vivere
2698 603 2856 671 sinat,
2886 604 2991 657 heu
3018 602 3317 658 miseranda
3338 616 3468 658 eon—

1904 689 2031 745 ditio
2055 692 2067 745 !
2097 693 2305 762 quantis
2330 693 2405 746 illi
2422 708 2669 747 curarum
2688 694 2923 761 testibus,
2945 693 3155 762 quantis
3174 693 3469 750 turbinibus

1904 785 2266 853 exagitantur?
2287 784 2438 838 Nunc
2457 784 2675 850 etenim,
2698 800 2802 854 qua
2819 792 3008 839 ventus
3027 783 3313 854 impulerit,
3336 783 3470 838 inci-

1904 881 2014 929 tato
2040 889 2220 930 errore
2257 876 2563 944 rapiuntur;
2602 890 2744 929 nunc
2786 876 2840 929 in
2876 875 3190 945 semetipsos
3228 875 3466 943 reversi,

1906 974 2153 1035 tanquam
2178 966 2424 1020 contrarii
2451 965 2658 1033 ﬂuctus,
2687 965 2979 1020 reliduntur
2994 1007 3009 1032 ,
3032 979 3173 1020 nunc
3192 965 3471 1020 temeraria

1905 1056 2313 1125 prresumptione
2354 1064 2408 1110 et
2438 1071 2500 1110 ea
2526 1071 2643 1126 qua:
2663 1056 2861 1109 incerta
2882 1055 3126 1110 videntur
3142 1054 3468 1125 adprobant;

1904 1161 2046 1200 nunc
2064 1146 2348 1199 irrationali
2374 1154 2537 1211 metu,
2565 1146 2726 1200 etiam
2754 1160 2871 1215 quae
2896 1154 3041 1200 certa
3065 1154 3190 1200 sunt
3215 1159 3472 1214 expaves-

1906 1245 2058 1302 cunt;
2088 1236 2276 1290 incerti
2300 1251 2403 1305 qua
2433 1244 2573 1301 eant,
2618 1250 2721 1305 qua
2752 1235 2989 1302 redeant,
3024 1235 3151 1305 quid
3186 1234 3470 1304 adpetant,

1906 1327 2030 1397 quid
2056 1326 2270 1396 fugiant,
2283 1326 2407 1396 quid
2429 1335 2657 1390 teneant,
2671 1326 2795 1395 quid
2815 1326 3095 1380 dimittant.
3114 1324 3241 1391 Qua:
3260 1324 3475 1395 quidem

1906 1417 2048 1472 dubii
2062 1426 2117 1472 et
2140 1418 2277 1471 male
2294 1417 2503 1487 penduli
2523 1418 2697 1472 cordis
2715 1417 2927 1472 alilictio
2943 1418 3132 1472 divinae
3147 1429 3270 1487 erga
3297 1431 3355 1472 se
3375 1417 3475 1471 mi-

1908 1510 2186 1565 serationis
2205 1518 2287 1563 est
2310 1510 2593 1575 medicina,
2620 1510 2665 1565 si
2688 1510 2911 1580 sapiant.
2942 1509 3141 1564 Idcirco
3160 1509 3356 1564 etenim
3376 1523 3474 1563 ex-

1908 1607 1989 1653 tra
2009 1600 2327 1654 tutissimum
2352 1600 2623 1655 catholica:
2645 1600 2763 1655 ﬁdei
2783 1610 2995 1671 portum
3022 1600 3244 1656 diversis
3273 1602 3474 1670 cogita-

1909 1692 2109 1746 tionum
2148 1692 2472 1762 quatiuntur,
2500 1692 2875 1757 verberantur,
2914 1707 2976 1746 ac
3014 1708 3151 1762 pene
3190 1699 3477 1747 enecantur

1908 1786 2172 1855 procellis,
2195 1794 2252 1839 ut
2270 1800 2489 1840 excussa
2510 1784 2563 1837 in
2583 1784 2747 1838 altum
2778 1785 2928 1838 elatae
2950 1784 3144 1839 mentis
3172 1784 3288 1839 vela
3313 1783 3478 1853 depo-

1910 1886 2054 1943 nant,
2084 1892 2202 1946 quze
2232 1876 2369 1930 male
2408 1875 2696 1927 novitatum
2746 1874 2917 1928 ventis
2953 1875 3340 1945 expanderant,
3388 1889 3477 1929 se-

1910 1982 2071 2036 seque
2098 1968 2236 2020 intra
2252 1964 2555 2019 Iidissimam
2582 1964 2860 2017 stationem
2880 1964 3095 2032 placidae
3109 1980 3171 2019 ac
3186 1965 3339 2020 bonae
3364 1978 3480 2019 ma-

1910 2062 2008 2115 tris
2032 2059 2288 2114 reducant
2306 2065 2359 2111 et
2378 2063 2609 2119 teneant,
2639 2064 2795 2124 atque
2820 2070 3030 2109 amaros
3065 2056 3181 2110 illos
3208 2055 3480 2110 turbulen-

1912 2162 2099 2221 tosque
2118 2163 2361 2204 errorum
2387 2146 2575 2200 ﬂuctus
2596 2145 2839 2215 primitus
2871 2153 3163 2209 revomant,
3192 2153 3251 2199 ut
3275 2144 3482 2215 possint

1911 2242 2159 2310 deinceps
2184 2239 2317 2292 viva:
2337 2244 2390 2291 et
2416 2235 2649 2290 salientis
2678 2250 2826 2305 aquae
2852 2233 3044 2288 ﬂuenta
3072 2244 3272 2304 potare.
3294 2232 3468 2288 Dediso

1912 2342 2035 2389 eant
2052 2334 2187 2387 bene
2206 2330 2347 2401 quod
2375 2328 2666 2383 didicerant
2684 2340 2790 2380 non
2809 2326 2975 2392 bene;
3006 2334 3060 2380 et
3077 2340 3141 2379 ex
3161 2332 3272 2378 toto
3292 2323 3449 2379 Eccle

1912 2425 2004 2480 sim
2023 2424 2267 2493 dogmate
2291 2419 2432 2491 quod
2457 2417 2722 2472 intellectu
2748 2416 2863 2487 capi
2890 2423 3062 2486 potest
3078 2414 3305 2485 capiant,
3338 2412 3482 2484 quod

1912 2531 2019 2570 non
2046 2520 2220 2583 potest
2244 2510 2480 2566 credant.
3400 2562 3401 2565 η

1982 2602 2123 2658 XXI.
2154 2601 2282 2669 Quae
2310 2615 2430 2655 cum
2453 2599 2523 2652 ita
2549 2600 2673 2662 sint,
2691 2598 2882 2653 iterum
2902 2605 3060 2667 atque
3080 2596 3271 2651 iterum
3297 2596 3482 2652 eadem

1912 2709 2122 2750 mecum
2164 2690 2442 2746 revolvens
2480 2696 2534 2742 et
2558 2697 2831 2757 reputans,
2878 2686 3061 2740 mirari
3113 2688 3240 2741 satis
3278 2701 3484 2756 nequeo

1914 2793 2111 2839 tantam
2127 2780 2473 2851 quorumdam
2494 2778 2765 2832 hominum
2783 2777 3072 2841 vesaniam,
3096 2783 3292 2829 tantam
3314 2790 3485 2829 excae-

1914 2882 2045 2928 cata:
2064 2872 2256 2927 mentis
2278 2870 2621 2939 impietatem,
2648 2874 2847 2920 tantam
2884 2873 3152 2933 postremo
3178 2863 3390 2917 errandi
3415 2863 3485 2917 li-

1912 2963 2146 3018 bidinem
2174 2969 2232 3013 ut
2257 2957 2491 3013 contenti
2512 2971 2619 3009 non
2648 2956 2754 3009 sint
2780 2952 2969 3006 tradita
3004 2951 3166 3006 semel
3198 2959 3251 3004 et
3268 2959 3485 3020 accepta

1915 3051 2203 3119 antiquitus
2228 3046 2479 3101 credendi
2504 3044 2704 3112 regula,
2734 3042 2827 3095 sed
2851 3056 2986 3094 nova
3011 3054 3073 3093 ac
3105 3054 3240 3094 nova
3261 3040 3314 3093 in
3341 3040 3484 3095 diem

1916 3147 2173 3209 quwrant,
2196 3150 2510 3204 semperque
2530 3132 2725 3201 aliquid
2745 3132 2969 3200 gestiant
2987 3130 3243 3199 Religioni
3268 3129 3482 3197 addere,

1915 3238 2141 3294 mutare,
2171 3227 2483 3289 detrahere;
2505 3223 2655 3294 quasi
2682 3238 2785 3277 non
2808 3221 3022 3276 cmleste
3052 3220 3240 3291 dogma
3260 3222 3328 3275 sit
3346 3222 3487 3291 quod

1916 3321 2081 3377 semel
2120 3318 2409 3375 revelatum
2428 3330 2545 3369 esse
2574 3312 2815 3378 sulﬁciat,
2844 3312 2938 3366 sed
2964 3320 3170 3366 terrena
3199 3312 3484 3379 institutio,

1916 3429 2035 3483 qua:
2060 3412 2210 3465 aliter
2232 3406 2411 3479 perﬁci
2426 3407 2525 3461 nisi
2548 3404 2756 3459 assidua
2777 3402 3162 3469 emendatione,
3192 3402 3297 3456 imo
3314 3401 3486 3471 petitis

1917 3501 2329 3574 reprehensione
2343 3513 2447 3553 non
2464 3496 2649 3568 possit,
2668 3510 2786 3550 cum
2804 3494 2978 3548 divina
2996 3493 3224 3547 clament
3242 3492 3482 3548 oracula:

1920 3597 2003 3650 Ne
2022 3595 2295 3664 transferas
2315 3591 2549 3645 terminos
2569 3606 2688 3660 quos
2728 3596 2996 3658 posuerunt
3010 3596 3175 3657 patres
3202 3587 3294 3652 tui,
3326 3585 3481 3641 Prov.

1915 3689 2016 3751 2‘2;
2037 3696 2117 3741 et:
2139 3682 2627 3754 Sttperjndicantem
2646 3680 2933 3748 nejudices,
2962 3676 3121 3731 Eccli.
3150 3677 3211 3743 8;
3241 3676 3490 3733 et:Scir~.

1918 3780 2113 3832 dentem
2143 3790 2308 3844 sepem
2341 3770 2582 3825 mordebit
2601 3784 2713 3820 eum
2738 3784 2958 3837 serpens,
2982 3763 3489 3833 Eccles.10,etillud

1916 3869 2282 3941 apostolicum,
2307 3879 2411 3935 quo
2437 3876 2619 3916 omnes
2640 3860 2873 3913 omnium
2909 3858 3182 3911 hazrcseon
3219 3858 3488 3913 sceleratae

1916 3964 2178 4018 novitates
2197 3959 2340 4014 velut
2358 3955 2586 4027 quodam
2613 3950 2837 4020 spiritali
2861 3947 3036 4019 gladio
3067 3963 3208 4017 saepe
3234 3957 3488 4003 truncata;

1916 4068 2230 4126 semperque
2274 4047 2578 4106 truncandae
2616 4052 2740 4100 sunt
2769 4041 2851 4097 :0
2901 4039 3172 4101 Timotltee,
3211 4039 3489 4109 depositum

1917 4147 2133 4213 custodi,
2158 4147 2380 4200 devitans
2402 4141 2689 4213 prop/tonas
2708 4152 2881 4191 vocum
2896 4135 3133 4188 novitates
3161 4142 3205 4185 et
3221 4133 3487 4202 oppositio-

1917 4259 2003 4296 nes
2029 4242 2149 4312 falsi
2190 4238 2405 4293 nominis
2443 4234 2680 4297 scientiw,
2708 4246 2857 4301 quam
2883 4229 3085 4299 quidam
3125 4226 3481 4297 promittentes,

1916 4337 2050 4389 circa
2069 4334 2221 4402 ﬁdem
2259 4330 2564 4390 exciderunt,
2596 4327 2646 4388 1,
2675 4324 2803 4377 Tim.
2846 4323 2897 4376 6.
2928 4321 2994 4374 Et
3034 4326 3154 4389 post
3189 4319 3302 4372 haec
3339 4318 3488 4371 inve-

1916 4426 2131 4478 niuntur
2155 4421 2311 4489 aliqui
2340 4427 2485 4474 tanta
2525 4418 2828 4469 inveteratae
2879 4409 3065 4463 frontis
3101 4408 3311 4472 duritia,
3345 4416 3487 4462 tanta

1916 4514 2254 4584 impudentiae
2300 4510 2509 4574 incude,
2552 4513 2696 4560 tanto
2722 4504 2999 4558 adamante
3032 4501 3354 4570 pertinaciae,
3399 4500 3489 4570 qui

1916 4604 2075 4658 tantis
2094 4603 2420 4670 eloquiorum
2437 4596 2730 4652 caelestium
2750 4592 2974 4646 molibus
2992 4605 3098 4644 non
3114 4590 3452 4644 succumbant
3471 4632 3486 4656 ,

1916 4695 2077 4747 tantis
2098 4691 2419 4761 ponderibus
2439 4702 2541 4741 non
2566 4684 2829 4748 fatiscant,
2853 4681 3012 4735 tantis
3026 4680 3230 4739 malleis
3250 4696 3353 4735 non
3371 4696 3490 4735 con-

1917 4793 2232 4856 quassentur
2254 4826 2267 4850 ,
2296 4782 2455 4837 tantis
2475 4788 2748 4850 postremo
2769 4773 3074 4829 fulminibus
3093 4788 3200 4827 non
3220 4782 3490 4827 conteran-

1919 4879 2044 4931 tur?
2071 4877 2267 4939 Devita,
2304 4875 2491 4944 inquit,
2529 4870 2821 4942 prophanas
2858 4883 3032 4920 vocum
3064 4866 3303 4919 novitates
3332 4882 3349 4917 :
3373 4864 3485 4918 Non

1918 4969 2049 5023 dixit
2069 4970 2402 5039 antiquitates,
2434 4981 2538 5020 non
2566 4963 2697 5017 dixit
2720 4969 3018 5023 vetustates;
3044 4958 3152 5011 imo
3178 4957 3331 5026 plane
3364 4954 3487 5025 quid

1919 5082 1949 5120 e
1968 5063 2232 5121 contrario
2252 5068 2560 5130 sequeretur
2578 5054 2823 5110 ostendit.
2846 5052 2977 5105 Nam
2998 5051 3043 5104 si
3061 5049 3272 5104 vitanda
3293 5057 3374 5103 est
3392 5062 3487 5101 no-

1918 5159 2073 5221 vitas,
2104 5152 2331 5208 tenenda
2351 5160 2431 5205 est
2451 5146 2763 5216 antiquitas;
2794 5150 2849 5197 et
2874 5142 2919 5195 si
2944 5140 3213 5209 prophana
3232 5146 3314 5193 est
3337 5138 3488 5192 novi-

1920 5258 2020 5311 tas,
2050 5254 2254 5303 sacrata
2281 5251 2363 5297 est
2387 5247 2639 5295 vetustas.
2666 5235 2731 5288 Et
2758 5231 3112 5304 oppositiones,
3152 5228 3339 5298 inquit,
3371 5227 3487 5297 falsi

1920 5338 2134 5392 nominis
2168 5334 2403 5389 scientiis.
2435 5332 2571 5385 Vere
2603 5326 2789 5381 falsum
2827 5337 3021 5377 nomen
3058 5318 3196 5389 apud
3220 5315 3489 5372 doctrinas

1923 5431 2330 5492 llaereticormn;
2360 5433 2419 5479 ut
2442 5420 2735 5493 ignorantia
2746 5416 3000 5481 scientiae,
3019 5420 3074 5468 et
3096 5412 3264 5482 caligo
3284 5409 3486 5465 sereni-

1921 5523 2065 5587 tatis,
2091 5529 2144 5575 et
2165 5519 2393 5574 tenebrae
2418 5512 2630 5569 luminis
2655 5508 3001 5580 appellatione
3028 5504 3284 5559 Iucentur.
3324 5500 3487 5565 Quam

1923 5617 2149 5686 quidam,
2196 5612 2386 5683 inquit,
2415 5607 2775 5681 promittentes,
2822 5603 2953 5657 circa
3000 5599 3146 5673 ﬁdem
3180 5593 3485 5651 exciderunt.
