4028 6184
572 274 678 334 667

572 393 708 460 Quid
723 386 1089 460 promittentes
1103 380 1427 445 excidet-tm,
1450 378 1552 433 nisi
1573 390 1761 431 novam
1782 376 1961 433 nescio
1974 392 2131 446 quam

569 484 964 553 ignomtamque
1012 473 1336 530 doctrinam?
1376 470 1575 527 Audias
1626 469 1822 525 etenim
1871 469 2128 539 quosdam

570 573 807 645 ipsorum
840 569 1015 622 dicere
1040 583 1051 618 :
1087 564 1300 629 Venite,
1331 574 1364 616 ο
1391 561 1697 630 insipientes
1726 568 1782 615 et
1812 560 2010 625 miseri,
2041 560 2129 628 qui

568 668 720 737 vulgo
745 662 996 720 Catholici
1029 658 1346 719 voeitamiui,
1388 664 1442 710 et
1483 654 1671 709 discite
1713 652 1870 708 ﬁdem
1912 666 2124 717 veram,

566 774 721 831 quam
747 765 937 828 praeter
963 768 1058 807 nos
1083 752 1255 805 nullus
1284 748 1540 815 intelligit,
1564 762 1681 815 quae
1706 746 1883 800 multis
1898 752 2018 799 ante
2040 759 2126 799 se-

564 850 695 905 culis
720 847 887 911 latuit,
920 858 1085 912 nuper
1128 854 1252 895 vero
1290 838 1518 892 revelata
1558 844 1612 890 et
1653 844 1861 890 ostensa
1892 842 2004 898 est;
2034 833 2131 888 sed

567 940 748 995 discite
776 937 949 990 furtim
977 942 1130 1001 atque
1151 929 1397 983 secretim
1423 944 1434 979 :
1458 926 1738 979 delectabit
1757 926 1896 980 enim
1919 941 2026 978 vos.
2064 926 2127 978 Et

565 1031 687 1085 item
719 1046 730 1081 :
771 1028 901 1082 Cum
939 1022 1257 1085 didiceritis,
1300 1020 1521 1072 latenter
1553 1016 1769 1079 docete;
1792 1030 1858 1070 ne
1900 1014 2125 1069 mundus

565 1119 758 1183 audiat,
783 1131 879 1171 nec
907 1112 1139 1168 Ecclesia
1174 1111 1334 1163 sciat:
1366 1107 1545 1177 paucis
1568 1120 1791 1173 namque
1818 1120 2124 1161 concessum

563 1220 644 1266 est
672 1210 798 1264 tanti
826 1206 1057 1279 mysterii
1088 1217 1274 1271 capere
1301 1208 1581 1254 secretum.
1613 1199 1793 1250 Nonne
1831 1197 1940 1250 haec
1970 1198 2125 1251 verba

564 1310 685 1356 sunt
712 1302 846 1355 illius
880 1297 1172 1353 meretricis
1198 1308 1312 1363 qum
1340 1291 1476 1361 apud
1515 1290 1810 1344 Salomonis
1849 1288 2124 1342 Proverbia

566 1401 715 1446 vocat
735 1391 800 1445 ad
826 1404 881 1444 se
905 1392 1281 1458 prietereuntcs
1304 1384 1438 1434 viain
1461 1381 1549 1450 qui
1570 1380 1800 1448 dirigunt
1819 1382 1919 1432 iter
1938 1378 2124 1433 suum?

566 1483 664 1548 Qui
689 1492 777 1548 est,
800 1481 986 1549 inquit,
1017 1486 1227 1530 vestrum
1254 1474 1704 1543 iusipieutiasimus,
1730 1471 2012 1523 dirertatad
2028 1488 2121 1524 me.

563 1573 747 1643 inepes
774 1578 949 1625 autem
975 1582 1132 1622 sensu
1156 1565 1461 1620 exhortatur
1486 1563 1697 1617 dicens:
1725 1561 1889 1614 Panes
1910 1560 2125 1614 occultos

562 1668 764 1721 libenter
789 1664 1032 1733 attingite,
1070 1670 1114 1714 et
1154 1674 1333 1727 aquam
1380 1657 1573 1709 dulcem
1600 1655 1771 1723 furtim
1797 1654 1958 1707 bibite.
1989 1652 2124 1718 Quid

561 1757 789 1813 deinde?
818 1755 1001 1817 Atille,
1035 1753 1218 1821 inquit,
1258 1749 1406 1802 nescit
1449 1748 1682 1816 quoniam
1708 1746 1963 1815 terrigena:
1990 1744 2125 1813 apud

562 1865 670 1902 eam
696 1855 915 1918 peremit,
946 1844 1094 1897 Prov.
1119 1842 1170 1896 9.
1194 1840 1291 1906 Qui
1314 1846 1434 1893 sunt
1455 1838 1535 1890 isti
1560 1836 1867 1904 terrigenae?
1888 1835 2127 1903 Exponat

562 1940 841 2011 Apostolus
883 1957 893 1991 :
936 1936 1033 2001 Qui
1070 1936 1200 1987 circa
1260 1932 1429 2001 ﬁdem,
1483 1929 1686 1998 inquit,
1739 1927 2044 1993 exciderunt,
2091 1925 2124 1979 2

566 2032 696 2087 Tim.
724 2033 777 2087 2.

630 2123 790 2180 XXII.
832 2122 933 2177 Sed
955 2135 1129 2190 opera:
1150 2117 1370 2188 pretium
1399 2123 1479 2168 est
1508 2122 1672 2167 totum
1691 2113 1859 2182 ipsum
1887 2109 2124 2179 Apostoli

558 2218 839 2291 capitulum
862 2212 1162 2284 diligentius
1192 2216 1527 2279 pertractare.
1563 2205 1604 2257 0
1636 2204 1903 2266 Timet/tce,
1935 2202 2120 2271 inquit,

557 2310 833 2380 depositum
859 2304 1077 2365 custodi,
1109 2302 1327 2353 devitans
1374 2297 1610 2367 profanas
1654 2310 1825 2346 vocum
1861 2293 2119 2346 novitates.

560 2399 640 2455 0!
664 2397 982 2451 Exclamatio
1004 2395 1101 2447 ista
1129 2401 1180 2445 et
1207 2389 1547 2459 praeseientiae
1568 2394 1649 2440 est
1667 2386 1862 2454 pariter
1880 2393 1933 2439 et
1950 2384 2123 2440 chari-

558 2491 695 2543 tatis.
716 2486 1037 2541 Prtevidebat
1059 2484 1196 2538 enim
1214 2482 1435 2545 futuros,
1454 2494 1586 2548 quos
1598 2479 1759 2532 etiam
1776 2477 2090 2547 prtedolebat
2104 2519 2117 2542 ,

558 2596 783 2637 errores.
812 2580 939 2646 Quis
966 2586 1045 2632 est
1072 2577 1227 2630 hodie
1248 2573 1555 2628 Timotheus
1581 2574 1682 2626 nisi
1704 2573 1784 2627 vel
1808 2572 2121 2641 generaliter

556 2676 790 2728 universa
814 2672 1064 2735 Ecclesia,
1088 2670 1167 2723 vel
1191 2667 1485 2737 specialiter
1505 2672 1670 2719 totum
1697 2679 1885 2733 corpus
1912 2664 2122 2733 Praepo-

552 2768 793 2834 sitorum,
825 2765 912 2836 qui
941 2765 1195 2833 integram
1229 2759 1388 2815 divini
1411 2758 1580 2813 cultus
1606 2757 1877 2810 scientiam
1914 2757 1995 2810 vel
2024 2755 2119 2810 hav-

554 2860 678 2915 berc
706 2858 801 2929 ipsi
830 2856 1020 2911 debent
1048 2855 1126 2909 vel
1154 2853 1268 2906 aliis
1294 2850 1601 2904 infundere?
1626 2848 1760 2915 Quid
1786 2856 1886 2915 est,
1921 2850 2119 2918 deposi—

551 2958 655 3003 tum
683 2946 905 3002 custodi?
933 2944 1177 3009 Custodi,
1230 2943 1413 3011 inquit,
1445 2948 1658 3011 propter
1693 2939 1831 2992 fures
1852 2981 1865 3005 ,
1906 2948 2119 3009 propter

550 3039 807 3107 inimicos,
840 3054 904 3093 ne
930 3035 1309 3091 dormientibus
1345 3034 1661 3098 hominibus,
1695 3033 2117 3104 supersemineut

552 3131 747 3184 zizania
774 3144 929 3201 super
956 3127 1080 3182 illud
1109 3126 1261 3181 tritici
1285 3127 1475 3180 bonum
1507 3141 1688 3180 semen
1715 3126 1853 3195 quod
1882 3127 2114 3180 semina-

551 3228 694 3274 verat
720 3219 855 3274 filius
893 3217 1118 3271 hominis
1148 3217 1197 3271 in
1242 3231 1366 3286 agro
1396 3231 1510 3282 suo,
1558 3214 1871 3285 Depositum,
1915 3217 2111 3286 inquit,

548 3308 757 3361 custodi.
787 3305 921 3373 Quid
949 3314 1029 3361 est
1049 3306 1355 3375 depositum?
1379 3305 1430 3359 id
1449 3314 1547 3371 est,
1578 3305 1715 3375 quod
1743 3306 1833 3359 tibi
1855 3306 2112 3360 creditum

548 3403 647 3462 est,
677 3411 780 3449 non
800 3396 937 3465 quod
964 3410 992 3447 a
1014 3404 1064 3449 te
1086 3396 1381 3461 inventum;
1405 3394 1543 3465 quod
1561 3396 1828 3465 accepisti,
1848 3412 1952 3450 non
1974 3397 2112 3467 quod

548 3483 880 3551 excogitasti;
912 3498 1022 3535 rem
1052 3499 1151 3535 non
1182 3486 1391 3553 ingenii,
1422 3486 1514 3539 sed
1536 3486 1804 3549 doctrinm,
1831 3503 1933 3541 non
1956 3503 2111 3542 usur-

547 3572 773 3645 pationis
798 3572 1031 3641 privatae,
1064 3572 1155 3625 sed
1196 3575 1414 3642 publica:
1459 3576 1782 3641 traditionis;
1814 3593 1924 3632 rem
1952 3577 2016 3631 ad
2059 3585 2113 3632 te

547 3661 871 3732 perductam,
894 3676 997 3713 non
1028 3676 1054 3713 a
1083 3668 1131 3715 te
1158 3663 1410 3731 prolatam
1437 3682 1449 3717 :
1474 3664 1524 3717 in
1546 3677 1648 3735 qua
1677 3681 1779 3720 non
1813 3673 1993 3719 auctor
2019 3664 2112 3720 de-

545 3755 637 3811 bes
660 3769 794 3819 esse,
823 3753 914 3808 sed
936 3761 1137 3819 custos;
1168 3770 1270 3808 non
1299 3755 1583 3821 institutor,
1614 3756 1705 3811 sed
1735 3764 1979 3820 sectator;
2005 3771 2109 3811 non

543 3844 757 3911 ducens,
782 3845 872 3899 sed
891 3861 1130 3915 sequens.
1150 3846 1457 3916 Depositum,
1484 3848 1670 3916 inquit,
1691 3848 1914 3909 custodi;
1934 3848 2107 3902 catho-

541 3936 653 3991 liccc
680 3933 798 3988 ﬁdei
829 3935 1079 3988 talentum
1111 3936 1411 3990 inviolatum
1447 3937 1804 4005 illibatumquc
1829 3951 2102 3991 conserva.

539 4026 687 4094 Quod
710 4027 800 4080 tibi
820 4027 1094 4090 creditum,
1120 4028 1218 4081 hoc
1241 4044 1401 4096 penes
1428 4037 1477 4081 te
1499 4037 1729 4093 maneat,
1752 4029 1849 4080 hoc
1871 4042 1899 4079 a
1927 4036 1977 4083 te
1999 4036 2106 4083 tra-

538 4117 707 4171 datur.
738 4117 937 4169 Aurum
966 4117 1230 4183 accepisti,
1256 4132 1439 4169 aurum
1470 4117 1629 4170 redde
1657 4136 1667 4167 :
1700 4118 1825 4170 nolo
1850 4118 1976 4172 mihi
2008 4136 2103 4188 pro

536 4207 650 4262 aliis
692 4205 793 4259 alia
836 4205 1082 4274 subjicias
1120 4222 1131 4257 :
1174 4206 1295 4259 nolo
1346 4221 1440 4274 pro
1467 4221 1594 4260 auro
1639 4215 1729 4259 aut
1767 4208 2103 4277 impudenter

534 4296 803 4367 plumbum
828 4303 917 4349 aut
950 4294 1308 4349 fraudulenter
1336 4305 1617 4351 atramenta
1655 4314 1918 4368 supponas
1942 4322 1953 4356 :
1978 4307 2100 4362 nolo

533 4388 645 4441 auri
668 4386 916 4457 speciem,
942 4383 1034 4439 sed
1061 4393 1299 4439 naturam
1341 4386 1510 4455 plane.
1541 4387 1584 4442 Ο
1612 4390 1884 4446 Timotheo
1902 4434 1915 4456 ,
1944 4394 1988 4448 Ο
2013 4396 2101 4451 Sa~

532 4474 737 4540 cerdos,
765 4474 809 4529 0
830 4474 1125 4539 Tractator,
1154 4474 1196 4528 Ο
1235 4476 1446 4540 Doctor,
1488 4476 1530 4530 si
1555 4486 1607 4531 te
1631 4479 1863 4535 divinum
1907 4499 2097 4542 munus

532 4565 774 4619 idoneum
801 4563 997 4628 fecerit,
1024 4565 1251 4634 ingenio,
1279 4567 1673 4635 exercitatione,
1697 4571 1955 4641 doctrina,
1981 4586 2097 4633 esto

530 4657 775 4725 spiritalis
804 4656 1122 4710 tabernaculi
1150 4656 1401 4723 Beseleel,
1432 4661 1689 4727 pretiosas
1713 4661 1816 4716 divi
1838 4663 2095 4735 dogmatis

530 4760 760 4815 gemmas
798 4747 1063 4815 exsculpe,
1093 4746 1315 4800 ﬁdeliter
1340 4756 1546 4817 coapta,
1573 4750 1769 4806 adorna
1793 4755 2089 4823 sapienter,

529 4836 692 4905 adjice
708 4835 1057 4905 splendorem,
1071 4837 1311 4907 gratiam,
1325 4848 1670 4893 venustatem.
1688 4841 2024 4915 Intelligatur,
2040 4858 2093 4905 te

528 4931 819 4993 exponente
848 4925 1118 4991 illustrius,
1140 4925 1279 4994 quod
1303 4935 1422 4980 ante
1456 4929 1731 4986 obscurius
1756 4936 2086 4994 credebatur.

526 5015 626 5070 Per
649 5024 701 5070 te
728 5017 1007 5085 posteritas
1033 5016 1353 5071 intellectum
1373 5021 1659 5087 gratuletur
1675 5025 1815 5092 quod
1842 5036 1963 5083 ante
2000 5047 2089 5085 vc-

524 5114 691 5162 tustas
739 5123 843 5161 non
873 5108 1192 5165 intellectum
1244 5112 1609 5167 venerabatur.
1657 5114 1857 5173 Eadem
1908 5128 2087 5178 tamen

519 5214 637 5269 quae
662 5198 889 5254 didicisti
908 5200 1059 5264 doce,
1085 5210 1141 5259 ut
1154 5216 1273 5261 cum
1295 5201 1440 5256 dicas
1465 5219 1619 5268 nove,
1647 5222 1750 5261 non
1771 5208 1915 5265 dicas
1931 5228 2083 5270 nova.

589 5294 774 5349 XXIII.
804 5294 912 5350 Sed
938 5294 1156 5349 forsitan
1182 5297 1309 5351 dicit
1342 5298 1529 5367 aliquis
1554 5318 1565 5353 :
1595 5300 1849 5358 Nullusne
1883 5316 2008 5374 ergo
2032 5307 2084 5363 in

518 5385 751 5441 Ecclesia
776 5385 973 5443 Christi
1006 5388 1270 5458 profectus
1313 5392 1591 5449 habebitur
1631 5396 1952 5467 Religionis?
1981 5400 2086 5453 Ha—

518 5476 703 5531 beatur
726 5478 899 5547 plane,
930 5486 983 5534 et
1024 5481 1303 5538 maximus.
1332 5484 1462 5538 Nam
1504 5489 1623 5555 quis
1648 5488 1733 5541 ille
1758 5499 1840 5544 est
1866 5499 1970 5546 tam
2010 5493 2083 5548 in-

514 5566 669 5623 vidus
691 5567 1009 5634 hominibus,
1038 5571 1143 5625 tam
1164 5589 1353 5628 exosus
1375 5576 1501 5642 Deo,
1529 5578 1618 5646 qui
1644 5578 1783 5637 istud
1804 5580 2080 5649 prohibere

520 5662 768 5715 conetur?
789 5661 894 5717 Sed
915 5662 983 5715 ita
1007 5671 1180 5717 tamen
1205 5675 1260 5718 ut
1278 5667 1401 5719 vere
1428 5669 1690 5735 profectus
1721 5676 1787 5727 sit
1810 5677 1893 5730 ille
1921 5678 2035 5731 ﬁdei
2057 5719 2072 5743 ,

1793 256 2129 314 VINCENTll
2160 256 2536 314 LllllNENSlS

3700 263 3797 319 668

2237 395 2342 435 non
2370 380 2699 447 mutatio.
2723 378 2994 449 Siquidem
3013 380 3087 437 ad
3103 381 3403 453 μοίθωιιι
3422 385 3657 455 permisi.
3679 394 3794 453 utin

2236 469 2581 537 sentetipsum
2602 484 2927 540 unaquaeque
2950 486 3045 533 res
3055 472 3431 542 ampliﬁcatur;
3459 474 3525 535 ad
3545 493 3793 549 permutat

2235 558 2435 614 tionem
2459 560 2605 627 vero,
2634 568 2693 619 ut
2715 562 2912 631 aliquid
2937 578 3000 618 ex
3028 562 3129 617 alio
3152 563 3203 619 in
3233 565 3379 621 aliud
3396 574 3793 645 transvertatur.

2232 646 2445 702 Crescat
2462 650 2617 719 igitur
2632 660 2838 719 oportet
2863 660 2915 707 et
2936 653 3159 709 multum
3176 656 3621 733 vehementerque
3648 670 3795 734 proﬁ.

2232 737 2334 807 ciet
2346 748 2450 799 tam
2467 741 2786 810 singulorum
2802 759 2959 813 quam
2984 745 3217 801 omnium
3235 787 3249 811 ,
3274 755 3383 807 tam
3401 754 3553 813 unius
3573 756 3795 822 hominis

2230 845 2388 926 quam
2413 831 2571 926 totius
2596 832 2863 926 Ecclesia,
2885 841 3101 889 mtatum
3116 850 3180 891 ac
3202 839 3493 903 seculorum
3518 848 3796 926 gradibus,

2231 919 2587 991 intelligentia,
2618 924 2835 979 scientia
2858 966 2871 990 ,
2911 926 3188 995 sapientia,
3220 930 3316 993 sed
3342 933 3395 987 in
3425 951 3520 993 suo
3541 919 3797 1003 duntaxat

2231 1026 2443 1079 genere,
2474 1013 2525 1067 in
2547 1013 2733 1069 eodem
2762 1016 2963 1070 scilicet
2991 1016 3254 1086 dogmate,
3283 1022 3469 1079 eodem
3486 1042 3673 1099 sensu,
3702 1050 3798 1091 ea-

2230 1104 2453 1174 demque
2473 1107 2748 1161 sententia.
2771 1106 3006 1162 lmitetur
3021 1110 3317 1169 animarum
3338 1115 3523 1185 religio
3542 1122 3799 1183 rationem

2231 1208 2509 1262 corporum
2535 1214 2545 1247 :
2575 1212 2691 1264 (iam
2722 1196 2841 1250 licet
2862 1213 3117 1253 annorum
3137 1215 3388 1269 processu
3413 1222 3666 1266 numeros
3680 1228 3799 1273 suos

2231 1284 2473 1338 evolvunt
2499 1294 2549 1339 et
2569 1287 2851 1353 explicent,
2882 1288 3067 1347 eadem
3088 1299 3269 1355 tamen
3286 1311 3403 1363 qua:
3424 1308 3577 1353 erant
3597 1317 3800 1371 penna.

2236 1384 2379 1427 nent.
2410 1376 2623 1428 Multum
2648 1377 2865 1431 interest
2894 1378 3029 1433 inter
3058 1384 3295 1450 pueritiae
3329 1385 3516 1441 ﬂorem
3558 1400 3611 1445 et
3643 1408 3799 1451 sene-

2232 1466 2391 1520 ctutis
2435 1468 2786 1521 maturitatem
2813 1486 2826 1533 ;
2858 1471 2951 1525 sed
2978 1472 3135 1535 iidem
3168 1483 3345 1533 tamen
3367 1480 3467 1548 ipsi
3495 1482 3624 1540 ﬁunt
3649 1501 3801 1548 senes

2230 1557 2318 1624 qui
2348 1557 2549 1612 fuerant
2581 1559 2978 1627 adolescentes;
3008 1572 3064 1619 ut
3084 1569 3325 1635 quamvis
3349 1572 3506 1628 unius
3540 1576 3802 1645 ejusdem.

2231 1664 2333 1715 que
2358 1648 2584 1703 hominis
2630 1659 2797 1707 status
2834 1652 3148 1725 habitusque
3182 1667 3449 1728 mutetur,
3477 1682 3580 1723 una
3620 1678 3800 1735 tamen

2232 1739 2568 1795 nihilominus
2604 1743 2893 1812 eademque
2940 1756 3155 1814 natura,
3205 1766 3310 1807 una
3358 1754 3648 1828 eademque
3678 1777 3800 1831 per»

2232 1842 2358 1922 sena
2386 1831 2467 1922 sit.
2495 1831 2658 1886 Parva
2684 1832 2987 1888 lactentium
3014 1838 3270 1907 membra,
3295 1857 3485 1914 magna
3501 1847 3762 1916 juventus
3784 1897 3797 1922 ,

2231 1918 2414 1975 eadem
2452 1921 2563 1988 ipsa
2602 1931 2723 1976 sunt
2762 1932 2955 1979 tamen.
2986 1926 3123 1991 Quot
3160 1933 3495 1997 parvulorum
3528 1947 3693 2009 artus,

2231 2009 2465 2065 virorum
2491 2028 2503 2074 ;
2533 2023 2584 2066 et
2610 2014 2653 2066 si
2683 2029 2783 2083 qua
2811 2015 2893 2069 illa
2922 2026 3175 2087 suntquae
3200 2022 3299 2076 aevi
3323 2028 3616 2084 maturioris
3638 2042 3803 2097 aetate

2230 2100 2503 2168 pariuntur
2526 2144 2539 2167 ,
2567 2103 2676 2171 jam
2719 2105 2773 2161 in
2801 2107 3016 2162 seminis
3042 2110 3246 2169 ratione
3270 2126 3502 2183 proserta
3549 2132 3707 2190 sunt;
3741 2139 3803 2187 tu

2229 2192 2357 2245 nihil
2387 2207 2579 2247 novum
2607 2204 2787 2263 postea
2816 2198 3108 2266 proferatur
3134 2202 3186 2256 in
3212 2206 3420 2263 senibus
3448 2211 3589 2279 quod
3611 2230 3719 2277 non
3749 2220 3803 2279 in

2228 2283 2404 2351 pueris
2419 2283 2527 2351 jam
2544 2285 2666 2340 ante
2693 2286 2990 2343 latitaverit.
3024 2290 3171 2347 Unde
3198 2310 3303 2349 non
3323 2296 3537 2357 dubium
3562 2314 3643 2359 est
3662 2307 3800 2367 hanc

2227 2387 2344 2429 esse
2378 2375 2660 2445 legitimam
2701 2388 2753 2434 et
2794 2390 2993 2436 rectam
3027 2384 3332 2453 proficiendi
3364 2392 3630 2461 regulam,
3659 2396 3799 2457 hunc

2226 2474 2397 2521 ratum
2423 2476 2579 2538 atque
2605 2472 3015 2540 pulcherrimum
3041 2479 3313 2534 crescendi
3340 2482 3608 2551 ordinem,
3638 2488 3685 2543 si
3710 2504 3797 2546 eas

2225 2573 2434 2627 semper
2474 2560 2527 2614 in
2575 2562 2941 2630 grandioribus
2981 2576 3157 2635 partes
3202 2583 3262 2624 ac
3306 2570 3502 2627 formas
3547 2590 3797 2637 numerus

2225 2648 2436 2704 detexat
2460 2652 2627 2706 {etatis
2646 2668 2775 2722 quas
2788 2654 2839 2707 in
2867 2657 3095 2723 parvulis
3114 2657 3380 2715 Creatoris
3394 2664 3652 2731 sapientia
3665 2683 3797 2737 pre-

2224 2739 2558 2795 formaverat.
2589 2741 2741 2807 Quod
2769 2744 2811 2797 si
2843 2744 3070 2801 humana
3096 2749 3297 2817 species
3317 2750 3371 2804 in
3395 2752 3623 2823 aliquam
3643 2756 3796 2817 dein-

2223 2848 2347 2903 ceps
2373 2849 2476 2887 non
2506 2836 2585 2889 sui
2614 2836 2820 2905 generis
2857 2846 3092 2893 vertatur
3130 2840 3355 2910 efﬁgiem
3374 2884 3388 2910 ,
3418 2854 3509 2900 aut
3532 2856 3681 2902 certe
3704 2850 3795 2911 ad~

2223 2923 2377 2979 datur
2415 2926 2681 2995 quippiam
2721 2927 3079 2984 membrorum
3103 2946 3324 2987 numero
3347 2935 3429 2990 vel
3465 2935 3794 3009 detrahatur,

2222 3029 2438 3070 necesse
2464 3023 2545 3069 est
2565 3023 2621 3069 ut
2650 3024 2817 3072 totum
2854 3034 3045 3089 corpus
3073 3022 3155 3076 vel
3182 3014 3478 3093 intercidat,
3506 3029 3589 3081 vel
3613 3032 3794 3098 prodi-

2220 3109 2425 3178 giosum
2454 3109 2563 3175 ﬁat,
2591 3108 2674 3163 vel
2702 3119 2845 3165 certe
2859 3110 3158 3169 debilitetur
3178 3133 3190 3167 :
3212 3115 3284 3169 ita
3304 3116 3461 3172 etiam
3480 3118 3791 3181 Christianae

2222 3200 2513 3270 Religionis
2542 3200 2730 3272 dogma
2770 3210 3018 3270 sequatur
3050 3203 3143 3257 has
3172 3204 3323 3259 decet
3351 3208 3682 3276 profectuum
3715 3213 3789 3268 le-

2219 3308 2330 3361 ges,
2362 3302 2420 3346 ut
2447 3294 2598 3347 annis
2618 3293 2817 3348 scilicet
2843 3294 3216 3361 consolidetur,
3247 3295 3495 3353 dilatetur
3520 3309 3787 3372 tempore,

2218 3384 2528 3437 sublimetur
2580 3392 2764 3447 aetate,
2804 3384 3161 3453 incorruptum
3204 3394 3380 3441 tamen
3426 3389 3789 3465 illibatumque

2217 3482 2554 3543 permaneat,
2592 3482 2647 3528 et
2681 3473 2940 3528 universis
2990 3474 3214 3542 partium
3254 3491 3468 3531 suarum
3524 3486 3789 3541 mensuris

2217 3566 2522 3634 cunctisque
2540 3564 2689 3634 quasi
2705 3564 2956 3618 membris
2976 3579 3038 3619 ac
3061 3566 3302 3620 sensibus
3318 3569 3546 3637 propriis
3576 3572 3788 3642 plenum

2216 3666 2373 3727 atque
2413 3656 2700 3727 perfectum
2741 3657 2828 3721 sit,
2872 3655 3013 3726 quod
3052 3656 3180 3711 nihil
3219 3666 3473 3726 praeterea
3514 3675 3786 3732 permuta-

2216 3750 2374 3805 tionis
2408 3749 2665 3813 admittat,
2702 3747 2842 3802 nulla
2878 3747 3210 3816 proprietatis
3250 3747 3523 3820 dispendia
3544 3794 3558 3817 ,
3589 3756 3785 3814 nullam

2214 3842 2532 3897 deﬁnitionis
2549 3842 2802 3895 sustineat
2820 3840 3144 3895 varietatem.
3174 3840 3598 3913 Exempligratia
3637 3865 3649 3899 :
3688 3848 3783 3903 Sc-

2214 3941 2401 3987 verunt
2433 3932 2659 3999 majores
2682 3930 2846 3984 nostri
2888 3930 3174 3999 antiquitus
3207 3932 3259 3984 in
3302 3932 3401 3986 hac
3426 3935 3783 3998 ecclesiastica

2212 4035 2389 4095 segete
2408 4024 2625 4077 triticea:
2657 4022 2775 4076 fidei
2820 4023 3019 4076 semina
3054 4041 3065 4075 :
3099 4024 3330 4092 iniquum
3358 4026 3509 4080 valde
3528 4036 3582 4081 et
3604 4028 3782 4085 incon-

2210 4130 2397 4185 gruum
2423 4121 2503 4168 est
2529 4120 2585 4165 ut
2602 4127 2699 4166 nos
2717 4127 2897 4166 eorum
2935 4113 3126 4182 posteri
3167 4128 3260 4181 pro
3285 4129 3535 4184 germana
3559 4120 3780 4177 veritate

2208 4206 2455 4261 frumenti
2482 4204 2809 4259 subdititium
2847 4204 3060 4258 zizaniaa
3093 4205 3327 4275 legamus
3351 4222 3609 4264 errorem.
3644 4212 3779 4277 Quin

2207 4300 2382 4371 potius
2407 4296 2507 4350 hoc
2534 4304 2736 4348 rectum
2777 4302 2829 4348 et
2854 4309 3183 4364 consequens
3216 4305 3297 4351 est
3328 4306 3385 4351 ut
3410 4299 3597 4367 primis
3622 4312 3779 4371 atque

2206 4388 2457 4446 extremis
2483 4386 2691 4442 sibimet
2716 4399 2820 4438 non
2854 4384 3268 4454 discrepantibus
3288 4428 3301 4452 ,
3330 4387 3397 4441 de
3434 4389 3778 4448 incrementis

2205 4483 2423 4537 triticea:
2442 4479 2781 4535 institutionis
2816 4478 3006 4532 triticei
3033 4494 3240 4549 quoque
3268 4479 3527 4549 dogmatis
3566 4483 3775 4554 frugem

2204 4575 2558 4638 demetamus;
2588 4579 2646 4625 ιιι
2670 4572 2789 4624 cum
2815 4570 3010 4640 aliquid
3035 4586 3097 4625 ex
3126 4572 3228 4626 illis
3252 4572 3507 4627 seminum
3532 4575 3771 4641 primor-

2202 4666 2303 4722 diis
2327 4681 2542 4719 acccssu
2584 4664 2837 4735 temporis
2876 4664 3175 4730 evolvatur,
3208 4674 3262 4719 et
3286 4680 3422 4719 nunc
3468 4666 3671 4722 laetetur
3718 4682 3773 4729 et

2200 4759 2489 4823 excolatur,
2518 4758 2647 4812 nihil
2674 4766 2846 4811 tamen
2874 4757 2939 4811 de
2966 4757 3215 4827 germinis
3239 4759 3560 4828 proprietate
3600 4772 3769 4818 mute-

2199 4861 2285 4907 tur
2318 4870 2329 4905 :
2359 4851 2579 4904 addatur
2615 4851 2736 4904 licet
2764 4851 3001 4918 species,
3031 4849 3219 4918 forma,
3248 4850 3520 4907 distinctio
3540 4895 3553 4919 ,
3585 4855 3767 4911 eadem

2199 4952 2371 4999 tamen
2387 4944 2639 5013 cujusque
2650 4943 2856 5013 generis
2868 4952 3050 4997 natura
3066 4953 3391 5013 permaneat.
3411 4937 3798 5059 Absiteteniin‘

2199 5044 2248 5059 .-ι
2270 5051 2416 5059 --ΑΑΑΑ
2449 5036 2529 5059 ειιι.
2567 5033 2804 5059 Αηιιιλίἷλζ
2846 5048 3030 5059 Anhang
3058 5034 3310 5059 -I--.c....:..
3341 5035 3391 5059 2..
3425 5036 3642 5059 --_-l_---
3675 5040 3747 5059 --.ζ

2195 5044 2253 5090 ιιι
2270 5051 2421 5092 rosea
2448 5036 2531 5087 illa
2564 5033 2808 5088 catholici
2846 5048 3033 5088 sensus
3058 5034 3314 5105 plantaria
3341 5035 3394 5089 in
3420 5036 3644 5090 carduos
3672 5040 3764 5108 Spi-

2195 5143 2396 5197 nasque
2428 5135 2719 5181 vertantur.
2760 5126 2913 5180 Absit
2944 5127 3153 5195 inquam
3174 5168 3187 5192 ,
3216 5136 3275 5182 ut
3310 5128 3363 5182 in
3402 5129 3504 5184 isto
3542 5130 3763 5199 spiritali

2193 5218 2436 5288 paradiso
2461 5216 2526 5271 dc
2546 5217 2861 5271 cinnamomi
2897 5224 2949 5269 et
2980 5216 3197 5270 balsami
3224 5219 3447 5273 surculis
3464 5220 3644 5273 lolium
3680 5236 3761 5273 re-

2192 5318 2349 5378 pente
2388 5317 2544 5377 atque
2579 5307 2784 5362 aconita
2826 5307 3153 5377 proveniant.
3191 5307 3570 5379 Quodcumque
3604 5310 3759 5380 igitur

2191 5400 2242 5453 in
2271 5400 2371 5454 hac
2412 5399 2644 5452 Ecclesia
2692 5398 2785 5453 Dei
2831 5398 3145 5465 agricultura
3196 5398 3297 5453 fide
3337 5409 3543 5469 patrum
3586 5409 3758 5461 satum

2188 5499 2287 5555 cst,
2322 5490 2421 5544 hoc
2448 5489 2583 5543 idem
2611 5488 2831 5543 ﬁliorum
2862 5487 3116 5543 industria
3146 5489 3578 5545 decetexcolatur
3593 5501 3649 5545 et
3669 5492 3757 5547 ob-

2189 5591 2456 5647 servetur,
2483 5583 2583 5635 hoc
2623 5581 2759 5636 idem
2794 5578 2977 5634 floreat
3010 5589 3062 5634 et
3086 5588 3434 5645 maturescat,
3471 5582 3571 5634 hoc
3613 5581 3756 5637 idem

2188 5676 2422 5743 proﬁciat
2442 5685 2493 5731 et
2516 5676 2830 5744 perﬁciatur.
2847 5673 2946 5727 Fas
2966 5682 3046 5728 est
3066 5671 3254 5728 etenim
3277 5681 3333 5726 ut
3350 5672 3520 5746 prisca
3540 5673 3628 5728 illa
3645 5689 3756 5730 cm-
