4028 6184
1204 303 1236 315 ,ν

234 350 333 409 (69

237 462 387 518 testis
427 459 770 532 philosophiae
809 459 1054 528 dogmata
1081 467 1334 525 processu
1373 453 1626 521 temporis
1659 465 1807 503 excit-

236 561 449 616 rentur,
493 551 760 616 limentur,
792 549 1090 618 poliantur;
1128 545 1222 599 sed
1266 542 1415 598 nefas
1453 551 1536 597 est
1571 550 1631 595 ut
1656 555 1804 594 com-

236 650 530 708 mutentur,
581 639 730 695 nefas
795 646 854 692 ut
903 637 1312 701 detruncentur,
1362 640 1422 688 ut
1480 631 1803 686 mutilentur.

235 735 536 805 Accipiam,
575 733 730 800 licet,
757 730 1098 795 evidentiam,
1143 729 1313 784 lucem
1332 768 1347 792 ,
1384 724 1801 789 distinctionem;

229 826 326 881 sed
355 827 617 881 retineant
642 838 862 880 necesse
887 831 968 878 est
990 820 1388 892 plenitudinem,
1418 817 1801 886 integritatem,

229 918 626 986 proprietatem.
674 915 808 970 Nam
831 915 878 969 si
918 912 1082 968 semel
1115 911 1343 965 admissa
1371 908 1529 963 fuerit
1563 906 1676 961 haec
1700 907 1802 962 im-

228 1009 324 1079 pia
342 1010 544 1065 fraudis
562 1010 793 1075 licentia,
811 1007 1005 1063 horreo
1019 1005 1196 1060 dicere
1214 1010 1470 1074 quantum
1488 999 1803 1056 exscinden-

227 1096 308 1156 dte
333 1110 494 1172 atque
519 1099 787 1155 abolenda:
811 1097 1096 1167 Religionis
1114 1094 1405 1165 periculum
1429 1098 1799 1161 consequatur.

225 1194 489 1250 Abdicata
521 1194 714 1249 etenim
757 1191 992 1262 qualibet
1029 1197 1178 1258 parte
1217 1185 1465 1241 catholici
1511 1182 1800 1254 dogmatis,

224 1285 330 1340 alia
351 1300 561 1356 quoque
585 1292 743 1354 atque
774 1282 902 1337 item
930 1280 1054 1344 alia,
1095 1293 1160 1332 ac
1181 1276 1431 1345 deinceps
1454 1275 1555 1328 alia
1589 1281 1644 1328 et
1667 1272 1766 1327 alia
1784 1314 1798 1340 ,

221 1378 330 1450 iam
357 1378 511 1447 quasi
530 1392 598 1433 ex
632 1388 783 1431 more
810 1381 866 1430 et
887 1372 1052 1437 licito,
1081 1369 1478 1424 abdicabuntur.
1506 1367 1674 1420 Porro
1705 1381 1800 1419 au-

223 1477 330 1526 tem
361 1470 637 1540 sigillatim
659 1467 901 1537 partibus
910 1463 1220 1532 repudiatis,
1241 1461 1367 1530 quid
1389 1460 1529 1514 aliud
1553 1459 1618 1514 ad
1635 1466 1803 1514 extre-

221 1575 370 1616 mum
411 1565 698 1631 sequetur,
724 1556 827 1612 nisi
850 1563 910 1610 ut
932 1561 1101 1608 totum
1125 1553 1320 1622 pariter
1343 1551 1676 1620 repudietur?
1706 1549 1800 1604 sed

222 1669 254 1709 e
275 1660 490 1720 contra,
519 1652 567 1706 si
589 1649 786 1704 novitia
807 1646 1092 1714 veteribus,
1123 1653 1373 1700 extranea
1397 1642 1719 1707 domesticis,
1747 1650 1801 1697 et

219 1743 452 1814 profana
488 1739 710 1796 sacratis
735 1736 1013 1793 admisceri
1046 1735 1305 1805 ceperint
1327 1776 1343 1803 ,
1392 1742 1668 1805 proserpat
1712 1732 1799 1786 hic

217 1847 344 1888 mos
386 1833 442 1887 in
482 1830 782 1885 universum
812 1841 1031 1884 necesse
1053 1834 1135 1883 est
1165 1836 1224 1880 ut
1247 1826 1376 1880 nihil
1415 1823 1632 1894 posthac
1660 1823 1800 1892 apud

218 1922 518 1977 Ecclesium
543 1921 868 1990 relinquatur
899 1919 1176 1983 intactum,
1202 1916 1332 1971 nihil
1367 1915 1640 1979 illibatum,
1669 1913 1798 1968 nihil

218 2013 506 2082 ittegrum,
534 2011 666 2065 nihil
683 2010 1096 2074 immaculatum,
1125 2006 1218 2061 sed
1234 2006 1303 2060 sit
1326 2005 1521 2060 ibidem
1549 2003 1797 2072 deinceps

217 2105 510 2176 impiorum
532 2119 592 2160 ac
620 2104 850 2173 turpium
873 2113 1116 2156 errorum
1140 2099 1360 2168 lupanar
1387 2097 1475 2151 ubi
1500 2103 1615 2150 erat
1645 2101 1798 2149 antea

216 2205 381 2252 castae
411 2204 465 2250 et
493 2197 813 2263 incorruptae
847 2193 1142 2248 sacrarium
1167 2189 1423 2244 veritatis.
1455 2186 1560 2242 Sed
1597 2195 1796 2241 avertat

219 2286 320 2342 hoc
350 2302 384 2340 a
407 2299 627 2340 suorum
651 2284 915 2339 mentibus
941 2281 1087 2336 nefas
1105 2280 1280 2335 divina
1308 2280 1494 2348 pietas,
1516 2277 1686 2346 sitque
1712 2276 1795 2331 hic

214 2379 400 2449 potius
426 2377 705 2446 impiorum
745 2377 908 2430 furor.
939 2374 1134 2430 Christi
1159 2387 1286 2428 vero
1327 2371 1581 2438 Ecclesia,
1614 2369 1794 2424 sedula

215 2478 274 2523 et
299 2476 462 2523 cauta
484 2467 842 2537 depositorum
867 2465 1005 2536 apud
1027 2480 1086 2521 sc
1113 2464 1415 2534 dogmatum
1441 2471 1637 2528 custos,
1666 2460 1795 2515 nihil

216 2560 273 2615 in
299 2561 389 2615 his
413 2575 644 2629 unquam
668 2565 948 2630 permutat,
968 2557 1096 2612 nihil
1111 2557 1320 2623 minuit,
1348 2556 1476 2611 nihil
1497 2555 1661 2620 addit,
1688 2570 1795 2610 non

215 2659 464 2722 amputat
478 2651 794 2718 necessaria,
813 2665 920 2705 non
945 2648 1159 2718 apponit
1173 2646 1455 2717 superﬂua,
1483 2662 1588 2702 non
1603 2646 1795 2701 amittit

215 2755 336 2810 sua,
357 2757 468 2797 non
492 2750 710 2812 usurpat
723 2742 922 2806 aliena;
941 2739 1034 2795 sed
1059 2738 1202 2794 omni
1230 2737 1486 2793 industria
1510 2737 1611 2793 hoc
1631 2753 1795 2792 unum

215 2835 400 2890 studet
439 2844 498 2888 ut
526 2843 700 2890 vetera
743 2835 967 2890 ﬁdeliter
1018 2833 1387 2904 sapienterque
1414 2831 1688 2887 tractando
1707 2872 1721 2897 ,
1748 2831 1795 2885 si

217 2939 320 2993 qua
351 2933 477 2979 sunt
503 2925 590 2979 illa
640 2925 928 2995 antiquitus
954 2923 1234 2978 informata
1262 2930 1316 2976 et
1340 2922 1614 2986 inchoata,
1641 2936 1796 2976 accu—

219 3023 302 3069 ret
337 3024 394 3070 et
433 3017 618 3085 poliat;
654 3017 700 3071 si
727 3032 829 3085 qua
850 3017 962 3084 jam
995 3028 1245 3082 expressa
1285 3019 1338 3066 et
1362 3012 1634 3066 enucleata
1669 3026 1796 3064 con-

215 3107 432 3170 solidct,
488 3107 694 3174 ﬁrmet;
743 3108 914 3176 siqua
956 3106 1066 3174 jam
1118 3103 1427 3158 conﬁrmata
1475 3110 1530 3156 et
1559 3101 1793 3166 deﬁnita,

216 3195 513 3257 custodiat;
563 3196 787 3264 denique
824 3195 951 3264 quid
983 3208 1214 3262 unquam
1253 3191 1395 3244 aliud
1441 3190 1797 3247 Conciliorum

219 3283 454 3337 decretis
471 3283 616 3338 enisa
641 3293 724 3338 est
746 3283 850 3338 nisi
873 3291 931 3336 ut
954 3281 1095 3351 quod
1117 3289 1270 3335 antea
1302 3279 1609 3348 simpliciter
1623 3281 1798 3336 crede-

219 3375 382 3430 batur
401 3415 415 3441 ,
446 3374 546 3430 hoc
577 3375 716 3430 idem
748 3383 932 3445 postea
959 3374 1260 3444 diligentius
1291 3373 1623 3440 crederetur,
1655 3375 1797 3444 quod

220 3475 384 3521 antea
415 3467 609 3522 lentius
645 3465 1046 3536 praedicabatur,
1083 3463 1185 3518 hoc
1209 3463 1350 3520 idem
1381 3473 1563 3534 postea
1597 3466 1796 3520 instan-

219 3560 330 3613 tius
353 3559 743 3629 praedicaretur,
777 3559 916 3630 quod
945 3565 1104 3613 antea
1127 3557 1364 3613 securius
1382 3556 1669 3623 colebatur,
1697 3556 1798 3613 hoc

223 3651 366 3707 idem
391 3660 576 3722 postea
591 3652 866 3708 sollicitius
884 3651 1244 3706 excoleretur?
1269 3650 1401 3717 Hoc,
1430 3651 1643 3720 inquam
1666 3666 1798 3706 sem-

221 3758 340 3815 per,
361 3760 531 3815 neque
555 3747 834 3816 quicquam
867 3753 1143 3815 praeterea,
1180 3743 1558 3798 [hereticorum
1589 3743 1796 3798 novita-

223 3839 369 3892 tibus
397 3838 643 3905 excitata,
676 3839 1019 3892 conciliorum
1044 3850 1260 3891 suorum
1287 3835 1516 3890 decretis
1541 3836 1796 3892 catholica

223 3926 448 3997 perfecit
479 3928 730 3995 Ecclesia,
759 3929 861 3984 nisi
897 3937 953 3982 ut
982 3927 1124 3998 quod
1153 3927 1301 3997 prius
1325 3925 1355 3980 ὲ
1379 3926 1660 3995 Majoribus
1684 3927 1797 3983 sola

225 4020 509 4075 traditione
547 4029 852 4092 susceperat
873 4064 888 4090 ,
917 4023 1019 4076 hoc
1051 4021 1243 4076 deinde
1269 4020 1497 4091 posteris
1522 4021 1679 4076 etiam
1705 4037 1798 4090 per

225 4112 514 4183 Scriptura:
538 4113 942 4185 chirographum
971 4115 1326 4184 consignaret,
1358 4128 1602 4184 magnam
1620 4130 1797 4169 rerum

229 4220 489 4261 summam
517 4209 696 4277 paucis
724 4208 910 4263 litteris
938 4207 1452 4277 comprehendendo,
1481 4216 1534 4262 et
1578 4208 1799 4276 plerum—

229 4311 331 4367 que
353 4340 367 4364 ,
394 4305 610 4368 propter
649 4299 1007 4369 intelligentia:
1049 4299 1250 4365 lucem,
1295 4315 1400 4353 non
1441 4314 1636 4353 novum
1676 4298 1797 4353 ﬁdei

230 4401 448 4446 sensum
474 4389 549 4462 (l)
578 4406 727 4445 nova:
750 4391 1114 4460 appellationis
1139 4391 1457 4460 proprietate
1485 4391 1759 4460 signando.

328 4523 380 4592 l)
418 4521 919 4592 PlacuitAEcelesize,
955 4536 1017 4574 ac
1053 4521 1228 4592 bonis
1250 4521 1514 4584 omnibus,
1551 4537 1618 4592 ne
1651 4522 1799 4577 fucus

233 4605 262 4644 a
290 4587 585 4660 desperatis
609 4587 923 4660 hominibus
960 4590 1168 4642 veritati
1203 4590 1378 4660 ﬁeret;
1424 4597 1482 4643 ut
1520 4590 1800 4659 aliquando

231 4658 476 4730 antiquus
504 4658 624 4711 ﬁdei
659 4673 864 4730 sensus,
897 4673 1049 4730 nova:
1082 4659 1446 4730 appellationis
1479 4658 1800 4730 proprietate

233 4727 560 4798 signaretur;
580 4735 636 4780 at
658 4727 910 4798 indignati
921 4735 1043 4798 sunt
1065 4729 1321 4798 nonnulli,
1345 4727 1630 4798 interiquos
1641 4729 1800 4782 Joan-

233 4796 330 4852 nes
346 4796 604 4867 Clericus,
630 4796 966 4867 tomo’primo
983 4796 1123 4850 Artis
1146 4797 1373 4864 Criticaa,
1403 4799 1490 4851 ubi
1515 4796 1690 4867 culpat
1717 4813 1802 4852 vo-

234 4883 324 4922 ces
349 4868 416 4921 ab
441 4865 672 4920 Ecclesia
701 4865 952 4936 sacratas,
971 4881 1160 4936 nempe
1181 4865 1796 4934 Transubstantia‘tionis,

237 4936 732 4999 Consubstantialis,
759 4942 814 4990 et.
839 4935 1266 5004 similium’quasi
1295 4953 1451 4991 voces
1485 4937 1633 4991 nihili
1661 4957 1675 4992 :
1705 4955 1770 4994 ve
1790 4972 1801 4980 ~

242 5022 353 5061 rum
381 5009 684 5077 injustaest
710 5005 1070 5077 reprehensio,
1106 5007 1390 5077 taliterque
1415 5008 1514 5061 iste
1541 5023 1601 5077 se
1625 5009 1796 5077 gerit,

243 5092 300 5131 ac
327 5078 372 5132 si
390 5076 508 5146 quis
534 5075 761 5146 diceret,
792 5083 849 5130 ut
870 5075 1100 5130 Hilarius
1125 5075 1355 5146 loquitur
1382 5076 1499 5130 libr.
1519 5075 1648 5130 adv:
1672 5077 1803 5132 Con-

244 5145 490 5201 stantium
529 5145 905 5215 Imperatorem
951 5161 1099 5199 num.
1138 5145 1246 5200 46:
1288 5166 1306 5198 ι
1347 5146 1479 5201 Nolo
1521 5147 1800 5203 adversum

249 5233 267 5266 ι
298 5233 432 5272 nova
447 5229 647 5270 venena
663 5231 826 5270 novas
841 5215 1344 5271 medicamentorum
1357 5217 1797 5286 comparationes,

251 5301 269 5335 ι
299 5287 418 5340 nolo
456 5286 734 5341 adversum
767 5298 933 5340 novos
967 5286 1147 5340 hostes
1180 5301 1313 5340 nova
1345 5285 1514 5351 bella,
1543 5287 1665 5340 nolo
1709 5287 1802 5340 ad-

253 5372 269 5404 t
300 5371 504 5411 versum
536 5371 695 5409 novas
720 5356 934 5409 insidias
952 5356 1171 5409 concilia
1187 5356 1503 5410 recentia....
1535 5355 1801 5413 Novitates

252 5439 271 5474 ι
304 5439 511 5489 vocum,
533 5424 625 5479 sed
651 5425 944 5493 prophanas
972 5426 1208 5480 devitarc
1227 5426 1376 5493 jubet
1393 5426 1675 5495 Apostolus
1705 5443 1717 5480 :
1745 5434 1802 5482 tu

255 5501 273 5542 t
301 5501 395 5548 cur
426 5495 539 5563 pias
569 5495 840 5548 excludis?
873 5510 1035 5564 quum
1065 5496 1359 5564 prtesertim
1389 5496 1461 5551 ab
1503 5512 1570 5550 eo
1603 5495 1802 5551 dictum

249 5577 274 5612 4
300 5565 370 5634 sit
396 5581 409 5617 ε
450 5565 633 5618 Omnis
665 5565 920 5634 scriptura
956 5565 1205 5620 divinitus
1236 5567 1488 5634 inspirata
1515 5567 1658 5622 utilis
1697 5575 1798 5622 est.

200 5655 204 5662 ι
258 5631 958 5707 t-lnnascihilem,
981 5650 1246 5704 nunquam
1270 5631 1433 5707 legis:
1464 5637 1717 5707 numquid
1731 5653 1803 5692 ex

261 5717 278 5752 α
309 5703 409 5760 hoc
447 5703 740 5773 negandum
763 5703 886 5773 erit,
913 5707 1040 5775 quia
1071 5703 1268 5761 novum
1296 5703 1419 5762 (st?
1458 5703 1707 5764 Dccernis
1729 5707 1802 5762 si-

1392 289 1964 393 connonrronwn
1992 331 2275 388 ramum.

3365 326 3465 382 670

1985 443 2169 498 XXIV.
2199 446 2308 498 Sed
2346 443 2414 499 ad
2451 445 2760 516 Apostolum
2794 446 3089 506 redeamus.
3123 448 3167 504 Ο
3198 449 3470 520 Timotheo,

1908 530 2106 606 inquit,
2142 537 2423 607 depositum
2449 539 2669 604 custodi,
2708 540 2930 594 devitans
2971 541 3262 614 prophanaa
3301 559 3476 602 vacum

1910 628 2168 682 novitates.
2188 628 2389 694 Devita,
2415 628 2602 698 inquit,
2619 629 2768 700 quasi
2792 629 3046 701 viperam,
3074 632 3226 706 quasi
3249 637 3475 708 scorpio-

1910 734 2062 786 nem,
2103 719 2254 788 quasi
2296 719 2631 784 basiliscum,
2659 735 2728 776 ne
2753 729 2808 776 te
2831 736 2937 775 non
2979 722 3152 778 solum
3193 730 3354 794 tactu,
3379 727 3475 784 sed

1909 809 2068 864 etiam
2101 809 2216 864 visu
2254 809 2536 878 afﬂatuque
2560 811 2874 880 percutiant.
2915 811 3056 880 Quid
3084 821 3167 870 est
3202 813 3474 874 devitarc?

1908 916 2021 953 cum
2059 899 2348 970 hujusmodi
2371 915 2458 953 nec
2483 900 2648 953 cibum
2683 917 2892 967 sumere,
2928 902 2956 958 1
2986 900 3110 959 Cor.
3125 902 3181 960 ὅ.
3208 902 3347 974 Quid
3371 915 3471 973 est,

1907 989 2121 1045 devita?
2141 989 2202 1045 Si
2220 991 2349 1060 quis,
2374 990 2542 1060 inquit
2555 1033 2568 1056 ,
2595 991 2726 1046 venit
2749 990 2816 1046 ad
2839 1008 2946 1058 eos,
2977 1001 3024 1048 et
3050 993 3178 1050 hanc
3197 995 3473 1054 doctrinam

1908 1097 2010 1135 non
2033 1081 2206 1148 a/fert,
2228 1083 2263 1137 2
2287 1081 2474 1136 Joann.
2498 1081 2667 1148 Quam
2685 1081 3008 1150 doctrinam,
3035 1084 3138 1142 nisi
3161 1085 3472 1148 catholicam

1907 1180 1961 1226 et
1981 1171 2346 1236 universalem,
2371 1181 2424 1227 et
2448 1187 2606 1227 unam
2630 1174 2976 1247 eamdemque
2990 1192 3086 1248 per
3107 1177 3337 1250 singulas
3355 1188 3472 1236 teta-

1907 1269 2018 1317 tum
2044 1264 2407 1320 successiones
2446 1266 2748 1336 incorrupta
2780 1267 3016 1324 veritatis
3053 1270 3330 1327 traditione
3355 1286 3470 1327 ma-

1904 1361 2138 1422 nentem,
2169 1361 2222 1409 et
2247 1371 2412 1426 usque
2433 1356 2485 1410 in
2511 1357 2688 1412 secula
2713 1356 2830 1412 sine
2848 1357 2953 1413 ﬁne
2978 1361 3312 1416 mansuram?
3335 1361 3471 1428 Quid

1905 1446 2052 1500 tum?
2078 1445 2270 1511 Nolite,
2294 1447 2480 1516 inquit,
2508 1449 2727 1518 recipere
2745 1464 2858 1502 eum
2882 1449 2934 1502 in
2957 1449 3182 1517 domum,
3208 1467 3294 1505 nec
3319 1468 3408 1506 ave
3426 1455 3471 1506 ei

1903 1537 2146 1593 dixeritis.
2177 1539 2276 1604 Qui
2302 1540 2430 1593 enim
2456 1540 2576 1593 dicit
2609 1539 2685 1594 illi
2721 1557 2836 1606 ave,
2875 1544 3204 1598 communicat
3241 1543 3470 1615 operibus

1903 1631 2009 1700 ejus
2034 1632 2284 1702 nutignis.
2308 1631 2630 1702 Prop/ianus,
2659 1633 2843 1703 inquit,
2865 1651 3040 1689 vocum
3051 1636 3310 1691 novitates.
3334 1637 3469 1704 Quid

1902 1728 1984 1774 est
2010 1722 2332 1790 prophanas?
2358 1721 2486 1788 Quae
2513 1721 2643 1777 nihil
2664 1721 2858 1778 habent
2877 1725 3032 1792 sacri,
3062 1725 3192 1781 nihil
3214 1725 3466 1797 religiosi,

1900 1811 1969 1866 ab
1994 1811 2243 1868 Ecclesia:
2279 1812 2655 1881 penetralibus,
2683 1829 2800 1883 quae
2826 1823 2909 1870 est
2945 1817 3198 1888 templum
3225 1817 3348 1884 Dei,
3377 1834 3470 1892 pe-

1901 1903 2043 1957 nitus
2070 1911 2366 1958 extraneas.
2396 1903 2726 1973 Prophanas,
2762 1905 2957 1974 inquit,
2992 1923 3164 1962 vocum
3209 1911 3464 1966 novitates.

1902 1992 2126 2062 Vocum,
2156 1995 2209 2049 id
2240 2002 2342 2062 est,
2370 1994 2705 2066 dogmatum,
2733 2011 2934 2064 rerum,
2962 2001 3341 2058 sententiarum
3367 2017 3466 2058 noe-

1901 2087 2109 2154 vitates,
2131 2103 2252 2158 qua:
2269 2095 2393 2143 sunt
2410 2089 2656 2143 vetustati
2671 2097 2826 2159 atque
2849 2091 3142 2160 antiquitati
3156 2095 3434 2150 contrariae
3452 2114 3463 2149 :

1899 2193 2017 2247 qua:
2044 2178 2088 2233 si
2107 2179 2444 2248 recipiantur,
2478 2193 2699 2235 necesse
2725 2188 2807 2236 est
2831 2187 2888 2235 ut
2912 2180 3044 2236 ﬁdes
3070 2181 3345 2239 beatorum
3373 2201 3466 2253 pa-

1899 2278 2060 2335 trum,
2100 2278 2190 2326 aut
2229 2279 2358 2338 tota,
2397 2276 2492 2328 aut
2525 2279 2669 2327 certe
2703 2273 2892 2342 magna
2927 2288 2991 2330 ex
3029 2282 3178 2344 parte
3211 2274 3464 2341 violetur;

1898 2378 2117 2418 necesse
2143 2372 2224 2419 est
2250 2372 2306 2418 ut
2332 2379 2517 2419 omnes
2542 2365 2776 2419 omnium
2811 2372 3023 2420 aetatum
3050 2365 3250 2431 lidcles,
3282 2381 3468 2423 omnes

1899 2454 2064 2508 sancti
2092 2467 2275 2510 omnes
2302 2454 2461 2521 casti,
2491 2455 2840 2521 continentes,
2868 2456 3125 2528 virgines,
3157 2471 3342 2512 omnes
3368 2457 3470 2514 cle-

1896 2545 2012 2612 rici,
2043 2546 2214 2602 levita;
2250 2556 2304 2602 et
2342 2547 2662 2615 sacerdotes,
2691 2555 2838 2606 tanta
2877 2548 3241 2606 confessorum
3280 2549 3463 2617 millia,

1895 2637 2027 2691 tanti
2064 2647 2354 2710 martyrum
2381 2639 2662 2704 exercitus,
2700 2646 2844 2694 tanta
2869 2640 3097 2705 urbium,
3127 2649 3270 2698 tanta
3297 2658 3466 2714 popu-

1896 2723 2066 2781 lorum
2092 2729 2368 2784 celebritas
2408 2737 2460 2783 et
2492 2729 2789 2797 multitudo,
2817 2737 2894 2784 tot
2926 2731 3130 2796 insulto,
3161 2733 3462 2802 provinciae,

1897 2835 2080 2891 rcges,
2119 2829 2324 2892 gentes,
2353 2837 2542 2892 regna,
2571 2823 2840 2889 nationes,
2877 2831 3017 2879 totus
3055 2833 3322 2893 postremo
3357 2825 3464 2893 jam

1895 2926 2032 2980 pene
2047 2919 2307 2966 terrarum
2332 2911 2494 2975 orbis,
2515 2927 2610 2980 per
2628 2911 2940 2966 catholicam
2964 2912 3122 2966 ﬁdem
3141 2912 3352 2967 Christo
3373 2927 3463 2970 ca—

1897 2999 1991 3067 piti
2019 2999 2410 3066 incorporatus,
2445 3007 2592 3053 tanto
2631 3001 2930 3054 seculorum
2967 3007 3136 3054 tractu
3172 3001 3460 3070 ignorasse,

1899 3102 2124 3154 errasse,
2153 3089 2568 3157 blaSphcmasse,
2605 3090 2858 3145 nesciissc
2890 3091 3016 3162 quid
3045 3091 3302 3158 crederet,
3339 3109 3458 3165 pro-

1899 3176 2184 3230 nuntietur.
2216 3177 2544 3247 Prop/tonas,
2575 3179 2770 3247 inquit,
2797 3195 2969 3232 vocum
2988 3181 3230 3236 novitates
3257 3184 3418 3240 devita
3447 3204 3465 3242 :

1897 3278 2029 3333 quas
2056 3266 2290 3334 recipere
2317 3274 2473 3336 atque
2513 3267 2703 3322 sectari
2736 3282 3003 3337 nunquam
3043 3268 3459 3342 Catholicorum,

1899 3369 2108 3424 semper
2147 3370 2272 3411 vero
2306 3355 2681 3411 litercticorum
2707 3355 2822 3412 fuit.
2863 3357 2930 3413 Et
2960 3375 3163 3427 revera,
3207 3379 3324 3434 quae
3362 3383 3464 3422 un-

1897 3458 2055 3515 quam
2076 3443 2293 3502 haeresis
2314 3445 2413 3501 nisi
2441 3446 2539 3502 sub
2559 3455 2706 3502 certo
2729 3447 2961 3515 nomine,
2991 3457 3135 3506 certo
3153 3449 3290 3521 loco,
3319 3464 3465 3512 certo

1897 3544 2135 3605 tempore
2184 3537 2449 3592 cbullivit?
2500 3539 2629 3605 Quis
2676 3553 2905 3610 unquam
2953 3539 3184 3598 haereses
3240 3545 3466 3603 instituit

1897 3629 1996 3682 nisi
2024 3629 2113 3700 qui
2148 3644 2206 3684 se
2240 3631 2385 3700 prius
2422 3630 2490 3684 ab
2519 3631 2766 3686 Ecclesiae
2800 3632 3070 3687 catholicae
3108 3635 3464 3708 univcrsitatis

1897 3731 1952 3777 et
1973 3721 2297 3792 antiquitatis
2322 3721 2668 3777 consensione
2704 3721 3044 3777 discreverit?
3070 3723 3220 3791 Quod
3247 3729 3317 3784 ita
3345 3745 3464 3786 esse

1898 3813 2013 3868 luce
2060 3813 2252 3867 clarius
2293 3810 2534 3878 exempla
2587 3809 2966 3864 demonstrant.
3008 3810 3136 3878 Quis
3175 3817 3314 3870 enim
3368 3834 3465 3873 un-

1898 3921 2054 3976 quam
2089 3911 2211 3958 ante
2250 3901 2522 3973 profanum
2563 3899 2707 3958 illum
2749 3900 3015 3967 Pelagium
3060 3909 3256 3957 tantam
3300 3907 3464 3960 virtu-

1899 4007 2004 4054 tem
2021 3999 2169 4053 liberi
2191 3993 2524 4067 pnesumpsit
2542 3989 2742 4046 arbitrii
2763 3995 2819 4044 ut
2845 3989 2908 4044 ad
2938 3988 3036 4045 hoc
3061 3989 3112 4043 in
3133 3989 3286 4046 bonis
3307 3996 3464 4052 rebus

1900 4107 1993 4160 per
2025 4099 2173 4144 actus
2200 4087 2432 4158 singulos
2457 4081 2807 4155 adjuvandum
2843 4081 3195 4138 necessariam
3223 4082 3315 4138 Dei
3341 4099 3462 4153 gra-

1899 4182 2024 4234 tiam
2052 4195 2157 4233 non
2197 4177 2436 4249 putaret?
2457 4176 2588 4243 Quis
2625 4182 2746 4228 ante
2769 4173 3126 4244 prodigiosum
3151 4173 3464 4244 discipulum

1900 4271 2014 4341 ejus
2039 4271 2342 4325 Coalcstium
2371 4267 2444 4338 (l)
2472 4275 2622 4322 reatu
2660 4265 3106 4335 praevaricationis
3140 4264 3270 4320 Adae
3307 4279 3465 4324 omne

1905 4400 1922 4432 ι
1936 4383 2111 4436 milem
2123 4381 2266 4434 Patri
2280 4380 2486 4433 Filium.
2502 4377 2781 4445 Evangelia
2792 4391 2896 4447 non
2908 4373 3212 4447 praedicant:
3225 4375 3348 4447 quid
3359 4387 3461 4447 est,

1907 4470 1925 4502 ι
1950 4451 2090 4520 quod
2107 4466 2212 4504 non
2229 4449 2424 4520 refugis
2436 4448 2763 4520 hanc};on
2774 4445 2868 4520 ?_ln
2899 4459 3001 4520 uno
3013 4445 3217 4520 novitas
3228 4445 3456 4520 eligitur,

1905 4541 1924 4571 ι
1961 4514 2013 4573 in
2039 4520 2143 4572 alio
2169 4514 2524 4572 submovetur.
2560 4515 2658 4569 Ubi
2691 4514 2970 4582 impietatis
2995 4515 3232 4582 occasio,
3258 4514 3462 4575 novitas

1905 4607 1925 4640 ι
1959 4586 2374 4641 admittiturzubi
2400 4593 2575 4639 autem
2598 4583 2864 4652 religionis
2892 4583 3153 4638 ΜΑΧΙΜΑ
3182 4584 3270 4640 ΕΤ
3290 4585 3460 4645 SOLA

1907 4676 1926 4708 ι
1961 4656 2277 4711 CAU'I‘ELA
2293 4655 2440 4720 ES'l‘,
2462 4652 2770 4710 excluditur.
2797 4671 2818 4704 ι
2833 4653 3004 4718 Quare
3026 4661 3202 4708 autem
3234 4654 3462 4713 Clericus

1902 4725 2163 4796 disserens
2179 4726 2245 4780 de
2273 4723 2640 4796 ni_hil
2656 4721 3067 4796 signiﬁcantibus
3084 4724 3136 4778 in
3165 4727 3462 4796 exemplum

1899 4795 2124 4848 adducat
2148 4810 2303 4849 voces
2321 4794 2435 4849 illas
2457 4793 2525 4847 ab
2549 4792 2782 4864 Ecclesia
2808 4801 3058 4858 sacratas,
3087 4795 3204 4864 quis
3234 4792 3463 4863 prudens

1903 4865 2191 4934 intelligere
2221 4872 2414 4933 noted,
2445 4861 2658 4934 quando
2689 4878 2778 4934 OX_
2796 4871 3044 4934 sensnnet
3069 4861 3333 4920 voluntate
3372 4865 3454 4920 Ec-

1900 4931 2195 5003 desite'jam
2225 4931 2497 5004 Vlegitimu's
2521 4933 2623 5004 illis
2651 4931 2862 5004 vocibus
2895 4931 3082 5004 aﬁixus
3120 4942 3203 5004 est
3245 4937 3464 4990 sensus?

1901 5004 2042 5074 quod
2057 4999 2135 5059 fas
2162 4999 2375 5072 semper
2399 5003 2516 5069 fuit,
2543 5003 2768 5074 eritque,
2795 5003 2920 5074 licet
2933 4999 3296 5074 frondentibus
3319 5004 3452 5060 fero-

1899 5065 2149 5141 cioribus,
2168 5065 2372 5130 etforte
2419 5065 2618 5128 insanis
2643 5065 2870 5137 Criticis,
2896 5065 3056 5128 Poeta
3096 5069 3338 5130 dicente:
3371 5074 3454 5130 Li-

1900 5146 2005 5198 cuit
2040 5162 2330 5215 semperque
2361 5143 2523 5198 licebit
2561 5141 2828 5212 Signatum
2853 5153 3098 5213 prasente
3135 5154 3254 5199 nota
3277 5162 3455 5216 procu-

1903 5216 2020 5269 dere
2046 5233 2241 5270 nomen.

1973 5285 2048 5356 (l)
2078 5285 2209 5339 Natu
2228 5281 2565 5356 nobilis_fuit,_
2575 5279 2668 5356 sed
2693 5289 2894 5336 natura:
2907 5281 3038 5356 vitio
3062 5281 3344 5356 Eunuchus
3359 5301 3464 5339 ma.

1906 5351 1998 5410 tris
2017 5351 2165 5410 utero
2191 5355 2381 5425 editus.
2411 5353 2490 5406 An
2517 5352 2594 5425 ob
2625 5351 2759 5406 hanc
2783 5367 2994 5407 causam
3023 5353 3335 5425 a_Lirinensi
3371 5372 3464 5425 ap-

1905 5425 2150 5549 gelletur.
2173 5424 2550 5504 prodigiosus,_
2579 5421 2838 5504 incertum
2889 5430 2996 5503 est;
3051 5423 3234 5480 Patres
3289 5421 3464 5506 tamen

1949 5535 1962 5548 .
1992 5496 2154 5549 Mauri
2179 5503 2298 5549 post
2332 5493 2644 5549 Camertum
2684 5491 2966 5546 verrsnmtlc
2990 5503 3191 5549 nutant.
3221 5493 3373 5549 Certe
3405 5511 3464 5549 ιιι

1949 5535 1962 5548 .
1992 5496 2154 5552 Mauri
2177 5491 2298 5563 post
2332 5491 2644 5563 Cauterium
2684 5491 2966 5563 verisimile
2990 5503 3191 5562 putant.
3221 5493 3373 5563 Certe
3405 5495 3464 5552 in

1903 5559 2315 5620 Commonitorio
2339 5563 2486 5618 Harii
2523 5559 2825 5618 Mei-catoris
2848 5559 3023 5618 oblato
3049 5561 3298 5620 Ecclesia:
3322 5561 3463 5620 Con-

1903 5636 2378 5705 stantinopolitanae
2392 5649 2455 5688 ac
2471 5629 2785 5705 Theodosio,
2799 5631 2915 5705 haec
2934 5632 2985 5689 in
2997 5633 3138 5705 illius
3147 5633 3368 5689 exordio
3389 5634 3462 5690 le-

1903 5715 2120 5777 guntur:
2138 5701 2393 5761 Cwlestius
2416 5704 2614 5775 quidem
2637 5701 2912 5768 Eunuchus
2934 5704 3107 5761 matris
3121 5713 3264 5761 utero
3282 5705 3444 5764 editus
