4028 6184
230 290 326 347 .375

226 409 355 464 tollit
372 420 642 480 peccatum
661 414 863 478 mundi,
881 419 1125 484 tanquam
1144 416 1337 471 vellera
1354 420 1592 487 quazdam
1608 428 1781 475 texue~

224 500 379 553 runt?
405 501 504 568 Qui
524 510 645 556 sunt
666 502 773 572 lupi
799 518 1036 572 rapaces,
1063 506 1164 559 nisi
1191 522 1379 561 sensus
1402 508 1777 565 Haereticorum

222 586 319 644 feri
345 599 397 646 et
420 592 603 659 rabidi,
631 594 717 662 qui
740 593 918 647 caulas
942 595 1192 650 Ecclesiae
1222 612 1432 666 semper
1454 599 1701 653 infestant
1725 608 1779 655 et

219 696 430 752 gregem
454 682 647 737 Christi
666 699 872 754 quaqua
894 695 1113 753 possunt
1136 688 1458 743 dilacerant?
1486 690 1589 744 Sed
1613 698 1667 744 ut
1689 690 1778 744 fal-

219 770 378 829 lacius
400 774 620 828 incautis
651 775 837 829 ovibus
862 776 1135 845 obrepant,
1165 789 1411 834 manente
1436 781 1675 848 luporum
1695 779 1774 835 fe-

220 863 377 929 rocia,
399 864 670 933 deponunt
688 865 918 934 lupinam
945 868 1195 935 speciem,
1220 878 1272 923 et
1291 884 1410 924 sese
1431 871 1620 924 divinae
1644 872 1775 939 legis

216 954 483 1009 sententiis
521 955 665 1009 velut
702 957 1011 1025 quibusdam
1050 959 1331 1014 velleribus
1368 960 1676 1027 obvolvunt,
1718 969 1776 1014 ut

215 1055 327 1097 cum
358 1045 583 1114 quisque
616 1047 850 1100 lanarum
887 1048 1157 1102 mollitiem
1186 1052 1547 1118 praesenserit,
1572 1066 1773 1121 nequa-

212 1147 367 1201 quam
398 1137 609 1192 aculeos
637 1138 870 1193 dentium
895 1142 1249 1208 pertimescat.
1280 1142 1387 1197 Sed
1412 1143 1537 1211 quid
1564 1144 1636 1196 ait
1660 1144 1775 1197 Sal-

211 1226 394 1279 vator?
420 1225 503 1279 Ea:
523 1227 764 1296 fructibus
790 1246 961 1282 eorum
982 1233 1283 1300 cognoscetis
1306 1248 1389 1284 eos
1413 1248 1429 1283 :
1449 1233 1501 1285 id
1528 1241 1626 1295 est,
1654 1248 1775 1287 cum

211 1315 463 1383 cteperint
488 1316 689 1371 divinas
713 1319 830 1372 illas
856 1334 1013 1373 voces
1032 1336 1139 1373 non
1158 1320 1268 1387 jam
1295 1321 1530 1389 proferre
1552 1330 1771 1388 tantum,

210 1406 300 1462 sed
335 1409 494 1462 etiam
531 1425 824 1478 exponere,
869 1425 967 1464 nec
1004 1410 1174 1465 adhuc
1204 1414 1402 1481 jactare
1441 1415 1636 1478 solum,
1682 1413 1775 1469 sed

209 1497 359 1551 etiam
381 1498 738 1568 interpretari,
763 1508 887 1554 tunc
906 1501 1197 1555 amaritudo
1209 1503 1327 1571 illa,
1352 1512 1475 1558 tunc
1494 1505 1769 1571 acerbitas,

207 1594 327 1643 tunc
352 1590 529 1644 rabies
551 1591 889 1659 intelligetur,
915 1600 1037 1645 tunc
1058 1593 1306 1646 novitium
1335 1596 1475 1649 virus
1502 1596 1771 1650 exhalabi—

205 1686 304 1744 tur,
349 1689 480 1736 tunc
516 1682 747 1750 profanae
774 1684 1030 1737 novitates
1050 1686 1379 1753 aperientur;
1405 1697 1526 1743 tunc
1545 1690 1773 1757 primum

200 1773 374 1826 scindi
394 1789 577 1842 sepem
605 1774 802 1840 videas,
828 1784 951 1829 tunc
980 1775 1254 1832 transferri
1275 1787 1481 1847 patrum
1499 1784 1769 1849 terminos,

162 1872 329 1919 .tunc
373 1865 693 1921 Catholicam
742 1867 896 1922 fidem
952 1869 1109 1932 caedi,
1170 1879 1292 1925 tunc
1344 1873 1773 1929 Ecclesiasticum

201 1953 389 2025 dogma
418 1956 658 2011 lacerari.
684 1958 834 2013 Tales
860 1967 1010 2013 erant
1030 1960 1064 2012 ii
1086 1977 1217 2029 quos
1243 1964 1470 2030 percutit
1492 1965 1774 2032 Apestolus

202 2047 389 2103 Paulus
429 2050 484 2103 in
529 2050 758 2105 secunda
802 2050 869 2106 ad
909 2051 1208 2107 Corinthios
1252 2056 1504 2122 Epistola,
1548 2056 1769 2110 dicens:

199 2139 335 2195 Nam
353 2144 621 2212 ejusmodi,
646 2143 833 2214 inquit,
849 2144 1273 2214 pseudoapostoli,
1297 2156 1411 2199 sunt
1432 2149 1647 2216 operarii
1666 2149 1776 2202 sub-

199 2233 325 2299 doli,
352 2236 763 2305 transﬁgurantes
792 2254 844 2291 se
874 2237 927 2290 in
950 2236 1216 2307 Apostolos
1239 2238 1450 2292 Christi?
1478 2241 1511 2293 2
1537 2240 1657 2295 Cor.
1683 2241 1767 2295 ll.

196 2320 329 2389 Quid
365 2331 449 2379 est
486 2327 897 2397 transﬁgurantes
921 2344 974 2380 se
1004 2327 1056 2380 in
1092 2328 1358 2397 Apostolos
1393 2329 1613 2384 Christi?
1638 2332 1771 2387 Pro-

196 2411 440 2469 ferebant
475 2414 712 2484 Apostoli
738 2416 929 2471 divinae
951 2417 1082 2486 legis
1118 2419 1387 2487 exempla;
1436 2421 1774 2489 proferebant

194 2511 248 2555 et
272 2504 367 2557 illi.
398 2504 744 2560 Proferebant
769 2506 1005 2576 Apostoli
1040 2509 1363 2577 psalmorum
1396 2514 1767 2581 auctoritates;

194 2593 540 2661 proferebant
585 2603 639 2651 et
680 2597 772 2651 illi.
816 2597 1160 2652 Proferebant
1203 2599 1441 2670 Apostoli
1485 2605 1772 2661 sententias

196 2683 606 2755 Prophetarum;
662 2695 715 2742 et
765 2687 837 2741 illi
890 2688 1227 2745 nihilominus
1268 2692 1621 2761 proferebant.
1666 2695 1773 2752 Sed

196 2788 311 2830 cum
340 2792 404 2831 ea
425 2794 542 2848 qua:
567 2779 808 2834 similiter
832 2782 1176 2850 protulerant,
1205 2783 1537 2854 interpretari
1564 2804 1669 2843 non
1696 2790 1772 2843 si-

194 2868 387 2923 militer
412 2870 714 2939 ccepissent,
746 2879 869 2927 tunc
896 2873 1162 2942 simplices
1190 2890 1221 2927 a
1247 2876 1510 2941 subdolis,
1539 2886 1663 2933 tunc
1688 2879 1770 2933 in-

195 2958 351 3014 fucati
380 2977 411 3014 a
445 2960 651 3031 fucatis,
683 2973 806 3018 tunc
829 2967 960 3019 recti
988 2978 1018 3018 a
1044 2968 1327 3035 perversis,
1354 2978 1477 3023 tunc
1505 2979 1772 3037 postremo

194 3051 303 3104 veri
330 3050 569 3121 Apostoli
596 3068 627 3107 a
654 3053 800 3108 falsis
820 3055 1086 3123 Apostolis
1108 3056 1562 3111 discernebantur.
1588 3060 1654 3111 Et
1675 3076 1773 3112 non

191 3143 402 3207 mirum,
434 3144 617 3213 inquit.
671 3144 790 3213 Ipse
826 3147 958 3198 enim
1000 3147 1221 3199 Satanas
1266 3150 1593 3216 transﬁgurat
1632 3165 1685 3200 se
1722 3150 1772 3202 in

190 3234 427 3302 angelum
454 3235 596 3287 lucis.
632 3235 747 3289 Non
768 3244 849 3289 est
888 3252 1013 3305 ergo
1038 3240 1289 3305 magnu'm
1328 3238 1373 3291 si
1403 3238 1626 3292 ministri
1660 3238 1774 3308 ejus

189 3324 630 3393 transfigurantur
649 3327 783 3382 sicut
816 3328 1040 3382 ministri
1057 3329 1295 3398 justitiae.
1320 3330 1458 3400 Ergo
1485 3332 1774 3388 secundum

188 3417 429 3489 Apostoli
450 3419 598 3474 Pauli
624 3420 985 3490 magisterium
1001 3463 1016 3485 ,
1046 3421 1481 3492 quotiescumque
1507 3424 1591 3477 vel
1619 3440 1774 3494 pseu-

187 3511 487 3582 doapostoli
510 3511 591 3566 vel
609 3510 1081 3581 pseudOprophetae
1108 3512 1190 3567 vel
1210 3514 1658 3581 pseudodoctores
1690 3516 1772 3571 di-

186 3605 321 3659 vinae
346 3604 485 3674 legis
505 3606 794 3660 sententias
815 3605 1108 3674 proferunt,
1137 3606 1325 3677 quibus
1350 3609 1487 3663 male
1512 3609 1771 3678 interpre-

190 3698 311 3751 tatis
333 3712 544 3752 errores
572 3713 694 3753 suos
716 3699 989 3753 adstruere
1014 3707 1292 3767 conentur,
1318 3716 1424 3754 non
1451 3700 1667 3756 dubium
1693 3712 1773 3759 est

190 3791 316 3859 quin
336 3791 567 3844 auctoris
592 3791 673 3845 sui
693 3791 880 3845 callida
900 3792 1322 3847 machinamenta
1343 3802 1629 3861 sectentur,
1655 3812 1772 3865 qua:

191 3877 275 3933 ille
292 3890 562 3948 nunquam
584 3880 819 3949 profecto
839 3882 1346 3949 comminisceretur,
1366 3884 1468 3939 nisi
1488 3886 1647 3939 sciret
1659 3901 1773 3941 om-

193 3971 314 4026 nino
330 3971 530 4025 nullam
558 3988 677 4027 esse
698 3972 761 4028 ad
792 3973 1078 4029 fallendum
1098 3974 1389 4031 faciliorem
1417 3978 1584 4043 viam,
1614 3995 1771 4048 quam

195 4071 245 4116 ut
266 4064 352 4119 ubi
382 4064 571 4119 nefarii
598 4066 791 4121 erroris
818 4067 1182 4123 subinducitur
1201 4067 1569 4135 fraudulentia,
1600 4071 1671 4125 ibi
1699 4071 1772 4126 di-

196 4156 432 4213 vinorum
461 4159 742 4215 verborum
770 4160 1124 4229 prmtendatur
1150 4164 1455 4217 auctoritas.

257 4250 450 4305 XXVI.
475 4252 580 4307 Sed
606 4252 745 4307 dicet
765 4254 953 4324 aliquis
980 4272 991 4307 :
1016 4254 1167 4309 Unde
1187 4256 1441 4323 probatur
1460 4257 1581 4327 quia
1606 4273 1770 4313 sacrae

195 4337 318 4409 legis
351 4343 609 4411 exemplis
645 4343 893 4398 Diabolus
920 4344 995 4398 uti
1030 4345 1231 4399 soleat?
1258 4346 1423 4415 Legat
1458 4348 1766 4417 Evangelia,

197 4429 455 4502 inquibus
483 4434 731 4488 scribitur
761 4453 771 4487 :
800 4435 939 4489 Tunc
965 4438 1233 4507 assumpsit
1259 4438 1403 4490 illum
1423 4438 1688 4503 Diabolus,
1718 4440 1771 4494 id

197 4529 289 4586 cst,
316 4524 602 4578 Dominum
650 4524 997 4588 Salvatorem,
1028 4533 1074 4577 et
1098 4527 1273 4578 statuit
1311 4527 1457 4579 illum
1483 4544 1633 4598 super
1658 4530 1771 4597 pin-

196 4626 305 4665 nam
325 4613 518 4681 templi,
542 4621 588 4665 et
609 4612 736 4666 dixit
755 4614 800 4666 ei
823 4629 840 4665 :
862 4613 922 4667 Si
943 4613 1077 4681 ﬁlius
1092 4613 1188 4666 Dei
1208 4631 1277 4679 es,
1301 4616 1438 4668 mitte
1452 4626 1499 4669 te
1518 4618 1766 4673 deorsum.

197 4699 453 4772 Scriptum
479 4709 551 4753 est
578 4702 709 4754 enim
734 4703 868 4770 quod
902 4704 1091 4772 angelis
1132 4705 1237 4756 suis
1280 4706 1536 4759 mandavit
1561 4709 1623 4761 de
1649 4718 1695 4762 te
1718 4718 1773 4763 ut

194 4790 476 4844 atstodiant
501 4800 547 4843 te
571 4791 623 4844 in
643 4792 870 4845 omnibus
896 4793 986 4846 viis
1012 4793 1145 4857 tuis;
1172 4794 1225 4846 in
1250 4794 1477 4848 manibus
1504 4799 1676 4852 tollent
1702 4808 1767 4863 te,

196 4895 251 4932 ue
288 4881 422 4951 forte
458 4879 686 4947 offendas
719 4881 786 4933 ad
823 4882 1043 4952 lapidem
1075 4882 1252 4953 pedem
1290 4892 1456 4948 tuum,
1497 4886 1683 4940 Matth.
1713 4890 1766 4943 4.

199 4967 327 5033 Quid
366 4970 455 5025 hic
481 4970 637 5025 faciet
672 4972 891 5027 misellis
928 4973 1229 5027 hominibus
1255 4974 1346 5043 qui
1388 4975 1561 5044 ipsum
1588 4978 1770 5033 Domi-

202 5075 319 5119 num
361 5065 656 5135 maiestatis
696 5065 1088 5135 Scripturarum
1129 5067 1445 5122 testimoniis
1484 5072 1771 5139 appetivit?

206 5152 278 5218 Si,
304 5156 489 5228 inquit,
520 5159 656 5228 [ilius
679 5158 777 5212 Dei
794 5177 864 5224 es,
892 5160 1028 5213 mitte
1051 5169 1097 5214 te
1122 5160 1371 5214 deorsum.
1396 5162 1601 5228 Quare?
1629 5164 1769 5219 Scri-

209 5254 334 5312 ptum
358 5259 431 5303 est
463 5252 622 5317 enim,
654 5252 840 5322 inquit.
866 5252 1182 5323 Magnoperc
1216 5254 1367 5309 nobis
1394 5255 1631 5311 doctrina
1668 5258 1771 5313 loci

210 5334 349 5394 istius
373 5342 688 5398 attendenda
720 5351 877 5413 atque
894 5345 1169 5400 retinenda
1204 5354 1313 5413 est,
1343 5355 1402 5401 ut
1426 5354 1573 5402 tanto
1611 5364 1771 5403 evan-

210 5427 377 5493 gelica:
396 5434 720 5488 auctoritatis
741 5435 1003 5504 exemplo,
1027 5436 1236 5506 quando
1259 5437 1464 5506 aliquos
1483 5440 1770 5507 apostolica
1798 5470 1803 5477 ι

211 5529 300 5574 seu
316 5524 615 5592 prophetica
634 5528 795 5582 verba
815 5527 1051 5597 proferre
1071 5538 1253 5584 contra
1277 5530 1588 5585 catholicam
1612 5531 1770 5586 fidem

212 5608 505 5678 viderimus,
533 5616 799 5672 diabolum
818 5633 913 5687 per
936 5635 1029 5675 eos
1048 5620 1191 5690 loqui
1212 5622 1427 5677 minime
1447 5622 1765 5677 dubitemus.

200 5692 344 5775 .Nam
366 5702 497 5757 sicut
519 5712 642 5762 tunc
665 5717 821 5775 caput
845 5710 1022 5778 capiti,
1046 5712 1119 5767 ita
1144 5729 1284 5768 nunc
1302 5731 1510 5785 quoque
1530 5716 1769 5772 membra

1356 285 1924 348 COMMONITORIUM
1970 291 2258 351 PRIMUM.

3335 310 3440 366 674

1883 424 2135 476 membris
2156 425 2461 493 loquuntur,
2497 428 2735 484 membra
2760 430 2960 488 scilicet
2978 432 3173 491 diaboli
3195 440 3449 501 membris

1884 511 2098 578 Christi,
2129 513 2312 581 perﬁdi
2336 514 2597 583 ﬁdelibus,
2635 522 2875 591 sacrilegi
2902 526 3181 596 religiosis,
3205 530 3450 594 Haeretici

1882 614 2150 672 postremo
2175 608 2473 664 Catholicis.
2503 612 2605 667 Sed
2632 615 2757 683 quid
2782 617 2995 673 tandem
3020 621 3231 678 dicunt?
3260 626 3340 692 Si,
3369 628 3451 685 in-

1882 698 2012 765 quit,
2048 699 2185 767 ﬁlius
2210 700 2308 753 Dei
2335 719 2413 766 es,
2446 704 2581 757 mitte
2609 715 2655 758 te
2680 707 2942 775 deorsum;
2974 710 3075 768 hoc
3100 723 3211 781 est,
3240 718 3286 771 si
3314 719 3452 779 ﬁlius

1883 800 2001 841 esse
2032 789 2112 841 vis
2138 790 2232 845 Dei
2258 800 2312 846 et
2352 793 2711 852 hazreditatem
2748 804 2895 872 regni
2923 806 3152 861 ctelestis
3186 812 3447 883 accipere,

1881 876 2031 931 mitte
2060 886 2109 932 te
2134 881 2381 938 deorsum
2398 927 2411 949 ,
2442 886 2495 940 id
2522 896 2620 952 est,
2651 906 2716 944 ex
2742 892 2894 949 istius
2920 902 2973 951 te
3003 898 3242 954 sublimis
3264 876 3449 960 Eccle;

1881 968 1992 1035 size,
2021 987 2138 1040 quae
2164 974 2322 1028 etiam
2348 980 2599 1046 templum
2626 982 2719 1036 Dei
2746 993 2975 1055 putatur,
3005 990 3243 1047 doctrina
3267 1003 3321 1049 et
3345 1005 3452 1053 tra-

1881 1058 2081 1115 ditione
2107 1063 2341 1120 demitte.
2369 1068 2447 1121 Ac
2480 1070 2525 1124 si
2557 1072 2673 1139 quis
2699 1073 2987 1148 interroget
3011 1085 3310 1153 quempiam
3338 1087 3450 1142 ha:-

1880 1153 2163 1209 reticorum
2185 1158 2282 1210 sibi
2305 1160 2426 1213 talia
2448 1164 2881 1229 persuadentem:
2906 1170 3054 1227 Unde
3079 1176 3289 1243 probas,
3312 1180 3452 1235 unde

1880 1241 2038 1299 doces
2074 1249 2214 1316 quod
2248 1251 2499 1306 Ecclesia:
2532 1254 2813 1313 Catholica:
2850 1241 3199 1322 universalem
3226 1241 3282 1325 et
3311 1273 3450 1327 anti-

1879 1348 2037 1402 quam
2065 1336 2222 1392 ﬁdem
2248 1340 2511 1398 dimittere
2537 1346 2798 1404 debeam?
2823 1354 2997 1408 statim
3030 1356 3117 1412 ille
3147 1377 3159 1412 :
3193 1360 3452 1431 Scriptum

1880 1436 1950 1479 est
1977 1431 2125 1483 enim.
2158 1432 2223 1487 Et
2242 1436 2490 1492 continuo
2510 1440 2652 1495 mille
2677 1444 2997 1514 testimonia,
3026 1450 3169 1504 mille
3188 1455 3448 1522 exempla,

1879 1518 2022 1572 mille
2048 1524 2390 1582 auctoritates
2409 1537 2559 1596 parat
2584 1531 2649 1586 de
2683 1533 2816 1604 lege,
2854 1536 2920 1591 de
2943 1538 3184 1606 Psalmis,
3214 1542 3281 1598 de
3304 1518 3450 1614 A—po;

1880 1611 2048 1680 stolis,
2072 1614 2137 1669 de
2164 1615 2458 1686 Prophetis,
2482 1624 2670 1691 quibus
2695 1642 2832 1682 novo
2860 1637 2914 1683 et
2936 1633 3077 1687 malo
3101 1649 3250 1689 more
3284 1611 3451 1692 inter-

1879 1704 2114 1769 pretatis,
2144 1721 2208 1759 ex
2234 1722 2358 1763 arce
2383 1711 2638 1767 catholica
2667 1715 2718 1768 in
2747 1716 3011 1775 haereseos
3034 1722 3340 1780 barathrum
3367 1727 3451 1783 in-

1878 1788 2001 1845 felix
2022 1794 2195 1849 anima
2215 1800 2587 1867 praecipitetur.
2616 1804 2733 1858 Jam
2752 1823 2877 1862 vero
2898 1810 2999 1865 illis
3024 1830 3142 1881 qua:
3162 1827 3454 1886 sequuntur

1878 1885 2315 1948 promissionibus
2340 1890 2475 1944 miro
2501 1893 2657 1947 modo
2684 1896 2920 1952 incautos
2941 1900 3181 1960 homines
3206 1885 3453 1966 llaeretici

1879 1973 2124 2044 decipere
2168 1992 2572 2037 consueverunt.
2620 1987 2831 2043 Audent
2881 1995 3077 2048 etenim
3119 1999 3354 2066 polliceri
3399 2010 3455 2058 et

1879 2063 2070 2120 docere
2108 2069 2247 2137 quod
2284 2071 2337 2126 in
2380 2074 2615 2129 Ecclesia
2644 2093 2757 2145 sua,
2784 2081 2837 2134 id
2860 2090 2959 2149 est,
2990 2085 3043 2140 in
3067 2063 3453 2151 communionis

1878 2171 1988 2211 sua:
2013 2160 2404 2229 conventiculo,
2436 2181 2624 2235 magna
2655 2178 2709 2224 et
2733 2173 2974 2239 specialis
2999 2191 3061 2231 ac
3093 2180 3247 2246 plane
3271 2198 3455 2251 perso-

1877 2250 2011 2305 nalis
2036 2253 2277 2320 quazdam
2305 2256 2373 2310 sit
2398 2258 2491 2312 Dei
2515 2263 2708 2328 gratia,
2732 2264 2865 2320 adeo
2892 2275 2949 2321 ut
2979 2269 3094 2324 sine
3118 2272 3224 2327 ullo
3250 2250 3451 2344 labore,

1877 2341 1993 2397 sine
2028 2345 2134 2399 ullo
2160 2348 2365 2414 studio,
2403 2350 2518 2405 sine
2554 2353 2658 2407 ulla
2693 2355 2975 2423 industria,
3007 2362 3212 2417 etiamsi
3240 2380 3339 2421 nec

1876 2439 2008 2502 tant,
2039 2451 2136 2491 nec
2154 2450 2411 2509 quaerant,
2443 2458 2541 2497 nec
2570 2446 2796 2514 pulsent,
2813 2450 3131 2523 quicumque
3155 2454 3230 2509 illi
3260 2457 3327 2511 ad
3352 2474 3455 2514 nu.-

1878 2540 2082 2580 merum
2108 2544 2262 2583 suum
2283 2531 2567 2599 pertinent,
2596 2543 2772 2593 tamen
2792 2539 2866 2593 ita
2885 2540 3134 2599 divinitus
3154 2545 3456 2617 dispenset»

1879 2622 1964 2670 tur
1988 2625 2045 2671 ut
2069 2621 2319 2689 angelicis
2344 2623 2512 2677 evecti
2550 2628 2820 2695 manibus,
2860 2630 2913 2684 id
2946 2642 3046 2700 est,
3069 2637 3305 2705 angelica
3332 2654 3455 2709 pro-

1877 2707 2105 2761 tectione
2120 2710 2332 2775 servati,
2350 2726 2616 2782 nunquam
2633 2718 2838 2785 possint
2856 2720 3123 2779 offendere
3142 2726 3208 2780 ad
3227 2707 3455 2796 lapidem

1876 2799 2066 2866 pedem
2086 2818 2258 2867 suum,
2290 2802 2343 2856 id
2367 2812 2467 2870 est,
2490 2810 2758 2877 nunquam
2786 2812 3148 2867 scandalizari.

1948 2888 2157 2944 XXVII.
2196 2892 2302 2947 Sed
2329 2893 2470 2949 dicet
2494 2897 2683 2966 aliquis
2714 2918 2725 2951 :
2752 2899 2809 2954 Si
2834 2900 3027 2957 divinis
3050 2904 3301 2973 eloquiis,
3326 2922 3453 2963 sen-

1880 2986 2083 3051 tentiis,
2126 2988 2566 3054 promissionibus
2603 3000 2657 3044 et
2689 2991 2937 3046 Diabolus
2972 3002 3026 3048 et
3064 2994 3305 3064 discipuli
3339 2997 3455 3068 ejus

1878 3083 2112 3141 utuntur,
2142 3094 2367 3147 quorum
2388 3081 2475 3133 alii
2503 3090 2625 3135 sunt
2651 3083 3096 3153 pseudoapostoli,
3123 3087 3211 3140 alii
3238 3089 3459 3156 pseudo-

1881 3166 2149 3234 prophetae
2173 3178 2224 3222 et
2252 3171 2720 3241 pseudomagistri,
2752 3181 2805 3227 et
2828 3189 3014 3229 omnes
3040 3191 3105 3229 ex
3132 3184 3244 3232 toto
3270 3178 3454 3235 Ilzere-

1879 3256 1990 3320 tici,
2019 3258 2145 3327 quid
2170 3258 2364 3313 facient
2382 3260 2634 3316 Catholici
2656 3261 2898 3317 homines
2925 3272 2979 3318 et
3002 3266 3185 3320 matris
3205 3267 3457 3325 Ecclesia:

1879 3345 2007 3400 ﬁlii?
2041 3346 2279 3414 Quonam
2303 3349 2461 3404 modo
2494 3350 2545 3404 in
2586 3351 2868 3421 Scripturis
2903 3355 3099 3410 sanctis
3124 3357 3398 3413 veritatem
3425 3375 3457 3419 a

1878 3436 2107 3493 falsitate
2152 3439 2490 3497 discernent?
2529 3443 2641 3498 Hoc
2681 3445 2883 3500 scilicet
2918 3447 3093 3503 facere
3135 3464 3456 3520 magnopere

1879 3535 2164 3603 curabunt,
2204 3536 2344 3606 quod
2369 3537 2421 3591 in
2450 3539 2705 3608 principio
2732 3539 3130 3597 Commonitorii
3156 3542 3308 3597 istius
3333 3558 3456 3599 san-

1879 3632 1991 3678 ctos
2017 3633 2069 3679 et
2088 3626 2271 3681 doctos
2297 3627 2438 3681 viros
2464 3629 2615 3684 nobis
2636 3631 2913 3686 tradidisse
2937 3632 3263 3701 scripsimus,
3288 3640 3347 3688 ut
3370 3634 3454 3689 di-

1877 3715 2058 3769 vinum
2084 3715 2353 3781 Canonem
2386 3718 2674 3772 secundum
2714 3721 3022 3776 universalis
3057 3723 3308 3779 Ecclesia:
3342 3732 3455 3779 tra-

1878 3804 2104 3862 ditiones
2130 3815 2183 3863 et
2199 3807 2351 3877 juxta
2376 3808 2630 3863 Catholici
2665 3808 2926 3878 dogmatis
2949 3814 3157 3881 regulas
3194 3814 3455 3882 interpre-

1880 3904 2086 3967 tentur;
2124 3900 2177 3953 in
2216 3909 2320 3969 qua
2352 3900 2479 3954 item
2505 3897 2771 3954 Catholica
2816 3906 2870 3952 et
2902 3901 3189 3967 apostolica
3220 3901 3455 3958 Ecclesia

1879 3998 2167 4060 sequantur
2202 4004 2422 4046 necesse
2467 3999 2549 4045 est
2585 3988 3011 4053 universitatem,
3057 3989 3452 4058 antiquitatem,

1878 4084 2303 4138 consensionem.
2320 4082 2387 4136 Et
2406 4083 2451 4137 si
2470 4083 2679 4153 quando
2698 4097 2820 4151 pars
2839 4089 3023 4136 contra
3038 4080 3455 4151 universitatem,

1878 4174 2084 4229 novitas
2110 4183 2294 4229 contra
2314 4182 2649 4239 vetustatem,
2681 4174 2836 4229 unius
2850 4173 2933 4228 vel
2953 4187 3242 4243 paucorum
3270 4188 3457 4230 erran-

1879 4265 2009 4319 tium
2031 4265 2293 4321 dissensio
2317 4274 2500 4320 contra
2522 4267 2759 4321 omnium
2779 4266 2861 4321 vel
2883 4265 3025 4321 certe
3044 4265 3209 4321 multo
3228 4265 3455 4335 plurium

1878 4356 2266 4413 Catholicorum
2312 4359 2714 4413 consensionem
2765 4357 3123 4421 rebellaverit,
3176 4356 3457 4426 prazferant

1878 4448 2043 4516 partis
2082 4447 2403 4516 eorruptioni
2439 4449 2795 4503 universitatis
2834 4447 3187 4516 integritatem
3222 4466 3235 4501 :
3266 4448 3317 4502 in
3352 4462 3454 4519 qua

1878 4538 2065 4592 eadem
2108 4537 2468 4602 universitate,
2497 4538 2743 4591 novitatis
2784 4536 3084 4605 profanitati
3132 4538 3455 4609 antiquitatis

1878 4626 2206 4695 religionem,
2234 4628 2467 4695 itemque
2494 4628 2547 4680 in
2568 4628 2680 4696 ipsa
2704 4634 2984 4695 vetustate,
3014 4629 3171 4683 unius
3197 4626 3456 4701 sive'pau-

1879 4716 2213 4770 cissimorum
2241 4717 2522 4770 temeritati
2549 4718 2777 4785 primum
2817 4718 3053 4773 omnium
3090 4722 3380 4790 generalia,
3408 4726 3454 4781 si

1878 4823 1983 4878 qua
2002 4816 2143 4875 sunt,
2166 4809 2477 4863 universalis
2498 4808 2713 4864 Concilii
2743 4808 2952 4864 decreta
2972 4819 3305 4880 praeponam;
3330 4821 3454 4869 tunc

1880 4898 2089 4965 deinde,
2114 4901 2158 4953 si
2182 4898 2231 4953 id
2253 4898 2428 4953 minus
2449 4908 2551 4967 est,
2568 4907 2855 4969 sequantur
2873 4898 3015 4968 quod
3034 4899 3330 4968 proximum
3350 4910 3451 4969 est,

1878 4990 2164 5044 multorum
2185 4998 2341 5059 atque
2367 5005 2678 5059 magnorum
2703 4991 3092 5045 consentientes
3113 4990 3214 5045 sibi
3240 5000 3427 5047 senten

1878 5080 1979 5133 tias
2004 5082 2399 5150 magistrorum.
2429 5078 2660 5146 Quibus,
2690 5079 2973 5149 adjuvante
3000 5080 3251 5146 Domino,
3280 5080 3451 5137 ﬁdeli.-

1877 5178 1977 5235 ter,
2008 5170 2201 5235 sobrie,
2232 5169 2453 5225 sollicite
2479 5170 2790 5239 observatis,
2814 5184 2921 5225 non
2938 5183 3128 5240 magna
3147 5168 3455 5227 difﬁcultate

1879 5262 2063 5316 noxios
2084 5275 2320 5332 quosque
2340 5260 2732 5330 exsurgendum
2754 5259 3131 5315 [hereticorum
3153 5260 3452 5329 deprehen-

1878 5352 2062 5407 demus
2082 5366 2310 5406 errores.

1948 5440 2184 5495 XXVIII.
2224 5440 2321 5494 Hic
2342 5439 2452 5509 jam
2479 5454 2810 5511 consequens
2836 5454 2955 5497 esse
2977 5440 3133 5497 video
3171 5449 3230 5497 ut
3270 5455 3450 5497 exem-

1879 5532 1977 5601 plis
2012 5530 2371 5586 demonstrem
2407 5546 2636 5602 quonam
2683 5531 2842 5587 modo
2892 5531 3176 5603 prophanae
3223 5532 3449 5588 Ilzereti-

1878 5638 2060 5679 corum
2126 5622 2385 5677 novitates
2451 5621 2668 5693 prolatis
2730 5629 2887 5693 atque
2949 5621 3153 5677 collatis
3210 5631 3450 5678 veterum

1874 5716 2248 5783 magistrorum
2295 5714 2737 5773 concordantibus
2802 5715 3016 5773 sibimet
3066 5711 3343 5772 sententiis
3393 5726 3455 5781 et
