4028 6184
526 344 632 409 675

523 482 984 556 deprehendantur
1008 488 1061 535 et
1084 476 1517 535 condemnentur.
1546 474 1674 541 Quae
1686 481 1859 527 tamen
1872 471 2084 541 antiqua

524 584 823 631 sanctorum
855 582 1062 645 patrum
1096 570 1373 628 consensio
1406 584 1513 625 non
1546 568 1601 623 in
1629 566 1873 622 omnibus
1898 562 2088 619 divina:

523 665 652 737 legis
678 664 1093 736 quaestiunculis,
1122 663 1215 719 sed
1244 660 1413 718 solum
1434 666 1578 715 certe
1597 657 1861 729 praecipue
1887 656 1941 709 in
1970 652 2089 708 ﬁdei

524 756 702 825 regula
727 770 919 827 magno
946 756 1095 811 nobis
1122 754 1295 809 studio
1339 760 1391 807 et
1434 748 1794 819 investiganda
1820 754 1903 802 est
1928 752 1981 799 et
2006 759 2091 799 se-

522 845 749 915 quenda.
780 845 885 901 Sed
912 861 1081 917 neque
1108 859 1319 913 semper
1342 858 1514 913 neque
1534 855 1719 895 omnes
1737 838 1967 894 haereses
1991 835 2092 891 hoc

521 934 680 989 modo
702 935 1066 1007 impugnandze
1092 943 1233 999 sunt,
1257 930 1350 989 sed
1378 931 1587 988 novitiae
1605 938 1947 999 recentesque
1971 935 2091 981 tan-

522 1024 794 1081 tummodo
821 1068 837 1095 ,
885 1042 1005 1081 eum
1054 1026 1281 1096 primum
1332 1024 1533 1078 scilicet
1576 1021 1920 1088 exoriuntur,
1970 1027 2093 1075 ante

521 1131 678 1187 quam
724 1115 967 1174 infalsare
1008 1126 1227 1172 vetustae
1254 1116 1373 1171 ﬁdei
1400 1114 1607 1185 regulas
1640 1114 1805 1183 ipsius
1844 1112 2093 1181 temporis

522 1215 766 1263 vetantur
789 1208 1042 1280 angustiis
1066 1249 1079 1273 ,
1127 1223 1188 1261 ac
1216 1208 1516 1277 priusquam
1544 1212 1788 1259 manante
1818 1204 1973 1257 latius
1999 1218 2092 1256 ve-

524 1314 683 1369 neno,
712 1300 971 1373 majorum
997 1300 1261 1355 volumina
1289 1298 1474 1352 vitiare
1514 1304 1786 1351 conentur.
1835 1294 2094 1349 Cancrum

525 1389 754 1448 dilatata:
798 1402 851 1449 et
899 1394 1201 1448 inveteratae
1245 1392 1474 1445 limrcses
1514 1402 1842 1458 nequaquam
1878 1387 1977 1441 hac
2012 1388 2095 1441 via

526 1482 893 1551 adgredienda:
918 1491 1072 1548 sunt,
1120 1496 1184 1536 eo
1210 1481 1350 1551 quod
1377 1480 1579 1550 prolixo
1606 1488 1900 1547 temporum
1929 1486 2096 1532 tractu

526 1570 681 1643 longa
732 1573 797 1626 iis
846 1572 1079 1627 fruenda:
1105 1573 1341 1627 veritatis
1386 1570 1611 1640 patuerit
1646 1570 1872 1625 occasio.
1928 1570 2097 1637 Atque

530 1660 647 1718 ideo
673 1679 1031 1734 quascumque
1058 1664 1171 1719 illas
1199 1664 1520 1733 antiquiores
1546 1664 1628 1717 vel
1649 1662 1989 1717 scbismatum
2015 1661 2097 1715 vel

527 1750 801 1809 hazreseon
840 1754 1180 1825 profanitates
1216 1755 1358 1810 nullo
1397 1754 1555 1809 modo
1592 1768 1689 1807 nos
1742 1760 1949 1821 Oportet
1998 1751 2099 1804 nisi

526 1851 616 1896 aut
642 1842 773 1912 sola,
803 1844 849 1899 si
875 1860 1008 1916 opus
1034 1854 1149 1911 est,
1200 1846 1589 1915 Scripturarum
1624 1844 1935 1898 auctoritate
1973 1858 2099 1896 con-

524 1934 754 2005 vincere,
783 1946 875 1992 aut
906 1948 1048 1994 certe
1069 1940 1177 2008 jam
1205 1939 1489 2008 antiquitus
1516 1937 1899 1992 universalibus
1925 1951 2100 1990 sacer-

525 2025 706 2081 dotum
746 2029 1122 2086 catholicorum
1148 2030 1394 2086 Conciliis
1428 2031 1695 2084 convictas
1724 2028 2100 2097 damnatosque

526 2118 713 2172 vitare.
743 2117 944 2190 Itaque,
967 2134 1086 2175 cum
1114 2121 1339 2190 primum
1367 2121 1489 2174 mali
1516 2121 1769 2189 cujusque
1790 2119 1985 2173 erroris
2006 2135 2101 2187 pu-

531 2207 679 2263 tredo
702 2225 980 2281 erumpere
1004 2212 1255 2282 coeperit,
1287 2218 1339 2266 et
1364 2210 1430 2264 ad
1456 2209 1819 2264 defensionem
1847 2212 1927 2262 sui
1954 2224 2100 2278 quie-

526 2296 647 2352 dam
692 2313 857 2355 sacrm
899 2299 1029 2372 legis
1074 2302 1232 2356 verba
1280 2300 1478 2365 furari,
1534 2315 1699 2369 eaque
1751 2298 2006 2353 fallaciter
2049 2307 2104 2356 et

528 2387 887 2446 fraudulenter
911 2408 1175 2463 exponere
1195 2434 1210 2459 ,
1264 2394 1439 2446 statim
1476 2392 1871 2460 interpretando
1903 2393 2102 2447 Canoni

526 2477 787 2547 majorum
831 2482 1107 2537 sententiae
1132 2481 1511 2551 congregandae
1554 2488 1716 2546 sunt;
1759 2482 1948 2551 quibus
1976 2482 2102 2536 illud

533 2570 901 2643 quodcumque
944 2582 1191 2645 exsurget
1232 2574 1520 2641 novitium,
1566 2574 1790 2643 ideoque
1827 2574 2103 2642 profanum

529 2667 582 2713 et
602 2660 799 2732 absque
823 2660 927 2716 ulla
950 2663 1169 2734 ambage
1197 2664 1447 2733 prodatur
1463 2706 1476 2730 ,
1507 2672 1560 2719 et
1584 2665 1697 2718 sine
1725 2664 1828 2717 ulla
1852 2672 2105 2718 retracta-

528 2747 670 2804 tione
694 2747 992 2807 damnetur.
1036 2750 1141 2809 Sed
1167 2770 1351 2810 eorum
1379 2755 1632 2810 duntaxat
1658 2761 1865 2824 patrum
1891 2763 2105 2811 senten-

532 2841 708 2896 tentiae
733 2841 1068 2903 conferendae
1096 2854 1252 2915 sunt,
1299 2849 1388 2918 qui
1423 2849 1475 2902 in
1502 2848 1607 2907 ﬁde
1642 2856 1694 2902 et
1733 2850 2106 2905 communione

528 2930 797 2990 Catholica
824 2946 1004 2993 sancte
1023 2980 1038 3005 ,
1068 2938 1362 3009 sapienter,
1393 2948 1699 2995 constanter
1732 2941 1968 2995 viventes
1997 2943 2102 3012 (ί),

530 3019 799 3089 docentes,
825 3035 877 3082 et
898 3037 1290 3097 permanentes,
1314 3030 1397 3085 vel
1423 3031 1557 3085 mori
1578 3032 1629 3085 in
1653 3030 1862 3086 Christo
1884 3031 2108 3087 ﬁdeliter

529 3111 610 3167 vel
638 3113 807 3170 occidi
856 3132 952 3186 pro
997 3110 1207 3175 Christo
1258 3118 1482 3176 feliciter
1524 3129 1851 3176 meruerunt.
1905 3122 2107 3188 Quibus

528 3210 705 3261 tamen
733 3206 832 3263 hac
857 3209 973 3281 lege
999 3212 1324 3268 credendum
1351 3220 1435 3269 est
1458 3222 1517 3267 nt
1541 3213 1788 3284 quiequid
1815 3213 1895 3269 vel
1922 3229 2108 3270 omnes

528 3297 609 3371 vel
636 3298 815 3369 plures
835 3316 939 3356 uno
961 3301 1251 3374 eodemque
1278 3320 1437 3361 sensu
1458 3304 1755 3371 manifeste,
1781 3302 2103 3375 frequenter,

529 3396 950 3469 perseveranter,
996 3395 1139 3448 velut
1164 3396 1392 3465 quodam
1418 3398 1783 3451 consentiente
1810 3397 1911 3451 sibi
1938 3398 2106 3466 magi-

529 3486 761 3532 strorum
789 3481 1011 3535 concilio
1036 3523 1049 3547 ,
1080 3486 1412 3553 accipiendo,
1445 3487 1700 3554 tenendo,
1731 3485 1987 3541 tradendo
2014 3487 2115 3553 (ir:

530 3569 809 3633 maverint,
841 3571 891 3623 id
920 3587 1016 3641 pro
1045 3574 1354 3641 indubitate,
1385 3585 1551 3644 certo,
1580 3586 1800 3649 ratoque
1829 3577 2103 3634 habeatur.

530 3655 790 3725 Quicquid
810 3674 955 3725 vero,
979 3664 1217 3730 quamvis
1237 3664 1324 3719 ille
1344 3674 1557 3721 sanctus
1573 3676 1625 3722 et
1645 3668 1852 3736 doctus,
1867 3670 2107 3738 quamvis

530 3743 813 3803 Confessor
838 3758 891 3804 et
908 3748 1122 3823 Martyr,
1170 3763 1361 3824 praeter
1402 3772 1587 3813 omnes
1620 3768 1710 3813 aut
1736 3760 1895 3814 etiam
1924 3766 2107 3814 contra

530 3830 715 3891 omnes
758 3842 1020 3908 senserit,
1076 3842 1127 3898 id
1163 3844 1299 3901 inter
1324 3848 1564 3917 proprias
1587 3856 1642 3903 et
1664 3849 1899 3905 occultas
1922 3856 1975 3904 et
1997 3849 2108 3918 pri-

533 3934 678 3981 vatas
698 3929 1061 3999 opiniunculas
1082 3942 1112 3989 a
1131 3938 1425 3992 communis
1447 3946 1500 3993 et
1518 3939 1738 4008 publicm
1763 3954 1827 3993 ac
1845 3938 2105 4008 generalis

530 4019 802 4074 sententiae
828 4024 1136 4078 auctoritate
1171 4034 1433 4081 secretum
1469 4028 1573 4093 sit;
1615 4042 1685 4082 ne
1731 4042 1852 4083 curn
1897 4042 2106 4085 summo

530 4115 740 4164 teternic
765 4110 947 4166 salutis
972 4114 1206 4181 periculo
1228 4156 1243 4182 ,
1292 4116 1443 4185 juxta
1469 4116 1777 4185 sacrilegam
1814 4116 2104 4175 Haeretico-

531 4212 649 4253 rum
675 4208 727 4254 et
766 4200 1233 4257 Schismaticorum
1268 4205 1703 4260 consuetudinem
1727 4248 1742 4274 ,
1791 4207 2105 4266 universalis

532 4288 792 4361 dogmatis
818 4292 1031 4363 antiqua
1056 4293 1276 4349 veritate
1303 4293 1539 4363 dimissa,
1570 4296 1724 4351 unius
1750 4296 1979 4353 hominis
2009 4314 2106 4354 no-

602 4422 677 4491 (t)
700 4421 776 4476 Ex
804 4420 907 4478 hoc
931 4421 1051 4479 loco
1075 4422 1233 4479 infert
1249 4423 1494 4492 Dallaeus,
1514 4426 1568 4481 in
1592 4425 1726 4481 libro
1753 4426 1821 4483 de
1843 4427 1981 4483 Vero
2005 4444 2108 4486 usu

530 4488 766 4555 Patrum,
786 4493 1145 4549 inconstantes
1182 4493 1345 4550 fuisse
1386 4488 1571 4551 Patres
1606 4497 1660 4551 in
1696 4496 1816 4553 ﬁdei
1843 4497 2101 4555 doctrina.

531 4560 601 4639 At
627 4560 918 4639 Lirinensis
1080 4580 1228 4619 mens
1254 4573 1335 4620 est
1364 4567 1543 4639 :__q_uia
1572 4583 1667 4639 per
1693 4568 1844 4638 plura
1870 4568 1922 4622 in
1950 4584 2107 4639 supe-

529 4630 761 4710 rioribus
779 4632 1083 4710 ostenderat
1105 4648 1209 4688 non
1225 4630 1537 4710 rarodiv'ino
1553 4630 1752 4710 judicio
1773 4630 2107 4710 humanaque

530 4698 835 4779 inﬁrmitate
858 4703 1119 4779 accidere,
1149 4713 1207 4759 ut
1231 4698 1585 4779 Ecclesiastiéi
1613 4709 1710 4779 viri
1730 4710 1904 4779 magni
1928 4698 2109 4765 mei-iti

529 4782 593 4823 ac
620 4771 853 4827 scientiae
878 4772 1149 4847 labantur,
1178 4782 1233 4847 et
1265 4784 1447 4847 contra
1474 4778 1783 4847 Apostolum
1819 4771 1957 4847 nova
2007 4780 2105 4836 do-

530 4848 705 4925 gmata
732 4843 1062 4925 annuqtient,
1088 4844 1252 4925 quod
1269 4842 1834 4925 probarat'_exemplis_
1855 4842 2106 4925 Photini,

530 4911 870 4989 Apollinaris,
893 4911 1142 4989 Nestori‘i,
1166 4911 1424 4989 Origenis,
1448 4931 1509 4970 ac
1534 4911 1867 4981 Tertulliani;
1898 4934 1964 4973 ne
1990 4911 2107 4989 quis

531 4988 793 5061 praetextu
808 4984 1144 5061 auctoritatis
1169 4983 1358 5039 horum
1383 4998 1633 5061 perversa
1662 4995 1955 5061 sectaretur
1978 4983 2109 5061 dog-

532 5056 674 5129 mata
700 5094 714 5120 ,
763 5060 821 5129 ut
846 5053 898 5107 in
928 5053 1033 5109 ﬁne
1057 5054 1321 5129 24,
1352 5053 1484 5129 ait__:
1534 5055 1634 5129 bac
1677 5056 1744 5112 de
1787 5072 1949 5115 causa
1982 5053 2109 5129 pru-

533 5122 723 5211 denter
759 5120 851 5211 hic
895 5132 1113 5211 monet,
1160 5123 1303 5211 haud
1336 5125 1626 5211 audiendos
1652 5142 1781 5211 esse.
1816 5120 2001 5211 ilics;
2018 5132 2107 5211 qui

533 5197 842 5263 constanter
886 5208 992 5248 non
1018 5193 1309 5249 docuerunt
1339 5238 1352 5263 ,
1406 5204 1458 5250 et
1500 5198 1743 5251 vixerunt
1769 5199 1820 5251 in
1848 5193 2104 5254 Ecclesia.

533 5257 685 5340 ρηρθ
715 5262 788 5340 ⁵ίι)
838 5276 987 5317 num.
1034 5264 1123 5329 45,
1438 5266 1507 5321 de
1534 5266 1926 5340 §acerdotibus
1950 5270 2107 5340 ,r'qui

532 5328 729 5407 Ephesi
778 5328 1135 5407 convenerant
1156 5376 1193 5407 ,__
1223 5328 1391 5407 inquit
1421 5354 1433 5390 :
1488 5356 1505 5388 ι
1534 5338 1647 5392 Hoc
1681 5328 2108 5407 ομὶιηιιιτιῖίθὲω

539 5417 559 5451 ι
587 5401 758 5480 visum
782 5410 867 5460 est
891 5411 950 5461 ut
976 5404 1029 5460 in
1054 5401 1413 5480 medium—3%
1442 5408 1658 5480 Patrum
1682 5401 2107 5480 sentem,er

539 5487 558 5520 ι
588 5469 886 5545 mirentur;
939 5490 1161 5545 quorum
1199 5477 1330 5545 alios
1356 5474 1736 5545 Confossores,
1774 5494 1959 5535 omnes
1982 5469 2107 5536 vero

541 5491 558 5520 ι
588 5491 886 5539 terremur;
978 5491 1161 5530 uorum
1199 5491 1330 5531 auos
1356 5491 1699 5533 uomessores
1723 5521 1736 5545 ,
1774 5494 1959 5535 omnes
1982 5496 2105 5536 vero

541 5557 560 5592 σ
587 5539 909 5613 Catholicos,
938 5491 1253 5618 gacerdotes
1280 5544 1440 5601 fuisse
1466 5590 1479 5614 ,
1517 5558 1569 5603 et
1586 5550 1950 5618 permansisse
1976 5565 2105 5604 con-

540 5625 563 5664 i
587 5618 776 5680 staret,
824 5621 885 5668 ut
922 5614 1127 5686 scilicet
1152 5617 1262 5671 nos
1305 5624 1461 5686 aurae
1497 5614 1897 5675 solémieerex
1924 5632 2105 5674 om:

539 5693 563 5738 ι
587 5692 853 5749 consensu
867 5691 1027 5752 atque
1036 5684 1251 5741 decreto
1262 5684 2061 5757 antiquumdosmaﬁrmmm.
2082 5710 2102 5742 ι

1778 342 2117 401 VINCENTII
2173 342 2545 400 LIRINENSIS

3656 320 3773 389 670

2193 469 2379 523 vitium
2403 475 2668 523 sectemur
2686 482 2938 525 errorem.
2978 468 3215 535 Quorum
3245 468 3524 523 beatomm
3552 474 3765 538 patrum

2194 569 2434 617 sanctum
2459 559 2881 630 catholicumque
2905 573 3219 615 consensum
3242 600 3257 625 ,
3304 575 3374 613 ne
3398 558 3521 629 quis
3556 560 3657 614 sibi
3679 567 3767 616 te-

2194 666 2341 706 mere
2366 651 2808 707 contemnendum
2837 650 2969 706 forte
2987 650 3297 717 arbitretur,
3324 650 3401 703 ait
3422 650 3475 704 in
3503 652 3673 720 prim:
3698 654 3771 710 ad

2196 738 2495 795 Corinthios
2546 741 2829 810 Apostolus
2876 758 2888 793 :
2950 739 3017 793 Et
3065 737 3311 809 cuiusdam
3352 740 3556 809 quidm
3606 741 3773 812 possit

2196 829 2333 885 Deus
2376 832 2429 884 in
2480 830 2707 885 Ecclesia
2751 832 2967 901 primum
3015 830 3279 900 Apostolos
3330 831 3354 899 .(
3376 845 3599 901 quorum
3656 834 3779 904 ipse

2197 935 2334 975 unus
2360 920 2502 991 erat)
2527 961 2541 984 ,
2593 920 2809 974 secundo
2857 920 3138 990 Prophetas
3184 920 3419 991 (qualem
3454 922 3505 975 in
3547 922 3780 981 Amibus

2197 1010 2572 1079 Apostolorum
2606 1011 2827 1081 legimus
2859 1010 3162 1081 Agabum),
3194 1013 3336 1064 tertio
3363 1010 3634 1082 Doctores,
3674 1018 3782 1085 qui

2200 1108 2512 1156 traetatores
2534 1117 2673 1156 nunc
2692 1102 3049 1170 appeliantur,
3070 1116 3205 1170 quos
3222 1101 3310 1155 hic
3328 1102 3471 1156 idem
3492 1104 3781 1173 Apostolus

2201 1193 2356 1247 etiam
2381 1193 2674 1262 Prophetas
2700 1192 2963 1247 interdum
2992 1200 3286 1261 nuncupat,
3304 1207 3374 1247 eo
3397 1192 3541 1263 quod
3570 1209 3665 1261 per
3684 1206 3783 1251 eos

2202 1282 2586 1352 Prophetarum
2629 1284 2879 1355 mysteria
2915 1284 3121 1353 populis
3148 1284 3472 1353 aperiantur.
3516 1286 3631 1341 lla
3654 1300 3784 1357 ergo

2201 1372 2254 1427 in
2283 1374 2517 1428 Ecclesia
2543 1375 2637 1429 Dei
2666 1374 2915 1428 divinitus
2954 1389 3048 1441 per
3082 1382 3317 1442 tempora
3342 1383 3399 1429 et
3422 1374 3540 1429 loca
3563 1374 3784 1445 dispen-

2204 1472 2344 1517 satos
2371 1465 2608 1533 quisquis
2647 1465 2699 1517 in
2744 1478 2904 1519 sensu
2928 1463 3173 1518 catholici
3200 1464 3461 1533 dogmatis
3486 1478 3649 1519 unum
3688 1466 3788 1521 sli»

2202 1554 2326 1622 quid
2349 1555 2400 1608 in
2420 1554 2631 1609 Christo
2652 1555 2940 1610 sentientes
2963 1555 3361 1623 contempserit,
3385 1570 3495 1610 non
3516 1554 3786 1611 homines.

2204 1646 2510 1711 contemnit,
2538 1644 2630 1700 sed
2657 1646 2824 1700 Deum
2856 1663 2868 1697 :
2917 1659 2947 1698 a
2970 1658 3196 1713 quorum
3217 1644 3452 1699 veridica
3484 1645 3680 1701 imitate
3715 1660 3787 1701 ne

2206 1732 2784 1804 discrepet,impensius
2799 1734 3092 1788 obtestatur
3110 1733 3249 1788 idem
3272 1734 3560 1802 Apostolus
3573 1735 3783 1790 dicens:

2210 1821 2423 1874 Obsecro
2445 1832 2609 1875 autem
2636 1841 2720 1876 vos
2738 1864 2750 1888 ,
2781 1825 2962 1893 fratres
2979 1865 2991 1887 ,
3021 1832 3074 1876 ut
3108 1823 3162 1876 id
3184 1825 3351 1893 ipsum
3378 1825 3557 1880 dicatis
3584 1842 3815 1890 omnes,.

2206 1920 2251 1963 et
2278 1927 2377 1964 non
2403 1913 2501 1964 sint
2526 1913 2575 1965 in
2604 1913 2739 1966 vobis
2776 1914 3044 1966 schismata
3068 1954 3081 1977 ,
3124 1914 3233 1967 sitis
3275 1924 3438 1969 ardent
3472 1916 3688 1986 perfecti
3724 1917 3791 1971 is

2206 2001 2379 2055 eodem
2404 2018 2548 2054 sensu
2569 2011 2614 2055 et
2652 2003 2704 2055 in
2724 2002 2893 2056 eadem
2916 2003 3157 2056 statuentia
3179 2044 3193 2067 ,
3250 2004 3273 2057 1
3302 2004 3425 2059 Cor.
3456 2005 3506 2058 1.
3554 2005 3711 2071 Quod
3740 2008 3790 2063 ό

2207 2092 2325 2161 quis
2373 2092 2439 2145 ab
2482 2108 2664 2147 eorum
2718 2095 2993 2148 sententiae
3037 2095 3401 2150 communione
3451 2095 3791 2167 desciverit,

2208 2181 2385 2237 audiet
2428 2182 2553 2237 illud
2594 2183 2833 2252 ejusdem
2858 2183 3093 2253 Apostoli
3126 2202 3137 2236 :
3188 2184 3305 2238 Non
3328 2194 3398 2239 est
3423 2183 3560 2238 Deus
3586 2186 3791 2243 dissen-

2208 2260 2361 2325 Sionis
2386 2314 2399 2338 ,
2442 2272 2528 2325 sed
2549 2275 2687 2343 pacis
2711 2315 2723 2337 ,
2780 2274 2801 2327 1
2836 2274 2952 2328 Cor.
2985 2276 3049 2329 14
3077 2275 3159 2339 (id
3185 2284 3266 2330 est
3289 2316 3303 2343 ,
3354 2291 3461 2332 non
3484 2277 3604 2344 eius
3640 2280 3734 2349 qui
3762 2295 3790 2336 a

2209 2363 2570 2418 consentiendi
2598 2365 2796 2419 unitate
2822 2363 3101 2432 defecerit,
3139 2366 3232 2419 sed
3258 2382 3443 2422 eorum
3468 2384 3557 2437 qur
3576 2362 3635 2422 in
3660 2384 3790 2425 con-

2210 2452 2470 2507 sentiendi
2496 2468 2624 2522 pace
2648 2454 3063 2524 permanserint)
3091 2456 3218 2507 sicut
3244 2456 3296 2509 in
3317 2457 3566 2525 omnibus,
3595 2458 3791 2528 inquit,

2211 2538 2449 2597 Ecclesiis
2469 2554 2753 2599 sanctorum
2774 2545 2944 2609 doceo,
2970 2544 3021 2599 id
3047 2553 3147 2610 est,
3176 2544 3568 2601 Catholicorum
3612 2566 3623 2600 :
3670 2565 3796 2619 qua

2211 2633 2332 2688 ideo
2358 2642 2553 2689 sancta:
2578 2643 2740 2703 sunt,
2786 2635 2908 2706 quia
2952 2636 3003 2689 in
3049 2634 3172 2690 ﬁdei
3214 2636 3587 2692 communione
3618 2640 3793 2707 persi~

2212 2733 2375 2779 stunt.
2405 2726 2470 2780 Et
2493 2741 2560 2781 ne
2583 2727 2701 2796 quis
2736 2726 2957 2781 forsitan
2981 2766 2995 2792 ,
3046 2727 3419 2796 praetermissis
3443 2728 3643 2782 caeteris
3668 2768 3681 2795 ,
3737 2745 3801 2788 se

2214 2818 2386 2872 solum
2409 2818 2601 2885 audiri,
2624 2818 2725 2873 sibi
2750 2816 2848 2872 soli
2868 2817 3013 2872 credi
3034 2817 3333 2887 adrogaret,
3358 2817 3513 2887 paulo
3536 2828 3656 2888 post
3678 2820 3765 2875 ait
3781 2836 3796 2849 ·

2214 2908 2293 2961 An
2314 2925 2344 2961 α
2365 2910 2519 2973 vobis,
2548 2909 2736 2978 inquit,
2760 2909 2958 2961 verbum
2982 2906 3077 2961 Dei
3098 2909 3355 2977 processit,
3379 2917 3463 2962 aut
3482 2910 3533 2963 in
3552 2926 3638 2963 vos
3655 2913 3801 2969 solos

2214 3002 2447 3056 devenit?
2483 3002 2550 3057 Et
2596 3016 2663 3056 ne
2712 3000 2814 3056 hoc
2857 3000 3007 3071 quasi
3044 3000 3400 3070 perfunctorie
3435 3000 3799 3071 acciperetur,

2216 3094 2411 3161 adjecit
2442 3112 2453 3147 :
2504 3092 2565 3147 Si
2605 3092 2715 3162 quis
2743 3132 2757 3156 ,
2812 3090 3018 3160 inquit,
3072 3089 3267 3144 videtur
3300 3091 3543 3161 propheta
3567 3107 3680 3145 esse
3707 3104 3801 3149 aut

2213 3184 2475 3253 spiritalis,
2505 3190 2769 3253 cognoscat
2794 3196 2906 3251 qua:
2931 3180 3091 3234 scribo
3117 3180 3253 3234 vobis
3274 3221 3288 3245 ,
3311 3180 3427 3249 quia
3452 3178 3655 3234 Domini
3673 3192 3803 3239 sunt

2216 3272 2472 3325 ntandata.
2528 3272 2656 3338 Qum
2705 3272 2887 3340 utique
2913 3268 3161 3324 mandata
3188 3311 3202 3337 ,
3257 3270 3361 3324 nisi
3397 3276 3454 3324 ut
3487 3269 3533 3325 si
3566 3271 3682 3340 quis
3713 3282 3804 3329 est

2215 3362 2469 3431 propheta
2495 3370 2586 3416 aut
2610 3362 2891 3432 spiritalis,
2922 3360 2975 3416 id
3003 3369 3102 3427 est,
3133 3360 3441 3431 spiritalium
3475 3378 3654 3417 rerum
3675 3379 3804 3420 ina-

2214 3452 2407 3520 gister,
2462 3467 2669 3507 summo
2713 3452 2889 3507 studio
2928 3452 3239 3523 arqualitatis
3283 3460 3336 3508 et
3378 3452 3591 3515 unitatis
3624 3453 3805 3512 cultor

2215 3542 2442 3607 existat;
2501 3552 2560 3597 ut
2606 3542 2811 3598 scilicet
2862 3558 3035 3612 neque
3078 3544 3352 3612 opiniones
3412 3558 3535 3598 suas
3586 3549 3808 3603 caeteris

2214 3630 2459 3699 prcherat
2481 3631 2577 3703 (i),
2602 3640 2654 3687 et
2679 3633 2745 3686 ab
2770 3632 3137 3687 universorum
3164 3633 3405 3687 sensibus
3428 3648 3533 3689 non
3555 3633 3806 3693 recedat.

2215 3719 2370 3792 Cujus
2396 3724 2469 3776 rei
2496 3724 2733 3776 mandata
2759 3726 2843 3792 qui
2870 3726 3063 3794 ignorat
3086 3764 3097 3787 ,
3129 3723 3325 3794 inquit,
3352 3724 3660 3795 ignorabitur
3682 3741 3700 3778 .'
3752 3726 3806 3783 id

2214 3819 2297 3865 est
2320 3855 2334 3881 ,
2375 3814 2465 3883 qui
2492 3822 2583 3868 aut
2606 3814 2807 3868 nescita
2828 3829 2931 3867 non
2961 3813 3152 3880 discit,
3193 3820 3284 3868 aut
3308 3814 3438 3867 scita
3462 3816 3807 3887 contemnit,

2212 3900 2567 3973 ignorabitur,
2618 3901 2723 3957 hoc
2747 3911 2857 3968 est,
2912 3902 3155 3972 indignus
3202 3901 3481 3958 habebitur
3523 3906 3610 3975 qui
3653 3906 3807 3965 inter

2213 3992 2395 4046 unitos
2431 3992 2533 4048 ﬁde
2569 4000 2623 4049 et
2650 4001 2952 4064 exaequatus
2999 3991 3294 4047 humilitate
3339 3992 3583 4048 divinitus
3620 4000 3799 4065 respi-

2214 4083 2385 4137 ciatur
2415 4101 2427 4137 :
2466 4098 2570 4153 quo
2596 4083 2736 4137 malo
2768 4083 2949 4137 nescio
2975 4096 3042 4136 an
3068 4082 3350 4153 quicquam
3385 4083 3623 4139 acerbius
3643 4088 3803 4155 cogi-

2213 4176 2314 4230 tari
2339 4182 2517 4245 queat.
2567 4174 2720 4241 Quod
2746 4184 2923 4229 tamen
2945 4174 3095 4243 juxta
3122 4173 3465 4243 apostolicam
3502 4174 3803 4230 commina-

2214 4270 2415 4325 tionem
2439 4268 2720 4339 Peiagiano
2745 4265 2816 4321 illi
2844 4265 3150 4336 provenisse
3169 4265 3434 4321 cernimus
3452 4263 3664 4351 uliano
3690 4264 3805 4337 (2),

2286 4425 2363 4496 (l)
2402 4425 2656 4496 Apposite
2680 4424 2797 4496 haec
2823 4424 3116 4496 praescribit
3141 4424 3431 4496 Lirinensis
3459 4439 3521 4477 ex
3550 4424 3803 4496 Apostoli

2214 4493 2395 4574 sensit.
2448 4493 2580 4551 Nam
2620 4495 2729 4551 duo
2768 4493 3057 4574 corinthiis
3103 4496 3155 4549 in
3198 4494 3338 4574 laud.
3366 4494 3480 4547 loco
3504 4493 3751 4574 principit
3786 4516 3800 4551 :

2212 4569 2443 4636 primum
2467 4609 2483 4635 ,
2526 4575 2582 4621 ut
2609 4581 2881 4621 sacrarum
2906 4566 3197 4636 litterarum
3224 4565 3479 4636 interpres
3496 4563 3554 4617 in
3582 4563 3803 4631 priores

2214 4634 2419 4707 spectet
2445 4634 2475 4704 ,⁷
2505 4650 2535 4690 a
2571 4637 2762 4707 quibus
2789 4636 3019 4707 )ferbum
3040 4634 3138 4707 poi
3164 4635 3421 4707 processit
3447 4634 3496 4707 in
3524 4642 3798 4702 posteros.

2260 4725 2311 4772 η,
2343 4703 2530 4778 inquit,
2561 4703 2753 4761 a'vobis
2790 4704 3004 4758 Verbum
3030 4703 3125 4778 Dei
3152 4704 3423 4778 processit?
3448 4703 3698 4778 alterum,
3721 4721 3798 4763 ne

2213 4774 2492 4849 quisquam
2520 4793 2734 4833 sensum
2760 4791 2913 4849 suum
2938 4774 3111 4849 ιβπερὶ
3134 4775 3474 4829 contentione
3498 4774 3761 4849 defendat
3778 4820 3792 4849 ,

2215 4844 2309 4920 sed
2340 4844 2486 4920 prius
2510 4849 2743 4919 reliquos
2774 4846 3021 4920 Ecclesim
3038 4844 3310 4920 Doctores
3329 4845 3605 4920 consulat;
3660 4853 3719 4898 ut
3746 4848 3795 4901 si

2213 4913 2406 4974 viderit
2431 4913 2675 4974 omnibus
2700 4916 2911 4985 probari
2932 4914 2983 4969 id
3010 4913 3151 4984 quod
3179 4916 3338 4969 sentit
3368 4958 3381 4981 ,
3438 4922 3549 4969 tuto
3566 4915 3679 5036 jam
3709 4923 3789 4970 te-

2214 4997 2338 5036 neat
2369 5008 2379 5036 ς
2426 4990 2504 5036 sin
2534 4986 2825 5036 mnrnbari.
2874 4995 2987 5036 tuto
3019 4986 3117 5036 iam
3148 4984 3357 5036 deserat
3385 5002 3398 5036 :
3453 5000 3577 5036 tltht
3620 4984 3781 5036 innuit

2214 4997 2338 5042 neat
2368 5008 2379 5043 :
2426 4990 2504 5044 sin
2534 4984 2826 5055 reprohari,
2874 4995 2987 5039 tuto
3012 4986 3117 5055 jam
3148 4984 3398 5055 deserat;
3453 4984 3592 5053 quod
3620 4984 3781 5055 innuit

2289 5075 2375 5113 um
2400 5061 2475 5114 ait
2523 5076 2536 5111 :
2588 5053 2688 5111 λιιι
2719 5058 2775 5110 in
2800 5074 2886 5110 vos
2912 5053 3045 5109 solos
3074 5057 3309 5125 pemenit.
3337 5053 3791 5125 Consulatﬂlceter

2252 5130 2431 5185 octiss.
2470 5129 2641 5185 virum
2676 5127 2863 5183 Melon.
2891 5122 3093 5185 Canum
3120 5125 3253 5180 liber
3281 5125 3309 5177 7
3343 5124 3411 5180 de
3426 5125 3566 5181 locis
3601 5122 3766 5180 Theo]

2278 5215 2541 5340 Igéfinter
2558 5267 2839 5340 haereticos
2863 5310 2877 5335 ,
2924 5267 3013 5336 qui
3040 5264 3339 5340 *Ecclesiam
3369 5264 3580 5340 turbare
3615 5265 3787 5321 conati

2213 5335 2355 5417 sunt,
2384 5339 2611 5417 aegeoon
2624 5338 2755 5393 ﬁdei
2781 5335 2975 5417 vexare
2992 5336 3282 5390 sententias
3308 5378 3341 5417 ,_
3369 5335 3665 5417 pii-fecimus
3692 5348 3787 5387 ex-

2214 5410 2346 5485 stitit
2374 5405 2963 5485 Maiarum“?!
2996 5420 3089 5485 .ex
3110 5422 3219 5476 quo
3250 5407 3383 5485 sub.
3406 5405 3616 5485 Ζωίιηο
3652 5418 3784 5485 a9"-

2212 5478 2337 5536 Chr.
2368 5482 2491 5547 448,
2523 5480 2589 5533 ab
2623 5479 2899 5535 Eclanensi
2924 5477 3160 5547 dejectus
3187 5484 3266 5531 est
3289 5477 3609 5547 Episcopatu
3632 5516 3648 5539 ,
3676 5477 3786 5533 imo

2212 5550 2394 5619 pulsus
2421 5538 2491 5606 ex,
2511 5550 2677 5615 Italia,
2708 5564 2870 5619 vagus
2889 5590 2902 5614 ,
2933 5538 3230 5619 etiextorris
3254 5538 3435 5619 nullibi
3458 5538 3641 5619 sedem
3665 5559 3782 5619 cer:

2212 5614 2566 5675 tam‘imbeus.
2592 5614 2729 5673 Nam
2756 5614 2931 5688 primo
2964 5616 3470 5688 (innatantinopolim
3499 5614 3781 5688 ﬁxgit,_sed

2212 5706 2333 5745 arm.
2391 5690 2517 5745 Chr.
2546 5691 2675 5756 451,
2727 5685 2955 5755 vel-432,
2982 5698 3109 5754 post
3134 5687 3461 5754 'Fpimsinnm
3510 5685 3779 5769 Synodlwt
