4028 6184
565 315 667 370 6'79

560 442 615 495 iit
650 434 852 491 scilicet
875 431 973 487 rite
1008 439 1165 501 atque
1190 426 1497 483 solemniter
1534 440 1599 481 ex
1639 440 1821 479 eorum
1861 438 2123 478 consensu

556 536 715 598 atque
740 527 954 581 decreto
977 523 1176 592 antiqui
1216 522 1478 591 dogmatis
1503 519 1688 588 religio
1726 518 2126 571 conﬁrmaretur

556 630 609 673 et
652 616 937 687 prophana:
977 614 1223 669 novitatis
1281 610 1609 680 blasphemia
1663 608 2121 663 condemnaretur.

556 710 703 778 Quod
727 724 848 764 cum
873 708 946 762 ita
970 708 1165 762 factum
1190 704 1344 769 foret,
1362 704 1483 773 jure
1508 701 1802 771 meritoque
1826 700 2016 769 impius
2040 699 2129 753 ille

555 803 829 858 Nestorius
872 801 1142 855 catholicas
1183 798 1432 853 vetustati
1473 795 1766 851 contrarius
1805 794 1901 863 (l),
1941 792 2127 847 beatus

622 956 699 1027 (1)
738 956 850 1011 lloc
889 956 1013 1011 licet
1048 970 1253 1027 verum,
1295 969 1401 1027 non
1453 962 1627 1027 tamen
1664 952 1953 1027 desperatae
2001 965 2127 1004 conv

554 1022 787 1082 scientia:
825 1027 1063 1081 homines
1086 1026 1360 1088 deterruit,
1385 1025 1509 1094 quin
1532 1024 1828 1077 Nestorium
1865 1022 2127 1094 impurum

554 1098 821 1152 hominem
842 1098 1171 1166 susceperim
1191 1090 1595 1166 defeudendum,
1609 1109 1682 1166 iac
1704 1094 1831 1147 diris
1853 1090 2128 1145 calumniis

555 1164 1267 1237 proscindendumsanctum
1299 1164 1569 1237 Cyrillum.
1608 1165 1672 1217 Et
1706 1179 1771 1216 ne
1803 1176 2128 1216 commemo-

555 1234 664 1292 rem
688 1240 1028 1308 impostorem
1063 1237 1229 1295 illum,
1252 1236 1339 1308 qui
1362 1234 1658 1308 Nestorium
1683 1240 1992 1308 pro_sancto
2011 1247 2130 1284 ven-

556 1308 703 1371 didit,
728 1302 789 1362 ae
808 1306 1059 1379 Cyrillum
1095 1308 1244 1375 quasi
1266 1302 1754 1379 Apollinaristarum
1790 1302 2005 1379 haeresis
2026 1316 2131 1379 res-

556 1371 894 1441 tauratoretn,
957 1371 1146 1445 magna
1203 1371 1570 1445 probationum
1632 1374 1796 1445 mole
1824 1388 1852 1424 a
1892 1371 2124 1445 Adoctiss.

556 1447 770 1501 Pctavio
808 1442 1107 1501 convictum
1149 1442 1275 1499 tein.
1318 1462 1368 1497 v.
1411 1444 1477 1497 de
1516 1443 1722 1497 lncarn.
1748 1442 1837 1495 lib.
1881 1442 1941 1506 6;
1982 1451 2126 1495 certe

556 1517 748 1570 mirum
779 1516 1140 1571 estClericum
1176 1515 1271 1584 Ep.
1298 1515 1349 1568 ﬁ.
1374 1513 1504 1568 Crit.
1543 1524 1595 1566 et
1618 1514 1817 1584 Eccles.
1844 1512 1957 1584 lucc
1993 1510 2132 1584 inde-

557 1601 679 1639 cora
701 1587 897 1657 Cyrillo
935 1582 1248 1657 protulisse:
1275 1585 1525 1657 hominem
1556 1585 1607 1636 in
1631 1583 1885 1651 Ephesinu
1913 1582 2129 1657 ξυνιοάο

558 1657 686 1735 αῃυὶ
719 1653 1054 1735 atque‘iniqui
1088 1657 1327 1735 exiguam
1354 1656 1581 1735 [rubuisse
1614 1656 1874 1735 rationem.
1910 1653 1978 1735 Et
2005 1667 2132 1731 quo-

558 1722 698 1780 niam
733 1722 829 1781 SS.
854 1722 1059 1781 Ascetae
1093 1722 1274 1779 lsidori
1312 1724 1588 1778 Pelusiotae
1610 1724 1843 1791 epistolis
1877 1722 2129 1789 abutitur,

559 1806 615 1849 ut
653 1796 833 1851 offusa:
870 1796 1076 1851 veritati
1123 1796 1465 1864 dispellantur
1504 1794 1761 1856 tenebrae,
1806 1794 1917 1845 haec
1969 1807 2132 1864 pauca

560 1868 841 1921 observare
861 1867 1085 1936 placuit:
1110 1861 1331 1931 Quatuor
1364 1864 1545 1919 lsidori
1569 1874 1772 1936 exstant
1791 1861 2039 1936 epistolae
2065 1861 2133 1915 ad

559 1938 840 2007 Cyrillum,
861 1932 1073 2017 'neinpc
1111 1937 1247 2017 51th
1275 1936 1397 2017 δὶς),
1616 1934 1826 2017 ει-Ξξςῖο.
1871 1932 1925 2014 lu
1957 1932 2133 2017 prima

560 2004 701 2061 certe
740 2004 1185 2076 comparationem
1236 2006 1459 2059 instituit
1498 2004 1846 2076 Theophilum
1898 2004 2136 2076 inter‘ct

560 2071 1023 2148 Chrysostofnum;
1061 2087 1119 2148 ut
1151 2076 1287 2130 sicut
1312 2076 1406 2148 ille
1440 2076 1580 2128 hunc
1614 2071 1894 2143 oppressit,
1938 2073 2008 2125 ita
2040 2071 2137 2141 Cy-

562 2146 707 2201 rillu’s
739 2148 1054 2202 Natorium.
1082 2147 1275 2199 Verum
1311 2146 1409 2198 hoc
1443 2160 1548 2197 non
1584 2154 1691 2197 tam
1724 2160 1789 2197 ex
1825 2160 1940 2205 suo,
1976 2158 2134 2211 quam

561 2218 780 2271 aliorum
803 2234 960 2272 sensu
993 2217 1121 2270 dicit
1146 2234 1156 2268 :
1188 2235 1205 2267 ι
1234 2215 1399 2279 Multi,
1423 2231 1488 2268 ex
1522 2215 1585 2267 iis
1606 2215 1693 2283 qui
1728 2223 1849 2267 sunt
1869 2213 2134 2283 Ephesum

567 2307 585 2338 ι
615 2289 802 2352 coacti,
827 2297 877 2342 te
913 2284 1210 2351 traducunt,
1235 2294 1292 2338 ut
1326 2287 1580 2353 privatam
1604 2282 2007 2352 persequentem
2046 2282 2138 2334 ini-

568 2377 585 2407 α
614 2359 885 2417 micitiam,
910 2372 1013 2410 non
1036 2372 1152 2425 qua:
1186 2354 1522 2425 suntChristi
1544 2363 1687 2425 recta
1723 2354 1981 2425 sententia
2003 2368 2139 2425 qua}:

570 2446 587 2477 ι
618 2437 840 2480 rcutem.
865 2424 1074 2481 Sororis
1110 2424 1405 2492 TheOphili,
1444 2424 1703 2492 inquiunt,
1741 2424 1877 2476 ﬁlius
1910 2433 2011 2487 est,
2048 2424 2137 2492 qui

570 2516 587 2547 ι
616 2496 729 2563 ejus
761 2496 995 2549 animum
1030 2491 1290 2559 imitatur;
1327 2502 1384 2547 ut
1402 2491 1543 2547 enim
1580 2494 1665 2547 ilie
1699 2493 2035 2547 manifestum
2068 2491 2139 2545 fu-

571 2585 589 2617 ι
618 2580 791 2619 rorem
824 2565 1006 2619 effudit
1039 2564 1090 2617 in
1123 2564 1445 2633 religiosum,
1477 2579 1539 2617 ac
1574 2564 1682 2618 Deo
1716 2580 1941 2617 amicum
1975 2563 2137 2617 Joan-

571 2655 589 2687 ι
618 2651 768 2701 nem;
793 2636 869 2690 sic
901 2644 955 2689 et
986 2635 1071 2688 hic
1092 2635 1363 2703 superbire
1396 2634 1569 2704 gestit.
1604 2653 1619 2683 ι
1648 2633 1790 2703 Opus
1819 2644 1993 2687 autem
2027 2642 2141 2687 erat

566 2706 619 2760 in
654 2706 735 2761 his
771 2706 998 2776 querelis
1031 2706 1271 2759 criticum
1307 2704 1557 2759 adhibere
1591 2704 1787 2757 lumen.
1831 2704 1961 2757 Nam
1995 2704 2039 2757 si
2072 2704 2141 2776 ab

567 2776 741 2846 impiis
780 2774 1078 2830 hominibus
1126 2777 1364 2830 conﬁcta:
1404 2775 1517 2846 illa:
1556 2775 1784 2846 fuerunt,
1828 2784 1885 2827 ut
1932 2774 2137 2846 revera,

568 2844 701 2901 teste
730 2846 964 2901 Concilio
999 2847 1112 2915 ipso
1146 2847 1197 2900 in
1232 2846 1328 2915 Ep.
1366 2845 1433 2899 ad
1467 2845 1675 2899 Clerum
1708 2844 2143 2915 Constantinopo-

568 2917 804 2979 litanum,
842 2917 999 2970 multa
1020 2914 1230 2971 nedum
1251 2914 1463 2986 Cyrillo,
1488 2915 1580 2969 sed
1614 2916 1775 2986 etiam
1795 2914 2054 2986 Memnoni
2075 2914 2142 2986 ab

567 2987 829 3041 haereticis
870 2987 1113 3057 imposita
1147 2984 1305 3041 fuere
1329 2986 1549 3057 crimina
1574 3003 1586 3037 :
1606 2985 1715 3057 jam
1756 2985 1973 3057 rationis
2012 2984 2142 3057 ordo

568 3058 817 3127 poscebat
855 3054 959 3127 pro
989 3057 1144 3110 nullis
1183 3056 1450 3111 habendas
1480 3071 1605 3127 esse
1645 3056 1987 3127 inimicorum
2022 3054 2143 3127 fidei

568 3126 980 3191 criniiuatiOnes;
1003 3128 1088 3196 qui
1106 3128 1255 3191 enim,
1280 3138 1336 3181 ut
1356 3126 1526 3196 lepide
1546 3126 1619 3178 ait
1638 3126 1957 3195 Augustinus
1977 3126 2067 3179 lib.
2089 3126 2139 3177 l.

567 3198 687 3251 adv.
724 3198 1128 3253 Parmenianum
1161 3214 1275 3267 cap.
1315 3198 1368 3264 6,
1405 3196 1653 3259 numJl,
1679 3197 1959 3265 justissime
1990 3198 2145 3250 rictus

570 3278 661 3330 est,
686 3281 744 3321 ea
763 3270 983 3321 caecitate
1002 3269 1061 3321 de
1082 3268 1525 3337 innocentejudtce
1556 3277 1855 3337 murmurat,
1878 3284 1985 3337 qtta
2009 3268 2146 3320 σατί-

570 3349 669 3418 {ate
706 3338 767 3418 de
799 3339 1055 3418 innocente
1092 3336 1376 3418 aduersario
1412 3337 1657 3418 litigabat.
1700 3336 1765 3389 Et
1797 3336 2143 3418 saneOdelin-

569 3408 769 3463 dustria
808 3407 1070 3461 Pelusiota
1118 3408 1201 3463 his
1238 3423 1355 3478 qua:
1402 3407 1620 3461 recitata
1659 3416 1782 3459 sunt
1831 3407 2147 3461 additzticet

570 3494 805 3545 magnum
828 3478 1079 3545 latumque
1097 3479 1159 3529 sit
1180 3477 1442 3530 discrimen
1472 3482 1601 3530 inter
1620 3493 1701 3529 eos
1720 3478 1805 3545 qui
1823 3477 2111 3545 judicantui
2129 3519 2140 3530 .

570 3545 742 3615 Probe
776 3560 1000 3613 namque
1034 3548 1499 3615 noveratOptimus
1524 3548 1613 3600 Vir
1644 3547 1917 3615 Cyrillum,
1942 3556 2000 3601 ut
2034 3548 2144 3615 ipse

572 3614 805 3687 loquitur
834 3616 886 3669 in
910 3616 1246 3687 AEpist:_57O,
1293 3614 1497 3670 nonnisi
1530 3615 1589 3671 S.
1623 3617 1884 3687 Athanasii
1924 3614 2067 3687 sequi
2088 3635 2147 3670 ac

575 3694 737 3757 reuere
761 3684 1057 3750 doctrinam,
1080 3685 1323 3740 Nestorio
1349 3687 1602 3741 adversus
1629 3686 1764 3740 hanc
1792 3684 2005 3756 impiam
2035 3703 2148 3757 pro-

550 3754 752 3826 ﬁtente
781 3763 841 3826 et
880 3764 1139 3825 sectante;
1169 3772 1326 3826 quam
1367 3758 1434 3812 ob
1460 3773 1671 3813 causam
1699 3759 1750 3811 in
1779 3754 1962 3813 eadem
2002 3754 2141 3813 laud.

572 3825 737 3894 Epist.
771 3825 827 3880 S.
860 3826 1039 3881 Virum
1067 3825 1287 3883 miriﬁce
1313 3828 1533 3891 extollit,
1564 3837 1621 3882 ut
1646 3829 1821 3897 magni
1848 3829 1983 3882 illius
2013 3828 2146 3881 Mar-

571 3897 615 3949 ci
642 3897 852 3969 speciem
874 3910 1038 3969 atque
1065 3898 1287 3952 habitum
1328 3900 1690 3969 prwferentem,
1721 3908 1775 3951 et
1813 3899 1864 3969 in
1900 3914 1985 3967 ep.
2018 3898 2141 3966 524,

569 3966 795 4037 appellat
836 3966 995 4021 virum
1034 3966 1407 4033 admirandum,
1436 3966 1611 4037 quum
1653 3968 1705 4021 in
1742 3968 1897 4035 epist.
1938 3966 2143 4037 pmice-

569 4036 725 4107 dente
753 4038 876 4105 525,
919 4038 1256 4107 summopere
1297 4036 1649 4100 commendet,
1681 4038 1802 4106 quia
1844 4036 2146 4107 Sanctorum

569 4106 784 4160 Patrum
808 4124 1024 4170 sensum,
1054 4124 1112 4160 ac
1130 4106 1399 4161 Athanasii
1426 4107 1719 4170 praesertim,
1749 4108 1881 4159 circa
1908 4106 2148 4162 Incarna—

569 4178 717 4231 tionis
747 4178 1034 4246 mysterium
1059 4186 1257 4230 strenue
1281 4176 1579 4240 sectabatur,
1612 4186 1665 4231 et
1702 4176 2034 4232 defendebat.
2064 4180 2145 4235 Nil

568 4263 694 4317 ergo
723 4247 915 4301 mirum
945 4255 999 4301 et
1033 4262 1262 4311 novum,
1293 4247 1337 4301 si
1363 4247 1431 4301 ob
1460 4246 1861 4317 perversitatem
1890 4248 2148 4306 doctrinas

568 4316 810 4371 Nestorio
850 4317 1070 4382 restitit,
1101 4326 1379 4387 postquam
1414 4317 1544 4371 nihil
1570 4316 1862 4371 officiorum
1893 4334 1955 4373 ac
1978 4318 2144 4374 bene-

567 4387 811 4442 volentia:
840 4388 1110 4452 omiserat,
1158 4404 1214 4441 υι
1255 4388 1520 4457 perditum
1562 4388 1829 4442 hominem
1856 4389 1922 4443 ab
1962 4404 2146 4446 errore

568 4466 860 4522 revocaret,
883 4458 1023 4528 quod
1049 4458 1212 4528 liquet
1236 4475 1301 4513 ex
1327 4459 1562 4528 epistolis
1587 4458 1654 4513 ad
1679 4474 1799 4513 eum
1826 4458 2061 4525 directis,
2083 4476 2146 4516 ac

568 4542 633 4600 ex
664 4528 750 4600 illa
777 4528 843 4582 ad
868 4528 1142 4600 [Egyptios
1186 4529 1474 4584 monachos
1512 4528 1652 4583 data.
1682 4528 1855 4595 Quum
1894 4530 2035 4584 enim
2077 4530 2144 4585 ad

568 4596 667 4671 bos
706 4596 1195 4671 Nestorii'homiliis
1234 4615 1495 4671 venenum
1524 4600 1868 4671 pervenisset,
1900 4616 1967 4654 ne
1994 4610 2145 4671 peste

568 4668 833 4740 simplices
874 4670 1269 4740 corriperentur
1307 4668 1568 4733 homines,
1606 4670 1750 4739 gravi
1786 4668 2143 4740 monuit'epi-

568 4738 721 4810 stola,
753 4739 841 4792 ubi
869 4738 1048 4793 veram
1077 4755 1168 4793 eos
1194 4739 1414 4810 docebat
1440 4738 1627 4803 ﬁdem,
1647 4741 1796 4809 cujus
1825 4738 2141 4810 exemplari-

567 4806 664 4866 bus
690 4808 1197 4880 Constantinopolim
1235 4809 1493 4873 adductis,
1524 4806 1821 4879 complures
1849 4811 1900 4864 in
1929 4806 2142 4880 antiqua

568 4882 671 4937 ﬁde
699 4881 888 4935 ﬁrmati
917 4888 1065 4945 sunt;
1096 4880 1217 4933 hinc
1242 4880 1507 4949 principes
1532 4888 1586 4934 et
1625 4881 1979 4950 magistratus,
2012 4882 2143 4935 scri-

568 4952 673 5023 ptis
702 4951 768 5006 ad
794 4951 1045 5023 Cyrillum
1072 4950 1281 5023 litteris,
1312 4951 1505 5023 gratias
1531 4951 1580 5004 ei
1604 4959 1845 5023 egerunt.
1880 4950 1959 5023 Ita
1990 4952 2141 5023 exule

567 5020 778 5076 ceratos
804 5020 902 5076 fuit
926 5021 1109 5075 contra
1142 5020 1557 5075 Alexandrinum
1588 5020 1887 5075 Antistitem
1915 5020 2141 5075 Nestorii

568 5091 795 5157 animus,
824 5092 1102 5160 omniaque
1140 5091 1353 5145 molitus
1378 5099 1477 5151 est,
1520 5099 1578 5144 ut
1610 5105 1731 5143 eum
1770 5091 2138 5156 ulcisceretur;

567 5162 657 5233 qui
684 5161 1361 5233 lmperatorishumanitate
1386 5161 1600 5225 abusus,
1623 5160 1897 5233 calumniis
1923 5161 1974 5212 in
1991 5160 2141 5233 illum

567 5230 872 5298 commtivit,
900 5230 1040 5301 quod
1064 5247 1213 5285 acres
1240 5232 1577 5301 minacesque
1602 5230 1666 5283 ad
1701 5230 1949 5301 Cyrillum
1974 5230 2139 5284 desti-

568 5313 706 5358 natae
753 5300 989 5372 epistolas
1026 5302 1281 5370 probant,
1321 5300 1509 5371 quibus
1549 5300 1866 5369 impudentis
1904 5316 1966 5354 ac
2004 5301 2138 5356 irre-

569 5374 730 5443 quieti
782 5372 942 5443 animi
999 5372 1372 5443 turbarumque
1415 5372 1715 5443 appetentis
1768 5372 2023 5443 culpatur.
2072 5372 2140 5425 At

569 5442 725 5513 paulo
753 5452 872 5513 post
896 5442 1146 5497 discussis
1172 5442 1375 5496 nebulis
1400 5458 1585 5513 serena
1614 5442 1847 5495 veritatis
1873 5442 2041 5513 facies
2054 5456 2139 5513 ap-

606 5511 770 5577 aruit,
801 5512 1042 5568 Nestorio
1070 5529 1163 5581 pro
1203 5513 1454 5567 haeretica
1479 5521 1532 5566 et
1571 5512 1733 5581 impio
1761 5513 1935 5581 agnito
1955 5554 1969 5573 ,
2013 5511 2138 5565 dum

629 5587 782 5654 terim
809 5582 1035 5654 Cyrillus
1063 5582 1220 5636 totius
1245 5582 1398 5637 Orbis
1423 5598 1683 5654 consensu
1713 5598 1937 5654 summas
1949 5582 2138 5654 probi—

573 5654 694 5722 tatis
714 5653 812 5712 vir,
835 5652 893 5705 ac
917 5661 1245 5704 sacrosancta:
1268 5653 1567 5721 antiquitati,
1592 5659 1651 5704 ut
1674 5652 1902 5722 loquitur
1922 5652 2139 5706 Vincen-

573 5721 681 5787 tius
716 5728 915 5784 noster,
955 5730 1308 5775 consentaneus
1345 5731 1418 5776 est
1442 5722 1722 5790 judicatus.
1751 5721 1985 5789 Propter
2020 5739 2144 5793 quin

1792 302 2122 361 VINCENTII
2158 304 2531 365 LlRlNENSlS

3691 315 3807 375 680

2227 434 2353 477 vero
2376 418 2603 490 Cyrinus
2626 423 2968 471 sacrosancta
2992 412 3286 484 antiquitati
3310 417 3702 467 consentaneus
3719 409 3806 480 ju-

2228 514 2431 568 dicatus
2459 519 2558 567 est.
2588 512 2655 565 Et
2680 518 2737 565 ut
2761 509 2828 563 ad
2856 509 3011 565 ﬁdem
3036 522 3215 563 rerum
3254 504 3387 560 nihil
3411 504 3645 573 deesset,
3685 514 3803 560 tam

2228 606 2442 661 nomina
2468 614 2522 659 et
2558 618 2836 658 numerum
2863 601 3004 671 (licet
3028 601 3272 655 ordinem
3310 598 3594 654 fuissemus
3627 599 3804 671 obliti)

2231 699 2492 753 edidimus
2516 713 2700 753 eorum
2728 705 2931 765 patrum
2954 693 3101 763 juxta
3135 707 3361 762 quorum
3387 693 3585 749 ibidem
3620 694 3806 749 conci-

2231 797 2445 844 nentem
2470 788 2570 843 sibi
2596 786 3016 856 concordemque
3042 784 3357 839 sententiam
3391 791 3445 839 et
3468 784 3600 854 legis
3636 799 3811 840 sacra:

2232 882 2503 951 proloquia
2545 880 2785 949 exposita
2830 888 2970 945 sunt,
3019 886 3073 932 et
3114 876 3279 932 divini
3320 876 3572 947 dogmatis
3617 878 3816 949 regula

2232 975 2560 1030 constabilita
2594 983 2709 1029 est:
2734 988 2887 1044 quos,
2927 971 2995 1027 ad
3018 970 3430 1026 conﬁrmandam
3466 971 3815 1037 memoriam,

2233 1066 2318 1121 hic
2342 1083 2552 1137 quoque
2575 1082 2856 1122 recensere
2878 1078 3211 1136 nequaquam
3235 1065 3559 1135 superﬂuum
3582 1074 3683 1121 est.

2303 1160 2470 1214 XXX.
2512 1160 2646 1215 Sunt
2670 1175 2797 1230 ergo
2822 1160 2878 1214 hi
2903 1160 3004 1213 viri
3024 1174 3248 1229 quorum
3274 1159 3327 1213 in
3356 1158 3447 1213 illo
3467 1156 3707 1214 Concilio
3726 1159 3817 1214 vel

2234 1263 2482 1324 tanquam
2502 1252 2741 1323 judicum
2760 1253 2843 1307 vel
2866 1260 3116 1322 tanquam
3137 1252 3352 1307 testium
3379 1252 3572 1322 scripta
3594 1252 3816 1307 recitata

2236 1356 2377 1401 sunt.
2406 1346 2631 1401 Sanctus
2653 1346 2841 1401 Petrus
2870 1343 2945 1415 (1)
2987 1344 3377 1399 Alexandrinus
3408 1344 3706 1416 Episcopus
3733 1345 3814 1416 (2)

2234 1441 2420 1495 doctor
2440 1439 2901 1509 prazstantissimus
2919 1446 2973 1495 et
2986 1446 3186 1509 martyr
3204 1437 3561 1493 beatissimus.
3587 1437 3816 1493 Sanctus

2236 1533 2575 1601 Athanasius,
2605 1533 2845 1603 ejusdem
2870 1532 3097 1587 civitatis
3123 1531 3364 1598 antistes,
3392 1531 3643 1602 magister
3677 1531 3815 1586 ﬁde-

2236 1626 2469 1680 lissimus
2495 1636 2549 1680 et
2572 1626 2845 1682 confessor
2868 1624 3335 1681 eminentissimus.
3365 1623 3590 1679 Sanctus
3631 1622 3816 1679 Theo-

2238 1716 2415 1784 philus
2442 1718 2539 1787 (5),
2583 1716 2822 1785 ejusdem
2862 1716 2991 1771 item
3029 1716 3174 1769 urbis
3213 1714 3527 1785 Episcopus,
3567 1715 3647 1771 vir
3684 1714 3815 1785 ﬁde,

2236 1809 2362 1875 vita,
2405 1810 2624 1863 scientia
2662 1811 2789 1864 satis
2828 1809 3031 1877 clarus,
3072 1808 3157 1863 cui
3193 1808 3448 1864 successit
3481 1810 3820 1864 venerandus

2237 1900 2486 1971 Cyrillus,
2514 1901 2605 1972 qui
2628 1917 2769 1956 nunc
2793 1900 3205 1955 Alexandrinam
3236 1902 3462 1957 illustrat
3495 1902 3819 1982 Ecclesiam.

2240 2067 2468 2135 ingentia
2496 2066 2546 2119 in
2568 2066 2890 2121 Catholicam
2916 2064 3072 2120 ﬁdem
3092 2066 3295 2131 merita,
3316 2073 3368 2119 et
3386 2074 3441 2120 ut
3466 2065 3669 2134 majore
3688 2081 3823 2122 cum

2240 2139 2552 2191 auctoritate
2580 2136 2634 2189 in
2660 2136 2873 2207 Synodo
2900 2136 3215 2207 Apostolicaa
3254 2135 3390 2191 sedis
3413 2137 3645 2207 legatum
3686 2152 3824 2207 age-

2240 2217 2341 2267 ret,
2386 2207 2607 2276 phrygio
2648 2220 2677 2277 a
2706 2206 3002 2277 Caelestino
3028 2206 3168 2277 Papa
3207 2207 3427 2261 donatus
3462 2206 3578 2277 fuit,
3623 2206 3824 2277 nempe

2240 2278 2396 2330 mitra
2419 2296 2429 2329 :
2450 2292 2605 2345 quam
2628 2276 2783 2346 Card.
2802 2276 2868 2329 de
2895 2276 3049 2331 Neris
3071 2276 3161 2330 lib.
3180 2277 3215 2330 2
3245 2277 3368 2331 hist.
3386 2276 3562 2346 Pelag.
3580 2291 3699 2346 cap.
3720 2290 3822 2341 ιιι,

2241 2344 2479 2399 :estimat
2496 2344 2774 2415 phrygium
2803 2346 3017 2417 dictam,
3040 2347 3287 2417 quoniam
3316 2355 3429 2417 erat
3448 2344 3822 2417 peculiarete~

2242 2426 2557 2487 gumentum
2582 2417 2787 2483 capitis,
2818 2432 2921 2487 quo
2956 2416 3190 2487 Phryges
3223 2416 3532 2482 utebantur;
3561 2417 3684 2471 hinc
3717 2416 3822 2471 La-

2243 2488 2383 2557 tinus
2426 2486 2752 2557 apuinrg.
2812 2486 3020 2541 Eneid.
3070 2486 3121 2551 9,
3168 2502 3308 2541 vers.
3365 2487 3486 2553 616,
3538 2488 3823 2557 exprobrat

2244 2556 2538 2628 Phrygibus
2563 2556 2746 2610 Alneae
2772 2556 2950 2623 sociis,
2979 2557 3120 2627 quod
3143 2558 3327 2612 mitras
3353 2558 3406 2611 in
3433 2556 3617 2628 capite
3642 2566 3821 2629 gesta-

2244 2636 2380 2681 rent.

2385 2738 2453 2791 Et
2482 2740 2661 2792 tunica:
2686 2740 2927 2803 manicas,
2957 2748 3003 2794 et
3030 2740 3210 2793 habent
3232 2741 3527 2795 redimicula
3550 2746 3738 2807 murta,

2390 2808 2433 2861 0
2460 2826 2570 2862 vere
2596 2808 2853 2880 Phrygiae,
2883 2827 3039 2881 neque
3063 2812 3191 2864 enim
3221 2810 3473 2883 Phryges!

2245 2912 2498 2967 Consulat
2522 2914 2666 2968 Lect.
2696 2914 2836 2968 laud.
2866 2914 3021 2969 Card.
3051 2924 3103 2969 et
3128 2916 3291 2970 multa
3316 2925 3551 2972 veterum
3578 2919 3798 2974 testimo

2246 2984 2336 3057 nia
2352 2984 2495 3057 apud
2521 3000 2640 3039 eum
2669 3000 2786 3057 rem
2809 2985 3118 3057 illustrantia
3144 2987 3450 3057 comperiet.

2318 3053 2394 3124 (1)
2432 3054 2502 3108 At
2526 3069 2629 3107 non
2658 3054 2833 3107 minus
2859 3055 3075 3119 ordinis,
3103 3053 3490 3124 quam'numeri
3523 3057 3720 3113 oblitus
3743 3070 3829 3117 est

2248 3124 2304 3178 S.
2350 3124 2459 3178 Vir.
2507 3124 2736 3189 Ordinis,
2782 3125 2902 3195 quia
2946 3135 3065 3195 post
3106 3124 3339 3193 Petrum,
3382 3138 3435 3182 et
3477 3128 3825 3186 Athanasium

2248 3195 2575 3267 memorandi
2608 3204 2767 3267 erant
2805 3194 2990 3267 Julius,
3020 3206 3073 3267 et
3112 3195 3279 3260 Felix,
3323 3206 3443 3267 post
3471 3198 3826 3267 Theophilum

2247 3264 2561 3337 Cyprianus,
2591 3264 3137 3337 deindeuAnibrosius,
3165 3264 3354 3337 quibus
3389 3264 3649 3323 subdendi
3676 3276 3828 3325 erant

2248 3334 2626 3407 Nazianzenus,
2658 3334 2898 3407 Basilius,
2928 3334 3300 3407 achssenus,
3332 3353 3436 3391 non
3466 3340 3829 3407 prietermisso

2249 3404 2424 3478 Attico
2451 3405 2711 3478 Episcopo
2735 3404 3332 3478 Constantinopolitano,
3362 3417 3417 3463 et
3454 3404 3830 3478 Mphilochio

2250 3473 2679 3547 lconiipriesule,
2707 3491 2930 3547 quorum
2958 3473 3255 3531 testimonia
3291 3473 3575 3547 postremo
3587 3478 3737 3535 fuere
3777 3480 3831 3535 in

2250 3544 2465 3615 Synodo
2503 3544 2735 3600 laudata.
2761 3545 2910 3601 Unde
2948 3547 3186 3611 infertur,
3224 3544 3428 3603 numeri
3468 3548 3626 3603 etiam
3668 3548 3832 3605 fuisse

2250 3617 2487 3688 oblitum,
2516 3617 2636 3685 quia
2666 3632 2767 3672 non
2797 3616 3000 3683 decem,
3029 3626 3087 3671 ut
3115 3619 3268 3687 paulo
3294 3629 3413 3688 post
3438 3620 3529 3684 ait,
3558 3619 3651 3672 sed
3691 3620 3833 3673 duo-

2250 3686 2422 3742 decim
2448 3686 2657 3740 fuerunt
2695 3695 2941 3756 tanquam
2982 3686 3162 3753 testes,
3187 3686 3410 3756 judices,
3440 3704 3502 3743 ac
3540 3690 3832 3747 consiliarii

2250 3757 2305 3811 in
2330 3756 2544 3828 Synodo
2570 3756 2870 3813 introducti.
2902 3758 2967 3811 Et
3002 3773 3129 3811 sane
3169 3758 3522 3826 Amphilochii
3572 3767 3626 3813 et
3666 3761 3831 3817 Attici

2250 3827 2522 3883 retinenda
2562 3840 2681 3882 esse
2707 3828 3005 3881 testimonia
3042 3843 3107 3881 ex
3134 3827 3235 3882 ﬁde
3271 3828 3419 3884 MSS.
3459 3828 3737 3893 Codicum,
3768 3846 3832 3887 ac

2250 3914 2315 3952 ex
2341 3898 2503 3951 Mario
2521 3897 2811 3951 Mercatore
2832 3898 3060 3953 ostendit
3085 3898 3144 3951 P.
3166 3898 3462 3955 llarduinus
3478 3907 3603 3953 tom.
3626 3900 3676 3953 1.
3692 3900 3830 3955 Con-

2250 3969 2336 4021 cil.
2383 3983 2501 4037 pag.
2552 3968 2671 4037 M7;
2718 3968 2907 4036 quibus
2961 3968 3153 4022 addere
3196 3968 3352 4023 liceat
3407 3970 3828 4028 vetustissimum

2250 4036 2484 4093 codicem
2515 4036 2646 4090 Bibl.
2680 4037 2944 4092 Vaticamc
2972 4054 3116 4092 num.
3146 4038 3302 4104 1542,
3335 4041 3493 4094 etiam
3520 4039 3829 4097 testimonia

2249 4107 2334 4161 illa
2360 4108 2704 4181 exhibentem
2713 4148 2724 4169 ,
2744 4107 2843 4181 qui
2869 4123 2902 4181 a
2928 4108 3153 4181 Qaronio
3180 4109 3236 4181 in
3263 4110 3536 4164 annalibus
3572 4108 3828 4181 frequen-

2249 4186 2331 4233 ter
2354 4178 2643 4248 appellatur
2668 4177 2917 4232 Collectio
2940 4178 3310 4233 Crescouiana.

2320 4246 2401 4319 (2)
2428 4246 2693 4302 Eusebius
2718 4248 2842 4301 hist.
2873 4249 3047 4320 Ecele.
3077 4248 3166 4303 lib.
3198 4249 3249 4304 8.
3278 4265 3395 4320 cap.
3428 4252 3512 4305 15.
3543 4249 3679 4305 Edit.
3712 4251 3825 4305 Va-

2247 4319 2343 4390 les.
2387 4319 2986 4390 entimerans_ieos,_qui
3029 4319 3380 4384 Alexandriae,
3424 4329 3477 4375 et
3519 4336 3613 4390 per
3658 4330 3823 4377 totam

2247 4388 2539 4461 Egyptum
2586 4404 2650 4461 ac
2690 4388 3224 4461 Thebaidemunobili
3263 4388 3533 4461 martyrio:
3558 4390 3823 4458 perfuncti

2248 4467 2434 4513 erant:
2465 4479 2482 4509 ‹
2506 4458 2720 4512 Primus
2745 4460 2999 4521 omnium,
3030 4459 3215 4529 inquit,
3244 4458 3589 4529 nominandus
3618 4469 3702 4514 est
3731 4462 3823 4516 Pe-

2255 4548 2272 4580 ι
2302 4538 2414 4583 trus
2452 4529 2820 4600 Alexandrina:
2858 4528 3117 4583 Ecclesiae
3156 4530 3467 4600 Episcopus,
3500 4528 3823 4600 Christianae

2255 4619 2273 4651 ‹
2301 4600 2570 4669 religionis
2598 4599 2783 4654 doctor
2808 4599 3049 4669 eximius.
3083 4618 3101 4649 ›
3127 4598 3254 4668 Ejus
3287 4600 3417 4655 liber
3440 4598 3823 4669 deDivinitate

2247 4668 2522 4751 nedum‘in
2550 4670 2811 4751 Ephesina
2838 4668 3070 4751 Synodo,
3099 4685 3307 4751 verum;
3332 4677 3396 4751 et
3406 4668 3565 4751 paulo
3600 4679 3727 4739 post
3767 4672 3821 4727 in

2246 4739 2661 4798 Chalcedonensi
2699 4739 3097 4795 commendatus
3131 4749 3230 4794 est.
3268 4739 3496 4810 Contigit
3519 4739 3633 4808 ejus
3672 4756 3819 4795 mar—

2246 4810 2438 4880 tyrium
2466 4826 2588 4863 ann.
2619 4811 2741 4877 5H,
2772 4826 2910 4863 nono
2950 4809 3478 4880 persecutionisann.
3520 4810 3617 4864 sub
3655 4809 3816 4866 Maxi'

2245 4879 2422 4950 miano
2449 4880 2789 4950 hnperatore,
2820 4880 2862 4934 si
2888 4881 3183 4950 persecutio
3208 4879 3515 4935 Diocletiani
3540 4880 3702 4949 coepit
3728 4897 3809 4934 an.

2245 4949 2343 5003 Ch.
2373 4951 2496 5015 502,
2525 4949 2577 5004 et
2616 4966 2718 5003 non
2747 4950 2868 5014 505,
2906 4949 3047 5019 quod
3072 4959 3246 5005 tamen
3283 4950 3564 5020 opinantur
3602 4951 3803 5019 peritis

2246 5020 2364 5074 simi
2390 5020 2728 5089 Chronologi.

2317 5091 2391 5162 (3)
2432 5092 2506 5144 De
2533 5090 2840 5162 Theophila,
2870 5098 2925 5145 et
2947 5090 3145 5162 Joanne
3171 5091 3548 5162 Chrysostomo
3582 5090 3698 5162 hgec
3724 5092 3817 5146 ha—

2244 5160 2333 5215 bet
2356 5161 2585 5229 Prosper
2610 5162 2661 5214 in
2690 5161 2885 5215 Chron.
2915 5161 2981 5214 ad
3006 5160 3165 5215 Cons.
3198 5160 3485 5227 Vincentii,
3516 5170 3568 5216 et
3594 5161 3813 5230 Fraviti,

2244 5230 2331 5300 qui
2359 5231 2540 5285 incidit
2578 5232 2629 5284 iu
2659 5246 2782 5284 ann.
2810 5230 2910 5285 Ch.
2952 5231 3047 5284 401
3080 5250 3090 5284 :
3121 5251 3138 5282 ι
3166 5231 3395 5286 Joannes
3434 5231 3817 5287 Constantino-

2251 5319 2267 5350 ι
2298 5302 2579 5383 politauus,
2608 5310 2661 5383 et
2688 5300 3010 5383 ThEOP‘ilii‘llS
3035 5302 3421 5383 Alexandrinus
3448 5302 3679 5383 illustres
3701 5302 3814 5383 Epi-

2250 5388 2269 5421 ι
2296 5372 2440 5439 scepi
2467 5371 2740 5425 habentur.
2772 5370 2875 5424 Sed
2903 5378 3181 5440 utrumque
3206 5371 3504 5426 obscuravit
3527 5370 3814 5440 discordia,

2250 5460 2268 5492 (
2296 5458 2412 5510 quzc
2438 5457 2502 5496 eo
2527 5457 2691 5510 usque
2716 5440 2991 5510 processit,
3022 5451 3079 5495 ut
3101 5440 3329 5495 Joannes
3354 5441 3384 5494 ὁ
3410 5441 3705 5511 Theophilo
3730 5458 3816 5511 op-

2250 5530 2267 5561 (
2295 5527 2526 5580 pressus,
2574 5512 2795 5565 Pontum
2842 5511 2998 5565 exilio
3040 5527 3258 5581 pergere
3302 5520 3606 5581 cogeretur;
3649 5525 3813 5581 quum

2248 5600 2268 5631 ι
2293 5590 2466 5636 tamen
2506 5583 2927 5652 communionem
2957 5581 3070 5650 ejus
3107 5582 3332 5652 maxima
3358 5595 3480 5650 pars
3518 5581 3814 5652 Episcopo-

2248 5671 2267 5703 ι
2293 5667 2431 5733 rum.
2461 5652 2683 5710 Romani
2708 5651 2976 5709 Pontiﬁcis
2999 5651 3296 5723 exemplum
3334 5660 3534 5719 secuta,
3563 5651 3827 5721 set-varos

2246 5743 2266 5779 ‹
2292 5730 2380 5777 rit.
2410 5741 2431 5775 ι
