4028 6184
186 305 290 366 “5

1244 308 1299 367 Β.
1332 308 1738 370 EUCHE-RIUS.
1751 340 1822 355 —-
1836 309 2372 368 PROLEGOMENA.

3345 319 3448 377 686

183 426 322 481 tiens
361 431 667 478 sanctorum
697 430 910 491 patrum
934 420 1195 477 tenuisset
1215 424 1529 494 antiquitas,
1565 425 1765 495 quique
1792 427 1844 486 Α
1870 440 1963 477 nas
1976 441 2151 477 vocum
2166 424 2435 491 novitates,
2456 421 2886 499 etitem:Siqpis
2914 422 3054 497 vobis
3076 427 3450 497 urinantiavcrit

184 522 345 576 etiam
372 518 733 572 vociferantes
759 526 812 571 et
839 517 1227 584 adclamantes,
1260 534 1366 571 uno
1389 534 1481 573 ore
1505 520 1771 574 testiﬁcati

186 624 313 669 sunt
343 613 438 666 has
460 624 581 667 esse
607 609 843 665 omnium
874 626 1057 676 voces,
1089 609 1194 665 hoc
1221 626 1409 665 omnes
1437 623 1645 680 optare,
1672 611 1774 679 hoc

188 720 383 761 omnes
400 718 653 769 censere;
681 704 893 757 utsicut
913 702 1149 757 universi
1177 702 1287 757 fere
1316 700 1441 757 ante
1468 702 1771 757 Nestorium

190 798 449 861 haeretici,
472 803 881 849 contemnentes
901 803 1250 859 vetustatem,
1276 804 1327 849 et
1349 794 1662 848 adserentcs
1682 811 1776 850 no-

192 891 433 955 vitatem,
454 889 693 942 damnati
712 887 962 949 fuissent,
993 886 1069 941 ita
1091 888 1205 955 ipse
1234 902 1447 957 quoque
1472 886 1771 953 Nestorius,

195 990 386 1037 auctor
406 982 695 1047 novitatis,
747 990 801 1036 et
832 981 1170 1055 impugnator
1190 980 1493 1043 vetustatis,
1525 978 1779 1033 condem-

192 1083 439 1128 naretur.
462 1072 703 1139 Quorum
731 1081 1095 1125 sacrosanctae
1115 1079 1169 1124 et
1188 1070 1423 1125 caelestis
1448 1070 1634 1139 gratia:
1658 1084 1777 1125 mu—

196 1182 335 1223 nere
365 1167 620 1236 inspirata
659 1164 945 1220 cunsensio
966 1166 1010 1218 si
1040 1166 1123 1218 cui
1154 1164 1419 1233 displicet,
1460 1161 1586 1232 quid
1635 1160 1780 1215 aliud

200 1259 470 1326 sequitur,
508 1257 608 1311 nisi
640 1267 697 1311 ut
724 1257 1100 1325 profanitatem
1128 1254 1363 1307 Nestorii
1411 1252 1627 1308 adserat
1675 1267 1781 1306 non

194 1347 320 1417 jure
345 1349 695 1402 damnatam?
733 1348 813 1401 Ad
862 1356 1164 1401 extremum
1211 1360 1424 1419 quoque
1480 1345 1782 1413 universam

198 1439 399 1495 Christi
422 1440 717 1495 Ecclesiam
740 1447 796 1494 et
824 1438 1113 1509 magistros
1136 1436 1251 1504 ejus
1271 1436 1557 1507 Apostolos
1582 1447 1638 1493 et
1664 1452 1784 1509 pro-

196 1531 414 1601 phetas,
443 1528 829 1600 pracipuéque
856 1537 1034 1582 tamen
1062 1528 1273 1581 beatum
1308 1528 1621 1597 Apostolum
1647 1528 1782 1583 Pau-

198 1620 331 1689 lum,
364 1622 509 1675 velut
555 1620 801 1689 quaedam
848 1628 1194 1688 purgamenta
1238 1627 1583 1683 contemnat;
1618 1618 1784 1687 illam,

196 1713 343 1784 quod
369 1714 399 1766 ὲ
422 1712 698 1781 Religione
720 1710 961 1766 colenda:
974 1722 1027 1767 et
1046 1710 1352 1765 excolenda:
1378 1711 1542 1766 semel
1568 1712 1666 1766 sibi
1683 1721 1788 1773 trav

1878 514 2214 585 prwterquam
2241 515 2377 583 quod
2398 518 2681 585 accepistis,
2707 515 2979 585 anathema
3003 517 3088 583 sit.
3108 516 3260 583 Qubd
3288 518 3331 572 si
3360 534 3454 573 ne-

1876 624 1980 677 que
2005 608 2298 677 apostolica
2330 606 2547 673 definita
2566 622 2738 677 neque
2763 608 3129 677 ecclesiastica
3145 609 3359 665 decreta
3377 621 3455 665 te-

1876 700 2127 767 meranda
2158 710 2303 763 sunt,
2335 698 2525 768 quibus
2571 700 2864 767 secundum
2904 713 3305 771 sacrosanctam
3338 705 3453 757 uni-

1878 795 2146 849 versitatis
2178 804 2231 848 et
2264 791 2596 863 antiquitatis
2614 796 3022 859 consensionem
3045 797 3221 850 cuncti
3245 810 3456 865 semper

1879 886 2141 955 haeretici,
2161 895 2216 941 et
2233 884 2297 939 ad
2315 894 2619 940 extremum
2640 885 2903 957 Pelagius,
2928 886 3230 953 Caelestius,
3263 886 3455 941 Nesto-

1880 983 2013 1048 rius,
2043 982 2163 1055 jure
2193 981 2495 1049 meritoque
2525 979 2760 1035 damnati
2801 988 2945 1055 sunt,
2976 995 3194 1053 necesse
3222 988 3304 1045 est
3338 994 3457 1047 pro-

1880 1074 2021 1130 fecto
2046 1074 2295 1128 omnibus
2320 1071 2576 1140 deinceps
2601 1070 2918 1137 Catholicis,
2942 1071 3034 1139 qui
3064 1086 3183 1127 sese
3207 1070 3459 1124 Ecclesia:

1881 1167 2069 1221 matris
2124 1166 2390 1236 legitimos
2444 1164 2580 1217 ﬁlios
2638 1163 2864 1231 probare
2892 1163 3127 1231 student,
3158 1172 3214 1216 ut
3260 1171 3459 1217 sanctae

1884 1268 2191 1314 sanctorum
2206 1258 2425 1311 Patrum
2443 1256 2562 1311 fidei
2596 1257 2910 1319 inhaereant,
2925 1256 3342 1325 adglutinentur,
3363 1255 3461 1309 im-

1884 1352 2206 1421 moriantur,
2230 1350 2483 1421 profanas
2506 1348 2638 1404 vero
2678 1348 3029 1421 profanorum
3066 1348 3335 1403 novitates
3369 1347 3463 1401 de-

1885 1452 2168 1508 testentur,
2202 1441 2542 1508 horrescant,
2567 1441 2914 1505 insectentur,
2943 1450 3354 1509 persequantur.

1958 1535 2088 1591 Haec
2114 1543 2242 1588 sunt
2286 1531 2399 1587 fere
2427 1547 2546 1602 quae
2590 1530 2797 1593 duobus
2840 1529 3275 1601 Commonitoriis
3304 1528 3465 1583 latius

1888 1625 2144 1695 disserta,
2177 1620 2451 1695 aliquanto
2481 1638 2624 1691 nunc
2671 1622 2887 1678 brevius
2925 1621 3315 1691 recapitulandi
3351 1622 3467 1690 lege

1889 1718 2177 1774 constricta
2201 1723 2353 1779 sunt;
2383 1713 2715 1768 utmemoria
2740 1728 2881 1778 mea,
2910 1712 2997 1767 cui
3026 1712 3466 1768 adminiculandae

196 1804 325 1858 (litae
353 1803 477 1857 fidei
510 1803 777 1872 nunquam
800 1803 1118 1869 recesserit;
1148 1802 1296 1856 illum
1326 1802 1475 1871 vero,
1502 1804 1592 1881 qui
1617 1806 1787 1875 scrip-
1816 1822 1864 1881 Β
1890 1808 1994 1863 ista
2022 1807 2373 1872 confecimus,
2402 1813 2459 1860 et
2490 1804 2865 1863 commonendi
2915 1805 3227 1861 assiduitate
3253 1818 3468 1875 repare.

195 1897 372 1953 serit:
402 1896 446 1949 0
467 1896 746 1964 Timothee,
776 1895 1064 1965 depositum
1095 1896 1317 1965 custodi,
1350 1896 1577 1965 devitans
1603 1900 1784 1973 profa-

1888 1906 1996 1969 tur,
2027 1909 2081 1954 et
2112 1895 2433 1967 prolixitatis
2458 1894 2674 1950 fastidio
2703 1909 2808 1951 non
2838 1895 3114 1965 obruatur.

1442 2217 1589 2262 All.
1634 2218 1865 2263 DOIINI
1908 2219 2238 2264 οσοοιιιι.

806 2400 981 2559 S.
1120 2401 2883 2599 EUCHERIUS,

1099 2685 1920 2771 LUGDUNENSIS
1990 2688 2670 2784 EPISCOPUS.

1246 2980 2389 3088 PROLEGOMENA
2409 3049 2447 3087 ο

801 3439 1137 3505 ΝΟΤΙΤΙΑ
1182 3434 2147 3517 HISTORICO-LITTERARIA
2192 3436 2269 3509 IN
2314 3436 2376 3499 S.
2423 3437 2905 3513 EUCHEBIUM.

1084 3630 1176 3689 (Ex
1206 3627 1587 3678 Schmnemanni
1609 3624 1734 3675 Bibl.
1760 3625 1886 3675 Hist.
1910 3624 2046 3687 Litt.,
2071 3624 2203 3689 Lips.
2232 3628 2372 3691 1794,
2393 3634 2512 3695 tom.
2538 3628 2622 3692 ll.)

868 3797 901 3870 ς
929 3797 969 3853 ι.
1017 3795 1161 3851 Vita.

296 3892 605 3951 Eucherius
649 3890 857 3957 Gallus,
904 3903 1061 3944 orsus
1106 3903 1175 3943 ex
1224 3884 1494 3941 senatorio
1528 3886 1805 3955 sanguine,

225 3998 379 4058 patre
405 3984 715 4048 Valeriano,
744 3996 899 4051 quem
926 3981 1166 4050 plerique
1195 3976 1445 4034 eumdem
1473 3986 1661 4046 putant
1687 3992 1809 4031 cum

224 4076 414 4135 Prisco
446 4075 752 4138 Valeriano,
800 4072 894 4142 qui
919 4071 1061 4125 circa
1093 4070 1233 4125 idem
1281 4080 1492 4137 tempus
1525 4068 1810 4137 praefectu—

231 4186 344 4225 ram
389 4167 575 4223 Gallia:
624 4166 855 4221 obtinuit
897 4174 951 4218 et
994 4172 1253 4233 cognatus
1284 4162 1427 4216 Aviti
1474 4159 1813 4228 imperatoris

234 4264 347 4320 fuit.
381 4262 590 4319 Gallam
618 4275 839 4315 uxorem
871 4258 1043 4323 duxit,
1075 4257 1191 4325 pari
1226 4255 1503 4308 nobilitate
1533 4252 1809 4318 feminam,

235 4371 298 4421 ex
349 4368 519 4423 eaque
558 4352 692 4406 duos
734 4350 970 4419 suscepit
1004 4348 1159 4415 ﬁlios,
1204 4361 1431 4416 quorum
1482 4345 1616 4399 alter
1663 4344 1813 4398 Salo-

244 4447 359 4501 nius
385 4442 727 4513 postmodum
774 4440 1079 4495 Genevensi
1112 4438 1367 4491 Ecclesia:
1401 4434 1635 4503 prmfuit,
1679 4434 1817 4486 alter

239 4536 500 4591 Veranius
531 4534 633 4602 ipsi
661 4530 797 4599 patri
820 4530 871 4582 in
896 4531 1205 4597 episcopatu
1230 4525 1572 4594 Lugdunensi
1603 4538 1816 4576 succes-

242 4629 326 4682 sit.
360 4626 514 4682 Circa
568 4638 765 4677 annum
811 4620 916 4674 409
961 4629 1050 4671 aut
1091 4618 1217 4683 ΜΟ,
1260 4628 1445 4686 vegeta
1502 4631 1564 4669 ac
1593 4615 1816 4669 ﬂorente

240 4718 409 4773 adhuc
433 4725 591 4769 aetate
616 4713 854 4767 Lirinum
883 4719 1230 4763 concesserat
1256 4708 1487 4777 indeque
1508 4724 1629 4761 cum
1656 4722 1816 4760 uxore

242 4818 289 4864 et
323 4808 450 4861 filiis
480 4804 535 4858 in
582 4803 811 4857 insulam
844 4800 1199 4869 propinquam
1243 4800 1530 4862 Leronem,
1573 4815 1690 4868 qum
1722 4799 1817 4853 ho-

242 4899 323 4956 die
338 4900 551 4955 Sanctze
573 4894 919 4962 Margarethaz
950 4900 1052 4954 est,
1094 4905 1151 4945 se
1179 4891 1407 4945 contulit
1435 4900 1487 4944 et
1516 4890 1816 4943 anachore-

246 4999 346 5044 tam
373 4988 504 5060 egit,
537 4987 611 5040 ita
637 4996 834 5047 tamen,
872 4990 930 5035 ut
954 4982 1288 5051 potissimam
1315 4996 1495 5036 curam
1528 4982 1819 5036 liberorum

249 5094 461 5135 suorum
492 5076 794 5133 educationi
839 5073 1194 5141 impenderet,
1225 5089 1291 5129 ex
1322 5073 1515 5142 quibus
1542 5073 1819 5127 Salonium

1836 3792 1879 3855 C
1914 3802 2091 3848 autem
2123 3796 2260 3849 alius
2300 3798 2582 3869 quisquam
2617 3814 2683 3852 ex
2715 3800 3026 3869 clarioribus
3077 3807 3333 3879 Ecclesia:
3362 3814 3490 3869 Gal-

1916 3882 2104 3937 licanzc
2134 3886 2395 3942 membris
2427 3888 2565 3957 apud
2597 3891 2855 3959 optimum
2889 3908 3153 3965 quemque
3196 3909 3252 3954 et
3292 3902 3490 3957 doctis-

1914 3975 2107 4029 simum
2138 3978 2320 4032 szeculi
2355 3980 2521 4034 virum
2559 3991 2758 4036 tantam
2784 3988 3112 4059 comparavit
3140 3991 3490 4059 existimatio-

1914 4082 2035 4121 nem
2061 4084 2219 4138 quam
2250 4072 2546 4128 Eucherius
2581 4092 2594 4127 :
2625 4090 2740 4128 nam
2777 4091 2897 4137 cum
2940 4080 3123 4135 multis
3150 4080 3490 4141 familiariter

1916 4158 2048 4212 vixit
2094 4172 2147 4213 et
2196 4178 2315 4215 cum
2361 4165 2633 4236 plerisque
2674 4167 2970 4227 litterarum
3004 4172 3184 4229 habuit
3227 4190 3491 4232 commer-

1916 4250 2056 4304 cium
2090 4261 2141 4305 et
2182 4253 2247 4306 ab
2276 4256 2526 4310 omnibus
2558 4259 2836 4316 immensis
2862 4262 3109 4323 laudibus
3138 4278 3358 4319 ornatus
3388 4278 3471 4323 est

1921 4342 2117 4396 Evenit
2162 4345 2261 4398 hac
2308 4347 2445 4401 fama
2487 4352 2725 4417 tandem,
2760 4362 2819 4406 ut
2864 4370 3002 4415 anno
3031 4357 3241 4411 circiter
3276 4356 3381 4415 454
3426 4362 3492 4416 ad

1919 4436 2288 4502 episcopatum
2315 4434 2727 4507 Lugdunensem
2751 4442 3091 4510 eveheretur,
3125 4448 3264 4514 quod
3299 4465 3493 4504 munus

1919 4540 2089 4592 usque
2116 4525 2180 4577 ad
2212 4540 2408 4579 annum
2441 4527 2547 4583 450
2576 4531 2871 4585 obtinuisse
2902 4551 3021 4599 eum
3058 4538 3372 4594 existimant
3392 4541 3490 4611 (α).

2512 4618 2541 4691 §
2570 4618 2634 4674 Il.
2680 4621 2905 4690 Scripta.

1990 4707 2453 4763 Circumferuntur
2481 4710 2639 4766 hodie
2677 4716 2954 4783 sequentia
2993 4716 3244 4774 Eucherii
3283 4720 3497 4792 Lugdu-

1922 4800 2103 4852 nensis
2134 4800 2330 4866 scripta
2363 4816 2379 4856 :

1997 4891 2038 4945 Ι.
2081 4890 2157 4943 De
2188 4891 2338 4943 laude
2382 4890 2557 4947 Eremi
2591 4896 2658 4949 ad
2702 4893 2967 4965 Hilarium
3004 4900 3352 4969 Arelatensem
3385 4908 3496 4976 epi-

1924 4985 2079 5052 stola,
2110 5000 2218 5039 scr.
2248 5000 2298 5038 a.
2330 4986 2455 5041 428.

1994 5076 2057 5130 ll.
2085 5075 2316 5145 Epistula
2335 5076 2655 5135 Parwnatica
2682 5080 2751 5133 ad
2778 5080 3112 5147 Valerianum
3140 5101 3413 5161 cognatum
3436 5094 3501 5146 de

253 5184 454 5240 quoque
484 5168 866 5238 aliquantisper
913 5164 1288 5220 Lirinensibus
1330 5164 1601 5233 magistris
1640 5164 1821 5218 Hono-
1847 5173 1901 5233 1)
1926 5176 2214 5237 contemptu
2260 5168 2440 5222 mundi
2484 5177 2536 5225 et
2578 5171 2845 5229 mularis
2889 5172 3256 5249 philoaOplzic,
3296 5194 3405 5236 scr.
3443 5196 3497 5237 ι.

256 5269 363 5316 rato
413 5259 663 5316 Salviano
711 5271 774 5313 ac
802 5256 1087 5311 Vincentio
1127 5255 1464 5310 formandum
1506 5255 1670 5310 dedit.
1717 5256 1814 5310 Vix

325 5471 402 5595 Ea)
441 5471 589 5527 Alius
618 5469 684 5522 ab
732 5469 834 5521 hoc
859 5466 956 5521 fuit
981 5465 1278 5519 Eucherius
1302 5463 1486 5519 Galliae
1511 5462 1817 5587 εὲἱερονιιε,

325 5560 327 5592 ι
371 5551 520 5595 sexto
562 5539 763 5595 smculo
804 5538 933 5591 vixit
982 5546 1032 5589 et
1062 5537 1225 5589 variis
1253 5531 1500 5589 conciliis
1579 5532 1817 5586 allicauis

264 5531 520 5609 quisexto
562 5539 763 5595 smculo
804 5538 933 5591 vixit
982 5537 1225 5609 et_v_ariis
1253 5531 1500 5589 conciliis
1528 5531 1822 5609 Gallicanis

266 5602 417 5666 veluti
464 5611 761 5666 Arelatensi
810 5624 859 5662 tv
916 5623 966 5660 a.
1002 5605 1126 5669 4‘25,
1159 5603 1664 5674 Carpentoractensi
1696 5602 1822 5669 527,

270 5678 580 5736 Arausicano
634 5690 688 5734 et
738 5679 958 5733 Vaseus‘t
1008 5676 1135 5741 529,
1181 5673 1515 5742 subscripsit.
1566 5673 1673 5728 Sed
1727 5689 1827 5731 nec

271 5746 627 5823 lugdunensis
660 5750 878 5819 quidem
922 5747 1208 5817 episcopus
1233 5746 1330 5800 ille
1357 5745 1479 5811 fuit,
1506 5750 1570 5797 ut
1612 5744 1829 5813 quidam

1922 5256 2047 5313 452.

1929 5462 2063 5542 [also
2113 5461 2212 5542 sibi
2241 5475 2647 5542 persuaserant,
2667 5480 2808 5542 quos
2842 5466 3002 5542 docte
3040 5476 3101 5542 et
3127 5470 3393 5539 sagaciter
3420 5487 3506 5526 re-

1928 5531 2064 5609 f_elli_t
2110 5531 2373 5609 Jpscphus
2418 5531 2717 5609 Antelmiu's
2764 5537 2817 5591 in
2848 5531 3305 5609 Assertione'pro
3342 5543 3504 5596 unico

1933 5602 1991 5657 S.
2024 5602 2321 5680 Eucherico
2344 5604 2698 5680 Lugdunensi
2735 5609 3008 5679 episcopo,
3051 5602 3222 5679 quam-
3243 5622 3359 5680 post
3388 5614 3505 5666 obi-

1934 5679 2189 5749 tumcjus
2234 5678 2397 5749 edidit
2446 5678 2611 5731 frater
2660 5677 2885 5749 Carolus
2923 5677 3511 5749 ‘Antclmius'Parisiis,

1932 5747 2071 5813 apud
2100 5748 2288 5802 Claud.
2321 5749 2595 5806 Briasson.
2630 5750 2792 5806 £726.
2812 5748 2869 5803 4.
