4028 6184
560 283 662 341 687

1467 276 1525 330 8.
1566 273 1951 332 EUCHERIUS
1989 270 2361 329 EPISCOPUS
2400 273 2892 331 LUGDUNENSIS.

630 394 721 449 111.
764 391 913 447 Liber
962 389 1329 444 Formularum
1373 389 1622 454 spiritalis
1670 388 2019 457 intelligentia:
2066 387 2133 439 ad
2160 388 2213 449 Α
2238 386 2503 441 Lirinensi
2532 387 2800 441 Vincentii
2828 385 3063 440 Bamlis
3093 386 3417 455 tandemque
3447 386 3642 444 additis
3673 390 3809 447 Pas-

572 486 850 539 Veranium
900 482 1089 551 ﬁlium.
1121 480 1434 535 lnscribitur
1478 481 1609 533 alias
1653 483 1813 534 etiam
1862 480 1924 532 de
1972 482 2137 548 forma

566 575 812 644 spiritalis
832 571 1141 627 intellectus.

636 664 723 719 IV.
767 663 1169 716 lnslruclionum
1220 662 1334 715 ltbri
1379 660 1442 714 ΙΙ
1486 663 1555 714 ad
1616 661 1887 715 Salonium
1936 659 2135 730 ﬁlium,

565 770 792 825 quorum
840 754 978 808 alter
1005 754 1309 823 quaestiones
1351 752 1417 807 de
1456 752 1852 807 difﬁcilioribus
1890 751 1955 806 V.
1988 764 2040 806 et
2070 749 2135 806 N.

565 848 627 901 Τ.
662 847 794 899 locis
841 854 1053 910 tractat,
1107 845 1244 898 alter
1290 842 1673 913 Explicationes
1721 844 1980 896 nominum
2030 839 2140 894 He-

566 940 851 991 braicorum
880 937 1121 989 continet
1148 944 1203 987 et
1231 934 1309 987 sic
1342 933 1676 986 inscribitur.

635 1029 696 1082 V.
742 1028 975 1081 Historia
1003 1024 1271 1079 Passionis
1304 1024 1364 1078 S.
1400 1024 1635 1076 Mauritii
1658 1033 1703 1076 et
1726 1025 1980 1077 sociorum
2001 1040 2140 1076 mar-

565 1130 731 1187 tyrant
758 1118 969 1187 legionis
1013 1112 1207 1167 Felicis
1256 1112 1485 1166 Thebaa:
1512 1114 1911 1181 Agaunensium,
1946 1128 1976 1165 a
2023 1114 2142 1181 qui-

564 1210 785 1264 husdam
821 1210 944 1263 huic
976 1207 1243 1262 Eucherio
1270 1206 1594 1275 abjudicata,
1621 1208 1821 1275 juniori
1854 1206 2011 1259 alicui
2048 1206 2143 1259 tri-

568 1305 711 1357 huta.

639 1392 722 1445 Vl.
766 1392 1032 1456 Homiliw,
1080 1391 1185 1443 illm
1228 1388 1455 1454 scilicet,
1483 1402 1603 1458 quae
1643 1402 1738 1456 pro
1783 1385 2029 1455 genuinis
2074 1386 2142 1440 ab

569 1484 817 1535 omnibus
856 1491 1242 1549 agnoscuntur.

640 1574 748 1627 VII.
789 1572 1094 1625 Exhortatio
1129 1573 1194 1625 ad
1241 1572 1521 1625 Monachos
1568 1586 1635 1626 ex
1665 1571 1843 1634 tribus,
1879 1583 2011 1638 quas
2040 1567 2141 1623 sub

568 1667 686 1734 ejus
714 1665 927 1719 nomine
957 1665 1265 1719 Holstenius
1292 1666 1345 1718 in
1374 1664 1558 1719 codice
1596 1663 1921 1733 Regularum
1954 1671 2140 1730 protu-

569 1760 649 1821 lit,
682 1759 868 1828 prima.

639 1849 769 1901 Vlll.
813 1847 1044 1917 Epitome
1076 1848 1299 1918 Operam
1330 1847 1584 1901 Cassiani.

642 1941 927 2010 Deperdilte
956 1948 1081 1992 sunt
1114 1939 1284 2007 plures
1317 1938 1567 1991 Eucherii
1601 1937 1843 2000 homiliis,
1878 1936 1980 1989 nisi
2023 1933 2141 1987 alite

566 2034 796 2087 fortasse
840 2033 1113 2102 supersint
1160 2032 1215 2085 in
1271 2031 1579 2083 Collectione
1624 2029 1971 2090 homiliarum,
2023 2041 2142 2094 quae

567 2140 763 2179 nomen
787 2124 1001 2177 Eusebii
1030 2121 1291 2176 Emisseni
1320 2136 1414 2175 seu
1443 2119 1703 2174 Gallicani
1736 2119 1951 2171 nomine
1976 2116 2025 2168 in
2053 2114 2140 2167 Bi-

566 2214 849 2269 bliotheCis
874 2214 1090 2266 Patrum
1118 2213 1354 2279 praefert.
1404 2209 1721 2261 Tribuunlur
1765 2205 2052 2267 Eucherio,
2088 2211 2143 2257 et

566 2306 780 2375 quidem
809 2306 943 2359 lalso
970 2323 983 2358 :
1015 2307 1074 2357 1°
1097 2302 1503 2357 Commentarins
1530 2302 1585 2352 in
1616 2300 1884 2362 Genesim;
1916 2306 1970 2351 et
1997 2297 2058 2349 2°
2080 2300 2144 2349 li-

569 2399 645 2451 bri
678 2412 733 2450 tv
775 2396 1268 2450 Commentariorum
1297 2395 1352 2446 in
1392 2393 1546 2446 libros
1579 2394 1775 2461 Regum
1809 2409 1837 2445 a
1868 2394 1951 2445 Jo.
1984 2392 2139 2445 Alex.

570 2468 887 2542 Brassicano
924 2489 1154 2555 primum
1202 2486 1465 2554 evulgati;
1496 2488 1552 2539 5°
1582 2485 1798 2554 epistola
1836 2485 1902 2536 ad
1934 2483 2144 2536 Fausti-

568 2596 692 2631 num
722 2594 750 2631 a
780 2577 993 2631 Labbeo
1024 2577 1196 2641 edita;
1229 2576 1287 2629 4⁸
1326 2576 1540 2646 epistola
1568 2576 1635 2627 ad
1664 2576 1936 2627 Philonem
1967 2590 2142 2642 quem-

569 2672 711 2735 dam,
744 2684 902 2737 quam
947 2667 1193 2723 Balnzius
1240 2667 1304 2719 ad
1346 2667 1545 2721 calcem
1594 2666 1861 2735 Agobardi
1888 2666 2142 2734 protulit;

568 2762 625 2815 5ο
652 2761 855 2831 Regula
883 2762 1075 2827 duplex
1119 2760 1187 2811 ad
1214 2757 1497 2811 Monachos
1526 2759 1574 2809 in
1607 2756 1792 2810 codice
1821 2756 2143 2823 Regularum

568 2850 865 2915 Ilolstenii;
894 2851 951 2904 6°
979 2848 1107 2901 Tota
1129 2849 1215 2901 illa
1252 2847 1601 2900 Homiliarum
1636 2845 1867 2900 collectio
1897 2860 2015 2913 qua:
2046 2845 2146 2898 sub

569 2943 784 2998 nomine
816 2941 1029 2995 Eusebii
1067 2940 1335 2994 Emisseni
1367 2938 1761 2993 circumfertur.

1102 3031 1130 3102 ς
1164 3031 1248 3085 lll.
1294 3030 1574 3084 Editiones.

2241 480 2380 534 sione
2402 479 2460 533 S.
2498 479 2743 532 Mauricii
2771 489 2825 533 et
2849 478 3230 534 Commentariis
3256 478 3367 533 illis
3394 481 3594 549 spuriis
3623 483 3677 538 in
3706 484 3811 540 Ge-

2240 571 2401 621 nesim
2430 580 2475 622 et
2505 569 2659 623 libros
2695 569 2887 638 Regum
2914 584 3097 623 recusa
3126 579 3251 624 sunt
3280 570 3333 623 in
3365 570 3503 626 Bibl.
3529 571 3646 629 PP.
3670 575 3810 632 Max.

2240 659 2482 730 Lugduni
2512 676 2563 714 a.
2598 660 2757 715 1677.
2808 659 2934 715 Post
2963 660 3076 714 haec
3110 660 3323 729 singula
3353 670 3583 730 tantum,
3628 665 3813 735 impri-

2242 753 2345 807 mis
2376 753 2601 807 ascetica
2633 753 2719 806 illa
2745 753 2855 806 sive
2883 752 3107 806 seorsim
3135 753 3248 806 sive
3274 767 3396 807 cum
3419 754 3538 810 aliis
3561 760 3815 826 operibus

2241 844 2384 912 typis
2410 850 2535 896 sunt
2563 843 2791 907 reddita,
2825 859 2963 913 quae,
2996 859 3063 898 ne
3092 859 3321 913 sequens
3350 848 3581 901 omnium
3623 850 3817 907 editio-

2243 948 2370 987 num
2404 948 2658 988 recensus
2688 934 3111 1004 jchronologicus
3157 936 3424 1003 negotium
3454 938 3605 993 alicui
3635 940 3821 997 faces-

2242 1032 2345 1087 sat,
2381 1023 2561 1090 paucis
2594 1024 2678 1077 hic
2724 1024 3007 1092 complecti
3034 1025 3202 1094 juvat.
3239 1025 3494 1081 Videlicet
3534 1027 3713 1084 Passio
3749 1032 3816 1088 S.

2244 1112 2487 1166 Mauricii
2518 1121 2638 1183 post
2668 1114 2955 1180 Mombriti,
2990 1115 3137 1169 Surii
3180 1124 3234 1170 et
3264 1116 3512 1172 Stevartii
3551 1120 3816 1177 editiones

2242 1202 2504 1256 sincerior
2534 1202 2676 1256 edita
2706 1212 2788 1256 est
2837 1218 2867 1257 a
2898 1202 3169 1258 Chilllctio
3198 1205 3252 1257 in
3282 1203 3505 1260 Paulino
3552 1207 3816 1265 illustrato

2243 1291 2501 1355 3.1662;
2547 1293 2777 1362 indeque
2832 1293 2885 1347 in
2926 1294 3065 1348 Bibl.
3114 1296 3256 1349 Max.
3304 1297 3522 1351 Patrum
3573 1299 3813 1371 Lugduni

2246 1383 2405 1448 1677,
2440 1394 2582 1439 tomo
2610 1384 2819 1450 XXVII,
2870 1394 2923 1439 et
2952 1387 3089 1454 apud
3140 1385 3459 1442 Ruinartum
3503 1398 3557 1444 et
3587 1391 3640 1445 in
3668 1393 3817 1446 Actis

2244 1474 2602 1528 Bollandianis
2630 1476 2875 1544 repetita.
2900 1475 3136 1542 Epistola
3156 1478 3221 1530 ad
3253 1476 3593 1533 Valerianum
3626 1497 3815 1537 recusa

2244 1567 2341 1619 fuit
2388 1566 2630 1637 Lugduni
2686 1567 2821 1623 1541
2881 1579 2936 1623 et
2984 1568 3145 1634 1627,
3196 1578 3251 1623 et
3303 1586 3425 1626 cum
3479 1573 3658 1628 Herib.
3707 1575 3819 1629 Ro-

2245 1657 2447 1727 sWeydi
2492 1657 2715 1712 scholiis
2740 1658 3050 1728 Antuerpiae
3076 1674 3123 1712 a.
3162 1659 3322 1726 1621,
3368 1662 3620 1717 Monachii
3649 1663 3813 1729 1635,

2166 1748 2215 1809 Β
2242 1748 2443 1802 Genuae
2482 1748 2638 1813 16M,
2668 1747 2888 1803 Parisiis
2920 1747 3081 1814 1646,
3110 1764 3226 1805 cur.
3270 1752 3407 1806 Phil.
3440 1753 3640 1809 Labbei
3660 1754 3817 1809 item-

2243 1854 2346 1908 que
2390 1854 2510 1893 cum
2562 1842 2777 1908 epistola
2829 1842 2897 1893 ad
2940 1840 3215 1895 Hilarium
3263 1844 3488 1914 aliisque
3543 1846 3819 1913 opusculis

2242 1928 2495 1982 asceticis
2525 1928 2743 1983 Viennae
2772 1929 3004 1985 Austris:
3033 1932 3190 1996 1670,
3233 1932 3492 1987 Bruxellis
3525 1934 3684 2001 1671,
3718 1936 3821 1990 Pa-

2243 2020 2389 2073 risiis
2421 2018 2577 2081 1675,
2626 2020 2865 2076 Venetiis
2897 2022 3055 2086 1726,
3085 2023 3373 2093 eademque
3414 2026 3552 2080 haud
3583 2041 3711 2081 raro
3763 2028 3820 2083 in

2243 2111 2607 2164 recentiorum
2636 2111 2954 2180 populorum
2986 2112 3240 2167 idiomata
3267 2128 3537 2169 conversa.
3582 2114 3824 2171 Forma-

2244 2204 2310 2255 ιω
2352 2203 2699 2272 intelligentia:
2743 2204 2988 2271 spiritalis
3041 2220 3071 2258 a
3117 2205 3299 2260 Flacio
3341 2207 3549 2277 Illyrico
3598 2209 3821 2263 inserta:

2245 2304 2369 2347 sunt
2403 2294 2551 2347 Clavi
2600 2294 2893 2363 Scriptura:
2941 2311 3107 2351 sacra:
3148 2297 3562 2368 Basileaa1580,
3612 2310 3818 2355 etcum

2248 2391 2348 2441 hoc
2377 2402 2540 2455 opere
2559 2389 2754 2457 sapius
2793 2389 3023 2445 diversis
3061 2391 3111 2445 in
3158 2390 3292 2444 locis
3321 2406 3539 2445 recusat.
3581 2391 3819 2463 Epistola

2246 2477 2313 2527 ad
2341 2475 2605 2529 Hilarium
2641 2492 2760 2530 cum
2804 2478 3024 2533 scholiis
3069 2479 3253 2534 Herib.
3303 2480 3587 2552 Rosweydi
3619 2482 3820 2549 prodiit

2246 2570 2552 2635 Antucrpia:
2582 2568 2737 2635 1621,
2774 2570 3002 2638 indeque
3031 2572 3284 2627 translata
3312 2574 3363 2626 in
3395 2572 3537 2627 Bibl.
3571 2572 3681 2627 PP.
3713 2576 3818 2629 Co-

2247 2657 2548 2721 lon.1618,
2600 2668 2637 2712 t.
2673 2659 2787 2726 XV,
2838 2670 2892 2714 et
2937 2676 3056 2715 cum
3105 2663 3319 2730 epistola
3362 2664 3430 2716 ad
3486 2663 3814 2719 Valerianum

2246 2748 2489 2818 Lugduni
2522 2750 2678 2816 1627,
2724 2752 2923 2807 Genuze
2969 2754 3127 2818 1611,
3172 2767 3226 2809 et
3272 2756 3492 2810 Parisiis
3532 2757 3686 2821 1675,
3727 2774 3820 2813 ex-

2247 2843 2441 2909 scripta
2474 2850 2577 2896 est.
2627 2841 2868 2896 Homilia:
2896 2858 2926 2897 a
2969 2843 3210 2898 Livineio
3246 2845 3404 2899 edita:
3434 2847 3648 2901 inserlaa
3690 2858 3819 2901 sunt

2246 2931 2384 2985 Bibl.
2411 2931 2622 2986 Patrum
2664 2934 2832 2989 Paris.
2881 2933 3046 2998 1624,
3080 2934 3237 3000 1614,
3273 2935 3430 3001 1654,
3476 2946 3510 2991 t.
3563 2937 3626 3000 ll,
3676 2940 3820 2993 etin

2248 3026 2633 3080 Biblimhecani
2664 3024 3127 3081 Concionatoriam
3158 3028 3463 3083 Combelisii
3492 3029 3816 3098 migrarunt.

639 3128 850 3196 Integra
899 3122 1139 3178 omnium
1173 3122 1423 3176 Eucherii
1472 3122 1850 3190 opusculorum
1894 3120 2142 3175 collectio
2169 3107 2215 3170 (ἶ
2249 3116 2417 3173 Porro
2440 3135 2492 3172 a.
2522 3120 2675 3189 1657,
2712 3121 2762 3173 in
2798 3120 3123 3175 Bibliotheca
3164 3121 3289 3175 Mss.
3324 3122 3424 3177 sub
3451 3122 3692 3176 Eucherii
3724 3140 3820 3179 no-

570 3219 807 3273 nondnm
838 3224 1035 3271 exstat.
1068 3214 1303 3267 Primum
1341 3214 1676 3281 opusculum,
1706 3212 1850 3281 quod
1894 3211 2146 3267 obstetri-

571 3319 728 3362 cante
750 3304 1096 3377 typographia
1127 3304 1298 3358 lucem
1330 3302 1483 3367 vidit,
1508 3302 1607 3356 fuit
1628 3302 1816 3356 Passio
1847 3302 1909 3356 S.
1944 3301 2145 3355 Mauri-

573 3400 639 3451 cii
669 3406 717 3449 et
745 3398 1024 3458 sociorum,
1057 3393 1151 3449 sed
1183 3394 1502 3462 interpolata
1533 3403 1588 3448 et
1634 3395 1749 3447 sine
1778 3393 1997 3448 nomine
2027 3392 2145 3461 ejus

574 3490 629 3540 in
663 3487 798 3540 Vitis
824 3486 1143 3538 Sanctorum
1168 3485 1474 3537 Mombritii.
1506 3484 1652 3537 llaud
1684 3484 1877 3553 exiguo
1907 3498 2036 3537 vero
2065 3485 2146 3536 in-

575 3576 807 3631 tervallo
832 3583 975 3644 post,
1010 3589 1060 3626 a.
1088 3573 1247 3638 1516,
1270 3575 1399 3626 exiit
1419 3589 1615 3627 nomen
1637 3574 1872 3628 auctoris
1895 3575 1945 3627 in
1972 3573 2147 3627 fronte

572 3681 766 3737 gerens
792 3665 1010 3733 epistola
1052 3664 1119 3717 ad
1155 3663 1507 3729 Valerianum,
1541 3665 1763 3719 Basileze
1791 3682 1858 3719 ex
1898 3667 2146 3733 recogni-

573 3762 718 3813 tione
739 3757 799 3811 B.
836 3756 1099 3821 Bhenani,
1129 3756 1341 3826 citoque
1382 3756 1579 3811 ibidem
1610 3774 1662 3811 a.
1696 3757 1833 3813 1520
1862 3772 1984 3812 cum
2018 3757 2149 3811 Era-

572 3856 673 3907 smi
706 3851 948 3915 scholiis,
976 3859 1030 3905 et
1058 3850 1274 3904 Parisiis
1305 3864 1357 3901 a.
1384 3850 1523 3904 1525
1554 3851 1782 3919 repetita
1814 3860 1916 3903 est.
1948 3854 2147 3905 Acces-

570 3953 755 4000 serunt
778 3944 937 4014 paulo
967 3951 1086 4012 post
1114 3944 1337 3997 Basilem
1360 3944 1499 4012 apud
1522 3944 1877 3997 Crutandrum
1903 3959 1955 3997 a.
1983 3944 2143 4015 1530,

570 4048 661 4092 aut
688 4038 961 4105 aliquanto
990 4036 1148 4089 citius
1177 4035 1399 4089 Parisiis
1428 4035 1568 4103 apud
1598 4036 1881 4089 Claudium
1910 4037 2145 4093 Cheval-

569 4132 773 4184 lonium
806 4130 920 4181 sine
950 4140 1092 4178 anno
1130 4123 1397 4178 Formqu
1426 4126 1775 4195 intelligentia:
1814 4129 2063 4193 spiritalis
2092 4142 2149 4187 et

570 4220 687 4272 libri
717 4218 821 4271 duo
847 4215 1270 4277 Instructionum,
1300 4217 1492 4283 quibus
1514 4232 1655 4271 anno
1684 4222 1929 4289 sequenti
1956 4238 2021 4276 ex
2054 4239 2145 4277 re-

571 4308 748 4378 liquiis
802 4305 1149 4362 Bibliotheca:
1206 4307 1465 4362 Budensis
1511 4308 1717 4363 addidit
1768 4314 1948 4379 spuria
2014 4316 2141 4380 duo,

572 4399 949 4454 Commentaria
990 4398 1042 4449 in
1071 4395 1304 4453 Genesim
1351 4409 1403 4453 et
1446 4399 1602 4454 libros
1646 4401 1878 4472 Regum,
1911 4406 2143 4462 Joannes

2246 3212 2391 3265 mine
2444 3210 2612 3264 edidit
2655 3213 2920 3281 epistolam
2968 3213 3035 3264 ad
3082 3209 3333 3266 Faustum
3378 3228 3423 3267 s.
3484 3213 3815 3282 Faustinum,

2245 3317 2386 3355 anno
2420 3300 2579 3356 1661.
2630 3301 2905 3371 Triplicem
2952 3301 3198 3358 Eucherii
3243 3305 3473 3373 regulam
3502 3306 3579 3358 ‘ad
3627 3303 3820 3360 Mona-

2245 3396 2389 3457 chos,
2412 3410 2597 3449 veram
2624 3409 2802 3461 unam,
2826 3396 2960 3449 duas
2987 3405 3162 3451 autem
3186 3411 3379 3451 nomen
3405 3396 3523 3466 ejus
3551 3396 3823 3453 mentien-

2246 3498 2327 3540 tes
2358 3486 2612 3554 produxit
2640 3486 2810 3541 Lucas
2832 3487 3137 3541 Holstenius
3159 3487 3211 3541 in
3241 3487 3424 3542 codice
3454 3488 3820 3557 Regulamm;

2246 3578 2461 3645 epistola
2489 3579 2555 3631 ad
2590 3577 2864 3632 Philonem
2908 3580 3254 3650 presbyterum
3300 3581 3431 3635 falso
3470 3596 3666 3637 nomen
3714 3582 3826 3637 Eu-

2247 3668 2419 3722 cherii
2452 3668 2743 3737 praeferens
2773 3679 2983 3738 reperta
3018 3670 3115 3724 luit
3140 3686 3168 3723 a
3200 3670 3418 3725 Baluzio
3443 3681 3497 3726 et
3521 3671 3586 3725 ad
3616 3671 3824 3729 calcem

2246 3759 2482 3829 Operum
2525 3760 2796 3830 Agobardi
2824 3761 3066 3825 Parisiis,
3112 3777 3163 3816 a.
3210 3762 3368 3827 1665,
3402 3763 3470 3818 ab
3501 3779 3565 3819 eo
3610 3765 3827 3834 prolata

2249 3865 2351 3908 est.
2386 3854 2629 3922 Denique
2658 3854 2920 3922 Epitomes
2943 3853 3174 3908 Cassiani
3194 3854 3378 3911 Graace
3398 3870 3672 3912 conversae
3696 3872 3827 3926 spe-

2248 3946 2424 4000 cimen
2455 3947 2604 4000 dedit
2624 3946 2947 4002 Montel'alco
2975 3948 3027 4002 in
3056 3947 3291 4003 editione
3320 3949 3550 4018 Operam
3579 3949 3828 4006 Athana-

2247 4042 2335 4105 sii,
2366 4042 2433 4094 de
2461 4056 2565 4109 quo
2613 4056 2713 4095 nos
2760 4042 2812 4096 in
2843 4042 3101 4097 Cassiano
3133 4043 3312 4098 dicere
3347 4044 3584 4099 memini.
3626 4043 3827 4115 Sequi-

2250 4141 2334 4185 tur
2356 4130 2527 4184 lndea:
2554 4131 2966 4203 chronologicus.

2856 4269 3068 4310 διευιο
3099 4271 3209 4309 XVI.

2320 4384 2447 4438 Sine
2472 4400 2627 4448 anno,
2657 4383 2768 4436 loco
2808 4392 2855 4437 et
2892 4385 3211 4453 typographo
3243 4383 3610 4453 (Mediolani);
3638 4386 3821 4455 in—fol.

571 4489 882 4546 Alexander
934 4487 1299 4555 Brassicanus,
1350 4489 1611 4559 simulque
1656 4471 2023 4547 ε’δνηιηιατωη
2075 4497 2140 4549 ιε,
2166 4478 2223 4540 to
2248 4472 2430 4529 Passio
2459 4474 2520 4528 S.
2555 4471 2787 4526 Mauritii
2823 4481 2871 4525 et
2910 4475 3020 4542 ejus
3061 4474 3489 4537 commilitonum;
3540 4473 3593 4525 in
3626 4474 3825 4528 Bonini

571 4586 718 4637 hrum
746 4597 811 4636 ex
848 4580 1032 4635 codice
1073 4596 1172 4633 ms.
1224 4581 1408 4635 sedulo
1457 4584 1756 4651 castigavit.
1810 4585 1937 4641 Hcec
1965 4588 2143 4640 omnia

571 4678 793 4746 junctim
824 4690 1011 4730 recusa
1038 4684 1161 4728 sunt
1199 4675 1383 4729 Romae
1413 4677 1553 4744 apud
1586 4677 1805 4730 Paulum
1854 4678 2142 4734 Manutium

572 4785 621 4824 τ).
661 4765 817 4831 1564,
848 4774 1068 4820 curante
1097 4765 1254 4819 Petro
1290 4766 1569 4819 Galesinio
1596 4776 1648 4820 et
1677 4769 1905 4823 Andreae
1934 4769 2144 4825 Schotti

573 4878 699 4915 cura
736 4876 785 4914 a.
816 4859 972 4927 1618,
1007 4858 1058 4911 in
1091 4867 1233 4911 tomo
1266 4857 1307 4909 V
1342 4858 1473 4912 Bibl.
1507 4857 1620 4911 PP.
1668 4857 2026 4914 Coloniensis.
2060 4860 2145 4915 ln-

574 4964 719 5006 terea
751 4958 960 5018 reperta
989 4956 1071 5002 est
1099 4957 1153 5001 et
1181 4963 1209 5001 a
1252 4946 1493 5003 Gilberto
1524 4948 1873 5004 Genebrardo
1920 4967 2013 5005 seu
2043 4967 2143 5020 po-

576 5044 680 5095 tius
731 5041 985 5111 Dionysio
1033 5039 1329 5093 Faucherio
1388 5039 1632 5107 Parisiis,
1692 5057 1743 5095 a.
1796 5043 1935 5097 1578
1980 5044 2142 5112 edita,

573 5132 785 5203 epistola
815 5133 878 5185 de
916 5130 1068 5183 laude
1098 5129 1271 5183 Eremi
1302 5131 1368 5183 ad
1400 5128 1689 5196 Hilarium,
1722 5134 1958 5201 itemque
1991 5142 2144 5188 tene-

572 5228 682 5280 hris
739 5232 937 5292 ereptae
989 5222 1253 5290 editteque
1297 5231 1422 5275 sunt
1467 5222 1708 5276 Homilia:
1756 5225 2000 5292 genuinas
2049 5240 2144 5293 per

572 5320 727 5373 Joan.
760 5314 1057 5370 Livineium
1107 5328 1226 5367 cum
1274 5313 1558 5367 Theodoro
1588 5316 1793 5369 Studita
1832 5315 2141 5385 Antucrpim

571 5428 621 5463 ει.
660 5408 833 5472 1602;
869 5405 1100 5475 indeque
1128 5404 1342 5458 omissis
1366 5405 1597 5458 homiliis
1629 5408 1857 5474 genuina
1894 5406 2143 5461 Eucherii

571 5500 850 5573 opuscula,
875 5513 1065 5567 nempe
1087 5495 1348 5551 Formula:
1375 5499 1726 5568 intelligentim
1746 5501 2021 5569 spiritalis,
2048 5498 2145 5553 In-

570 5593 905 5647 structionum
941 5592 1056 5644 libri
1086 5593 1187 5643 duo
1232 5600 1284 5643 et
1315 5590 1554 5657 epistola!
1602 5592 1668 5642 ad
1723 5591 2048 5646 Valerianum
2096 5604 2147 5647 et

572 5687 861 5747 Hilarium.
883 5700 991 5739 una
1007 5684 1238 5740 exhibita
1261 5684 1503 5748 Lugduni
1529 5684 1697 5748 1615;
1722 5684 1774 5738 in
1787 5684 2143 5756 Chronologia

2176 5765 2233 5775 ῆ-

2251 4565 2532 4620 Mombritii
2556 4564 2689 4618 Vitis
2709 4564 3050 4627 Sanctorum,
3070 4566 3176 4619 vol.
3206 4564 3270 4631 ll,
3294 4566 3382 4619 l‘ol.
3406 4579 3599 4621 cuu—
3617 4579 3747 4621 ειν.

2324 4656 2498 4709 Prima
2522 4654 2634 4708 haec
2658 4654 2824 4709 editio
2852 4663 2938 4708 est
2967 4654 3124 4723 hujus
3153 4654 3547 4724 opusculi,sed,
3574 4664 3631 4709 ut
3657 4666 3822 4711 antea

2252 4751 2537 4810 monitum,
2567 4764 2672 4802 non
2702 4747 2935 4801 sincera.

2322 4861 2478 4915 1516.
2501 4859 2749 4924 Basilete;
2781 4858 2939 4912 ενι-4ο.
2964 4858 3027 4912 D.
3047 4858 3362 4913 Eucherii...
3390 4858 3609 4926 epistola
3633 4857 3821 4911 Parit-

2249 4955 2418 5005 netica
2448 4954 2514 5004 ad
2550 4949 2882 5004 Valerianum
2911 4959 3193 5018 cognatum
3225 4965 3379 5004 suum
3408 4950 3478 5004 de
3508 4959 3821 5015 contemptu

2250 5042 2432 5097 mundi
2472 5042 2562 5112 (ex
2601 5039 2968 5110 recognitione
3016 5039 3163 5095 Beati
3194 5040 3483 5111 Bhenani).
3524 5039 3638 5095 Cat.
3681 5039 3793 5093 Bibl

2249 5133 2453 5187 Bunau.

2321 5234 2478 5289 1520.
2510 5231 2768 5296 Basileaz;
2795 5233 2934 5301 apud
2958 5231 3217 5285 Andream
3255 5230 3633 5298 Cratandrum;
3658 5231 3821 5286 in-4°.

2248 5324 2389 5379 Clari
2418 5326 2568 5393 juxta
2599 5338 2661 5377 ac
2682 5323 2871 5378 diserti
2900 5322 2998 5376 viri
3028 5322 3275 5377 Eucherii
3305 5323 3677 5391 Lugdunensis
3702 5340 3811 5387 θιν-

2246 5417 2395 5484 sc0pi
2424 5415 2490 5469 ad
2532 5414 2858 5467 Valerianum
2887 5422 3170 5481 cognatum
3212 5427 3365 5467 suum
3390 5412 3605 5482 epistola
3636 5404 3823 5465 Parte-

2246 5507 2433 5569 netica,
2463 5503 2530 5557 ab
2560 5517 2744 5556 amore
2773 5501 2957 5556 mundi
2989 5500 3270 5571 studioque
3301 5503 3534 5570 profante
3579 5503 3825 5572 philoso-

2247 5595 2386 5664 phiae
2422 5594 2488 5647 ad
2518 5592 2734 5662 pietatis
2770 5606 3016 5660 veraeque
3056 5592 3328 5659 sapientiae
3358 5592 3590 5647 studium
3623 5608 3820 5663 provo-

2247 5702 2397 5753 cans,
2425 5699 2543 5741 cum
2570 5684 2789 5740 scholiis
2818 5684 2943 5739 Des.
2974 5683 3196 5739 Erasmi.
