4028 6184
1579 269 2094 328 PROLEGOMENA.

3358 288 3459 345 890

267 385 359 443 Ad
392 387 539 442 hanc
580 384 869 441 editionem
916 382 1149 451 pertinet
1178 383 1319 438 haud
1359 383 1521 438 dubie
1557 381 1785 453 epistola
1811 384 1860 443 Α
1890 389 2107 449 propter
2136 383 2524 451 typographum
2565 390 2658 439 aut
2693 384 3039 454 bibliopolam
3066 396 3197 441 aetas
3226 386 3342 455 ejus
3376 392 3458 443 ine

198 478 453 543 Erasmi,
486 490 608 546 qute
638 476 819 530 libello
851 473 976 528 huic
1028 476 1080 528 in
1113 475 1346 529 editione
1394 475 1688 530 Basileensi
1734 489 1783 525 a.

199 571 341 627 1551
374 570 595 640 praeﬁxa
626 577 730 633 est,
767 566 837 621 ad
862 566 1122 621 Alardum
1148 567 1629 623 Amstelredamum
1661 566 1789 620 libe-

196 663 401 717 ralium
427 663 622 716 artium
653 660 1036 729 professorem,
1085 675 1117 713 a
1147 675 1251 730 quo
1290 675 1419 714 mss.
1451 660 1568 730 ejus
1607 674 1789 715 exem-

200 753 322 820 plar
346 752 449 806 abs
482 750 717 805 auctoris
746 750 964 805 nomine
994 750 1266 819 accepisse
1288 751 1520 806 videtur.
1559 770 1579 804 ι
1614 751 1793 805 Libel-

198 843 303 909 lus,
340 844 539 911 inquit,
571 856 730 912 quem
760 841 976 907 misisti,
1019 856 1140 896 cum
1171 842 1284 897 suis
1309 843 1523 898 dotibus
1552 844 1792 912 undique

200 934 403 987 mirum
440 933 496 986 in
521 931 739 985 modum
772 931 1053 1000 placuerit,
1090 942 1201 986 tum
1233 933 1335 986 hoc
1356 933 1556 1001 placuit
1580 934 1792 1000 impen-

200 1022 337 1085 sius,
388 1020 538 1090 quod
588 1021 718 1075 olim
755 1036 923 1089 puero
970 1021 1099 1074 mihi
1148 1028 1204 1075 et
1244 1021 1537 1075 lectitatum
1578 1037 1700 1076 esse
1738 1030 1795 1076 et

202 1113 484 1180 placuisse
515 1112 750 1166 memini.
781 1112 836 1167 Si
867 1111 994 1181 quid
1030 1126 1151 1166 meo
1181 1112 1433 1181 sun‘ragio
1474 1114 1684 1177 tribuis,
1714 1113 1793 1164 ni-

202 1202 281 1254 hil
313 1203 477 1256 video
522 1201 812 1270 profectum
844 1218 872 1253 a
907 1211 1103 1256 nostrae
1142 1202 1419 1269 religionis
1463 1202 1791 1266 hominibus,

202 1294 295 1361 qui
328 1294 656 1361 eloquentiae
686 1308 897 1362 quoque
942 1293 1109 1361 gloria
1157 1292 1460 1358 floruerint,
1488 1295 1626 1363 quod
1672 1309 1795 1349 cum

204 1384 372 1452 hujus
400 1384 584 1451 phrasi
612 1386 685 1439 sit
708 1385 1118 1439 conferendum.
1142 1383 1213 1439 Ut
1238 1400 1499 1455 nusquam
1530 1401 1634 1440 non
1658 1401 1797 1456 prae-

204 1486 314 1534 stat
345 1480 625 1549 egregium
668 1481 952 1543 artificem,
1002 1479 1116 1532 sive
1146 1489 1357 1547 spectes
1387 1480 1652 1545 ordinem,
1682 1482 1796 1536 sive

205 1571 478 1624 transitus
519 1569 751 1624 subinde
796 1584 986 1632 novos,
1035 1568 1147 1623 sive
1187 1584 1294 1624 non
1322 1572 1541 1640 vulgare
1586 1573 1793 1641 ingres-

204 1674 353 1725 sum,
391 1660 562 1713 veluti
595 1659 755 1713 limen
797 1660 1295 1727 argumentationis.
1328 1660 1534 1715 Nullam
1564 1663 1794 1718 suasorii

1889 483 2032 529 certa
2062 490 2181 528 esse
2205 491 2310 527 non
2345 477 2529 543 possit,
2565 487 2619 530 et
2642 493 2706 529 ne
2729 479 2898 532 series
2928 478 3115 532 harum
3143 479 3457 543 editionum,

1887 582 2006 635 qua!
2029 566 2175 632 plura
2201 566 2445 619 Eucherii
2476 568 2731 635 opuscula
2755 569 2981 637 junctim
3004 570 3279 635 exhibent,
3304 570 3461 624 inter-

1889 657 2116 726 cipiatur
2138 698 2152 722 ,
2188 656 2290 710 huc
2317 672 2577 725 reponere
2606 673 2724 712 eam
2750 660 2922 714 visum
2952 669 3053 715 est.
3092 660 3352 715 Prml’atus
3379 669 3463 715 est

1892 748 2081 803 Petrus
2117 748 2389 802 Gerardus
2417 750 2639 815 epistola
2671 750 2793 804 data
2818 752 3036 805 Parisiis
3071 768 3200 806 xvm
3248 751 3457 807 kalend.

1892 839 2179 894 Novembr.
2200 840 2314 893 sine
2340 854 2500 904 anno,
2526 839 2589 893 ad
2620 840 2937 897 Gulielmum
2962 842 3193 898 Parvum
3224 843 3458 899 Trecen-

1892 945 2004 984 sem
2051 930 2361 998 episcopum
2414 937 2467 983 et
2514 929 2691 999 Regia:
2737 931 3087 986 confessionis
3123 933 3459 999 auditorem,

1892 1022 2044 1092 cujus
2070 1022 2329 1076 beneﬁcio
2356 1037 2476 1074 cum
2510 1022 2759 1077 Eucherii
2797 1024 2909 1077 haec
2944 1025 3198 1091 opuscula
3227 1024 3458 1094 alioqui,

1894 1122 1952 1167 ut
1978 1112 2072 1177 ait,
2100 1127 2216 1166 rara
2239 1122 2563 1166 consecutus
2589 1113 2657 1167 sit
2682 1157 2695 1178 ,
2733 1113 2923 1181 ingrati
2952 1124 3111 1184 atque
3141 1114 3463 1184 impudentis

1894 1204 2090 1272 ingenii
2116 1204 2225 1257 fore
2244 1204 2336 1268 ait,
2365 1204 2466 1257 nisi
2488 1204 2602 1272 ejus
2624 1206 2824 1259 nomini
2854 1215 3209 1261 consecraret.
3241 1225 3260 1258 ‹
3295 1208 3465 1262 Acce-

1896 1293 1993 1358 dit,
2054 1293 2249 1362 inquit,
2307 1293 2448 1361 quod
2510 1295 2563 1347 in
2615 1294 2883 1363 publicum
2940 1297 3167 1351 mittitur
3208 1297 3465 1352 industria

1896 1398 2123 1438 excusus
2169 1393 2224 1437 et
2262 1383 2580 1438 informatus
2620 1384 2826 1440 Claudii
2854 1386 3186 1442 Chevallonii
3229 1388 3466 1443 hominis

1897 1475 1959 1527 T.
1995 1474 2057 1527 D.
2089 1474 2460 1539 addictissimi,
2492 1476 2692 1544 quique
2722 1476 3070 1533 vehementer
3099 1480 3328 1533 annixus
3353 1491 3465 1540 est,

1899 1574 1955 1617 ut
1977 1565 2153 1631 quoad
2186 1565 2299 1617 fieri
2330 1575 2551 1634 posset,
2585 1567 2637 1620 id
2670 1568 2941 1637 exemplar
2965 1610 2981 1633 ,
3015 1570 3155 1637 quod
3186 1585 3346 1623 unum
3375 1584 3469 1627 sua

1899 1654 2219 1710 liberalitate
2273 1666 2461 1711 nactus
2505 1667 2641 1723 erat,
2698 1672 3075 1729 repurgaretur
3116 1670 3192 1715 tot
3240 1662 3469 1729 mendis,

202 1754 437 1822 generis
469 1762 675 1821 partem
709 1766 811 1806 non
846 1760 1058 1806 tractat.
1100 1750 1372 1821 Nusquam
1403 1753 1613 1808 desidet
1642 1756 1695 1809 in
1719 1756 1798 1810 lo-
1823 1752 1872 1813 Β
1900 1747 2097 1816 finibus
2140 1750 2524 1817 ρτορθιῐιοάυπι
2574 1750 2951 1806 labefaClalum
3001 1763 3117 1807 erat
3155 1772 3167 1806 ε
3223 1755 3471 1809 adhibitis

203 1847 292 1899 cis
326 1844 733 1899 communibus.
777 1844 942 1913 Magis
974 1852 1127 1913 urget
1163 1854 1217 1899 et
1242 1845 1407 1899 instat
1444 1848 1795 1915 argumentis,

204 1938 351 1990 mire
388 1938 575 2005 pungit
602 1935 1062 2003 epiphonematis,
1093 1934 1494 2004 delectatjuxta
1540 1947 1595 1990 et
1622 1948 1802 1992 movet

207 2027 526 2081 sententiis.
560 2026 817 2094 Quodque
849 2026 1016 2095 magis
1058 2026 1217 2079 etiam
1250 2027 1557 2080 mirandum
1582 2035 1683 2090 est,
1722 2028 1800 2083 sic

210 2119 471 2173 Isocratis
502 2120 867 2174 schematibus
918 2118 1211 2182 modulata,
1244 2128 1471 2183 structa,
1508 2120 1801 2185 picturata-

209 2226 319 2277 que
348 2218 438 2264 est
467 2212 659 2276 oratio,
690 2220 749 2263 ut
777 2224 1037 2277 nusquam
1064 2208 1279 2277 frigeat,
1317 2219 1412 2263 aut
1439 2211 1680 2278 ineptiat.
1712 2210 1801 2264 Sic

212 2313 438 2372 arguta,
468 2311 524 2356 ut
550 2303 765 2357 interim
810 2317 1065 2366 nervosa;
1095 2303 1171 2356 sic
1198 2302 1492 2366 elaborata,
1533 2312 1589 2357 ut
1620 2312 1801 2359 tamen

210 2394 495 2456 dilucida;
525 2394 599 2446 sic
626 2408 781 2458 nova,
810 2394 903 2447 sed
924 2403 981 2447 ut
1010 2394 1169 2447 taedio
1196 2402 1381 2448 careat
1408 2394 1798 2461 aﬂ‘ectationis;

210 2488 294 2541 sic
328 2486 546 2547 festiva,
579 2496 637 2538 ut
664 2486 830 2539 nihilo
859 2488 1036 2540 secius
1063 2488 1240 2555 gravis
1267 2503 1326 2541 ac
1369 2490 1539 2551 seria;
1569 2491 1645 2542 sic
1676 2490 1801 2544 rhe-

214 2577 428 2641 torica,
484 2587 539 2629 ut
569 2578 791 2649 γνησίως
822 2586 997 2631 tamen
1055 2576 1378 2632 Christiana.
1432 2579 1669 2649 Denique
1725 2582 1802 2635 sic

213 2668 364 2721 acris
422 2682 484 2720 ac
538 2667 848 2731 vehemens,
880 2677 937 2721 ut
986 2668 1068 2722 sui
1118 2678 1294 2724 tamen
1342 2671 1537 2738 ubique
1588 2672 1798 2739 similis,

215 2761 335 2829 pari
384 2760 683 2814 intentione
715 2759 781 2814 ad
827 2768 1125 2815 extremum
1169 2778 1337 2832 usque
1375 2764 1575 2818 calcem
1611 2779 1803 2833 pr0pe-

219 2868 370 2915 rans,
406 2851 523 2905 sani
553 2850 801 2905 videlicet
840 2853 1121 2923 vegetique
1162 2853 1362 2922 ingenii
1404 2865 1798 2921 argumentum.

217 2944 537 2999 Gennadius
574 2944 700 2998 dum
755 2945 879 3000 huic
918 2947 1115 3014 stylum
1166 2945 1351 2999 tribuit
1391 2946 1799 3011 scholasticum,

219 3036 271 3090 ni
331 3037 510 3102 fallor,
546 3038 846 3105 plusculum
899 3038 953 3091 in
993 3052 1058 3092 eo
1105 3038 1435 3091 desideravit
1479 3054 1799 3091 arcanarum

1901 1840 2059 1892 etiam
2078 1840 2143 1893 ad
2167 1839 2308 1892 hunc
2329 1855 2480 1893 usum
2508 1842 2886 1897 vetustissimis
2905 1843 3047 1897 LXX
3065 1845 3471 1914 lnlerpretibus,

1902 1938 1956 1983 et
1989 1930 2217 1982 aliorum
2249 1931 2494 1983 codicum
2523 1971 2537 1993 ,
2584 1931 2777 1999 quibus
2822 1934 2911 1987 ilia
2953 1944 3083 1989 satas
3125 1950 3471 2005 assueverat,

1902 2026 2379 2090 translationibus;
2426 2042 2557 2095 quas
2603 2028 2734 2082 nihil
2774 2036 2990 2099 gravate
3016 2034 3236 2097 ascivit,
3280 2044 3336 2087 ut
3377 2033 3472 2087 hac

1902 2115 2111 2169 ratione
2139 2130 2287 2169 suam
2316 2117 2642 2183 diligentiam
2683 2119 2775 2174 tibi
2816 2120 3173 2189 approbaret,
3227 2131 3282 2179 et
3323 2124 3474 2177 bonis

1903 2206 2095 2261 studiis
2126 2207 2224 2261 hac
2255 2222 2463 2276 quoque
2491 2210 2542 2262 in
2577 2217 2726 2276 parte
2769 2210 3069 2278 prodesset.
3105 2229 3123 2262 ι
3161 2211 3474 2278 Exemplum

1904 2297 2062 2367 hujus
2090 2301 2333 2365 epistolae
2388 2300 2540 2355 nobis
2570 2302 2777 2370 praebet
2820 2302 2983 2357 editio
3012 2304 3380 2373 Lugdunensis
3422 2320 3473 2357 a.

1904 2391 2064 2445 1615.
2119 2390 2301 2444 Notari
2362 2401 2537 2446 autem
2588 2392 2788 2458 debet,
2838 2393 3157 2449 Casimirum
3212 2396 3474 2450 Oudinum

1905 2480 2124 2551 (Comm.
2156 2484 2219 2535 de
2247 2481 2354 2537 SS.
2398 2481 2547 2535 Eccl.
2572 2492 2609 2536 ι.
2650 2485 2669 2537 l
2723 2502 2775 2552 ρ.
2803 2483 2964 2554 12ἳο)
2988 2487 3075 2553 qui
3105 2486 3261 2555 hujus
3287 2486 3476 2541 editio-

1906 2572 1989 2625 nis
2038 2573 2241 2626 natales
2290 2573 2430 2627 circa
2463 2588 2661 2628 annum
2706 2573 2844 2629 15Ξο
2873 2576 3135 2642 collocat,
3190 2578 3477 2632 contulisse

1906 2666 2135 2733 primum
2158 2665 2272 2733 ejus
2292 2668 2609 2735 opusculum
2633 2662 3001 2721 Formularum
3022 2668 3310 2736 spiritualis
3331 2671 3478 2723 intel-

1904 2758 2127 2831 ligentia
2152 2774 2272 2813 cum
2320 2774 2450 2813 mss.
2500 2759 2777 2813 codicibus
2824 2759 3275 2814 Bibliothecarum
3326 2759 3476 2813 Pari-

1905 2852 2158 2906 siensium
2186 2892 2201 2915 ,
2238 2851 2419 2919 Regia:
2446 2852 2585 2907 5795
2608 2889 2623 2914 ,
2656 2849 2981 2904 (Ζοιῦθι-ιὶηω
3009 2850 3147 2905 1893
3169 2894 3184 2917 ,
3213 2858 3267 2904 et
3308 2851 3478 2903 sancti

1905 2941 2159 2997 Germani
2179 2940 2317 3004 Q50;
2348 2952 2507 3009 atque
2535 2941 2762 3007 primam
2791 2940 2930 2995 hanc
2959 2950 3015 2994 ut
3038 2949 3181 2994 recte
3201 2938 3475 2992 existima-

1906 3034 1981 3086 vit
2012 3034 2153 3087 illius
2175 3032 2465 3085 editionem
2493 3031 2660 3083 solam
2683 3045 2993 3098 germanam
3020 3038 3074 3085 et
3103 3030 3248 3083 hisce
3267 3028 3371 3083 600
3398 3029 3476 3085 vel

218 3128 548 3183 litterarum.
617 3128 881 3181 Caeterum
945 3129 1181 3182 libellum
1236 3128 1377 3180 hunc
1433 3143 1459 3180 a
1520 3127 1802 3195 Bodolpho
1830 3117 2012 3179 C'700
2041 3136 2304 3175 annorum
2335 3121 2611 3175 codicibus
2659 3120 2990 3175 conformem
3037 3120 3472 3190 deprehendisse.

225 3218 480 3287 Agricola
506 3232 716 3269 versum
748 3234 852 3270 nun
895 3232 1036 3279 esse,
1069 3220 1152 3273 vel
1202 3218 1373 3287 stylus
1405 3219 1517 3286 ipse
1556 3219 1686 3273 satis
1714 3234 1803 3273 ar-

221 3310 366 3377 guit,
399 3307 693 3374 praesertim
722 3323 841 3361 cum
875 3307 1117 3376 quaedam
1154 3308 1265 3361 sint
1291 3307 1565 3362 schemata
1587 3324 1704 3378 qua:
1735 3323 1803 3363 ne

222 3399 441 3467 possint
473 3399 686 3469 quidem
730 3400 795 3454 ad
838 3401 1080 3455 Graecam
1120 3402 1415 3454 orationem
1448 3403 1798 3468 respondere.

220 3490 541 3546 Gennadius
572 3490 770 3544 indicat
795 3490 1043 3545 Eucherii
1072 3506 1190 3547 esse
1217 3492 1586 3560 Lugdunensis
1616 3492 1804 3548 Eccle-

222 3583 322 3635 sia:
354 3582 615 3651 episcopi.
648 3582 877 3651 Moxque
899 3582 1059 3649 hujus
1080 3583 1324 3635 meminit
1351 3584 1611 3650 epistolae,
1641 3599 1801 3653 quam

222 3674 526 3744 scripserat
572 3674 637 3727 ad
683 3673 1021 3729 Valerianum
1068 3674 1424 3744 propinquum
1488 3692 1679 3734 suum.
1736 3676 1805 3730 de

224 3773 546 3829 contemptu
576 3765 777 3827 mundi,
810 3764 985 3834 deque
1013 3765 1367 3833 relinquendo
1408 3767 1585 3820 studio
1628 3766 1805 3835 profa-

225 3869 313 3909 nte
344 3852 725 3923 phil050phia2.
758 3856 932 3924 Atque
963 3857 1163 3910 utinam
1205 3857 1409 3925 reliqua
1438 3858 1596 3926 hujus
1630 3865 1806 3912 exsta-

228 3952 378 4009 rent,
404 3945 486 3998 vel
505 3944 549 3998 is
581 3945 735 4012 liber,
768 3962 874 4016 quo
901 3949 1128 4016 carptim
1159 3949 1386 4002 obscura
1414 3963 1637 4017 quaeque
1666 3949 1805 4002 divi-

232 4051 424 4090 norum
455 4038 786 4091 voluminum
832 4039 1066 4106 capitula
1096 4038 1427 4108 explanavit,
1462 4038 1545 4092 vel
1591 4040 1657 4102 is,
1698 4052 1805 4107 quo

233 4128 443 4196 prolixa
494 4128 739 4183 Cassiani
791 4130 1046 4198 Opuscula
1112 4130 1381 4185 contraxit
1430 4128 1484 4183 in
1545 4144 1803 4199 compen-

235 4219 402 4273 dium.
438 4240 457 4272 ι

303 4311 464 4366 1525.
500 4311 713 4367 Parisiis
742 4314 882 4385 apud
909 4312 1161 4367 Jodocum
1198 4312 1460 4377 Badium;
1508 4312 1668 4366 in-8'.
1702 4313 1808 4365 Eu-

235 4403 493 4457 cherii....
541 4405 758 4475 epistola
802 4404 869 4456 ad
926 4403 1345 4457 Valerianum...
1402 4402 1529 4455 Item
1582 4402 1805 4455 di5ticha

1905 3210 2167 3266 Observat
2187 3221 2362 3266 autem
2386 3220 2669 3279 sequentes
2693 3212 2979 3277 editiones,
3010 3213 3175 3268 veluti
3208 3212 3477 3267 Basileen-

1903 3317 2019 3358 sem
2040 3317 2091 3358 a.
2122 3302 2252 3357 1551
2307 3302 2488 3374 (quam
2512 3304 2799 3357 secundam
2831 3304 3028 3375 vocat),
3076 3303 3368 3359 Romanam
3422 3322 3475 3360 a.

1907 3395 2071 3459 1564,
2104 3404 2159 3448 et
2182 3394 2593 3464 Lugdunensem
2621 3410 2671 3450 a.
2706 3394 2863 3461 1677,
2887 3395 3049 3462 duplo
3070 3411 3188 3451 esse
3213 3397 3478 3451 auctiores

1907 3498 1960 3542 et
1982 3488 2264 3543 innumera
2296 3486 2490 3542 habere
2512 3488 2743 3542 admixta
2768 3502 2833 3543 ex
2860 3489 3166 3543 auctoribus
3185 3490 3241 3544 8.
3270 3488 3478 3543 Euche-

1906 3580 1987 3633 rio
2015 3577 2407 3647 posterioribus
2442 3586 2495 3632 et
2531 3579 2759 3633 maxime
2805 3594 2869 3633 ex
2900 3580 2958 3635 S.
3002 3580 3258 3649 Gregorio
3300 3596 3475 3649 papa;

1904 3670 2038 3724 adeo
2083 3680 2139 3725 ut
2167 3671 2455 3739 genuinum
2489 3671 2629 3724 istud
2673 3687 2807 3740 opus
2841 3672 3087 3728 Eucherii
3117 3674 3203 3728 vix
3248 3674 3475 3729 mediam

1904 3771 2109 3831 partem
2149 3762 2421 3815 contineat
2457 3776 2641 3817 eorum
2679 3777 2796 3831 quas
2830 3764 2885 3816 in
2928 3765 3132 3819 ultimis
3172 3766 3328 3833 hujus
3357 3767 3476 3821 libri

1906 3851 2234 3907 editionibus
2257 3852 2517 3918 impressa
2545 3850 2674 3906 sint.

1978 3942 2135 3998 1550.
2167 3941 2387 3996 Basileaz
2414 3945 2550 4010 apud
2582 3941 2744 3995 Andr.
2783 3939 3127 3995 Cratandrum
3153 3958 3173 4007 ;
3202 3942 3374 3995 iit-4°.
3414 3946 3477 3997 Ι).

1908 4034 2156 4090 Eucherii
2200 4035 2434 4103 episcopi
2467 4032 2835 4103 Lugdunensis
2865 4075 2879 4098 ,
2930 4033 3066 4087 liber
3108 4030 3478 4086 Formularum

1904 4126 2256 4197 intelligentia:
2281 4127 2601 4192 spiritualis;
2644 4124 2883 4193 ejusdem
2917 4124 3049 4178 liber
3082 4129 3145 4177 de
3177 4123 3483 4188 Quwstioni-

1908 4218 1998 4271 bus
2025 4218 2392 4288 difﬁcilioribus
2429 4218 2607 4270 veteris
2637 4226 2683 4269 et
2712 4218 2827 4269 novi
2859 4216 3187 4283 Testamenti,
3221 4213 3484 4282 Interpre-

1909 4312 2033 4362 tatio
2060 4310 2323 4362 nominum
2352 4308 2725 4362 Hebraicorum
2750 4350 2763 4372 ,
2797 4316 2843 4360 et
2870 4308 3089 4360 aliorum
3118 4307 3276 4359 sacris
3302 4303 3484 4355 litteris

1910 4412 2280 4463 contentornm,
2309 4411 2359 4452 et
2389 4401 2601 4469 epistola
2630 4399 2696 4449 ad
2740 4396 3067 4449 Valerianum
3092 4396 3158 4449 de
3179 4404 3485 4461 contemptu

238 4495 434 4548 veteris
464 4494 743 4562 cujusdam
775 4492 1079 4562 philosophi
1106 4532 1120 4556 ,
1165 4500 1268 4545 etc.
1310 4490 1546 4544 Benedd.
1584 4492 1634 4543 in
1666 4491 1803 4544 Hist.
1834 4489 1888 4548 D
1914 4492 2126 4545 mundi:
2152 4507 2218 4544 ex
2250 4490 2488 4544 editione
2514 4500 2710 4543 etcum
2738 4488 2957 4541 scholiis
2974 4487 3233 4541 Desiderii
3255 4486 3485 4538 Erasmi.

239 4580 316 4637 lit.
343 4583 548 4639 Galliae.

310 4676 437 4729 Sine
490 4690 644 4725 anno.
680 4670 898 4723 Parisiis
943 4686 1029 4739 per
1075 4667 1347 4722 Claudium
1392 4667 1814 4732 Chevellonium;

238 4765 409 4825 iri-8°,
434 4780 479 4815 s.
520 4761 693 4815 ἔπι-12.
730 4761 977 4814 Eucherii
1001 4759 1374 4827 Lugdunensis
1400 4759 1809 4828 archiepiscopi,

238 4852 507 4907 Formula:
537 4851 889 4919 intelligentiae
908 4848 1193 4918 spiritalis;
1220 4850 1340 4903 lihri
1371 4851 1475 4903 duo
1506 4849 1812 4903 Instructio-

240 4963 361 4999 nmn
394 4958 530 4997 nunc
563 4944 788 5011 primum
815 4940 978 5005 editi;
1012 4940 1228 5008 cpistola
1256 4939 1575 4994 Parwnetica
1606 4942 1673 4992 ad
1712 4941 1813 4993 Va-

240 5038 488 5090 lerianum
530 5042 809 5101 cognatum
838 5046 995 5085 suum
1025 5046 1144 5085 cum
1167 5030 1381 5086 scholiis
1407 5031 1661 5086 Desiderii
1685 5032 1816 5085 Era-

244 5130 339 5181 smi
361 5167 375 5191 ,
396 5127 454 5182 S.
485 5126 663 5180 Basilii
695 5124 954 5193 episcopi,
980 5125 1204 5193 epistola
1234 5124 1588 5178 consolatoria
1616 5126 1812 5178 adver-

245 5233 330 5275 sus
352 5220 533 5275 mundi
556 5217 916 5281 incommoda,
952 5233 1096 5272 nunc
1118 5218 1347 5283 primum
1371 5220 1546 5282 edita;
1573 5218 1816 5272 nonnihil

248 5310 307 5365 de
334 5312 512 5366 carnis
540 5310 930 5364 resurrectione
960 5324 1027 5363 ex
1054 5309 1279 5377 epistola
1309 5308 1371 5361 Ι).
1407 5309 1716 5379 Hieronymi
1747 5308 1813 5363 ad

250 5403 638 5458 Pammachium
665 5402 927 5456 adversus
949 5417 1162 5456 errores
1190 5401 1409 5457 Joannis
1431 5400 1814 5470 Hierosolymi-

251 5496 349 5547 tani
376 5513 388 5548 :
418 5494 597 5549 omnia
630 5495 769 5547 edita
809 5492 987 5547 studio
1036 5492 1179 5547 Petri
1222 5491 1469 5547 Gerardi.
1510 5489 1625 5545 Cat.
1674 5492 1811 5545 Bibl.

253 5582 373 5657 Reg.
407 5585 575 5638 Paris.
607 5593 659 5637 et
688 5584 867 5637 Baluz.
896 5593 933 5636 t.
966 5582 1012 5637 ll
1040 5598 1091 5651 p.
1119 5582 1242 5637 641.

316 5675 549 5731 Tametsi
575 5675 689 5730 haec
718 5676 882 5732 editio
906 5676 1031 5730 anni
1059 5683 1181 5730 nota
1204 5684 1413 5742 careat,
1442 5686 1617 5731 tamen
1645 5715 1661 5743 ,
1694 5691 1816 5733 cum

1914 4582 2035 4637 Cat.
2063 4582 2198 4635 Bibl.
2232 4580 2363 4647 Reg.
2396 4580 2517 4631 Par.

1987 4672 2145 4726 1551.
2189 4669 2407 4723 Basilea:
2455 4670 2507 4721 in
2540 4668 2737 4737 o/jicina
2776 4666 3135 4732 Frobeniana;
3165 4667 3372 4734 in-{ol°.
3425 4666 3486 4720 Ι).

1918 4764 2167 4818 Eucherii
2217 4761 2587 4827 Lugdunensis
2617 4760 2850 4827 episcopi
2883 4759 3105 4813 doctiss.
3138 4758 3490 4813 Lucubratio-

1918 4870 2013 4909 nes
2046 4870 2153 4907 non
2185 4855 2361 4907 minus
2390 4852 2488 4919 pia:
2525 4867 2684 4920 quam
2726 4850 2949 4904 eruditae
2974 4865 3102 4905 cura
3129 4865 3191 4903 ac
3229 4849 3492 4903 beneficio

1920 4945 2140 4999 Joannis
2198 4944 2486 4997 Alexandri
2545 4943 2850 4997 Brassicani
2898 4943 3247 5007 iureconsulti
3305 4956 3493 4995 recens

1920 5038 2099 5099 editaz,
2124 5051 2349 5102 quarum
2376 5038 2490 5090 haec
2517 5046 2597 5090 est
2620 5050 2857 5088 summa:
2882 5033 2949 5088 In
2978 5032 3210 5088 Genesim
3229 5032 3494 5088 Commen-

1921 5131 2170 5181 tariorum
2207 5129 2325 5181 libri
2364 5143 2459 5191 ttt;
2510 5129 2563 5181 in
2597 5128 2753 5181 libros
2780 5127 2976 5199 Regum
3008 5126 3496 5181 Commentariorum

1918 5223 2034 5275 libri
2067 5239 2147 5286 tv;
2178 5219 2550 5275 Formnlarum
2595 5221 2922 5287 Spiritalium
2969 5219 3094 5273 liber
3141 5236 3159 5273 ι
3186 5261 3200 5285 ,
3249 5226 3497 5273 accurate

1920 5316 2246 5384 recognitus,
2290 5313 2511 5383 adjectis
2560 5313 2625 5367 iis
2662 5312 2910 5367 omnibus
2959 5327 3076 5381 quae
3126 5311 3178 5365 in
3222 5310 3498 5378 superiore

1916 5405 2155 5459 editione
2198 5420 2354 5474 quam
2386 5406 2613 5474 plurima
2652 5403 3126 5467 desiderabantur;
3182 5402 3498 5467 Qumtiones

1915 5498 1969 5549 in
1994 5507 2133 5550 vetus
2155 5504 2202 5549 et
2231 5512 2413 5549 novum
2442 5494 2857 5560 Testamentum;
2886 5494 3174 5548 Neminem
3204 5493 3495 5546 Hebraico-

1916 5602 2032 5640 rum
2060 5601 2125 5641 ac
2146 5586 2373 5639 aliorum
2402 5587 2559 5641 etiam
2586 5628 2603 5654 ,
2636 5600 2753 5655 qua!
2784 5587 2836 5640 in
2867 5588 3037 5642 sacris
3065 5586 3256 5641 litteris
3287 5585 3494 5639 haben-

1916 5686 2027 5745 tur,
2051 5675 2446 5747 Interpretatio;
2482 5678 2693 5748 epistola
2717 5676 3038 5733 Parwnetica
3067 5679 3133 5731 ad
3170 5677 3496 5733 Valerianum
