4028 6184
1268 218 1329 277 S.
1370 208 1762 273 EUCHERIUS
1800 205 2170 263 EPISCOPUS
2208 205 2712 268 LUGDUNENSIS.

355 356 642 424 cognatum
663 361 843 411 suum,
865 342 936 400 de
956 347 1266 424 contemptu
1292 331 1481 424 mundi
1508 370 1523 398 ,
1551 344 1678 424 cum
1690 324 1938 424 mscboliis
1964 328 2020 385 Δ
2042 332 2102 424 ut
2131 323 2292 424 etiam
2338 326 2721 424 benignitatem
2751 330 2983 387 hominis
3012 329 3210 388 eruditi
3236 324 3301 387 ac
3324 330 3621 391 candorem

358 410 664 495 DiErasmi
692 410 1063 487 ROterodami.
1092 424 1148 478 ιιι
1182 422 1324 477 ﬁne:
1373 417 1499 472 Bas.
1545 418 1597 469 in
1647 412 1738 481 o/r.
1772 410 1933 465 Frob.

359 547 449 603 per
475 528 849 598 Hieronymum
875 520 1190 576 Frobenium
1215 526 1262 570 et
1282 514 1560 570 Nicolaum
1584 507 1937 579 Episwpium,

359 640 531 683 mense
558 623 790 695 Augusto
809 619 888 683 (in
918 615 1072 669 titulo
1095 627 1263 666 mense
1289 605 1593 681 Septembri)
1617 619 1673 658 ιι.
1708 618 1757 655 n.
1784 612 1936 695 xxxi.

434 718 509 772 De
562 691 770 769 edi'tore
818 710 1029 765 Joanne
1083 702 1390 760 Alexandro
1441 696 1765 752 Brassicano
1819 691 1942 744 vide

362 823 482 880 qua:
532 808 668 861 inira
695 802 763 858 ad
814 798 1128 857 Salvianum
1159 796 1513 863 disputamus.
1548 786 1823 880 Inscripsit
1854 784 1942 880 ille

363 874 600 970 primum
627 910 762 966 opus
780 892 956 949 eidem
984 933 999 958 ,
1024 889 1110 944 cui
1136 887 1450 943 Salvianum
1474 876 1804 948 nuncupavit
1831 874 1945 941 epi-

364 1004 531 1059 scopo
569 984 887 1058 Augustensi
911 980 1300 1049 Christophoro
1322 993 1349 1029 a
1375 974 1619 1031 Stadion.
1666 971 1829 1024 Plena
1864 976 1946 1021 est

367 1085 595 1155 epistola
637 1082 784 1154 (data
839 1078 1055 1131 Vienna:
1100 1072 1328 1127 Austriae
1359 1084 1425 1124 ex
1466 1067 1615 1135 regio
1639 1064 1941 1155 collegioa.

370 1152 512 1233 ιὲδο
534 1213 550 1240 ,
581 1152 783 1228 mensis
811 1167 1124 1226 Decembris
1155 1164 1242 1219 die
1267 1164 1359 1229 20)
1384 1159 1633 1215 laudibus
1657 1152 1904 1210 Eucherii
1930 1192 1946 1219 ,

371 1269 464 1323 sed
506 1268 575 1320 ad
613 1280 726 1320 rem
768 1271 1086 1331 praesentem
1126 1270 1310 1325 parum
1343 1252 1489 1307 facit.
1539 1252 1784 1303 Alterum
1816 1260 1949 1313 opus

371 1360 514 1430 quod
540 1357 795 1428 peculiari
830 1354 987 1409 titulo
1011 1350 1244 1421 gaudet,
1268 1356 1321 1402 et
1344 1345 1557 1400 tertium
1583 1340 1827 1408 epistolis
1853 1338 1950 1390 ibi-

370 1450 493 1504 dem
523 1450 817 1515 eodemque
844 1460 984 1499 anno
1010 1455 1063 1497 et
1091 1455 1277 1496 mense
1302 1436 1537 1493 exaratis
1560 1476 1573 1499 ,
1617 1433 1788 1486 dicata
1831 1438 1955 1483 sunt

378 1543 438 1595 D.
472 1541 607 1595 Jano
653 1556 683 1594 a
725 1538 949 1601 Sitmlla,
997 1536 1161 1604 equiti
1208 1541 1261 1587 et
1301 1528 1709 1601 jurisconsnlto.
1764 1525 1819 1578 in
1871 1522 1952 1575 his

373 1633 604 1702 jucunda
636 1638 761 1685 sunt
788 1640 842 1683 et
865 1639 1161 1682 memoratu
1190 1640 1293 1678 non
1331 1622 1542 1690 indigna
1572 1634 1688 1688 quae
1710 1618 1777 1670 de
1807 1615 1953 1667 vario

2042 419 2287 473 laudibus
2318 421 2623 476 vehendum
2673 425 2969 485 existimem
2994 469 3009 494 ,
3066 428 3154 496 qui
3187 425 3448 483 studiosis
3471 428 3623 485 exhi-

2041 516 2172 571 bere
2192 517 2385 571 maluit
2405 518 2457 572 id
2479 519 2621 589 quod
2643 521 2981 575 commodum
3009 522 3358 591 acquisicrat,
3383 539 3544 594 quam
3572 532 3630 582 ut

2043 617 2319 676 pateretur
2344 610 2446 665 hoc
2475 610 2817 668 intercidere.
2844 613 2953 666 Nos
2976 622 3150 667 autem
3183 616 3436 684 exemplo
3464 625 3522 672 et
3549 618 3630 672 in-

2044 706 2198 769 tegro
2225 708 2280 756 et
2309 703 2526 773 egregie
2554 704 2770 760 sincero
2810 706 2890 761 usi
2918 747 2933 771 ,
2980 707 3122 775 quod
3153 704 3309 764 nobis
3351 722 3473 765 cum
3521 712 3631 782 ple-

2043 793 2226 863 risque
2257 795 2377 849 aliis
2420 810 2572 865 aeque
2604 797 2758 852 bonis
2808 799 3116 854 auctaribns
3139 797 3487 859 Reve'rendus
3537 820 3634 873 pa-

2048 893 2131 939 ter
2157 926 2172 951 ,
2228 886 2488 943 Dominus
2533 891 2769 946 Joannes
2816 893 3181 947 Hartmannus
3225 894 3383 949 abbas
3411 895 3632 953 Sanctae

2047 976 2236 1034 Crucis
2282 980 2334 1034 in
2365 984 2601 1049 Anstria,
2626 985 2706 1037 vir
2735 994 2787 1039 et
2818 986 3118 1041 Studiorum
3167 994 3221 1041 et
3262 990 3630 1045 studiosorum

2049 1073 2238 1128 unicus
2290 1083 2565 1142 patronus,
2622 1074 2797 1132 meum
2852 1086 3030 1133 autem
3090 1082 3415 1149 prmcipuum
3470 1085 3636 1142 decus

2049 1173 2105 1221 et
2129 1166 2461 1236 praesidium,
2493 1167 2725 1224 libenter
2768 1170 2821 1226 et
2859 1178 2926 1226 ex
2957 1171 3137 1227 animo
3176 1178 3639 1246 communicavit;

2054 1260 2288 1329 primum
2340 1260 2391 1313 id
2423 1262 2566 1329 qUod
2596 1262 2783 1316 deerat
2825 1260 3121 1333 adiecimus
3149 1308 3164 1333 ,
3217 1275 3421 1337 etquae
3451 1268 3643 1339 depran

2054 1363 2175 1408 vata
2228 1354 2441 1409 fuerant
2488 1357 2741 1425 religiose
2782 1360 3191 1430 castigavimus;
3244 1362 3384 1432 quod
3433 1376 3490 1418 ut
3528 1376 3645 1421 stuc

2054 1443 2192 1499 diosi
2240 1447 2446 1513 planius
2518 1460 2884 1517 cognoscant,
2936 1452 3215 1522 stibjiciam
3269 1452 3375 1509 duo
3432 1465 3641 1513 tantum

2053 1538 2322 1606 exempla,
2371 1550 2436 1592 cx
2482 1539 2673 1608 quibus
2704 1540 2905 1611 reliqua
2933 1542 3108 1609 facile,
3138 1555 3405 1615 tamquam
3430 1547 3640 1603 leonem

2056 1646 2124 1687 ex
2174 1634 2441 1701 unguibus
2490 1635 2760 1691 :cStimare
2807 1632 3032 1706 'poSsint.
3086 1638 3325 1694 Primum
3371 1652 3528 1711 caput
3572 1641 3646 1697 de

378 1728 637 1781 librorum
660 1731 996 1777 vetustorum
1032 1720 1169 1773 intra
1193 1729 1245 1772 et
1269 1731 1417 1771 extra
1442 1714 1626 1767 urbem
1664 1710 1918 1764 Viennam
1943 1746 1957 1773 ,
1990 1705 2037 1763 B
2065 1722 2263 1778 divinis
2291 1725 2595 1779 "omnibus
2620 1768 2633 1792 ,
2666 1705 2819 1796 quod’
2840 1737 3009 1783 totum
3040 1705 3453 1787 desiderabam;
3473 1775 3488 1800 ,
3533 1734 3647 1804 iam

382 1821 508 1875 dum
536 1834 567 1874 a
596 1816 782 1872 Turcis
803 1816 1019 1870 obsessa
1041 1824 1223 1878 esset,
1259 1813 1367 1866 fato
1406 1809 1655 1878 aSpersit.
1680 1802 1959 1873 Deprendi.

377 1929 509 1969 cans
569 1912 776 1967 scilicet
830 1909 1065 1963 divinam
1122 1921 1306 1961 curam
1361 1914 1519 1974 atque
1570 1901 1960 1971 providentiam

377 2015 574 2076 quanta
604 2004 672 2057 sit
686 2005 737 2056 in
756 1999 1140 2056 conservandis
1154 2010 1393 2053 veterum
1418 2005 1721 2057 auctorum,
1742 2007 1963 2062 prmser-

380 2103 475 2157 tim
507 2102 573 2157 iis
605 2142 620 2167 ,
646 2115 765 2170 quas
796 2112 944 2153 saera
976 2105 1230 2151 cnarrent
1253 2134 1269 2160 ,
1298 2093 1513 2162 scriptis
1544 2132 1559 2157 ,
1592 2092 1658 2145 de
1692 2090 1960 2144 Eucherio

381 2193 688 2263 exemplum
740 2192 904 2260 capit.
955 2208 977 2242 ι
1037 2189 1167 2242 Nam
1215 2198 1358 2240 anno
1410 2183 1709 2252 superiore,
1765 2180 1957 2248 inquit,

380 2305 503 2345 cum
521 2287 893 2344 immanissimi
918 2285 1110 2341 Turcis
1134 2282 1396 2337 Viennam
1423 2278 1659 2333 inaudita
1681 2274 1963 2329 obsidione

385 2389 691 2450 premerent
716 2421 729 2443 ,
763 2387 818 2433 et
842 2376 1023 2432 omnia
1050 2372 1396 2441 circumiecta
1423 2410 1437 2435 ,
1468 2372 1721 2424 nimirum
1758 2369 1922 2421 urbes
1948 2408 1963 2431 ,

383 2487 535 2527 arces
558 2511 573 2537 ,
601 2469 847 2525 coenobia
866 2511 881 2535 ,
906 2468 1063 2521 villas
1090 2509 1103 2531 ,
1127 2479 1320 2535 pagos,
1345 2480 1504 2535 agros
1521 2509 1536 2531 ,
1566 2464 1750 2517 vineas
1772 2504 1786 2527 ,
1817 2461 1965 2515 ferro

384 2575 438 2619 et
464 2565 587 2633 igne
619 2571 933 2627 vastarent,
984 2567 1338 2615 excusserant
1382 2556 1545 2613 etiam
1576 2557 1780 2625 regium
1822 2554 1921 2608 hoc
1950 2593 1965 2617 ,

384 2657 609 2712 instituti
639 2654 751 2708 divi
794 2652 1051 2708 Bernardi
1080 2646 1383 2705 emnobium
1410 2692 1425 2717 ,
1474 2647 1616 2719 quod
1646 2647 1713 2701 ad
1738 2645 1800 2701 S.
1833 2645 1969 2699 Cru-

386 2764 503 2805 cem
558 2748 687 2803 divo
744 2746 1019 2815 LeopOIdo
1077 2744 1354 2799 archiduci
1415 2740 1647 2796 Austris:
1700 2739 1970 2809 appellare

387 2841 616 2911 placuit;
662 2848 865 2894 etcum
910 2828 1110 2890 hcclta
1140 2834 1352 2891 miseris
1388 2834 1563 2889 modis
1611 2833 1967 2902 accepissent,

389 2944 446 2987 ut
468 2932 579 3001 jam
607 2930 915 2987 coenobium
941 2924 1273 2998 quaereretur
1296 2928 1349 2981 in
1380 2926 1631 2982 coenobio
1654 2970 1669 2994 ,
1701 2923 1865 2978 libros
1890 2930 1971 2976 ta-

392 3040 515 3081 men
546 3039 734 3079 omnes
755 3033 808 3079 et
829 3030 1061 3089 veteres,
1088 3030 1141 3077 et
1162 3021 1338 3077 adhuc
1358 3020 1575 3075 minimc
1595 3020 1866 3089 vulgatos,
1888 3018 1971 3072 in-

2066 1832 2130 1871 ex
2164 1818 2329 1871 veteri
2374 1833 2545 1889 neque
2588 1820 2763 1873 minus
2804 1818 3017 1877 sincero
3045 1825 3292 1894 exemplo
3349 1829 3651 1897 repositum

2068 1918 2167 1964 est.
2219 1911 2335 1966 Iam
2383 1912 2527 1965 enim
2575 1913 2816 1967 consulta
2846 1910 3007 1982 opera
3054 1917 3399 1984 praetermitto
3443 1933 3649 1989 quanta

2068 2001 2205 2056 facta
2236 2004 2305 2057 sit
2333 2004 2385 2056 in
2415 2006 2660 2059 omnibus
2682 2005 2943 2075 capitibus
2971 2010 3227 2064 accessio.
3252 2010 3303 2063 ln
3329 2010 3651 2078 praefatione

2070 2094 2320 2150 Eucherii
2342 2098 2419 2151 sic
2438 2097 2657 2166 legitur:
2684 2100 2836 2169 Atqui
2858 2101 3136 2153 secundum
3158 2101 3447 2172 allegoriam
3476 2105 3656 2173 bapti-

2068 2204 2229 2255 smus,
2261 2191 2541 2242 secundum
2566 2206 2829 2262 anagogen
2854 2190 3059 2263 angeli;
3083 2208 3202 2247 cum
3234 2193 3303 2248 sit
3327 2194 3615 2263 legendum
3638 2212 3656 2251 :

2069 2284 2230 2352 Aqua:
2258 2285 2533 2336 secundum
2557 2284 2858 2354 allegoriam
2886 2278 3182 2353 baptismus,
3214 2288 3493 2341 secundum
3522 2306 3658 2342 ana-

2068 2390 2233 2446 gogen
2260 2375 2466 2445 angeli;
2488 2376 2627 2431 unde
2648 2383 2729 2431 est
2753 2376 2902 2445 illud,
2936 2376 2997 2431 Et
3019 2394 3167 2449 aqum
3190 2395 3307 2449 qua:
3329 2395 3481 2449 super
3507 2381 3661 2434 caelos

2069 2477 2208 2531 sunt,
2236 2467 2445 2521 laudent
2474 2484 2657 2522 nomen
2680 2468 2890 2523 Domini
2926 2480 2979 2524 et
3003 2478 3219 2525 caetera.
3268 2469 3383 2524 Non
3407 2472 3660 2539 equidem

2072 2558 2308 2624 invideo,
2343 2560 2388 2612 si
2421 2562 2539 2629 quis
2568 2566 2780 2616 veteres
2803 2562 3095 2631 scriptores
3123 2564 3172 2616 in
3201 2561 3373 2617 lucem
3400 2563 3659 2631 proferat,

2072 2652 2240 2707 miror
2284 2662 2462 2706 autem
2512 2653 2683 2723 magis
2735 2654 2779 2709 si
2829 2653 2949 2724 quis
2981 2656 3032 2708 in
3064 2653 3129 2709 iis
3172 2654 3429 2725 castigate
3458 2654 3660 2725 depro-

2074 2743 2285 2799 mendis
2332 2760 2548 2799 omnem
2600 2761 2819 2815 operam
2869 2763 3019 2801 suam
3072 2748 3323 2803 collocet.
3386 2768 3406 2801 ι
3439 2746 3662 2804 Sextum

2075 2837 2387 2906 opusculum
2414 2876 2430 2902 ,
2480 2839 2697 2908 epistola
2728 2839 2937 2894 scilicet
2970 2838 3291 2895 Partenetica
3320 2842 3387 2893 ad
3423 2839 3667 2895 Valeria-

2075 2945 2227 2995 num,
2282 2944 2351 2984 ex
2408 2929 2615 2985 Erasmi
2671 2930 2903 2985 editione
2934 2930 3262 3001 descriptum
3307 2940 3412 2997 est,
3462 2930 3665 2985 additis

2077 3020 2301 3077 scboliis
2324 3022 2440 3093 ejus
2467 3030 2523 3079 et
2550 3016 2775 3092 epistola
2798 3022 2865 3078 ad
2896 3010 3175 3078 Alardum.
3232 3023 3495 3079 Caeterum
3520 3023 3669 3079 Fro-

393 3125 709 3184 corruptos,
742 3119 887 3169 etet
918 3086 1063 3168 nulla
1093 3120 1244 3183 parte
1285 3112 1589 3168 deminutos
1620 3086 1973 3180 reliquerunt.
2000 3086 2051 3151 Β
2079 3112 2228 3170 benii
2282 3086 2500 3184 operam
2552 3086 2839 3179 dederunt,
2896 3123 2954 3167 ut
2994 3124 3098 3168 tam
3152 3114 3455 3183 commode,
3500 3130 3665 3186 quam

392 3208 469 3262 Ita
500 3218 558 3261 ut
583 3206 721 3277 ignis
754 3207 816 3261 iis
846 3202 951 3261 non
980 3206 1135 3261 aliter
1164 3202 1473 3274 pepercisse
1502 3204 1746 3259 videatur
1767 3245 1782 3271 ,
1814 3204 1975 3273 quam

395 3298 582 3355 dinem
616 3290 898 3354 Anchisem
924 3307 1129 3368 patrem
1159 3297 1398 3351 humeris
1426 3296 1696 3363 ederenti,
1714 3306 1811 3350 nec
1828 3292 1980 3351 ﬂani-

396 3406 604 3446 marum
628 3393 728 3455 vis,
744 3406 843 3445 nec
856 3390 1088 3443 hostium
1102 3380 1288 3443 inlelix
1306 3394 1562 3443 occursus
1576 3374 1767 3442 obesse
1786 3387 1977 3456 putuit,

395 3492 488 3537 aut
514 3483 693 3536 illum
734 3482 1039 3535 incendium
1083 3483 1197 3549 pios
1228 3482 1349 3536 illos
1386 3481 1754 3536 adolescentes
1788 3490 1983 3549 paren-

398 3587 510 3631 tum
541 3590 759 3629 suorum
788 3576 959 3627 latera
986 3574 1297 3629 claudentes
1320 3615 1337 3641 ,
1369 3577 1546 3631 salvos
1590 3592 1653 3631 ac
1683 3577 1980 3631 incolumes

398 3670 551 3725 abire
584 3668 845 3737 permisit.
876 3667 1126 3736 Pepercit
1169 3666 1329 3737 igitur
1372 3669 1677 3723 incendium
1705 3670 1808 3722 hoc
1835 3679 1981 3722 atro-

396 3760 677 3815 cissimum
734 3759 1024 3827 Eucherio,
1073 3760 1216 3815 etab
1264 3776 1329 3816 eo
1368 3761 1518 3816 libris
1551 3762 1708 3817 isthic
1734 3762 1982 3815 omnibus

398 3867 559 3907 omne
581 3851 669 3921 jus
699 3851 822 3906 belli
848 3851 1039 3906 Turcze
1068 3852 1460 3909 abstinuerunt.
1491 3852 1623 3907 Cum
1657 3853 1857 3907 interea
1888 3867 1984 3906 no-

399 3946 497 3999 stri
525 3947 738 4011 milites,
769 3946 904 3999 intra
930 3945 1151 4012 moenia,
1184 3946 1350 4000 libros
1380 3960 1566 4000 omnes
1590 3944 1978 4012 discerperent,

400 4038 577 4094 omnia
606 4039 874 4093 volumina
906 4048 1332 4107 corrumperent.
1370 4037 1445 4092 Ita
1494 4048 1555 4091 ut
1580 4039 1667 4091 vix
1698 4052 1723 4089 a
1758 4036 1982 4104 publicis

401 4131 561 4185 etiam
604 4130 948 4184 bibliothecis
988 4128 1305 4197 diripiendis
1354 4139 1442 4182 aut
1476 4129 1521 4181 vi
1552 4127 1844 4196 prohibiti,
1892 4136 1986 4183 aut

400 4224 718 4279 auctoritate
741 4218 973 4277 submoti
998 4222 1216 4275 fuerint.
1245 4220 1430 4287 Vides,
1464 4223 1666 4290 optime
1687 4206 1789 4287 vir,
1823 4237 1980 4290 quam

402 4319 559 4372 unico
581 4316 800 4370 nomine
824 4322 1030 4367 tantum
1056 4329 1160 4367 non
1184 4315 1345 4369 etiam
1371 4313 1611 4368 moribus
1633 4330 1659 4367 a
1683 4313 1877 4367 Turcis
1900 4314 1985 4369 hac

402 4409 590 4465 bellua:
639 4406 910 4462 diﬂ’erunt.
964 4405 1123 4461 Certe
1174 4424 1279 4462 non
1311 4408 1485 4462 minus
1515 4408 1735 4477 periculi
1769 4407 1867 4461 fuit
1920 4408 1985 4462 ab

402 4497 656 4569 imposito
710 4498 984 4567 praesidio,
1033 4512 1192 4567 quam
1243 4499 1310 4552 ab
1336 4506 1560 4553 externo
1586 4506 1641 4553 et
1673 4514 1738 4554 eo
1768 4499 1985 4570 quidem

406 4592 863 4662 perniciosissimo
895 4592 1069 4646 hoste.
1109 4612 1129 4645 ι
1162 4594 1336 4662 Atque
1366 4596 1480 4647 haec
1509 4595 1683 4662 priora
1716 4595 1822 4650 duo
1854 4610 1988 4663 Opu-

405 4686 554 4740 scula
584 4687 695 4750 ipse
728 4684 928 4750 primus
954 4684 1303 4738 Brassicanus
1330 4700 1398 4739 ex
1432 4685 1629 4739 laudati
1673 4686 1987 4740 monasterii

406 4775 734 4831 membranis
778 4773 1050 4830 cbartisve
1078 4777 1363 4845 produxit;
1412 4778 1649 4843 tertium,
1700 4790 1855 4845 prout
1885 4780 1990 4835 fert

404 4871 522 4940 ipse
548 4870 732 4923 titulus
759 4911 772 4934 ,
805 4869 984 4923 denuo
1008 4871 1073 4923 ad
1108 4871 1527 4938 manuscriptum
1553 4873 1825 4941 exemplar
1847 4873 1989 4942 ejus-

407 4961 529 5015 dem
577 4962 888 5015 monasterii
939 4963 1268 5030 recognovit.
1313 4962 1425 5027 Qua
1476 4964 1541 5017 de
1586 4980 1749 5031 Opera
1786 4981 1879 5018 sua
1920 4966 1984 5019 ad

406 5052 653 5108 eumdem
710 5052 902 5108 Janum
951 5070 977 5106 a
1026 5052 1230 5108 Sivolla
1278 5055 1348 5108 ita
1380 5056 1642 5125 loquitur:
1680 5075 1699 5107 ί
1736 5055 1987 5111 Oculatus

406 5148 524 5216 ipse
554 5144 685 5200 mibi
714 5147 865 5201 testis
905 5162 985 5213 es,
1024 5147 1093 5201 m'i
1126 5146 1257 5202 Jane
1283 5192 1296 5214 ,
1332 5159 1589 5219 quantum
1634 5149 1759 5202 mihi
1794 5149 1990 5201 laboris

406 5224 1067 5306 exltauriendum,immo,
1085 5250 1141 5294 ut
1164 5241 1339 5293 verius
1352 5240 1545 5307 dicam,
1565 5250 1822 5311 quantum
1847 5240 1987 5294 tacdii

408 5331 805 5389 exsorbendum
853 5332 1015 5388 fuerit
1067 5337 1117 5387 in
1157 5334 1505 5389 restituendis
1544 5351 1607 5390 ac
1638 5336 1992 5406 repurgandis

408 5422 659 5480 Eucherii
689 5420 1033 5495 Spiritalibus
1061 5426 1167 5481 illis
1194 5425 1482 5482 Formulis.
1524 5428 1657 5483 Nam
1687 5429 1992 5497 exemplum

408 5533 602 5575 recens
643 5519 845 5577 editum
894 5536 1001 5576 non
1032 5529 1236 5577 tantum
1281 5524 1551 5590 mutilum,
1600 5540 1785 5578 verum
1832 5525 1995 5580 etiam

411 5614 611 5670 eximie
658 5615 974 5671 mendosum
1020 5615 1139 5671 fuit.
1170 5614 1337 5685 Cujus
1380 5619 1457 5672 rei
1508 5618 1759 5687 culpam,
1790 5629 1993 5675 tantum

413 5708 601 5774 abest,
634 5720 694 5767 ut
720 5709 799 5765 illi
826 5708 1082 5776 imputem
1113 5696 1204 5777 qui
1235 5711 1463 5777 primum
1496 5711 1649 5765 nobis
1678 5712 1779 5766 hoc
1811 5714 1991 5780 dedit,

2010 4466 2064 4525 D

2080 3207 2411 3271 luculenter,
2445 3198 2583 3277 typis
2611 3198 2712 3261 hoc
2742 3206 2993 3261 volumen
3019 3216 3353 3262 exararetur.

2155 3297 2313 3353 1541.
2338 3297 2579 3367 Lugduni
2603 3300 2739 3372 apud
2772 3298 2975 3353 Sebast.
3006 3294 3331 3370 Gryphium;
3359 3298 3529 3355 iri-8°.
3556 3298 3666 3354 Eu-

2080 3388 2248 3445 cherii
2270 3388 2489 3461 epistola
2506 3387 2575 3441 ad
2604 3387 2939 3443 Valerianum
2963 3400 3242 3461 cognatum
3263 3389 3331 3445 de
3352 3400 3668 3462 contemptu

2081 3482 2285 3537 mundi.
2321 3480 2559 3537 Benedd.
2588 3481 2643 3534 in
2674 3480 2810 3535 Hist.
2847 3481 2929 3534 lit.
2964 3479 3169 3536 Gallim.

2154 3572 2313 3627 1564.
2365 3571 2543 3626 Romae
2571 3574 2710 3642 apud
2741 3571 2965 3625 Paulum
2996 3570 3286 3627 Munatium
3311 3590 3331 3641 ;
3358 3574 3563 3645 in-fol".
3600 3575 3665 3629 D.

2083 3664 2339 3719 Eucherii
2368 3663 2606 3735 episcopi
2630 3647 2999 3735 Lugdunensis
3020 3666 3192 3734 Opera
3222 3708 3237 3732 ,
3280 3682 3376 3721 seu
3401 3668 3666 3722 Commen-

2083 3756 2203 3811 tarii
2233 3758 2287 3811 in
2309 3756 2546 3812 Genesim
2577 3768 2624 3810 et
2645 3758 2699 3811 in
2726 3759 2880 3811 libros
2912 3754 3108 3829 Regum
3132 3802 3145 3824 ,
3178 3768 3307 3825 etc.,
3337 3775 3401 3814 ex
3430 3759 3669 3817 editione

2084 3849 2227 3905 Petri
2258 3850 2534 3906 Galesinii.
2566 3848 2683 3905 Cat.
2717 3848 2856 3905 Bibl.
2882 3850 3010 3921 Reg.
3039 3850 3210 3906 Paris.
3238 3862 3293 3907 et
3321 3851 3512 3909 Pinell.
3550 3853 3667 3908 Uti-

2084 3959 2206 3998 nam
2236 3959 2363 3998 vero
2392 3944 2603 3997 titulum
2633 3944 2898 4012 integrum
2928 3944 3232 4013 proferrent
3258 3946 3272 4000 l

2158 4034 2313 4092 1574.
2341 4036 2567 4091 Colonia:
2587 4039 2713 4109 Agr.
2748 4039 2887 4107 apud
2914 4037 3194 4092 Geminum
3216 4036 3462 4094 Calenum
3485 4050 3529 4093 et
3559 4044 3668 4095 ha:-

2083 4129 2234 4183 redes
2284 4129 2622 4195 Quenlclios;
2653 4130 2859 4199 in-fol0.
2916 4129 3224 4201 Martyrium
3274 4134 3671 4199 fortissimorum

2084 4230 2371 4291 martyrum
2395 4220 2635 4274 Mauricii
2657 4232 2708 4274 et
2731 4223 2989 4276 sociorum
3013 4228 3121 4295 ejus
3142 4225 3208 4278 ab
3236 4225 3505 4280 Eucherio
3532 4227 3670 4297 Lug-

2086 4312 2313 4367 dunensi
2347 4315 2734 4382 conscriptum,
2764 4317 3038 4384 praemissa
3069 4317 3183 4385 ejus
3210 4318 3427 4388 epistola
3451 4322 3521 4373 ad
3548 4320 3673 4390 Syl-

2086 4407 2224 4460 vium
2257 4407 2379 4478 (sic)
2408 4408 2754 4477 episcopum;
2804 4409 2855 4461 in
2887 4419 3030 4463 tomo
3058 4408 3100 4464 ν
3134 4409 3363 4463 Vitarum
3395 4409 3492 4466 SS.
3525 4410 3675 4466 Lau-

2091 4501 2248 4556 rentii
2275 4502 2413 4556 Surii
2446 4518 2601 4571 pagg.
2628 4500 2893 4557 325-350.

2162 4592 2318 4649 1578.
2356 4592 2577 4646 Parisiis
2599 4592 2739 4663 apud
2760 4591 3032 4662 /Egidium
3072 4591 3357 4647 Gorbinum
3396 4592 3485 4647 sub
3524 4595 3672 4664 signo

2090 4684 2247 4754 Spei;
2276 4683 2433 4737 iri-8°.
2459 4682 2515 4735 S.
2550 4683 2847 4738 Eucherius
2874 4686 3158 4754 episcopus
3190 4684 3558 4756 Lugdunensis
3604 4689 3675 4742 ad

2091 4777 2349 4831 Hilarium
2390 4778 2761 4832 Arelatensem
2802 4779 2866 4832 de
2901 4778 3079 4832 Laude
3120 4778 3319 4846 Eremi,
3350 4795 3380 4835 e
3410 4780 3677 4836 Lirinensi

2092 4871 2433 4925 Bibliotheca
2492 4887 2634 4926 nunc
2691 4872 2923 4939 primum
2983 4872 3461 4943 productus;cum
3489 4876 3677 4930 Hilarii

2097 4964 2431 5019 Arelatensis
2463 4964 2719 5019 Oratione
2738 4964 2973 5020 Funebri
2999 4966 3065 5022 de
3088 4966 3143 5021 S.
3172 4965 3466 5023 Honor-ato.
3485 4970 3677 5024 Cinelli

2096 5057 2234 5111 Bibl.
2256 5058 2483 5113 Volante
2514 5059 2627 5125 LII,
2671 5076 2719 5127 p.
2752 5060 2878 5115 ς365.

2169 5150 2375 5205 Dicitur
2395 5152 2507 5205 hcce
2534 5152 2699 5205 editio
2720 5152 3032 5223 plerumque
3049 5152 3279 5209 Gilberti
3305 5153 3675 5219 Genebrardi;

2100 5245 2193 5300 sed
2226 5246 2601 5302 Genebrardus
2624 5247 2839 5317 quidem
2855 5248 3247 5303 dedicationem
3263 5250 3513 5317 praeﬁxit,
3538 5264 3680 5318 prat-

2100 5337 2356 5393 fationem
2416 5350 2592 5393 autem
2642 5338 2862 5409 scripsit
2914 5340 3200 5411 Dionysius
3231 5341 3583 5405 Faucherius,
3614 5355 3683 5395 ac

2097 5430 2317 5485 memini
2347 5432 2590 5487 eamdem
2610 5447 2854 5487 recusam
2884 5446 3003 5489 esse
3037 5434 3089 5486 in
3120 5432 3558 5503 Chronographia
3587 5432 3683 5488 Li-

2098 5523 2323 5588 rinensi,
2350 5523 2417 5578 de.
2447 5524 2743 5593 exemplari
2776 5534 2973 5591 tamen,
3002 5524 3147 5580 unde
3176 5526 3367 5581 edatur
3408 5526 3496 5581 hic
3520 5525 3684 5581 libel-

2098 5618 2203 5683 lus,
2237 5618 2405 5673 altum
2434 5618 2489 5673 in
2512 5633 2575 5674 ea
2596 5628 2681 5675 est
2702 5620 2999 5676 silentium.
3032 5620 3105 5674 De
3125 5618 3264 5683 aliis,
3290 5633 3416 5689 qua:
3434 5621 3539 5673 hoc
3589 5633 3684 5672 vo-

2096 5710 2281 5769 lumen
2316 5713 2714 5785 complectitur,
2740 5714 2863 5771 vide
2891 5712 2959 5768 ad
2989 5712 3252 5769 Hilarium
3282 5714 3671 5769 Arelatensem.
