4028 6184
258 264 365 319 693

1632 250 2000 317 PROLEGOM
2007 250 2163 321 ENA.

3421 286 3529 352 698

333 378 492 434 1580.
534 374 757 473 Basia!
1053 371 1405 473 gerro-gap"
1428 371 1638 473 Euseb.
1657 377 1852 473 episco-
1876 375 1931 437 Δ
1954 379 2292 448 gaunensium
2337 392 2643 459 martyrium
2671 387 2740 449 ab
2767 386 3037 451 Eucherio
3075 411 3165 463 ep.
3192 392 3366 473 Lugd.
3393 419 3529 462 con.

259 489 422 543 pum;
458 466 662 539 in-folt.
695 465 946 520 Eucherii
1003 466 1243 534 episcOpi
1298 465 1672 535 Lugdunensis
1716 468 1851 522 liber

262 562 635 617 Formularum
688 557 991 626 8piritualis
1047 554 1462 630 Intelligentiaz;
1515 558 1583 612 ad
1648 559 1849 614 calcem

264 653 448 709 Clavis
476 653 769 720 Scriptura:
798 654 965 703 sacra:
987 648 1225 704 Mattltix
1264 648 1452 703 Flacii.

333 747 595 801 Nimirum
619 742 833 797 Flauius
860 742 1173 813 spp’endicis
1206 744 1327 797 loco
1357 754 1481 798 eum
1512 743 1712 812 adjecit
1735 743 1849 798 Ex-

261 837 517 909 positioni
548 849 661 891 suae
691 833 1035 903 Sitigulorum
1052 832 1456 889 Vocabulorum
1484 849 1548 889 ac
1564 833 1850 889 Nominum

255 945 324 987 eo
342 930 597 994 oonsilio,
628 941 685 982 ut
710 928 944 982 lectores
958 937 1203 981 veterum
1218 926 1320 982 hac
1348 927 1404 983 iu
1441 942 1504 981 re
1527 930 1851 982 sententiam

257 1031 639 1092 agnoscerent.
662 1020 928 1076 Caeterum
957 1033 1063 1073 non
1090 1018 1274 1074 dubito
1310 1018 1539 1089 primam
1566 1020 1685 1075 este
1712 1020 1851 1075 hanc

256 1130 423 1183 quam
456 1116 807 1170 indicavitntts
851 1114 1011 1181 hujus
1038 1113 1216 1180 operis
1243 1111 1561 1167 editionem.
1604 1112 1852 1181 Repetit:

254 1216 346 1261 est
372 1209 572 1276 saepius
595 1205 825 1261 diversis
845 1206 898 1258 in
923 1203 1075 1265 locis,
1090 1218 1142 1256 e.
1157 1216 1235 1269 c.,
1256 1203 1478 1257 Basilea
1501 1202 1658 1269 1609,
1679 1203 1851 1258 Fran-

257 1298 367 1353 cor.
408 1299 568 1365 1659,
602 1298 807 1351 Halnim
840 1295 997 1350 1695.
1030 1296 1086 1349 ln
1117 1304 1389 1363 postrema
1422 1296 1673 1351 Eucherii
1715 1296 1851 1355 liber

256 1400 443 1446 exstat
473 1404 594 1461 pag.
620 1384 952 1444 13154572.

865 1489 1086 1531 διευιο
1113 1491 1245 1531 XVII.

353 1572 522 1629 1602.
554 1570 886 1639 Antuerpiae;
915 1570 1078 1624 iii-8°.
1107 1569 1361 1625 Eucherii
1383 1570 1755 1641 Lugdunensis
1783 1572 1851 1627 E-

255 1663 771 1736 piscopiHomilite,
800 1676 865 1717 ex
892 1662 1129 1717 editione
1180 1665 1403 1718 Joannis
1456 1664 1683 1720 Livineii
1738 1666 1847 1720 An-

1952 474 2253 542 seriptum;
2286 478 2336 531 in
2369 479 2499 535 Vitis
2522 481 2621 539 SS.
2654 483 2799 542 Surii
2826 487 2915 545 ed.
2971 493 3225 550 secunda:
3260 496 3533 557 volumine

1951 566 2188 621 secundo
2220 567 2286 623 ad
2313 570 2365 625 d.
2394 568 2463 625 22
2491 572 2644 644 Sept.
2676 594 2830 650 pagg.
2855 576 3125 639 220-225.

2027 656 2187 714 1621.
2228 660 2525 734 Antuerpiaa
2574 684 2635 721 ea:
2677 669 2770 738 0/7.
2825 671 3057 729 Plantin.
3100 679 3243 747 apud
3293 679 3528 738 Balthas.

1952 748 2233 817 Neretum,
2256 764 2305 808 et
2333 754 2555 811 Viduam
2576 756 2665 819 Jo.
2690 759 2898 832 Moreti,
2923 777 2971 819 et
2996 764 3084 821 Jo.
3108 762 3425 839 Meursium;
3450 775 3530 828 im

1951 840 2030 899 8°.
2059 843 2123 899 D.
2155 845 2685 936 Eucheriiepiscopi
2711 854 3082 926 Lugdunensis
3122 862 3191 917 de
3218 875 3529 936 contemptu

1951 936 2137 991 mundi
2166 940 2381 1011 epistola
2404 932 2726 999 Parwnetica
2755 949 2821 1002 ad
2856 944 3187 1007 Valerianum
3233 932 3529 1027 cognatum.

1950 1024 2175 1084 Accedit
2202 1030 2319 1085 Vita
2350 1026 2411 1087 D.
2448 1033 2656 1091 Paulini
2685 1034 2879 1095 Nolani
2926 1044 3042 1099 veri
3072 1046 3257 1101 mundi
3282 1024 3530 1104 contem-

1950 1121 2143 1190 ptoris.

2024 1215 2213 1272 Editur
2240 1227 2323 1273 est
2351 1212 2667 1277 Heribertus
2693 1223 3046 1301 Rosweydus,
3079 1230 3170 1298 qui
3189 1233 3532 1290 netatiuncu-

1952 1307 2029 1362 las
2055 1308 2259 1378 aliquot
2293 1312 2525 1380 aspersit
2549 1321 2603 1368 ct
2629 1313 2923 1385 inscripsit,
2959 1320 3030 1374 uti
3057 1334 3110 1376 et
3140 1338 3373 1395 sequens
3396 1341 3532 1396 opu-

1951 1400 2178 1465 sculum,
2214 1400 2444 1457 iicurico
2475 1402 2693 1460 Vander
2720 1404 2936 1477 lleytien
2978 1410 3204 1466 Villarim
3236 1415 3435 1469 abbati.

2025 1484 2182 1546 1621.
2223 1491 2446 1561 Ibidem,
2475 1496 2617 1566 apud
2667 1499 2868 1553 eosdem
2906 1502 3206 1573 bibliOpolas
3229 1520 3250 1571 ;
3280 1506 3436 1562 iit-8’.
3465 1507 3529 1561 D.

1948 1568 2200 1641 Eucherii
2254 1584 2493 1659 episcopi
2551 1588 2922 1659 Lugdunensis
2965 1594 3028 1646 de
3052 1568 3238 1649 Laude
3264 1597 3435 1651 Eremi
3463 1598 3533 1655 ad

1947 1672 2211 1734 Hilarium
2249 1670 2587 1736 Lirinensem
2636 1683 2956 1738 monachum
2986 1678 3197 1743 libellus
3228 1686 3372 1761 [cum
3422 1688 3533 1745 He-

251 1757 594 1825 tuerpiensis
615 1756 879 1820 canonici,
912 1756 977 1807 ad
999 1754 1203 1809 calcem
1234 1754 1556 1811 Sermonem
1586 1756 1843 1813 Cateche-
1870 1748 1922 1816 Β
1947 1771 2135 1827 ribeni
2167 1772 2463 1843 Rosweydi
2489 1775 2871 1831 nolaljunculis

253 1850 493 1904 ticorum
532 1848 798 1903 Theodori
821 1847 1067 1914 Studitte,
1097 1860 1128 1900 a
1159 1862 1276 1916 pag.
1311 1848 1437 1904 572.

332 1941 467 1995 Haec
498 1948 582 1994 est
612 1940 779 2008 prima
801 1948 860 1993 ut
880 1948 1035 1992 antea
1059 1939 1683 2004 docuimusSermonum,
1706 1950 1845 2011 quos

258 2046 399 2089 vere
454 2031 703 2087 Eucherii
761 2039 971 2099 putant,
1027 2041 1081 2085 et
1118 2031 1333 2096 abillis,
1366 2034 1458 2100 qui
1487 2035 1587 2088 sub
1626 2028 1844 2091 Eusebii

257 2126 534 2180 Emisseni
579 2134 670 2179 aut
695 2124 957 2180 Gallicani
1001 2124 1221 2179 nomine
1269 2125 1739 2195 circumferuntur,
1766 2128 1847 2184 di;

256 2218 405 2273 versi
436 2228 582 2283 sunt,
615 2218 798 2271 editio.

330 2311 493 2365 1615.
520 2309 761 2381 Lugduni
789 2310 1075 2380 sumptibus
1103 2308 1244 2364 Petri
1272 2310 1477 2380 Rigaud
1493 2326 1513 2377 ;
1536 2302 1705 2367 ξιτ-4⁸.
1732 2302 1843 2368 Ευ-

253 2401 432 2455 cherii
460 2400 835 2468 Lugdunensis
864 2401 1128 2457 Ecclesiae
1153 2403 1424 2471 quondam
1442 2402 1843 2473 archiepiscopi

253 2491 833 2562 theologidoctissimi,
860 2492 1224 2565 lntelligentia:
1245 2494 1530 2564 spiritualis
1560 2494 1842 2561 Formulw,

251 2582 674 2639 Instructionum
702 2584 823 2640 libri
852 2586 981 2649 duo,
1015 2586 1255 2656 ejusdem
1284 2589 1501 2659 epistola
1528 2587 1847 2643 Parmaetica

248 2680 319 2732 ad
357 2679 698 2733 Valerianum
738 2677 833 2752 [ex
866 2680 1102 2733 editione
1155 2680 1297 2734 Petri
1327 2680 1553 2735 Gerardi
1584 2696 1601 2746 ;
1635 2680 1847 2736 accedit

245 2769 499 2838 ejusdem
532 2770 749 2839 epistola
775 2771 844 2824 ad
878 2769 1139 2825 Hilarium
1168 2786 1289 2827 cum
1349 2772 1665 2843 praefatione
1722 2776 1847 2829 Dio-

251 2862 394 2931 nysii
425 2859 704 2916 Faucherii
733 2862 983 2917 monachi
1034 2862 1364 2929 Lirinensis,
1406 2872 1464 2919 et
1489 2866 1846 2921 annotationi-

254 2951 360 3007 bus
391 2953 660 3008 Viucentii
699 2952 914 3009 Salerni
936 2953 998 3027 ];
1033 2956 1085 3008 in
1116 2954 1474 3024 Chronologia
1524 2955 1843 3010 Sanctorum

253 3054 310 3099 et
339 3044 573 3098 aliorum
634 3044 884 3099 Virorum
942 3046 1227 3099 iiiustrium
1262 3061 1323 3099 ac
1352 3046 1618 3099 Abbatum
1663 3045 1845 3100 Sacrae

251 3136 455 3192 Insula
502 3135 798 3189 Lirinensis
829 3140 925 3205 per
952 3136 1014 3189 Β.
1056 3135 1398 3190 Vincentium
1435 3135 1694 3189 Barralim
1746 3137 1845 3191 Sa-
1868 3113 1915 3178 (ἶ

250 3228 491 3293 ternum,
538 3228 861 3280 monachum
906 3226 1284 3293 Lirinensem,
1336 3227 1391 3281 in
1446 3242 1610 3281 unum
1642 3228 1847 3299 compi-

254 3318 390 3373 lata.

328 3411 559 3467 Gerardi
599 3410 969 3481 praefationem
1025 3411 1114 3467 hic
1162 3412 1485 3483 descriptam
1525 3424 1647 3470 esse
1688 3422 1845 3471 antes

255 3507 593 3561 monuimus.

331 3596 499 3653 1617.
542 3597 851 3670 lngolstadii
872 3610 934 3651 ex
964 3598 1305 3670 tgpographia
1337 3597 1597 3653 Ederiana
1626 3615 1646 3667 ;
1674 3597 1840 3655 ενι-4⁸.

252 3688 327 3743 D.
364 3687 654 3744 Mauricius
685 3688 899 3744 Theben:
944 3689 1164 3762 legionis
1212 3690 1354 3755 Dux,
1396 3705 1489 3745 seu
1516 3690 1575 3747 S.
1602 3688 1844 3746 Mauricii

252 3777 595 3850 Martyrium,
631 3796 662 3835 a
713 3782 771 3837 S.
828 3782 1117 3849 Eucherio,
1162 3782 1415 3854 episcopo
1466 3782 1839 3854 Lugdunensi,

249 3873 647 3944 conscriptum,
675 3890 819 3930 nunc
847 3876 1039 3930 iterum
1072 3875 1298 3940 editum,
1330 3891 1450 3931 cum
1478 3876 1619 3932 notis
1660 3885 1715 3933 et
1745 3891 1842 3933 no-

249 3966 565 4032 tationibus,
598 3966 777 4021 studio
804 3976 856 4021 et
885 3967 1067 4022 labore
1108 3968 1253 4023 Petri
1274 3964 1547 4024 Stevartii.
1594 3966 1839 4026 Accessit

253 4059 415 4114 etiam
448 4058 693 4115 Ofﬁcium
732 4059 788 4116 S.
822 4059 1081 4117 Mauricii.
1117 4056 1235 4116 Cat.
1280 4060 1417 4117 Bibi.
1470 4052 1605 4134 Reg.
1662 4062 1833 4119 Paris.

322 4152 484 4209 1618.
525 4150 755 4208 Colonia:
768 4154 892 4225 Agr.
912 4154 1191 4226 sumptibus
1212 4154 1333 4211 Ant.
1368 4154 1600 4224 Hierat.;
1629 4157 1835 4229 in-fol’.

250 4243 400 4301 Beati
452 4242 706 4302 Eucherii
750 4247 1130 4317 Lugdunensis
1185 4250 1420 4319 episcopi
1467 4266 1585 4321 qua:
1622 4260 1838 4307 exstant

249 4338 423 4391 omnia
450 4338 529 4407 pia
558 4338 625 4392 ad
650 4338 707 4393 S.
743 4338 1073 4408 Scripturam
1098 4338 1449 4408 OpusculaJ.
1468 4340 1836 4397 Formulwseu

250 4427 479 4483 Phrases
510 4426 571 4485 S.
608 4430 915 4499 Scriplurte.
992 4430 1057 4485 ll.
1094 4430 1409 4497 Qumstiones
1428 4432 1608 4487 veteris
1638 4451 1698 4487 ac
1717 4436 1833 4488 novi

249 4516 575 4574 Testamenti.
650 4512 738 4573 111.
804 4518 1171 4573 Hebraieorum
1220 4522 1487 4574 nominum
1517 4520 1834 4593 Interpreta-

251 4610 341 4663 tio.
394 4610 480 4663 IV.
514 4608 593 4662 De
622 4608 741 4663 Vita
759 4608 1009 4665 Solitaria
1035 4612 1105 4664 ad
1144 4609 1504 4682 Valerianum,
1525 4612 1789 4669 illustrata
1810 4657 1826 4683 ,

248 4702 514 4756 recensita
546 4710 707 4768 atque
749 4700 1029 4755 emendata
1044 4701 1219 4755 studio
1242 4701 1689 4759 AndreaeSchotti
1714 4721 1826 4761 soc.

244 4793 397 4846 Jesu.
434 4791 709 4844 Accedunt
732 4800 786 4846 et
817 4792 1084 4845 Eucherio
1104 4793 1359 4862 adscripti
1382 4792 1748 4861 Commentarii
1776 4797 1830 4849 in

244 4881 478 4937 Genesim
508 4889 555 4934 et
579 4883 731 4936 libros
763 4882 997 4951 Regum;
1026 4882 1076 4937 in
1099 4882 1167 4937 Μ.
1193 4884 1331 4939 Bibl.
1355 4884 1571 4939 Patrum
1596 4896 1739 4943 tomo
1760 4888 1827 4956 V,

245 4980 395 5044 parte
424 4988 463 5035 ι,
495 4988 648 5042 pagg.
672 4970 932 5031 759-918.
965 4968 1227 5044 Adjuncta
1272 4986 1354 5031 est
1389 4974 1637 5049 pratiatio
1662 4980 1824 5036 Alex.

247 5062 574 5119 Brassicani.

314 5157 370 5210 ln
405 5155 715 5221 prmiatione
739 5156 957 5213 disserit
986 5158 1051 5213 A.
1084 5156 1339 5215 Schottus
1370 5160 1439 5216 de
1467 5162 1683 5233 scriptis
1714 5162 1824 5218 Eu-

245 5245 405 5302 cherii
436 5259 539 5303 tam
571 5250 815 5319 genuinis
833 5264 989 5319 quam
1010 5251 1385 5321 supposititiis.
1412 5250 1635 5317 Ibidem,
1658 5271 1685 5308 a
1703 5271 1820 5325 pag.

248 5334 346 5392 545
375 5339 440 5393 ad
469 5341 593 5405 7'58,
628 5341 847 5395 insertae
881 5351 1005 5396 sunt
1040 5340 1283 5396 Humilia:
1309 5340 1525 5398 Eusebii
1559 5340 1819 5402 Gallicani

247 5440 358 5494 post
380 5432 666 5487 editionem
694 5433 779 5489 Jo.
805 5432 1045 5504 Gaigneii
1070 5434 1139 5489 ab
1168 5433 1382 5492 Andrea
1403 5434 1621 5493 Schotto
1642 5438 1819 5495 denuo

247 5525 518 5579 recensitze
546 5534 599 5580 et
628 5524 969 5581 sermonibus
988 5527 1348 5597 locupletatae.

314 5617 470 5675 1618.
530 5619 758 5678 Colonia:
801 5623 925 5697 Agr.
982 5634 1173 5695 sumpt.
1218 5622 1307 5679 Io.
1352 5622 1524 5697 Kreps
1552 5634 1600 5681 et
1628 5624 1812 5685 Herm.

248 5706 391 5783 Hylii
404 5728 425 5780 ;
453 5714 657 5786 in-fol'.
679 5714 787 5777 SS.
813 5715 1054 5776 Mauricii
1071 5727 1124 5777 et
1142 5719 1399 5779 sociorum
1420 5720 1712 5793 Hartme
1746 5724 1815 5781 A-

1858 4482 1979 4546 DE

2021 1874 2179 1930 1622.
2210 1874 2438 1929 Colonia:
2467 1854 2810 1949 Agrfsumpt.
2840 1880 2961 1933 Ant.
2989 1879 3210 1948 Hierat;
3236 1884 3437 1954 ἐτι-[01⁸.
3462 1885 3528 1940 D.

1948 1967 2201 2023 Eucherii
2226 1967 2599 2035 Lugdunensis
2620 1969 2861 2039 episcopi
2888 1972 2952 2025 de
2975 1969 3154 2027 Laude
3176 1975 3351 2029 Eremi
3373 1977 3527 2032 libel-

1948 2058 2034 2112 lus
2064 2075 2183 2113 cum
2212 2060 2479 2116 Heriberti
2512 2061 2807 2133 Bosweydi
2836 2064 3247 2133 notatiunculis;
3300 2070 3353 2123 in
3385 2080 3531 2127 tome

1944 2140 2065 2217 XV,
2093 2166 2187 2204 seu
2210 2153 2611 2222 supplemento,
2632 2167 2730 2211 seu
2757 2156 3058 2227 appendice
3084 2158 3151 2212 ad
3169 2158 3236 2211 Μ.
3253 2159 3392 2214 Bibl.
3423 2160 3533 2215 Co-

1946 2234 2266 2297 loniensem.

2020 2335 2179 2391 16%.
2222 2335 2748 2412 Parisiis...in-fot‘.
2772 2340 3026 2397 Eucherii
3070 2341 3309 2412 episcopi
3353 2343 3526 2414 Lugd.

1946 2426 2191 2482 Ηοηιὶιιω
2218 2444 2341 2484 cum
2372 2430 2637 2489 Theodori
2660 2432 2887 2491 Studita
2917 2434 3258 2488 sermonibus
3279 2434 3528 2491 Cateche-

1946 2520 2067 2573 ticis
2082 2521 2233 2587 juxta
2260 2521 2577 2578 editionem.
2606 2522 2695 2580 J0.
2729 2523 3279 2595 Liviueiiexpressaz;
3312 2526 3363 2578 in
3387 2524 3527 2581 Bibl.

1945 2611 2048 2667 PP.
2081 2612 2239 2683 Bign.
2272 2614 2360 2670 ed.
2391 2628 2596 2686 quarta:
2628 2618 2828 2689 (Paris)
2860 2627 3008 2675 tomo
3038 2619 3106 2686 ll,
3132 2634 3161 2673 a
3185 2620 3289 2674 cui.
3326 2619 3450 2673 767.

2018 2704 2176 2761 1626.
2207 2703 2449 2779 Lugduni
2476 2719 2670 2778 sumpt.
2692 2707 2835 2765 Lud.
2856 2708 3009 2764 Prost
3041 2710 3257 2763 heredis
3286 2709 3527 2778 Rocillii;

1946 2798 2146 2864 in-fol".
2176 2798 2231 2854 S.
2259 2800 2508 2855 Eucherii
2547 2798 2871 2871 Diﬁieiliores
2899 2804 3216 2869 Quaestione:
3241 2804 3292 2853 in
3317 2810 3455 2854 uetus
3475 2809 3527 2854 et

1945 2906 2131 2945 novum
2153 2890 2562 2959 Testamentum;
2592 2894 2837 2963 ejusdem
2868 2892 3232 2965 Interpretatio
3259 2894 3525 2948 nominum

1948 2981 2355 3049 Hebraicorum;
2387 2984 2441 3051 in
2468 2983 2726 3041 Ludovici
2760 2986 2826 3040 de
2872 2987 2922 3041 ia
2964 2986 3136 3041 Cerda
3188 2987 3524 3043 Adversariis

1949 3071 2128 3127 Sacris
2156 3075 2331 3142 capite
2363 3073 2674 3151 115,'pagg.
2710 3074 2970 3149 204-219,
3000 3085 3055 3130 et
3084 3091 3204 3147 cap.
3234 3076 3337 3131 161
3356 3118 3372 3144 ,
3402 3092 3525 3148 pag.

1947 3163 2206 3217 425-426.
2238 3165 2394 3217 Errat
2424 3175 2600 3220 autem
2626 3165 2909 3220 Fabricius
2936 3166 3061 3219 dum
3094 3167 3282 3221 iisdem
3329 3182 3524 3222 accen-

1947 3264 2031 3311 set
2055 3267 2216 3324 caput
2246 3256 2371 3320 159,
2401 3256 2541 3325 quod
2590 3257 2734 3312 haud
2776 3272 3042 3327 quaquam
3083 3259 3150 3312 ad
3201 3258 3528 3316 Eucherium

1947 3349 2200 3418 pertinet,
2224 3349 2317 3403 sed
2350 3349 2513 3418 ipsius
2535 3358 2619 3405 est
2645 3348 2921 3405 Lacerdte.

2020 3448 2176 3504 1627.
2220 3449 2465 3523 Lugduni
2490 3451 2629 3522 apud
2650 3447 2851 3506 Franc.
2876 3450 2942 3506 de
2964 3448 3017 3504 la
3042 3450 3298 3517 Bottiere,‘
3348 3438 3525 3510 ἔοι-12.

1943 3542 2003 3600 S.
2032 3542 2286 3599 Eucherii
2336 3544 2603 3613 Opuscula
2652 3543 2907 3612 sscetica,
2963 3544 3214 3602 Dorothei
3265 3547 3526 3602 doctrina:

1944 3636 2154 3706 aliaque
2180 3637 2440 3705 opuscula
2460 3645 2683 3693 curante
2714 3636 2982 3693 Turriano
3029 3639 3309 3695 sacerdote
3336 3639 3387 3694 J.
3422 3639 3524 3693 Be-

1945 3728 2108 3783 nedd.
2134 3730 2185 3783 in
2218 3729 2357 3784 Hist.
2391 3730 2471 3784 lit.
2501 3728 2691 3787 Galliae
2741 3730 2992 3785 disertius
3019 3746 3121 3784 non
3153 3730 3393 3798 laudant,
3424 3729 3525 3785 sed

1942 3820 2123 3876 inesse
2150 3829 2371 3876 monent
2389 3823 2524 3877 duas
2549 3820 2804 3877 Eucherii
2829 3822 3082 3889 epistolas
3100 3822 3168 3875 ad
3192 3821 3447 3876 Hilarium
3466 3832 3524 3876 et

1943 3913 2311 3970 Valerianum.

2011 4030 2169 4085 1635.
2212 4029 2476 4084 Monachii
2516 4028 2730 4102 [in-24].
2774 4028 2851 4082 De
2895 4038 3015 4080 vera
3060 4024 3356 4096 Sapientia,
3397 4041 3517 4081 vera

1952 4119 2143 4175 Virtute
2179 4130 2227 4175 et
2255 4121 2643 4191 Tranquillitate
2671 4120 2842 4174 Animi
2878 4118 2974 4175 SS.
3020 4118 3269 4173 Eucherii
3295 4117 3518 4185 Lugdu-

1940 4214 2123 4267 nensis
2149 4213 2361 4268 Martini
2393 4214 2761 4278 Bracarensis,
2797 4223 2848 4268 et
2878 4213 3051 4282 Magni
3078 4211 3343 4281 Wigonis,
3374 4212 3517 4264 anti-

1937 4306 2142 4358 stitum.
2172 4305 2307 4361 Vide
2334 4306 2422 4360 ed.
2450 4307 2854 4361 Bruxellensem
2886 4321 2936 4359 a.
2967 4305 3125 4360 1671.

2009 4396 2165 4450 1644.
2198 4396 2393 4452 Genua:
2412 4399 2551 4466 apud
2576 4396 2731 4451 Joan.
2766 4398 2989 4449 Mariam
3017 4397 3321 4458 Pavonum;
3357 4394 3513 4451 iri-8'.

1989 4488 2195 4554 pistolae
2250 4490 2495 4555 genuinae
2540 4490 2650 4541 'divi
2693 4488 2942 4542 Eucherii
2987 4487 3360 4557 Lugdunensis
3400 4490 3518 4556 epi-

1939 4579 2111 4646 scopi,
2155 4592 2287 4648 quas
2314 4586 2438 4633 eum
2468 4580 2654 4635 eximii
2688 4582 3091 4636 concinnatoris
3118 4580 3333 4636 hortatu
3362 4582 3517 4636 multi

1934 4680 2216 4739 cuperent,
2268 4672 2469 4726 habere
2510 4674 2600 4726 vix
2642 4673 2793 4740 pauci
2839 4682 3081 4742 possent,
3127 4675 3342 4729 sodales
3383 4676 3516 4729 Jesu

1936 4764 2176 4817 cruciﬁxi
2218 4764 2271 4817 in
2302 4764 2544 4832 Collegio
2587 4764 2861 4819 Genuensi
2909 4778 3022 4819 soc.
3078 4764 3205 4818 Jesu
3246 4765 3518 4819 auctorati

1936 4856 2226 4911 novissime
2244 4858 2624 4926 imprimendas
2637 4866 2909 4911 curarunt.
2924 4858 3121 4911 Cineili
3137 4856 3275 4911 Bibl.
3293 4858 3509 4911 Volant.

1932 4959 2075 5004 cont.
2092 4950 2156 5004 da
2170 4949 2515 5005 Sancassani.
2537 4958 2579 5005 t.
2594 4950 2636 5005 11
2653 4948 2979 5019 p.265,Bibl.
2996 4951 3178 5005 Baluz.
3201 4961 3241 5004 t.
3255 4951 3297 5004 ll
3314 4942 3513 5021 p.1009

2004 5046 2160 5117 1641.
2191 5060 2408 5117 Parisiis
2429 5064 2567 5133 apud
2596 5070 2692 5117 tres
2715 5063 3048 5133 bibliopoias;
3067 5062 3277 5136 in-{ol°.
3301 5064 3512 5117 Euche-

1929 5156 1991 5209 rii
2018 5155 2394 5225 Lugdunensis
2415 5156 2651 5224 cpisc0pi
2676 5153 2961 5218 Homilies;
2986 5158 3036 5209 in
3062 5156 3201 5209 Bibl.
3225 5156 3323 5209 PP.
3351 5155 3505 5223 Bign.
3566 5230 3569 5233 ἢ

1929 5254 2075 5301 tomo
2100 5246 2160 5311 ll,
2190 5250 2307 5303 loco
2329 5249 2519 5303 ultimo
2558 5256 2678 5319 post
2719 5240 2990 5303 Theodori
3032 5246 3261 5303 Studitaa
3302 5262 3510 5302 sermo—
3557 5248 3570 5325 1;

1930 5353 2046 5391 nes.
2073 5339 2331 5409 Ejusdem
2363 5339 2614 5394 editionis
2642 5339 2974 5408 exemplaria
3004 5349 3282 5409 suntque:
3308 5353 3507 5392 annum
3558 5338 3559 5343 “

1929 5428 2065 5484 1654
2092 5429 2401 5499 prieierunt.

1998 5543 2155 5597 1616.
2174 5542 2416 5610 Parisiis;
2433 5542 2605 5601 ὄτι-12.
2632 5547 2692 5601 8.
2707 5547 3023 5604 Eucherii...
3037 5547 3505 5627 epistolaParteno-

1924 5635 2021 5687 tica
2044 5635 2110 5687 ad
2137 5634 2469 5691 Valerianum
2491 5652 2782 5712 cognatum,
2828 5651 3048 5695 curante
3090 5639 3336 5713 Philippo
3369 5640 3504 5695 Lab-

1923 5726 2047 5784 beo.
2068 5726 2281 5783 Fabric.
2304 5728 2356 5783 in
2379 5729 2515 5783 Bibl.
2542 5730 2608 5786 Μ.
2637 5730 2744 5785 etl.
2777 5730 3354 5803 Lst.ed.Patav.t.lp.
3374 5731 3500 5789 116.
