4028 6184
484 268 596 327 095

1395 263 1455 321 8.
1497 263 1893 324 EUCHERIUS
1931 266 2304 333 EPISCOPUS
2342 275 2842 339 LUGDUNENSIS.

3659 285 3766 343 696

561 378 720 433 I657.
758 373 977 430 Parisiis
999 375 1140 444 apud
1171 374 1532 431 Sebastianum
1554 387 1600 432 et
1630 377 1920 435 Gabrielem
1942 382 2071 438 Cra-

2193 390 2347 449 cherii
2373 394 2749 466 Lugdunensis
2778 400 3019 473 episcOpi
3050 415 3169 473 quae
3208 407 3429 458 exstant
3460 401 3642 457 omnia
3676 403 3765 472 pia

490 471 685 537 moisg;
706 468 886 535 in-fol.
919 466 1158 536 Epistola
1183 466 1439 525 Eucherii
1461 471 1701 541 episcopi
1723 474 1789 527 ad
1813 472 2069 531 Faustum

492 572 585 613 seu
620 557 932 612 Faustinum
978 559 1355 629 presbyterum
1399 559 1707 617 Insulanum
1739 565 1806 621 de
1843 567 1949 621 situ
1985 584 2075 623 urc

492 647 573 701 bis
598 648 1106 719 Hierosolymitana
1127 660 1289 720 atque
1309 651 1473 720 ipsius
1496 651 1699 709 Iudam
1724 670 1739 720 ;
1766 655 1817 710 in
1839 657 2074 728 Philippi

493 740 692 795 Labbei
720 756 854 794 nova
886 742 1024 796 Bibl.
1051 741 1180 797 Mss.
1208 744 1469 799 librorum
1492 755 1637 801 tomo
1664 746 1684 801 I
1712 763 1831 818 pag.
1860 750 1965 805 665
1988 767 2074 822 sq.

566 831 725 887 1661.
759 832 938 886 Roma:
970 848 1081 887 exc.
1118 833 1286 888 Vitale
1326 834 1637 902 Mascardo;
1664 840 1834 895 ἱη-ιίο.
1866 843 1921 895 8.
1954 842 2077 897 Ευ-

494 922 668 977 cherii
688 921 993 977 Exhortatio
1014 924 1082 977 ad
1121 923 1422 980 Monachus.
1450 927 1707 997 Ejusdem
1730 933 1981 986 sententia
2008 934 2077 987 ad

496 1013 798 1068 Monachos.
842 1014 1101 1083 Ejusdem
1144 1015 1438 1070 Admonitio
1474 1018 1543 1071 ad
1576 1017 1823 1092 Virgines,
1849 1037 1916 1078 ex
1946 1023 2073 1078 duo-

494 1103 595 1159 bus
618 1120 750 1160 mss.
776 1105 1053 1161 codicibus
1079 1104 1518 1162 Floriacensibns
1539 1109 1757 1180 Regina:
1780 1111 2077 1169 Succorum

497 1196 663 1251 edidit
692 1196 864 1251 Lucas
895 1196 1206 1251 Holstenius
1243 1196 1300 1251 in
1330 1199 1629 1267 appendice
1659 1202 1861 1256 codicis
1907 1203 2080 1274 Regu-

498 1287 667 1343 larum
693 1305 813 1358 pag.
844 1289 913 1344 89
943 1304 1065 1359 sqq.
1100 1289 1155 1343 in
1183 1288 1272 1343 ed.
1307 1290 1601 1346 Parisiensi
1626 1308 1781 1364 pagg.
1813 1294 2007 1350 55-62.

574 1382 732 1437 1662.
781 1381 1001 1435 Parisiis
1027 1391 1217 1452 sumpt.
1250 1384 1368 1436 Ant.
1394 1382 1613 1450 Bertier;
1643 1386 1845 1455 in—fol‘.
1885 1389 1942 1443 S.
1978 1390 2082 1444 Eu-

500 1473 669 1527 cherii
692 1474 862 1543 Lugd.
893 1489 980 1542 ep.
1012 1473 1260 1528 Homiliae
1284 1475 1481 1543 aliquot
1505 1494 1524 1543 ;
1548 1476 1603 1531 in
1633 1477 1970 1535 Bibliotheca
1990 1481 2083 1534 Pa-

501 1573 643 1618 trum
685 1564 1085 1620 concionatoria
1128 1565 1289 1635 (octo
1339 1570 1703 1625 voluminibus
1758 1572 2079 1647 distributa)

501 1653 780 1709 Francisci
807 1655 1135 1711 Combeﬁsii.
1172 1658 1353 1713 Editio
1379 1662 1671 1718 novissima
1691 1672 1775 1719 est
1802 1664 2003 1721 Veneta
2028 1682 2080 1722 a.

2178 486 2244 540 ad
2293 499 2534 543 sanctam
2568 491 2903 561 Scripturam
2932 495 3292 562 Opuscula...
3340 493 3631 561 illustrata,
3674 510 3765 549 re-

2175 578 2381 632 censita
2427 591 2588 649 atque
2640 582 2921 637 emendata
2966 584 3143 638 studio
3184 587 3249 637 A.
3298 583 3514 638 Schotti
3562 585 3756 639 societ.

2176 667 2333 734 Jesu;
2379 670 2431 723 in
2472 680 2620 726 tomo
2651 672 2717 727 VI
2762 672 2902 728 Bibl.
2938 674 3071 728 Max.
3105 674 3209 729 PP.
3256 689 3411 744 pagg.
3452 675 3754 730 822-1018.

2179 756 2443 827 Expressa
2471 760 2624 828 juxta
2642 761 2933 817 editionem
2961 761 3275 819 Coloniens.
3299 779 3314 828 ;
3338 765 3430 818 sed
3461 774 3581 833 post
3601 781 3766 835 quar-

2181 860 2287 903 tum
2307 865 2442 920 Opus
2469 851 2668 907 inserta
2691 861 2839 919 sunt,
2872 853 3113 923 Epistola
3137 856 3206 908 ad
3234 854 3489 909 Hilarium
3514 857 3576 910 de
3606 858 3768 911 laude

2180 939 2353 995 Eremi
2389 952 2446 999 et
2484 947 2613 999 Acta
2660 946 2975 1002 Sanctorum
3037 949 3332 1019 Martyrum
3377 949 3769 1019 Agaunensium

2178 1032 2290 1099 (ex
2335 1034 2682 1105 Chimetio),
2732 1038 2971 1107 subjecta
3023 1041 3240 1109 epistola
3264 1041 3334 1094 ad
3363 1040 3597 1096 Salvium
3653 1043 3772 1111 epi-

2179 1139 2410 1193 scOpum.
2464 1127 2665 1183 Ibidem
2711 1136 2857 1183 tomo
2890 1128 3105 1195 XXVII,
3144 1146 3263 1200 pag.
3320 1130 3421 1186 180
3447 1146 3592 1199 sqq.,
3624 1132 3768 1200 legi-

2183 1225 2267 1272 tur
2292 1235 2303 1269 :
2330 1217 2574 1273 Eucherii
2602 1220 2888 1277 exhortatio
2932 1222 3000 1275 ad
3042 1223 3325 1278 Monachus
3349 1232 3397 1278 et
3418 1226 3671 1278 sententia
3697 1225 3770 1277 ad

2180 1310 2418 1376 eosdem,
2464 1327 2526 1365 ea:
2552 1311 2773 1366 editione
2801 1312 2953 1367 Luca:
2988 1313 3266 1369 Holstenii.

2258 1404 2414 1459 I689.
2447 1404 2701 1472 Parisiis;
2731 1405 2907 1460 ἱη-ιιο.
2943 1406 3127 1461 Passio
3176 1407 3279 1463 SS.
3327 1408 3569 1463 Mauricii
3593 1420 3640 1463 et
3665 1410 3771 1465 So-

2184 1497 2377 1549 ciorum
2416 1500 2525 1569 ejus
2554 1496 2864 1567 Martyrum,
2895 1506 3120 1554 auctore
3146 1498 3414 1554 Eucherio
3458 1514 3545 1569 ep.
3595 1500 3767 1570 Lugd.

2184 1588 2267 1643 Ex
2304 1588 2528 1644 Paulino
2559 1590 2823 1645 illustrato
2852 1590 3108 1646 Chimetii
3144 1600 3200 1646 et
3224 1591 3391 1646 variis
3415 1593 3577 1647 codd.
3624 1607 3762 1646 mss.

2184 1680 2321 1735 Bibl.
2360 1680 2494 1751 Reg.
2542 1683 2894 1752 aliarumque,
2929 1698 3050 1738 cum
3099 1685 3513 1752 pmmonitione
3549 1684 3765 1740 Theod.

504 1748 661 1845 1749,
692 1747 799 1845 ‘VI_I
828 1750 1186 1845 voll.-_Editor
1224 1767 1592 1845 quascumque
1624 1756 1748 1812 huic
1774 1759 2080 1815 collectioni
2109 1764 2159 1826 B
2184 1747 2467 1836 Romani;
2503 1772 2555 1827 in
2587 1773 2735 1827 Actis
2763 1747 3053 1844 Martyrum
3083 1747 3201 1844 ejus
3234 1790 3354 1845 pag.
3379 1775 3486 1831 289
3521 1792 3676 1845 sqq.;
3708 1776 3765 1830 in

500 1838 730 1893 inseruit
755 1840 1005 1895 Eucherii
1035 1842 1253 1897 nomine
1278 1843 1527 1899 homilias
1550 1862 1579 1900 a
1602 1847 1841 1905 Livineio
1863 1850 2082 1907 desum-

545 1930 633 1985 sit.

545 1944 633 1985 δη.

506 1944 541 1999 p
574 2025 733 2081 1662.
772 2025 1015 2091 Divione;
1044 2025 1204 2081 in-L‘.
1237 2027 1424 2083 Passio
1452 2029 1839 2101 Agaunensium
1879 2033 2084 2106 Marty-

498 2133 636 2182 rum,
670 2127 892 2173 auctore
923 2118 977 2173 S.
1013 2118 1278 2175 Eucherio
1309 2120 1661 2192 Lugdunensi
1697 2125 1989 2195 episcopo;
2028 2128 2084 2183 in

499 2205 618 2263 Pet.
650 2207 845 2263 Franc.
875 2206 1133 2265 Cbiiﬂetii
1175 2210 1401 2267 Paulino
1440 2211 1735 2269 illustrato.
1782 2230 1835 2285 p.
1868 2232 2074 2288 Lpagg.

501 2298 696 2355 86-92.

574 2391 736 2445 1665.
783 2389 1003 2446 Parisiis
1043 2395 1184 2464 apud
1229 2392 1421 2449 Franc.
1464 2394 1716 2466 Muguet;
1771 2397 1904 2451 ἔνι-8⁸
1956 2399 2085 2468 Epi-

505 2484 639 2536 stola
664 2484 831 2537 sancti
856 2484 1107 2539 Eucherii
1138 2485 1513 2556 Lugdunensis
1543 2491 1785 2559 episcopi
1816 2492 1883 2544 ad
1911 2490 2088 2545 Philo-

502 2590 620 2627 nem
649 2576 1024 2645 presbyterum;
1054 2591 1119 2631 ex
1146 2579 1315 2633 veteri
1334 2581 1521 2635 codice
1538 2595 1639 2635 ms.
1678 2582 1819 2637 Petri
1860 2583 2086 2636 Marnas-

504 2664 573 2720 sii
593 2665 869 2720 Senatoris
890 2665 1378 2738 Gratianopolitani
1398 2671 1567 2726 edidit
1591 2670 1780 2740 Steph.
1813 2673 2082 2739 Baluzius,

503 2758 560 2815 In
606 2758 756 2815 Notis
785 2760 850 2815 ad
876 2761 935 2815 S.
976 2761 1245 2831 Agobardi
1281 2763 1474 2833 Opera,
1510 2773 1658 2820 tomo
1674 2765 1720 2819 II
1760 2779 1916 2837 pagg.
1946 2765 2083 2833 155,

504 2847 632 2907 156.

577 2851 734 3001 15670.
790 2946 1037 3019 Cygnew;
1064 2946 1196 3001 in-8°
1230 2945 1291 2999 Β.
1334 2944 1588 3001 Eucherii
1638 2945 1882 3000 Homiliaz
1912 2946 1973 3000 de
2017 2946 2081 3000 Β.

518 3036 738 3111 Virginis
759 3041 1083 3110 conceptione
1110 3035 1516 3107 Fragmentum;
1546 3039 1602 3092 in
1622 3038 1917 3092 Christiani
1944 3038 2086 3093 Dau-

2184 1863 2267 1919 ed.
2304 1864 2558 1926 secunda,
2587 1864 2655 1918 ab
2680 1865 2797 1933 ipso
2828 1876 3053 1921 auctore
3079 1867 3374 1936 recognits,
3400 1882 3518 1936 quae
3544 1868 3770 1923 Amste-

2186 1956 2386 2012 lodami
2413 1954 2478 2011 ex
2502 1955 2594 2012 olI‘.
2625 1956 2998 2013 Wetsteniana
3030 1959 3233 2027 prodiit
3263 1974 3313 2013 a.
3354 1958 3505 2025 1715,
3539 1958 3767 2026 ἰη-Ῑοιυ.

2186 2064 2307 2119 pag.
2349 2049 2484 2114 271;
2529 2052 2583 2105 in
2636 2050 2933 2106 Veronensi
2973 2051 2992 2121 (
3007 2067 3073 2105 ex
3119 2052 3352 2121 Tvpogr.
3402 2051 3766 2106 Tumerman-

2186 2141 2369 2212 niana)
2400 2143 2558 2213 1751,
2585 2142 2795 2212 ίη-Ῑοιο.
2824 2159 2980 2213 pagg.
3002 2142 3229 2199 257-45.

2770 2250 2987 2290 SBCULO
3024 2251 3179 2289 XVIII.

2259 2324 2416 2380 1726.
2464 2322 2681 2380 Venetiis
2712 2327 2850 2395 apud
2872 2326 3306 2382 Bartholomceum
3330 2326 3680 2389 Giavarinam,
3714 2327 3775 2380 in

2186 2414 2295 2468 vico
2324 2414 2386 2469 S.
2412 2413 2630 2470 Joannis
2659 2416 3038 2487 Chrysostomi;
3060 2418 3258 2473 iit-I60.
3294 2417 3370 2471 De
3398 2434 3517 2471 uera
3544 2416 3774 2486 Sapien-

2189 2509 2282 2571 tia,
2313 2524 2431 2561 vera
2458 2508 2660 2563 Virtute
2687 2520 2733 2564 et
2771 2510 2813 2563 Τ
2814 2510 3161 2580 ranquillitate
3186 2511 3358 2564 Animi
3384 2511 3484 2566 SS.
3522 2510 3774 2565 Eucherii

2186 2600 2584 2670 Lugdunensis,
2634 2601 2846 2655 Martini
2892 2601 3236 2657 Bracarensis
3273 2610 3329 2657 et
3370 2602 3545 2672 Magni
3584 2600 3778 2671 Wigo-

2188 2693 2269 2747 nis
2296 2692 2601 2747 antistitum
2632 2693 2912 2762 opuscula,
2942 2692 3309 2748 illustrissimo
3338 2708 3402 2747 ac
3425 2692 3775 2748 reverendis-

2184 2784 2324 2839 simu
2351 2784 2461 2838 DD.
2488 2785 2665 2839 Marco
2692 2785 3022 2850 Gradonico,
3056 2785 3374 2851 patriarcha:
3394 2784 3775 2849 Venetiarum,

2188 2868 2571 2938 Dalmatiteque
2610 2869 2847 2938 primati,
2881 2878 3010 2939 etc.,
3039 2869 3237 2925 dicata.
3269 2869 3453 2925 Ciuelli
3489 2868 3623 2923 Bibl.
3662 2869 3777 2923 Vo-

2187 2959 2332 3015 lante
2359 2960 2380 3014 I
2409 2977 2571 3031 supra
2606 2962 2845 3017 laudata.

2262 3050 2419 3106 1717.
2462 3051 2801 3106 Venetiis.....
2851 3052 3052 3121 in-fol'.
3114 3052 3366 3108 Eucherii
3398 3052 3775 3122 Lugdunensis

504 3129 601 3183 mii
634 3129 877 3184 Homiliis
898 3130 1001 3183 PP.
1028 3130 1079 3183 in
1106 3128 1285 3183 Nativ.
1314 3127 1365 3184 J.
1395 3128 1528 3184 Chr.
1554 3144 1606 3199 p.
1629 3128 1888 3185 215-255.
1907 3130 1985 3184 Ex
1999 3130 2086 3184 Li-
2112 3127 2160 3192 C
2193 3146 2433 3216 episcopi
2458 3146 2673 3216 ερξειοια
2696 3149 2762 3201 ad
2792 3145 3046 3200 Faustum
3086 3146 3435 3217 presbyterum
3463 3145 3774 3200 Insulanum

502 3234 703 3276 νιηθιο.

500 3328 505 3335 ·
577 3312 733 3369 1670.
751 3314 958 3369 Viennae
981 3315 1197 3369 Austrite
1222 3316 1353 3385 typis
1381 3312 1614 3369 Matthtei
1634 3313 1939 3370 Cosmerovii
1962 3334 1981 3381 ;
2002 3317 2087 3370 in-

505 3404 590 3458 8°.
621 3404 737 3458 Divi
766 3405 1013 3459 Eucherii
1039 3405 1417 3474 Lugdunensis
1455 3407 1694 3475 episcopi
1738 3409 1949 3477 epistola
1980 3406 2087 3460 Pa-

503 3495 761 3560 rtznetica,
782 3495 847 3546 ad
870 3493 939 3549 D.
957 3495 1281 3548 Valerianum
1298 3505 1585 3565 cognatum
1611 3512 1787 3564 suum,
1811 3501 1877 3553 ab
1899 3515 2087 3555 amore

502 3584 746 3654 profante
771 3586 1125 3655 pliilosOphiae
1144 3586 1210 3640 ad
1233 3588 1469 3641 studium
1494 3604 1633 3643 vera:
1660 3591 1939 3658 sapientiae
1965 3606 2088 3659 pro-

503 3689 724 3730 vocans.
747 3675 879 3730 Item
900 3676 960 3730 Β.
986 3676 1256 3731 Francisci
1282 3678 1486 3747 Borgiae
1514 3680 1640 3733 olim
1660 3679 1882 3735 Gandiae
1910 3683 2083 3749 ducis,

503 3780 690 3840 postea
715 3772 989 3826 societatis
1015 3772 1146 3827 Jesu
1175 3773 1444 3841 generalis
1474 3775 1703 3842 epistola
1740 3778 1971 3845 practica
1991 3818 2004 3832 .
2028 3818 2040 3829 .
2069 3821 2082 3833 .

505 3877 604 3932 pro
632 3862 806 3919 Xenio
835 3880 924 3919 an.
969 3866 1098 3920 1671
1142 3866 1340 3920 oblatae
1381 3866 1764 3922 illustrissimm
1811 3870 2085 3925 sodalitati

502 3953 850 4010 Dominorum
879 3958 980 4012 sub
1008 3956 1164 4010 titulo
1202 3959 1507 4025 Assumptus
1538 3957 1781 4025 Deiparae
1826 3959 1877 4011 in
1918 3957 2083 4012 domo

502 4046 746 4116 professa
776 4048 1057 4101 societatis
1081 4046 1210 4101 Jesu
1242 4047 1468 4102 Viennae
1495 4059 1715 4103 erectae.

579 4136 737 4189 1671.
771 4133 1032 4188 Bruxellis
1080 4136 1222 4203 apud
1265 4135 1536 4189 Francisc.
1586 4136 1867 4208 Foppens;
1909 4139 2079 4194 ἱηο24.

505 4226 582 4280 De
610 4239 728 4277 uera
748 4225 1035 4292 Sapientia,
1061 4241 1175 4279 uera
1203 4226 1405 4280 Virtute
1429 4237 1475 4280 et
1505 4226 1894 4299 Tranquillitate
1913 4233 2085 4286 Animi

507 4317 607 4374 SS.
656 4316 907 4372 Eucherii
954 4317 1349 4385 Lugdunensis,
1394 4320 1604 4375 Martini
1648 4321 1993 4378 Biacarensis
2031 4332 2085 4379 et

502 4409 680 4480 Magni
705 4408 945 4479 Wigonis
977 4410 1302 4466 antistitum.
1335 4412 1514 4469 Editio
1551 4430 1691 4470 nova
1709 4415 1862 4484 juxta
1895 4433 2081 4472 exem-

503 4504 621 4575 plar
648 4503 909 4559 Monachii
943 4504 1264 4573 impressum
1292 4521 1432 4561 anno
1464 4506 1622 4562 1655.

576 4597 719 4652 Inest
754 4596 1003 4651 Eucherii
1028 4595 1244 4665 epistola
1277 4596 1595 4655 Partenetica
1623 4601 1693 4654 ad
1726 4599 2074 4658 Valerianum.

506 4687 777 4744 Sacerdos
820 4686 1038 4756 quidam
1086 4691 1360 4745 societatis
1389 4692 1517 4747 Jesu
1545 4692 1845 4749 sodalitatis
1881 4694 2084 4750 Latina:

503 4780 605 4837 sub
632 4779 808 4833 Titulo
836 4780 898 4833 B.
927 4780 998 4834 M.
1030 4779 1092 4834 V.
1129 4780 1414 4837 Visitantis
1438 4792 1636 4839 erecta:
1659 4784 1712 4838 in
1735 4786 1963 4855 collegio
1989 4801 2083 4842 so-

503 4872 714 4928 cietatis
743 4872 873 4927 Jesu
902 4870 1170 4925 Bruxellis
1215 4872 1474 4939 director,
1517 4875 1610 4943 qui
1646 4875 1748 4929 sub
1779 4875 1979 4932 litteris
2013 4877 2082 4932 G.

503 4963 573 5020 II.
605 4965 772 5019 latere
793 4963 982 5028 voluit,
1014 4963 1307 5020 editionem
1335 4965 1527 5021 horum
1566 4966 1871 5024 libellorum
1900 4970 2084 5025 Mona-

502 5053 613 5111 chii
644 5070 695 5108 a.
736 5052 875 5109 I655
901 5054 1093 5108 tactam
1132 5062 1205 5120 et,
1240 5064 1299 5109 ut
1323 5056 1417 5123 ait,
1460 5056 1605 5111 illico
1642 5057 1956 5114 distractam
1996 5077 2081 5116 τοι

502 5145 628 5202 cudi
658 5146 887 5200 curavit.

577 5237 733 5295 I673.
767 5237 989 5292 Parisiis
1014 5239 1153 5310 apud
1178 5238 1301 5293 Seb.
1328 5238 1621 5312 Cramoisg;
1651 5243 1847 5297 ἰη-12’.
1896 5242 1991 5297 Via
2018 5247 2086 5298 ad

503 5331 857 5396 teternitatem,
890 5330 1005 5385 sive
1031 5329 1126 5384 tria
1155 5330 1416 5401 opuscula
1447 5330 1548 5387 SS.
1584 5333 1837 5388 Eucherii
1867 5334 2088 5407 Lugdu-

506 5424 691 5478 nensis
738 5430 794 5477 et
836 5422 1022 5477 Hilarii
1063 5421 1399 5477 Arelatensis
1448 5424 1506 5477 1ο
1549 5426 1611 5479 de
1650 5424 1829 5481 Laude
1872 5428 2084 5495 Eremi,

506 5514 570 5568 2ο
587 5514 650 5569 de
679 5512 986 5585 Contemptu
1015 5514 1295 5581 mundi,5°
1323 5516 1385 5569 de
1420 5514 1533 5569 Vita
1561 5518 1621 5571 S.
1649 5517 1933 5575 Honorati.
1963 5519 2084 5575 Cat.

508 5604 648 5663 Bibl.
678 5604 877 5659 Teller.
909 5619 1031 5674 pag.
1073 5604 1160 5660 54.
1184 5622 1236 5659 a.

583 5695 741 5752 1677.
774 5693 1015 5765 Lugduni
1040 5696 1178 5765 apud
1208 5696 1537 5766 Anissonios;
1567 5701 1769 5770 ἔνι-[01⁸.
1804 5703 1952 5764 Beati
1978 5705 2085 5761 Ett-

2191 3240 2259 3294 de
2290 3240 2396 3294 situ
2428 3239 2576 3294 urbis
2629 3239 3127 3310 Hierosolymitana:
3156 3248 3315 3307 atque
3356 3241 3525 3307 ipsius
3570 3239 3774 3295 Iudaeae

2192 3332 2353 3404 (falso
2380 3333 2483 3401 ipsi
2511 3333 2767 3403 tributa);
2794 3335 2844 3386 in
2877 3334 3037 3387 Blasii
3068 3333 3279 3402 Ugolini
3304 3333 3584 3387 Thesauro
3615 3333 3770 3387 Anti-

2189 3426 2328 3495 quit.
2360 3424 2577 3479 Sacrar.
2610 3434 2757 3479 torno
2788 3423 2900 3487 VII,
2927 3440 2957 3478 a
2980 3424 3088 3478 col.
3120 3422 3278 3479 1201.

2264 3515 2420 3569 1757.
2468 3515 2756 3585 Antuerpice
2776 3516 2916 3584 apud
2943 3514 3225 3569 Bernhard.
3248 3515 3363 3568 Αιιι.
3383 3532 3481 3569 van
3505 3517 3594 3569 der
3621 3514 3775 3579 Plas-

2190 3608 2337 3672 sche;
2366 3608 2572 3677 in-folO.
2602 3606 2787 3661 Passio
2816 3607 2924 3663 SS.
2958 3608 3189 3660 Mauritii
3216 3608 3535 3670 aliorumque
3559 3609 3772 3679 legionis

2190 3695 2421 3751 Thebane
2453 3696 2763 3766 Martyrum,
2792 3706 3015 3752 auctore
3035 3698 3093 3754 S.
3129 3699 3396 3753 Eucherio
3427 3699 3769 3770 Lugdunensi

2190 3789 2442 3858 episcopo
2473 3789 2615 3844 edita
2640 3805 2669 3842 a
2698 3789 2840 3845 Petr.
2872 3790 3160 3844 Fraucisco
3188 3788 3457 3845 Chil‘tlctio
3495 3807 3543 3845 ε.
3577 3792 3626 3845 J.
3660 3799 3713 3844 et
3743 3806 3770 3842 a

2190 3880 2492 3950 Buinartio,
2524 3896 2643 3935 cum
2675 3881 2797 3935 aliis
2829 3896 2961 3935 mss.
2985 3881 3201 3936 collata.
3234 3881 3361 3936 Item
3391 3880 3577 3936 Passio
3608 3883 3769 3934 inter-

2192 3971 2371 4038 polata
2397 3987 2461 4027 ex
2492 3988 2594 4027 ms.
2624 3972 2683 4028 8.
2710 3972 2989 4028 Maximini
3020 3972 3381 4039 Trevirensis,
3408 3973 3598 4026 collata
3641 3986 3765 4025 cum

2191 4063 2352 4117 editis
2380 4078 2409 4116 a
2433 4062 2592 4118 Suria
2620 4072 2675 4120 et
2706 4078 2836 4118 mss.
2866 4063 3143 4131 Fuldensi,
3169 4064 3228 4120 S.
3258 4064 3546 4119 Salvatoris
3580 4063 3767 4119 Ultra-

2184 4154 2460 4225 jectensis,
2489 4166 2543 4211 et
2561 4157 2952 4213 Marchianensi
2977 4178 2992 4224 ,
3019 4174 3142 4215 cum
3171 4160 3441 4215 annotatis
3460 4159 3615 4214 .loan.
3638 4159 3774 4215 Stil—

2190 4245 2363 4315 tingii,
2395 4256 2524 4308 etc.,
2570 4247 2621 4301 in
2649 4249 2799 4303 Actis
2829 4249 2926 4304 SS.
2953 4250 3271 4305 Bollandist.
3311 4266 3498 4315 mense
3524 4252 3775 4320 Septem-

2189 4337 2304 4399 bre,
2339 4346 2378 4390 t.
2414 4337 2502 4404 VI,
2534 4353 2691 4407 pagg.
2721 4340 2984 4396 542-349.

2260 4428 2501 4481 Accessit
2522 4427 2956 4485 Commentarius
3003 4431 3236 4499 praevius
3257 4473 3270 4496 ,
3318 4430 3371 4485 iu
3398 4445 3504 4498 quo
3544 4430 3727 4484 omnia
3749 4474 3765 4496 ,

2113 4507 2166 4566 D
2189 4534 2310 4587 quae
2343 4527 2447 4574 tam
2481 4520 2720 4575 historia:
2754 4520 2943 4589 ipsius,
2974 4537 3133 4591 quam
3178 4532 3415 4578 actorum
3472 4518 3767 4573 sincerita-

2192 4620 2297 4665 tem
2327 4613 2644 4681 respiciunt,
2677 4628 2781 4667 non
2808 4615 3013 4683 vulgari
3041 4614 3342 4669 eruditione
3365 4621 3421 4668 et
3448 4612 3662 4667 solertia
3696 4610 3767 4665 il-

2193 4701 2507 4758 lustrantur.
2528 4703 2775 4773 InSpersa
2796 4715 2925 4761 sunt
2940 4708 3119 4768 etalia
3136 4716 3479 4763 monumenta
3493 4704 3557 4759 ad
3579 4704 3768 4759 eadem

2193 4802 2311 4849 acta
2341 4794 2609 4849 facientia.

2838 4886 3122 4938 Versiones.

2276 4978 2358 5032 Ex
2401 4978 2649 5034 omnibus
2669 4978 2927 5034 Eucherii
2972 4980 3432 5035 lucubrationibus
3489 4979 3604 5035 sola
3660 4977 3771 5032 fere

2189 5068 2407 5138 epistola
2463 5071 2532 5123 ad
2582 5068 2911 5125 Valerianum
2966 5073 3019 5127 in
3066 5086 3253 5127 recens
3310 5071 3527 5141 aliquod
3578 5071 3775 5124 idioma

2195 5160 2449 5215 translata
2497 5170 2601 5216 est.
2626 5162 2870 5217 Primum
2901 5163 3058 5230 hujus
3075 5163 3152 5218 rei
3174 5161 3565 5227 institutum,ni
3591 5160 3774 5223 fallor,

2195 5251 2366 5307 Gallis
2402 5251 2681 5307 debemus.
2711 5252 2895 5323 Neque
2926 5253 3037 5308 Itali
3079 5254 3131 5308 id
3163 5255 3510 5323 neglexerunt
3547 5260 3601 5304 et
3657 5251 3773 5302 Iau~

2195 5342 2315 5397 dari
2360 5345 2521 5399 etiam
2567 5345 2717 5399 vides
2750 5345 3061 5413 HiSpanicas
3088 5358 3144 5400 et
3182 5347 3432 5416 Anglicas
3470 5343 3773 5398 versioues.

2194 5432 2362 5490 Nobis
2386 5435 2668 5504 sequentia
2697 5436 2952 5506 colligere
2984 5435 3154 5490 licuit.

2268 5524 2309 5580 I.
2343 5524 2585 5593 Epistola
2616 5526 2682 5579 ad
2744 5526 3093 5582 Valerianum.
3121 5556 3192 5568 --
3236 5527 3395 5582 1552.
3443 5527 3615 5596 Lyon,
3656 5527 3779 5580 cites

2200 5616 2351 5670 Mace
2404 5614 2762 5682 Bonltomme;
2800 5617 2959 5673 in-i'.
3012 5618 3070 5674 S.
3129 5616 3357 5672 Euchier
3409 5616 3440 5670 ἐι
3504 5616 3774 5682 Valeriau,

2196 5705 2542 5767 Exhortation
2562 5710 2835 5781 rationale,
2866 5712 3095 5767 retirant
3119 5709 3185 5769 de
3213 5706 3522 5766 mondanité
3549 5717 3604 5764 et
3632 5706 3699 5761 de
3725 5707 3776 5767 la
