4028 6184
263 306 368 362 697

1654 296 2021 358 PROLEGOM
2030 301 2181 358 ENA.

3427 312 3534 374 698

266 417 617 491 philosophia
654 415 937 488 propbane
966 414 997 470 s
1026 414 1158 470 Dieu
1186 423 1240 471 et
1270 416 1301 470 ὲ
1342 414 1539 473 l'etude
1576 412 1674 470 des
1708 415 1851 470 sain-
1878 425 1924 479 Α
1956 417 2037 473 8⁸.
2070 417 2272 473 Eadem
2298 426 2655 488 transportata
2686 418 2773 475 dal
2798 417 2992 476 Latino
3014 418 3079 476 da
3105 421 3169 477 D.
3191 421 3384 481 Carolo
3411 428 3536 485 Gia-

262 521 385 568 etes
412 512 624 577 lettres,
642 508 909 565 traduicte
930 522 994 561 en
1026 522 1154 562 vers
1183 508 1436 574 francois,
1467 522 1597 563 avec
1626 517 1851 561 annota-

264 609 434 676 tions,
469 624 567 679 par
596 605 939 677 Barptolemy
967 607 1175 659 Aneau.
1206 605 1321 661 Cat.
1358 606 1500 661 Bibl.
1548 606 1679 675 Reg.
1727 605 1851 661 Par.

242 726 245 733 ·
335 698 499 754 1659.
536 698 679 769 Lyon
708 713 727 761 ;
758 696 920 751 iit-8°.
956 695 1157 750 Eadem
1180 705 1235 750 et
1258 697 1475 765 epistola
1494 697 1562 749 ad
1591 694 1855 749 Hilarium

260 792 328 845 de
355 792 627 845 Laudibus
652 789 851 855 Eremi,
875 802 1148 859 anonymo
1179 789 1475 857 interprete
1506 789 1582 860 (a)
1611 790 1663 842 in
1715 788 1853 843 libro

254 883 479 951 gallico,
493 882 583 938 cui
605 882 794 937 titulus
819 898 831 933 :
860 881 939 935 La
962 881 1200 937 Solitude
1229 882 1551 937 Chretienne.
1578 882 1639 936 T.
1663 882 1702 947 l,
1730 896 1850 951 pag.

257 975 363 1030 157
394 990 482 1045 sq.
516 974 704 1030 Tertia
736 974 895 1043 hujus
920 974 1099 1041 operis
1129 972 1296 1029 editio
1323 988 1375 1027 a.
1408 972 1548 1029 1662
1582 981 1798 1029 notatur
1821 985 1853 1026 a

254 1066 506 1123 Benedd.
539 1067 596 1122 in
626 1068 761 1122 Hist.
791 1068 825 1121 Ι.
862 1067 1070 1123 Galliae.

328 1156 498 1212 1672.
541 1156 715 1224 Paris,
757 1158 879 1211 cites
930 1155 1108 1210 Pierre
1147 1157 1193 1211 le
1223 1156 1405 1222 Petit;
1446 1157 1618 1212 ἱππ-12.
1646 1157 1705 1213 S.
1741 1158 1853 1215 Eu-

252 1247 415 1313 cher,
440 1247 530 1301 Du
560 1248 748 1319 mepris
776 1248 847 1299 du
874 1247 1082 1313 monde,
1117 1246 1318 1300 traduit
1346 1261 1413 1301 en
1452 1246 1711 1313 Francois
1759 1263 1853 1317 par

253 1340 466 1396 Robert
500 1341 743 1396 Arnould
784 1341 1084 1410 d’Anditly,
1121 1354 1250 1394 avec
1281 1341 1329 1393 le
1372 1340 1527 1395 Latin
1575 1355 1644 1395 en
1693 1345 1849 1399 suite.

252 1433 450 1488 Exstat
472 1435 665 1489 eadem
698 1434 757 1488 in
787 1432 1054 1503 Operibus
1084 1434 1221 1501 ejus,
1251 1443 1395 1488 tomo
1421 1432 1460 1486 Ι.
1482 1431 1659 1499 Paris,
1690 1436 1846 1492 1675.

248 1542 376 1598 ρειεο
409 1530 486 1584 24
513 1544 636 1599 ssq-
686 1535 689 1538 ‘
893 1576 914 1595 .

325 1622 496 1677 1609.
523 1620 589 1675 1η
624 1621 858 1675 Venetia.
897 1619 1114 1674 Lettera
1136 1618 1190 1673 di
1220 1619 1487 1677 Eucherio
1535 1630 1690 1675 santo
1731 1638 1851 1677 ves-

245 1727 401 1768 covo
428 1714 484 1767 di
504 1713 694 1777 Lione,
726 1720 855 1775 etc.,
903 1712 1131 1766 tradotta
1163 1712 1312 1766 dallo
1336 1712 1604 1780 Spagnolo
1650 1713 1851 1780 (Ludo-

1954 512 2100 566 cinto
2122 511 2418 579 Gariboldi,
2453 530 2555 567 una
2579 529 2699 568 cum
2726 523 2875 571 testu
2896 515 3109 571 Latino.

2026 603 2090 657 ll.
2122 602 2309 657 Passio
2348 602 2452 659 SS.
2510 602 2800 675 Martyrum
2845 605 3248 677 Agaunensium.
3277 639 3347 649 —
3376 609 3534 667 1705.

1958 698 2278 752 Amsterdam
2308 715 2326 761 ;
2358 697 2555 752 ἑτι-12⁸.
2588 698 2941 753 Dissertation
2968 699 3265 772 historique
3296 712 3349 758 et
3390 704 3537 759 criti-

1956 800 2204 859 que‘sur
2246 791 2296 844 le
2328 790 2559 860 Martyre
2607 790 2675 844 de
2719 791 2766 843 la
2800 790 2977 861 legion
3034 791 3363 851 Tbébéennc
3409 812 3537 853 avec

1963 881 2194 936 Histoire
2210 882 2279 935 du
2305 880 2537 951 Martyre
2557 883 2619 935 de
2639 891 2769 935 cette
2794 883 2959 951 legion
2977 885 3244 941 attribuée
3266 886 3297 940 it
3327 886 3385 941 S.
3425 887 3535 942 Eu-

1958 975 2111 1029 cber.
2143 975 2512 1045 Archetypum
2546 975 2702 1043 hujus
2732 977 3126 1032 dissertationis
3164 977 3388 1034 Joannis
3429 979 3536 1033 Du-

1958 1072 2180 1127 bordiaai
2224 1070 2631 1141 (Dubourdieu)
2678 1070 2971 1125 sacerdotis
3012 1071 3309 1127 Calviniaui
3363 1082 3535 1128 castus

1958 1165 2273 1222 Saubadicas
2296 1163 2543 1227 Londini,
2564 1163 2790 1231 Anglico
2813 1163 3071 1218 idiomate
3100 1165 3151 1218 in
3179 1165 3353 1219 lucem
3382 1166 3533 1227 exiit.

1958 1274 2100 1312 anno
2129 1257 2343 1311 circiter
2388 1256 2524 1311 1696
2562 1256 2657 1327 (c).
2693 1255 2800 1311 Sed
2850 1258 3018 1324 magis
3050 1258 3207 1312 obvia
3238 1266 3322 1311 est
3350 1256 3534 1312 versio

1956 1349 2182 1407 Gallica.
2214 1347 2469 1403 Studiose
2516 1362 2617 1402 nec
2637 1348 2757 1401 sine
2804 1348 3099 1402 acrimonia
3146 1348 3382 1403 refutare
3409 1363 3533 1403 eum

1956 1442 2198 1496 nituntur
2222 1440 2646 1507 Antuerpienses
2668 1439 2925 1492 Actorum
2956 1440 3053 1495 SS.
3085 1441 3339 1495 editores.

2028 1533 2188 1590 1778.
2231 1531 2299 1585 In
2339 1531 2506 1584 Roma
2536 1530 2670 1585 nella
2705 1529 3001 1596 Stamperia
3031 1530 3084 1581 di
3137 1529 3199 1583 S.
3233 1527 3453 1582 Michele
3501 1547 3535 1583 a

1958 1625 2091 1697 Ripa
2112 1642 2129 1690 ;
2150 1626 2205 1678 in
2236 1623 2314 1679 4°.
2352 1623 2601 1677 Passione
2623 1621 2700 1675 de’
2724 1621 2878 1675 Santi
2902 1619 3179 1682 Maurizio,
3208 1636 3233 1673 e
3262 1621 3535 1689 compagni

1960 1720 2169 1774 Martiri
2193 1718 2377 1773 scritta
2403 1716 2471 1769 da
2498 1718 2557 1769 S.
2590 1714 2861 1769 Eucherio
2892 1728 3123 1767 vescovo
3154 1712 3205 1766 di
3250 1712 3446 1776 Lione;
3479 1712 3533 1766 in

246 1806 362 1861 vici
384 1806 760 1875 Granatensis)
788 1807 863 1877 (b)
887 1806 940 1859 in
968 1804 1193 1858 ltaliano
1208 1804 1277 1859 da
1299 1803 1421 1860 Gio.
1443 1804 1670 1860 Giolito.
1692 1806 1843 1861 Exst.
1879 1800 1925 1860 Β
1954 1812 2061 1868 Alli
2092 1810 2287 1864 sinceri
2313 1809 2379 1862 de
2411 1808 2565 1876 primi
2590 1806 2797 1859 martiri
2836 1804 2977 1859 della
3007 1804 3187 1859 chiesa
3217 1802 3336 1857 Cat.
3388 1818 3531 1858 race.

246 1912 377 1952 cum
405 1898 571 1954 Libro
596 1899 732 1954 della
760 1898 1019 1969 Spiritual
1048 1898 1255 1964 Gratia,
1285 1907 1422 1966 etc.,
1451 1898 1502 1952 di
1526 1897 1649 1953 Giv.
1677 1899 1847 1955 Lause

245 1992 447 2061 pergio
478 2008 598 2062 pag.
630 1993 736 2047 210
756 2008 876 2061 sqq.

325 2085 493 2143 1715.
524 2087 594 2141 1η
627 2086 824 2143 Milano
847 2103 936 2158 per
962 2087 1111 2143 Gius.
1132 2087 1395 2159 Pandolfo
1419 2088 1696 2143 Malatesta
1712 2106 1732 2156 ;
1758 2091 1843 2143 in-

319 2208 402 2320 iit)
438 2246 714 2320 Fabricius
741 2248 761 2301 Ι
787 2245 1077 2318 Cauagium
1105 2255 1161 2302 et
1197 2246 1324 2303 Ant.
1356 2246 1642 2302 Godellum
1695 2246 1833 2301 inter

240 2318 581 2385 interpretes
605 2318 786 2374 Gallos
816 2327 1081 2373 numerat.

316 2389 398 2460 (b)
428 2388 701 2443 Laudatur
746 2389 859 2443 haec
892 2389 1069 2443 versio
1114 2388 1399 2457 Hispanica
1446 2389 1499 2442 in
1532 2388 1649 2443 Cat.
1698 2387 1833 2441 Bibl.

1954 1904 2043 1959 dal
2075 1901 2136 1956 P.
2157 1902 2384 1955 Ruinart
2405 1915 2433 1951 e
2460 1898 2600 1953 trad.
2630 1898 2695 1950 da
2721 1896 2914 1951 Franc.
2949 1896 3111 1948 Maria
3140 1894 3363 1949 Lucbini
3388 1902 3535 1948 tomo

1954 1996 2017 2061 ll,
2052 2009 2207 2064 pagg.
2233 1991 2493 2046 457-167.
2547 1989 2831 2043 Prmmissa
2872 1996 2953 2041 est
2992 2002 3097 2041 non
3129 1987 3392 2053 Ruinarti,
3437 1986 3533 2043 sed

1954 2088 2024 2143 ab
2051 2087 2168 2156 ipso
2189 2086 2483 2153 interprete
2515 2082 2713 2151 scripta
2744 2079 3089 2134 iutroductio.

1943 2243 2347 2299 Barberiuianac
2405 2249 2447 2295 t.
2474 2239 2493 2293 Ι
2525 2254 2577 2307 p.
2609 2236 2738 2303 582,
2773 2235 2868 2290 sed
2921 2234 3117 2287 omissa
3152 2232 3255 2287 loci
3300 2235 3533 2303 annique

1947 2322 2417 2456 nﬁgighlfistoph.
2445 2380 2593 2435 Saxi’.
2614 2380 2810 2457 ()nom.
2839 2378 2918 2432 lit.
2942 2384 3073 2430 tom.
3093 2374 3132 2429 V
3152 2375 3311 2429 Anal.
3328 2389 3377 2444 p.
3396 2375 3524 2431 652.

877 2590 1061 2652 AND.
1109 2589 1449 2653 SCHOTTI
1493 2587 1920 2649 PRIEFATIO
1964 2589 2043 2649 IN
2088 2587 2350 2650 OPERA
2396 2587 2458 2647 S.
2506 2585 2907 2649 EUCHERII.

426 2732 525 2787 Pio
552 2732 754 2786 Lectori
784 2732 920 2787 And.
959 2731 1203 2787 Schottus
1244 2730 1516 2786 Societatis
1543 2727 1688 2785 Iesu.

318 2863 523 2919 Damus
553 2879 656 2927 en,
699 2864 782 2933 pie
823 2865 1016 2925 lector,
1064 2860 1130 2915 Β.
1184 2861 1426 2916 Eucherii
1472 2859 1848 2931 Lugdunensis

243 2957 496 3026 episcopi
524 2956 697 3025 Opera
744 2956 988 3026 dispersa
1034 2956 1319 3021 hactenus,
1370 2956 1626 3023 varieque
1656 2954 1838 3016 edita,

245 3049 487 3118 primum
520 3064 548 3101 a
597 3047 804 3103 Joanne
856 3046 1121 3103 Sichardo
1152 3055 1273 3116 post
1326 3044 1553 3100 meliora
1601 3042 1849 3097 nonnihil

1956 2724 2057 2763 nus
2093 2708 2297 2763 Prwsul
2326 2710 2699 2777 ’Δντικιιμένων
2730 2706 2947 2760 nomine
2978 2704 3298 2773 inscriptas,
3332 2703 3533 2757 eidem-

1953 2816 2056 2871 que
2088 2801 2146 2855 B.
2171 2800 2479 2869 lldepbonsi
2526 2799 2781 2866 Catalogo
2827 2796 3145 2859 vindicatas,
3177 2810 3296 2863 qua:
3328 2804 3533 2860 tenipo-

1953 2908 2071 2947 rum
2099 2893 2292 2961 injuria
2331 2900 2536 2958 patrem
2585 2891 2728 2944 ciere
2759 2888 2881 2956 quia
2921 2902 3025 2940 non
3080 2893 3364 2954 poterant,
3416 2884 3534 2936 sine

1951 2986 2185 3037 auctoris
2210 2983 2364 3036 titulo
2390 2984 2441 3034 in
2474 2980 2819 3035 Germaniam
2867 2992 3010 3045 saepe
3041 2976 3307 3030 exierunt.
3356 2975 3533 3028 Aurea

1954 3087 2087 3127 vero
2110 3083 2195 3128 est
2222 3087 2287 3126 ac
2324 3071 2526 3125 mellita
2553 3068 2774 3123 omnino
2804 3066 3033 3134 epistola
3060 3066 3146 3120 illa
3192 3064 3257 3118 ad
3291 3064 3532 3119 Valeria-

242 3141 389 3196 l'acta
413 3155 576 3209 opera
600 3140 891 3194 Alexandri
921 3138 1249 3201 Brassicani,
1307 3136 1539 3190 hominis
1586 3134 1639 3187 in
1683 3132 1846 3186 colli-
1874 3113 1921 3176 (ἶ

245 3232 445 3304 geudis
472 3241 713 3287 veterum
740 3247 770 3285 e
798 3231 1073 3298 naufragio
1094 3229 1312 3297 scriptis
1340 3224 1716 3298 perdiligentis
1740 3243 1751 3277 :
1778 3224 1845 3279 de

242 3327 452 3398 quibus
481 3323 741 3380 Eucherii
788 3322 1006 3392 scriptis
1062 3336 1203 3376 nunc
1245 3321 1481 3374 breviter
1525 3319 1687 3372 animi
1738 3317 1846 3372 mei

245 3432 477 3474 sensum
500 3416 763 3485 aperiam.
789 3413 1027 3468 Primum
1051 3412 1119 3466 de
1141 3412 1393 3482 legitimis
1420 3410 1568 3465 hisce
1596 3408 1847 3464 Prmsulis

245 3513 530 3584 opusculis
560 3511 626 3566 ad
658 3510 717 3565 S.
763 3510 1098 3579 Scripturam
1157 3504 1563 3576 intelligendam
1594 3503 1843 3568 utilibus,

247 3622 316 3662 ac
347 3622 515 3675 prOpe
537 3605 769 3660 dixerim
794 3600 1118 3657 necessariis
1144 3618 1156 3652 :
1189 3615 1313 3654 mox
1345 3599 1411 3653 de
1437 3598 1726 3667 illegitimis
1750 3612 1843 3650 seu

248 3699 476 3768 spuriis,
529 3697 775 3766 falsoque
819 3694 895 3748 illi
926 3693 1197 3747 attributis
1238 3692 1523 3745 disseram.
1562 3689 1843 3757 Permagui

248 3793 400 3846 enim
424 3791 687 3845 interesse
742 3803 958 3858 semper
1000 3785 1326 3849 existimavi,
1386 3794 1441 3839 ut
1482 3798 1610 3838 vera
1638 3800 1663 3836 a
1697 3783 1847 3836 falsis

248 3880 558 3937 disserendi
587 3888 705 3935 arte
732 3879 1034 3949 dijudicare
1066 3896 1076 3930 :
1112 3879 1191 3931 sic
1222 3886 1275 3931 et
1304 3880 1490 3948 γνήσια
1520 3874 1718 3944 scripta
1749 3890 1845 3928 an-

250 3973 525 4042 tiquorum
554 3972 772 4026 Patrum
803 3985 834 4025 a
878 3970 1040 4031 νότοις
1068 3968 1402 4033 discernere,
1436 3980 1505 4021 ne
1547 3966 1668 4035 quis
1709 3966 1844 4019 abu-

254 4074 429 4131 tatur,
463 4077 644 4134 posse.

324 4174 697 4231 Formularum
757 4174 1129 4244 Spiritualium
1164 4188 1301 4242 Opus
1332 4172 1558 4227 adhibet
1587 4184 1693 4225 non
1719 4184 1846 4223 raro

252 4268 399 4324 Beda
427 4285 440 4323 :
475 4279 531 4324 ut
558 4279 801 4324 veterum
841 4269 1131 4337 pleraque,
1158 4267 1499 4335 p0tissimum
1526 4264 1837 4334 Augustini,

255 4361 421 4416 tacito
471 4362 688 4415 nomine
734 4360 1098 4428 transcripsit.
1133 4357 1315 4428 Neque
1345 4356 1547 4411 idcirco
1578 4355 1845 4410 Eucherio

253 4466 375 4507 cum
424 4452 577 4507 Sixto
615 4451 845 4508 Senensi
874 4449 1257 4518 abjudicanda,
1283 4458 1338 4502 et
1368 4448 1529 4502 Bedae
1559 4446 1844 4501 tribuenda

256 4544 426 4600 videri
459 4544 676 4598 debent.
711 4541 809 4595 Hic
833 4540 997 4595 etiam
1031 4540 1316 4610 mysticam
1342 4538 1720 4592 membrorum
1752 4535 1845 4589 Dei

257 4634 707 4707 signiﬁcationem
739 4634 1000 4703 reperias,
1031 4633 1370 4699 aliorumque
1396 4642 1517 4699 qua:
1557 4628 1622 4683 ad
1652 4629 1843 4681 buma-

253 4744 381 4782 nam
439 4726 665 4780 formam
716 4724 1036 4792 pertinentia
1072 4724 1182 4776 Deo
1222 4721 1276 4775 in
1313 4718 1610 4788 Scripturis
1662 4716 1832 4771 sacris

253 4818 593 4882 tribuuntur,
623 4831 742 4885 quae
769 4816 1017 4885 leguntur
1046 4815 1210 4869 etiam
1234 4814 1285 4867 in
1310 4813 1496 4867 libello
1524 4813 1585 4865 de
1610 4811 1847 4863 Essentia

260 4908 529 4964 Trinitatis
562 4906 676 4976 (qui
704 4906 765 4959 Β.
800 4906 1099 4974 Augustino
1123 4913 1270 4958 tomo
1316 4918 1368 4957 tv
1412 4902 1550 4956 [also
1590 4899 1845 4955 inscribi-

254 5000 387 5070 tur),
403 5008 464 5053 ut
484 4998 843 5053 observarunt
859 4994 1141 5051 Conradus
1170 4996 1385 5049 Brunus
1405 5009 1456 5049 c.
1481 4996 1514 5049 4
1541 5002 1596 5049 et
1623 4993 1709 5050 ιο.
1733 4991 1844 5047 Μο-

254 5091 412 5147 lanus
437 5090 530 5145 lib.
560 5106 597 5145 ιι
627 5105 678 5144 c.
717 5092 771 5156 5,
798 5098 1026 5158 uterque
1060 5090 1127 5143 de
1150 5088 1475 5157 Imaginibus
1502 5084 1839 5141 disserendo.

257 5182 366 5240 Nos
390 5182 589 5239 idcirco
613 5182 672 5238 S.
690 5182 984 5251 Scriptum
1006 5180 1125 5236 loca
1154 5180 1354 5250 passim
1376 5179 1624 5235 versibus
1658 5178 1843 5247 singu-

260 5277 337 5334 lis.
354 5276 567 5331 laudata
599 5285 712 5330 toto
739 5289 907 5344 opere
939 5273 1257 5329 ascribenda
1304 5273 1638 5335 curavimus,
1680 5278 1740 5324 ut
1770 5271 1844 5322 ta-

259 5383 379 5425 oem
404 5368 568 5425 veluti
600 5369 652 5422 in
681 5366 918 5424 tenebris
941 5368 1339 5438 prtelerremus.
1371 5363 1685 5431 Quwstiones
1707 5371 1842 5415 vete-

260 5462 329 5514 ris
357 5477 418 5515 ac
448 5460 563 5514 novi
592 5459 903 5515 Testamenti
928 5460 1144 5529 scripsit
1172 5468 1227 5514 et
1254 5459 1313 5513 Β.
1341 5456 1672 5528 Augustinus
1693 5456 1845 5509 libris

263 5553 457 5620 tribus,
476 5551 674 5622 aliique
695 5554 856 5608 etiam
887 5551 1063 5608 Graeci
1092 5552 1305 5606 Patres.
1335 5549 1537 5605 Verum
1565 5548 1846 5618 Augustini

264 5660 373 5700 non
399 5660 523 5700 esse
554 5645 846 5716 legitimum
878 5644 1047 5699 letum
1074 5644 1224 5699 illum
1260 5644 1422 5698 docet
1459 5643 1768 5711 Alphonsus
1818 5656 1847 5694 η

262 5734 472 5804 Castra,
505 5735 601 5794 lib.
634 5737 703 5795 de
729 5735 1038 5797 “teretibus
1068 5750 1084 5794 :
1116 5733 1365 5792 Julianus
1391 5750 1602 5805 quoque
1622 5733 1845 5790 Toleta-
1894 5804 1899 5810 ⁸

1948 3255 2148 3327 quendo
2194 3254 2366 3309 studio
2410 3256 2643 3323 profana:
2694 3250 3075 3319 philosophia,
3110 3257 3167 3301 ut
3220 3248 3529 3305 Gennadius

1951 3347 2131 3401 laudat
2150 3361 2269 3414 cap.
2306 3359 2456 3399 unt.
2484 3343 2613 3397 Item
2645 3343 2712 3397 ad
2746 3339 2999 3396 Uranium
3028 3355 3089 3393 ac
3107 3340 3381 3393 Salonium
3417 3339 3534 3409 epi-

1950 3454 2145 3510 scopos
2174 3440 2405 3493 obscura
2437 3452 2663 3506 quaeque
2690 3443 2987 3489 sanctarum
3011 3433 3254 3503 Capitula
3279 3433 3532 3502 Scriptu-

1950 3550 2126 3587 rarum
2153 3532 2319 3587 misit.

2022 3627 2101 3680 En
2136 3626 2228 3680 tibi
2262 3622 2540 3678 Claudiani
2587 3623 2863 3687 Mamerci,
2906 3621 3143 3691 episcopi
3185 3621 3530 3683 Viennensis.

1950 3720 2044 3774 lib.
2101 3718 2166 3771 de
2204 3718 2359 3773 Statu
2399 3716 2595 3769 Anima:
2651 3716 3037 3769 testimonium.
3077 3713 3529 3783 Haudquaquam,

1949 3810 2154 3881 inquit,
2184 3808 2501 3863 Eucherium
2542 3808 2904 3874 praeterierim,
2950 3806 3074 3857 mihi
3110 3822 3243 3858 nunc
3284 3808 3533 3860 viventem

1950 3903 2206 3967 doctrina,
2239 3912 2285 3956 et
2318 3899 2680 3969 prasentaneis
2710 3914 2882 3951 coram
2907 3898 3337 3963 disputationibus
3358 3901 3535 3965 cogni-

1950 4006 2076 4057 tum,
2128 3994 2213 4061 qui
2265 3991 2458 4047 scilicet
2510 3990 2685 4043 viridis
2736 3989 2849 4047 arvi,
2895 3996 3123 4041 maturus
3166 3989 3345 4053 animi,
3386 3998 3536 4043 terre

1950 4087 2222 4157 despuens,
2255 4084 2367 4138 casli
2411 4096 2679 4151 appetens,
2714 4079 2923 4134 humilis
2959 4080 3168 4150 spiritu,
3200 4080 3386 4134 ardens
3429 4098 3536 4134 me-

1949 4177 2069 4241 rito,
2102 4192 2164 4229 ac
2195 4176 2403 4242 perinde
2433 4174 2622 4243 ingenii
2652 4172 3036 4235 subtilissimus,
3078 4171 3303 4224 scientiis
3331 4172 3535 4239 plenus,

1951 4267 2139 4337 eloquii
2164 4270 2399 4337 pro/luas
2423 4281 2728 4336 magnorum
2749 4263 2830 4318 sui
2853 4263 3030 4317 saeculi
3061 4263 3361 4332 pontiﬁcum
3388 4261 3537 4332 longe

1949 4360 2225 4421 maximus,
2254 4358 2406 4410 editis
2436 4360 2490 4409 in
2512 4373 2619 4410 rem
2650 4356 2773 4423 ﬁdei
2802 4356 3095 4426 multijugis
3124 4354 3381 4407 variorum
3417 4370 3539 4420 ope-

1949 4465 2065 4502 rum
2112 4448 2479 4511 voluminibus,
2522 4447 2590 4499 ad
2635 4447 2881 4517 populum
2924 4460 3124 4514 quoque
3158 4461 3313 4513 super
3352 4447 3537 4499 anima

1954 4552 2094 4597 statu
2138 4543 2301 4595 multa
2348 4542 2584 4594 nobiliter
2618 4541 2950 4593 concionatus
2986 4549 3078 4591 est.
3126 4538 3394 4593 Hactenus
3424 4538 3536 4594 ille.

1957 4635 2230 4690 Proferam
2260 4644 2315 4688 et
2340 4633 2478 4686 acris
2506 4631 2663 4700 hujus
2695 4631 3030 4697 tempestatis
3060 4632 3303 4685 censoris
3330 4631 3397 4685 de
3428 4632 3539 4687 Eu-

1955 4725 2123 4779 cherii
2145 4723 2450 4792 eloquentia
2476 4737 2641 4791 prope
2664 4722 2920 4790 singulari
2955 4722 3335 4790 testimonium,
3363 4721 3535 4789 Nihil,

1958 4816 2149 4886 inquit,
2182 4816 2328 4870 video
2352 4816 2635 4886 profectum
2664 4831 2694 4869 a
2725 4824 2913 4869 nostra:
2933 4816 3194 4887 religionis
3224 4818 3539 4885 hominibus,

1955 4909 2043 4978 qui
2072 4908 2372 4977 eloquentia
2396 4923 2593 4976 quoque
2618 4908 2785 4979 gloria
2813 4908 3101 4975 ﬂoruerint,
3132 4908 3270 4977 quod
3294 4924 3411 4960 cum
3437 4907 3538 4959 hu-

1945 5002 2034 5070 jus
2064 5000 2239 5068 phrasi
2273 5000 2340 5052 sit
2376 5000 2759 5067 conferendum.
2794 4996 2863 5053 Ut
2900 5014 3151 5068 nusquam
3191 5015 3294 5052 non
3333 5008 3545 5069 prastat

1952 5091 2208 5161 egregium
2237 5090 2509 5158 artiﬁcem,
2533 5090 2635 5143 sive
2653 5100 2850 5158 spectes
2881 5089 3134 5151 ordinem,
3163 5090 3263 5143 sive
3294 5091 3542 5143 transitus

1953 5184 2166 5238 subinde
2215 5199 2389 5249 novos,
2442 5184 2543 5236 sive
2587 5200 2687 5235 non
2735 5184 2998 5253 vulgarem
3043 5183 3348 5253 ingressum,
3393 5182 3545 5236 veluti

1954 5278 2108 5331 limen
2144 5277 2627 5346 argumentationis.
2671 5275 2887 5329 Nullam
2928 5276 3153 5330 suasorii
3183 5277 3387 5347 generis
3428 5291 3546 5340 par-

1954 5379 2052 5423 tem
2079 5385 2181 5421 non
2213 5377 2416 5423 tractat.
2458 5368 2732 5438 Nusquam
2774 5369 2975 5423 desidet
3009 5370 3063 5421 in
3099 5368 3225 5422 locis
3260 5367 3542 5420 communi-

1956 5459 2067 5514 bus.
2110 5458 2282 5530 Hagis
2319 5470 2485 5531 urget,
2528 5468 2575 5513 et
2618 5460 2774 5513 instat
2812 5461 3156 5529 argumentis,
3201 5460 3328 5514 mire
3367 5460 3548 5529 pungit

1956 5552 2364 5621 epiphonematis
2410 5567 2428 5604 :
2472 5551 2689 5604 delectat
2728 5554 2888 5622 justa
2940 5567 3001 5605 ac
3057 5560 3221 5605 movet
3264 5552 3545 5605 sententiis.

1961 5641 2210 5709 Quodque
2235 5643 2397 5712 magis
2418 5644 2573 5695 etiam
2596 5643 2892 5697 mirandum
2911 5651 3006 5709 est,
3038 5643 3110 5697 sic
3137 5638 3383 5697 Isocratis
3405 5638 3548 5696 sche-

1959 5734 2179 5789 matibus
2208 5734 2497 5804 modulata,
2528 5743 2746 5806 structa,
2778 5736 3138 5806 picturamque
3164 5745 3238 5792 est
3267 5736 3456 5803 oratio,
3490 5738 3547 5788 ut
