4028 6184
455 216 558 275 699
1414 227 1473 282 S.
1513 225 1838 284 EUCHERII
1878 228 2183 288 EPISCOP]
2219 227 2697 289 LUGDUNENSIS
3594 232 3709 294 τσσ

451 351 701 405 nusquam
735 338 921 411 [rigeat
948 349 1036 395 aut
1067 341 1296 413 ineptiat.
1339 342 1431 399 Sic
1469 353 1656 418 arguta
1676 386 1691 412 ,
1731 354 1787 401 ut
1816 347 2018 401 interim
2046 356 2095 410 Α
2124 348 2440 417 Gregorium
2477 346 2500 402 Ι
2527 343 2731 401 Pontif.
2759 360 2880 401 max
2908 345 3020 417 (qui
3049 344 3261 402 duobus
3289 356 3461 415 prope
3488 346 3703 404 saeculis

451 444 685 494 nervosa,
724 431 800 483 sic
846 432 1131 500 elaborata,
1173 444 1226 487 ut
1274 446 1440 489 tamen
1481 438 1732 504 dilucida,
1764 442 1837 493 sic
1868 458 2016 511 nova,
2121 443 2341 497 inferior
2366 444 2469 510 est)
2499 440 2788 495 idemidem
2811 440 2964 507 citat,
2994 440 3060 493 ad
3090 440 3424 509 verbumque
3444 444 3700 499 transcri-

451 519 543 572 sed
572 528 625 572 ut
655 521 804 573 taedio
838 530 1005 575 careat
1040 522 1411 594 aﬂ'ectationis;
1440 531 1513 582 sic
1547 532 1745 599 festiva,
1776 543 1830 586 ut
1859 533 2019 589 nihilo
2121 534 2198 589 bit
2219 533 2472 587 omnibus
2497 546 2632 602 pene
2662 531 2889 601 paginis,
2923 545 3027 585 non
3060 539 3171 638 tarn
3207 530 3700 638 infimos-Regum

449 613 613 665 ’θείω
636 613 803 681 gravis
832 630 892 666 αο
923 616 1089 680 δενξαί
1118 620 1190 672 εἰσ
1222 619 1500 688 rhetorica,
1530 633 1584 677 ut
1611 630 1828 698 γνησίως
1851 638 2019 685 tamen
2118 628 2361 697 Gregorii
2390 627 2881 688 Commentarium,
2912 637 3074 693 quam
3118 623 3392 678 Moralium
3435 625 3605 679 libros
3648 626 3700 683 in

450 697 762 753 Christiana.
802 698 1031 775 Denique
1071 709 1145 761 sic
1174 713 1307 764 acris
1338 729 1398 765 ac
1426 697 1711 783 vehemens,
1745 730 1799 772 ut
1823 723 1908 775 sui
1944 734 2020 777 ta-

448 805 558 843 men
584 788 764 859 ubique
791 796 994 863 similis,
1019 802 1134 867 pari
1159 802 1437 859 intentione
1462 809 1530 860 ad
1554 818 1838 866 extremum
1862 831 2019 885 usque

445 880 632 933 calcem
660 899 958 956 properam,
981 892 1097 944 sani
1120 893 1348 950 videlicet
1376 901 1631 970 vegetique
1657 904 1843 974 ingenii
1864 880 2019 978 arau-

444 980 684 1025 mentum.

512 1060 762 1120 Exstaret
790 1068 996 1125 utinam
1032 1088 1191 1143 quam
1220 1077 1274 1131 in
1304 1076 1573 1151 Catalogis
1603 1084 2014 1147 Ecclesiastico-

443 1167 559 1207 rum
589 1153 920 1227 Scriptorum
957 1165 1223 1220 nominari
1258 1169 1431 1237 video,
1470 1189 1532 1228 ex
1570 1176 1725 1235 Joan.
1757 1178 2016 1239 Cassiano

443 1244 690 1302 Eucherii
720 1247 987 1319 Epitoma.
1022 1254 1220 1312 Lucem
1249 1259 1392 1315 enim
1424 1265 1655 1335 aliquam
1686 1270 1931 1327 obscuris
1961 1274 2014 1329 in

440 1335 596 1405 locis,
635 1338 1048 1415 depravatisque
1079 1363 1233 1416 Opem
1264 1352 1401 1408 haud
1432 1356 1592 1413 dubie
1628 1360 1866 1418 all‘erret.
1907 1366 2016 1421 Ad-

442 1426 547 1483 huc
572 1446 693 1499 qua:
723 1443 934 1490 exstant
956 1454 1181 1509 qumque
1212 1442 1603 1505 interciderunt
1630 1457 1895 1510 recensui.

514 1516 681 1575 Venio
704 1539 842 1580 nunc
864 1526 929 1580 ad
952 1544 1013 1582 ea
1036 1548 1151 1599 qua:
1176 1534 1442 1592 Eucherio
1472 1540 1606 1596 falso
1637 1546 1800 1601 tribui
1831 1550 2016 1604 existi-

442 1626 603 1697 mem.
638 1612 893 1673 Exierunt
930 1624 1071 1677 enim
1113 1628 1253 1696 typis
1284 1631 1422 1684 And.
1454 1632 1737 1692 Cratandri
1767 1648 1821 1693 et
1853 1641 2007 1698 Joan.

2117 720 2221 777 Job
2243 735 2367 773 vere
2387 732 2605 772 aureos.
2623 717 2699 771 En
2732 717 2828 771 tibi
2856 726 3107 770 extremo
3135 714 3277 769 libro
3306 717 3480 784 primo
3502 717 3700 786 Expla-

2118 814 2351 869 nationis
2381 813 2447 867 ad
2484 812 2763 867 Moralium
2805 810 2976 866 libros
3012 807 3280 878 Gregorii,
3322 810 3508 878 lector,
3547 811 3701 867 abie-

2115 916 2289 975 gatur.
2323 906 2529 961 Deinde
2556 906 2599 958 si
2623 902 2980 971 coniectando
3008 901 3331 969 investigare
3351 903 3427 956 ias
3450 914 3555 968 est,
3584 912 3700 959 non

2117 997 2300 1052 Gallus
2324 996 2505 1062 homo,
2534 995 2629 1048 sed
2659 995 2946 1048 Britannus
2968 1002 3073 1048 est.
3104 991 3239 1047 Nam
3266 993 3315 1046 in
3347 993 3503 1047 tertio
3533 992 3698 1049 Com-

2116 1089 2380 1143 mentario
2410 1089 2464 1141 in
2497 1086 2665 1141 libros
2696 1086 2901 1155 Regum
2940 1098 3060 1153 cap.
3103 1099 3212 1137 nu
3246 1100 3262 1136 :
3297 1083 3468 1151 Rom,
3505 1084 3700 1154 inquit,

2117 1178 2319 1235 basibus
2339 1178 2619 1249 suppositis
2638 1178 2705 1229 ad
2732 1175 3042 1244 portandum
3067 1172 3284 1228 luterem
3311 1174 3489 1245 templi
3512 1191 3546 1227 a
3569 1184 3705 1229 tem

2115 1272 2468 1335 sustollebant,
2511 1285 2627 1323 cum
2670 1268 2854 1320 nostris
2894 1282 3055 1337 nuper
3098 1266 3409 1335 temporibus
3456 1264 3524 1319 Β.
3568 1283 3705 1335 papa

2116 1365 2391 1436 Gregorius
2446 1361 2772 1433 Evangelicis
2818 1361 3088 1412 roboratus
3139 1358 3357 1425 eloquiis
3412 1357 3703 1415 Romanam

2115 1460 2244 1512 rexit
2283 1456 2588 1510 Ecclesiam.
2636 1455 2785 1508 Rotas
2824 1454 3011 1507 ecedem
3056 1451 3289 1504 curribus
3330 1450 3428 1504 Dei
3473 1453 3703 1508 subnixa

2115 1551 2264 1621 longe
2292 1549 2592 1618 portabant,
2620 1563 2734 1600 cum
2772 1543 3177 1599 reverendissimi
3216 1541 3405 1596 Patres
3450 1545 3699 1613 Augusti-

2116 1660 2234 1709 nus,
2269 1640 2524 1696 Paulinus
2544 1682 2559 1706 ,
2590 1649 2638 1695 et
2666 1640 2832 1694 ceteri
2862 1638 2989 1693 socii
3018 1652 3192 1690 eorum
3220 1636 3405 1689 iisdem
3446 1637 3701 1708 euangeli-

1136 1688 1186 1696 -.
1602 1688 1629 1689 η
1662 1688 1737 1692 η-
1772 1688 1821 1693 --
1854 1688 2007 1698 ---...
2116 1688 2234 1709 ..-η
2269 1688 2291 1695 -
2318 1688 2559 1706 “mm,
2590 1688 2632 1695 --
3023 1688 3061 1690 --
3162 1688 3185 1689 η
3560 1688 3670 1708 νυκμ

404 1732 407 1735 -
441 1688 691 1761 Frobenii
720 1710 940 1767 Basilccc
970 1716 1174 1783 pridem
1207 1721 1305 1775 sub
1350 1723 1601 1780 Eucherii
1642 1731 1856 1786 nomine
1896 1734 2012 1789 libri
2043 1724 2089 1783 B
2116 1740 2186 1793 σεε
2215 1739 2439 1793 roborat;
2459 1738 2696 1807 eloquiis,
2710 1736 2920 1804 jubente
2948 1734 3039 1787 illo
3062 1748 3240 1787 venere
3265 1735 3319 1786 in
3341 1731 3699 1796 Britanniam,

440 1805 538 1852 tres
567 1802 618 1854 in
654 1799 889 1856 Genesim
912 1848 926 1871 ,
972 1819 1018 1860 et
1056 1810 1107 1862 in
1149 1810 1227 1865 Ην
1269 1814 1423 1869 libros
1457 1817 1655 1888 Regum
1693 1821 2013 1881 Commenta-

440 1890 741 1961 rius,quem
766 1895 1010 1963 nimium,
1027 1914 1283 1970 quantum
1303 1908 2007 1989 δυιίι,νθιυιίστρωματιὺς,

441 1980 785 2051 Angelomius
848 1988 1240 2061 Lexoviensis,
1301 2000 1664 2061 Benedictina:
1717 1980 2013 2068 sodalitatis

441 2072 679 2143 familire,
698 2087 860 2148 utque
887 2082 1002 2150 ejus
1031 2100 1150 2141 esse
1174 2088 1425 2148 Eucherii
1444 2104 1740 2168 promptius
1762 2108 2015 2161 credere-

439 2182 579 2236 mus,
621 2171 833 2229 additus
874 2178 942 2231 ab
988 2182 1278 2240 audacibus
1325 2191 1505 2245 sciolis
1539 2195 1722 2249 titulus
1764 2209 1847 2252 est
1890 2216 1903 2254 :
1945 2201 2014 2254 ad

442 2260 691 2318 Uranium
721 2278 769 2320 et
798 2269 1068 2327 Salonium
1097 2281 1279 2344 fratres
1317 2286 1620 2355 episcopos;
1660 2290 1909 2346 nimirum
1945 2295 2011 2348 ad

437 2369 571 2423 quos
601 2367 653 2411 et
680 2356 782 2413 alia
812 2366 1067 2431 opuscula
1108 2367 1403 2427 Eucherius
1439 2379 1692 2432 retulerat
1724 2398 1733 2431 :
1766 2380 1831 2435 ad
1873 2383 2012 2441 hunc

436 2446 673 2515 quidem,
711 2451 1023 2516 Quwstianes
1054 2461 1315 2533 utriusque
1354 2463 1676 2534 Testamenti,
1720 2484 1868 2542 atque
1908 2475 2012 2530 He-

440 2538 732 2593 braicorum
767 2548 1031 2602 nominum
1055 2550 1572 2625 Interpretationem;
1605 2562 1669 2615 ad
1703 2538 1850 2619 illum
1887 2580 2013 2621 vero

437 2626 713 2685 Formulas
750 2636 1062 2704 spirituales.
1106 2644 1288 2713 Apage
1323 2647 1421 2710 sis,
1461 2659 1518 2703 et
1556 2651 1736 2706 fucum
1777 2655 2013 2712 detracta

438 2720 583 2774 larva
612 2722 943 2795 delegamus.
981 2732 1129 2788 Beati
1160 2736 1302 2790 enim
1329 2738 1581 2796 Eucherii
1613 2754 1861 2802 neutrum
1892 2764 2013 2806 esse

436 2809 580 2868 hunc
611 2827 824 2884 partum
862 2819 980 2875 haec
1016 2837 1332 2892 argumento
1365 2830 1580 2886 iuerint.
1622 2834 1860 2891 Primum
1890 2842 2011 2909 quia

434 2906 635 2963 refutat
664 2920 815 2966 artas.
848 2912 990 2968 Obiit
1016 2930 1247 2986 namque
1267 2920 1588 2992 Eucherius,
1626 2936 1761 2984 teste
1800 2906 2010 2987 Genna-

434 3000 542 3068 dio,
583 3002 970 3073 imperantibus
1007 3009 1381 3072 Valentiniano
1428 3028 1482 3072 et
1521 3020 1792 3078 Marciano
1827 3025 2010 3096 Augu-

436 3095 557 3163 stis,
582 3096 651 3151 ad
677 3114 875 3153 annum
906 3102 1052 3159 orbis
1083 3121 1113 3159 a
1150 3106 1365 3163 Christo
1398 3110 1659 3181 redempti
1678 3114 1803 3181 440,
1840 3095 2010 3173 tests-
2039 3097 2085 3159 (ἶ

438 3194 632 3255 turque
661 3191 797 3245 adeo
829 3193 941 3261 ipse
970 3197 1202 3265 epistola
1231 3199 1319 3253 illa
1350 3216 1509 3257 aurea
1540 3205 1607 3259 ad
1638 3206 2005 3278 Valerianum,

437 3291 495 3330 se
528 3276 781 3336 ﬂoruisse
815 3297 957 3341 anno
991 3299 1146 3345 antea
1174 3292 1381 3360 quinto,
1408 3296 1496 3364 qui
1530 3308 1612 3351 est
1643 3309 1759 3366 post
1785 3276 2007 3359 Romam

437 3369 705 3426 conditam
746 3375 904 3443 “85,
936 3379 1133 3435 Christi
1174 3399 1303 3438 vero
1343 3387 1469 3442 455.
1512 3389 1740 3461 Fuitquc
1769 3394 2009 3451 Petronii

440 3458 854 3518 Bononiensium
885 3471 1137 3526 antistitis
1162 3478 1404 3544 :equalis,
1438 3482 1526 3548 qui
1560 3483 1625 3537 ad
1655 3458 1857 3540 annum
1892 3489 2011 3557 ejus

438 3551 623 3605 saeculi
650 3555 937 3620 septimum
968 3574 1030 3613 ac
1060 3564 1370 3621 vicesimum
1399 3572 1619 3630 claruit.
1655 3578 1832 3647 Atque
1862 3580 2013 3635 Com-

440 3643 678 3697 mentarii
707 3644 847 3700 illius
880 3650 935 3702 in
979 3649 1136 3707 libros
1178 3654 1374 3729 Regum
1414 3673 1614 3731 auctor,
1658 3643 1902 3740 quisquis
1931 3682 2015 3728 est

446 3779 2371 3819 .._..._...____.____________________________

2113 1842 2161 1886 et
2190 1831 2408 1886 Verbum
2440 1830 2533 1885 Dei
2563 1830 2836 1885 incredulis
2865 1828 3064 1882 dudum
3099 1827 3396 1880 commisere
3435 1826 3692 1897 gentibus.

2114 1925 2243 1990 Quae
2272 1940 2392 1979 cum
2427 1925 2495 1977 ita
2518 1924 2645 1989 sint,
2673 1921 2907 1976 efﬁcitur
2938 1920 3078 1973 hunc
3108 1919 3423 1986 scriptorem
3456 1916 3517 1970 Β.
3554 1917 3697 1970 Gre-

2114 2015 2295 2085 gorio,
2345 2014 2499 2083 cujus
2548 2027 2713 2082 opera
2764 2010 3047 2065 Britannia
3096 2010 3325 2079 primum
3362 2006 3563 2062 Christi
3609 2012 3697 2060 est

2116 2106 2388 2175 Evangelii
2420 2106 2624 2159 lumine
2663 2104 2926 2157 illustrata
2965 2103 3258 2178 σύγχρονον
3288 2100 3466 2165 fuisse,
3499 2107 3555 2153 et
3586 2098 3699 2152 An-

2113 2200 2279 2269 glum,
2326 2212 2431 2253 non
2473 2195 2797 2252 Eucherium
2840 2196 3116 2250 hominem
3147 2194 3358 2250 Gallum
3387 2237 3400 2257 ,
3441 2192 3533 2262 qui
3576 2204 3699 2247 cum

2115 2294 2357 2360 Paulino,
2378 2290 2598 2345 Ausonii
2623 2290 2909 2359 discipulo,
2934 2288 3162 2360 patriam
3187 2286 3433 2341 habuerit
3457 2298 3701 2339 commu-

2116 2400 2257 2439 nem.
2302 2383 2407 2439 Sed
2444 2382 2628 2451 quidni
2671 2381 2869 2436 Bedam
2910 2379 3304 2448 Venerabiletn,
3340 2377 3573 2448 inquies,
3604 2392 3699 2432 au-

2114 2487 2314 2532 ctorem
2342 2477 2666 2530 asserimus?
2701 2476 2860 2543 idque
2886 2488 3113 2529 censore
3138 2472 3291 2527 Sixto
3316 2471 3569 2536 Senensi,
3603 2471 3699 2524 do-

2114 2571 2355 2625 ctissimo
2381 2567 2853 2622 Dominicanorum
2874 2565 3068 2629 sodali,
3094 2563 3233 2618 libro
3269 2579 3320 2617 tv
3348 2563 3696 2617 Bibliotheca:

2115 2663 2317 2728 Sacrae,
2361 2659 2613 2730 quodque
2658 2672 2849 2727 magna
2885 2658 3003 2727 ejus
3048 2655 3434 2711 Commentarii
3477 2669 3600 2723 pars
3641 2653 3696 2709 in

2114 2752 2510 2819 Quzcstiouibus
2560 2749 2718 2805 Beda:
2767 2763 2931 2819 supra
2984 2747 3152 2802 libros
3201 2746 3404 2815 Regum
3448 2745 3689 2814 legatur,

2114 2862 2274 2916 quem
2312 2854 2365 2900 et
2402 2844 2647 2915 geminos
2685 2841 2800 2896 fere
2837 2842 2891 2895 in
2929 2854 3113 2894 sacros
3141 2838 3309 2893 libros
3348 2836 3694 2891 Commenta-

2116 2940 2224 2994 rios
2250 2936 2534 3005 evulgasse
2564 2935 2853 2990 observare
2889 2932 3066 2987 liceat.
3098 2928 3156 2985 In
3191 2937 3439 3000 promptu
3462 2935 3543 2981 est
3563 2923 3692 2996 quid

2117 3027 2472 3098 respondeam
2505 3044 2517 3080 :
2545 3034 2758 3080 aetatem
2784 3016 2948 3078 Beda:
2974 3024 3210 3087 obstare,
3231 3020 3319 3091 qui
3345 3018 3550 3089 integro
3569 3032 3698 3088 pro-

2116 3120 2404 3191 pemodum
2454 3114 2653 3172 saeculo
2684 3117 2742 3169 Β.
2772 3112 3033 3184 Gregorio
3064 3112 3328 3181 posterior
3358 3108 3569 3163 vixerit.
3597 3108 3696 3163 At-

2114 3227 2218 3281 que
2248 3209 2335 3265 hic
2364 3208 2474 3265 suis
2504 3206 2840 3277 temporibus
2865 3204 2932 3259 ad
2966 3202 3167 3259 Christi
3193 3200 3354 3256 ﬁdem
3381 3212 3700 3255 conversam

2116 3302 2406 3357 Britannia:
2450 3300 2679 3355 insulam
2717 3296 3019 3367 proﬁtetur.
3054 3292 3160 3349 Sed
3202 3293 3270 3347 de
3305 3290 3389 3345 his
3428 3289 3701 3345 doctiores

2116 3396 2449 3450 arbitrentur
2475 3411 2490 3449 :
2525 3392 2772 3463 equidem
2804 3404 2954 3443 meos
2980 3392 3205 3443 conatus
3234 3384 3289 3439 in
3321 3380 3589 3438 Eucherio
3620 3381 3701 3437 leo

2116 3488 2305 3559 gitimo
2345 3484 2685 3549 illustrando,
2719 3484 2769 3537 in
2809 3492 3107 3549 manusque
3145 3473 3405 3532 tradendo
3441 3472 3705 3528 Romana

2119 3579 2393 3644 Ecclesiae,
2435 3577 2559 3632 fidei
2599 3574 2830 3646 parenti,
2870 3570 3044 3626 libens
3080 3569 3376 3636 volensque
3413 3564 3700 3631 submitte.

2120 3673 2436 3741 dedicoque.

2380 3785 3702 3814 Μ

1084 3893 1327 3957 ALEX.
1377 3900 1842 3965 BRASSICANI
1885 3907 2269 3969 EPISTOLA
2314 3907 2393 3966 l-N
2435 3906 2501 3966 S.
2547 3900 3038 3965 EUCHERIUM.

444 4006 783 4096 Ornatissimo
810 4014 916 4067 viro
941 4013 1008 4096 Ι)Σ
1028 4014 1172 4096 ,Ιαηο
1198 4036 1230 4096 _a
1263 4021 1470 4096 S_uolla,
1502 4025 1748 4096 equitiae
1768 4028 2019 4096 jureeona-

527 4078 683 4149 sullo,
715 4078 943 4137 Joannes
973 4086 1261 4142 Alexander
1284 4078 1624 4146 Brassicarius
1652 4094 1713 4149 S.

510 4189 766 4246 Oculatus
810 4193 923 4262 ipse
971 4195 1102 4251 mihi
1148 4199 1299 4254 testis
1347 4217 1447 4266 es,
1490 4204 1815 4263 amicissime
1859 4209 2014 4273 iane,

441 4293 693 4351 quantum
736 4285 866 4340 mihi
897 4287 1096 4343 labOris
1126 4291 1578 4362 exhauriendum,
1623 4298 1811 4364 immo,
1842 4310 1901 4355 ut
1931 4316 2019 4356 ve-

443 4378 551 4431 rius
588 4376 785 4444 dicam,
817 4390 1077 4448 quantum
1127 4384 1271 4438 ttedii
1314 4388 1717 4446 exeorbendum
1758 4393 1922 4447 fuerit
1963 4394 2015 4447 in

443 4470 788 4525 restituendis
837 4488 899 4527 ac
943 4476 1298 4545 repurgandis
1344 4476 1587 4536 Eucherii
1644 4482 2016 4553 Spiritualibus

440 4559 542 4614 illis
572 4558 853 4619 Formulis.
902 4564 1034 4620 Nam
1073 4569 1380 4639 exemplum
1426 4586 1619 4628 recens
1663 4574 1863 4629 editum
1908 4592 2016 4633 non

441 4660 645 4706 tantum
686 4656 971 4724 mutilum,
1018 4674 1205 4715 verum
1249 4663 1409 4718 etiam
1460 4666 1657 4722 eximie
1697 4668 2014 4724 mendosum

439 4742 558 4801 luit.
588 4745 748 4815 Cujus
780 4750 859 4803 rei
886 4751 1099 4820 culpam
1130 4762 1336 4810 tantum
1362 4757 1516 4812 abest
1558 4768 1615 4813 ut
1647 4760 1725 4813 illi
1756 4761 2015 4831 imputem

2120 4046 2185 4085 ex
2227 4028 2407 4081 animo
2453 4025 2902 4087 communicavit;
2949 4022 3178 4092 primum
3229 4020 3282 4075 id
3321 4018 3460 4090 quod
3508 4016 3706 4072 deerat

2119 4120 2434 4189 adjecimus,
2467 4126 2523 4172 et
2549 4130 2669 4186 quas
2718 4116 3009 4183 depravata
3043 4114 3254 4168 inerant
3274 4152 3290 4175 ,
3332 4111 3584 4181 religiose
3612 4120 3707 4164 ea-

2121 4213 2475 4281 stigavimus:
2520 4208 2665 4278 quod
2713 4216 2774 4262 ut
2810 4205 3038 4262 studiosi
3085 4205 3295 4275 planius
3336 4210 3701 4302 cognoscant,

2121 4304 2401 4372 subjiCiam
2448 4302 2557 4357 duo
2601 4308 2809 4354 tantum
2846 4298 3117 4367 exempla,
3149 4311 3215 4352 es
3261 4294 3455 4364 quibus
3496 4294 3707 4361 reliqua

2125 4398 2306 4459 facile,
2336 4404 2607 4463 tamquam
2632 4393 2842 4447 leonem
2872 4406 2935 4445 ex
2962 4388 3250 4457 unguibus,
3283 4386 3549 4439 utimare
3576 4396 3709 4449 pos-

2121 4494 2250 4547 sint.
2281 4490 2515 4543 Primum
2554 4494 2714 4555 caput
2754 4484 2822 4539 de
2862 4482 3060 4537 divinis
3098 4478 3406 4535 nominibus
3446 4474 3587 4543 quod
3617 4484 3707 4528 to-

2123 4594 2234 4639 tum
2264 4581 2693 4644 desiderabatur,
2719 4580 2828 4648 jam
2851 4592 2917 4632 ex
2946 4574 3138 4639 veteri,
3172 4586 3345 4642 neque
3374 4570 3550 4627 minus
3580 4566 3700 4620 sin-

2121 4692 2248 4736 cero
2298 4675 2546 4744 exemplo
2594 4672 2883 4743 repositum
2935 4678 3040 4724 est.
3092 4667 3211 4722 tam
3257 4661 3705 4765 enim-consulta

2122 4785 2282 4841 opera
2307 4769 2681 4839 prtetermitto,
2714 4772 2913 4834 quanta
2940 4761 3077 4817 facta
3098 4760 3169 4814 sit
3198 4760 3251 4812 in
3272 4756 3525 4811 omnibus
3552 4756 3695 4821 capi.

438 4839 525 4906 qui
558 4840 787 4908 primum
822 4843 980 4898 nobis
1007 4843 1112 4900 hoc
1138 4846 1307 4913 dedit,
1338 4857 1397 4902 ut
1429 4850 1589 4905 etiam
1625 4850 2013 4922 benignitatem
2040 4884 2093 4944 Β
2122 4839 2262 4917 tibus
2307 4860 2570 4915 accessio.
2612 4858 2669 4911 In
2710 4855 3028 4949 prostratione
3056 4848 3321 4949 Eucherii
3351 4844 3653 4949 sic-legitur
3686 4859 3701 4894 :

440 4930 671 4988 hominis
716 4935 915 4989 eruditi
960 4950 1023 4989 ac
1068 4938 1358 4995 candorem
1406 4941 1653 4997 laudibus
1708 4944 2011 5001 vehendum
2040 4930 2089 4944 υ
2120 4955 2270 5023 Atqui
2294 4952 2572 5007 secundum
2598 4948 2902 5016 allegoriam
2931 4945 3227 5012 baptis’inus,
3259 4939 3545 4995 secundum
3572 4950 3703 4988 ana-

438 5025 763 5093 existituem,
811 5028 901 5095 qui
952 5029 1208 5085 studiosis
1253 5033 1507 5089 exhibere
1545 5036 1732 5091 maluit
1777 5037 1829 5091 id
1869 5038 2011 5108 quod

437 5116 780 5171 commodum
825 5118 1180 5187 acquisierat,
1220 5137 1379 5191 quam
1410 5135 1467 5181 ut
1503 5135 1775 5196 pateretur
1802 5128 1903 5182 hoc
1932 5129 2016 5182 in-

438 5209 725 5266 tercidere.
751 5208 860 5265 Nos
899 5220 1080 5266 autem
1110 5216 1357 5285 exemplo
1385 5226 1434 5273 et
1478 5219 1686 5287 integro
1712 5228 1769 5276 et
1797 5220 2012 5289 egregie

436 5301 648 5358 sincero
670 5303 771 5370 usi,
800 5304 941 5374 quod
966 5305 1119 5361 nobis
1142 5322 1263 5364 cum
1289 5308 1561 5379 plerisque
1587 5312 1708 5368 aliis
1736 5326 1887 5381 aeque
1917 5312 2013 5370 bo-

436 5393 520 5445 nis
558 5394 863 5452 auctoribus
902 5396 1250 5455 Reverendus
1283 5400 1464 5468 Pater,
1495 5402 1755 5461 Dominus
1779 5403 2012 5462 Joannes

438 5486 820 5556 llarlmattnus,
850 5491 1012 5548 abbas
1040 5491 1253 5550 Sancta:
1283 5495 1469 5552 Crucis
1490 5496 1544 5551 in
1580 5499 1816 5564 Austris,
1852 5499 1932 5552 vir
1960 5508 2014 5555 et

436 5575 737 5647 studiorum
775 5590 829 5635 et
866 5585 1227 5655 studiosorum
1272 5587 1465 5646 unicus
1500 5598 1780 5659 patronus,
1834 5602 2012 5647 meum

434 5677 975 5755 δυιρωρωοίραυω
1002 5681 1172 5741 decus
1214 5691 1271 5738 et
1312 5683 1642 5752 prosidium,
1684 5685 1916 5740 libenter
1957 5695 2012 5741 et

2117 5060 2281 5115 gogen
2324 5042 2529 5113 angeli;
2574 5055 2696 5094 cum
2743 5040 2811 5092 sit
2849 5036 3134 5129 legendum
3168 5050 3184 5088 :
3218 5034 3379 5102 Aque
3423 5027 3703 5129 secundum

2115 5136 2417 5206 allegoriam
2464 5134 2781 5199 ba‘ptismus,
2835 5127 3118 5184 secundum
3174 5138 3439 5193 anagogen
3487 5120 3699 5189 angeli,

2116 5229 2252 5282 unde
2288 5235 2364 5280 est
2400 5225 2536 5279 illud
2566 5241 2585 5278 :
2616 5224 2683 5276 Et
2723 5232 2871 5287 atrus
2908 5235 3021 5288 quia
3048 5234 3204 5289 super
3245 5216 3397 5272 calas
3435 5224 3553 5269 sunt
3585 5211 3703 5265 lau-

2114 5319 2232 5371 dent
2260 5333 2445 5371 nomen
2491 5314 2720 5379 Domini,
2751 5323 2799 5367 et
2832 5323 3035 5367 catam.
3066 5310 3183 5365 Non
3216 5310 3435 5376 quidem
3481 5304 3704 5361 invideo

2116 5413 2160 5466 si
2192 5411 2309 5481 quis
2344 5416 2557 5464 veteres
2582 5408 2879 5475 scriptores
2907 5406 2961 5459 in
3002 5403 3177 5495 lucem
3222 5399 3486 5495 proterat,
3532 5397 3702 5495 miror

2116 5510 2293 5556 autem
2344 5502 2512 5569 magis
2554 5502 2600 5553 si
2651 5499 2769 5567 quis
2818 5498 2868 5550 in
2912 5494 2979 5549 iis
3013 5493 3271 5560 castigate
3311 5485 3701 5557 depromendis

2116 5609 2328 5648 omnem
2362 5608 2578 5662 operam
2620 5604 2774 5646 suam
2812 5590 3079 5653 collucet;
3124 5584 3218 5641 sed
3248 5582 3367 5641 haec
3412 5583 3697 5636 hactenus.

2116 5687 2379 5742 Caeterum
2427 5687 2567 5757 quod
2609 5686 2745 5753 apud
2798 5685 3017 5740 Latinos
3052 5679 3184 5738 fecit
3234 5675 3551 5740 Eucherius.
3596 5672 3697 5730 hoc
