4028 6184
262 272 366 335 τοι

1398 268 1736 328 EPISTOLA
1776 252 1864 325 bis
1906 254 2135 329 LAUDE
2176 252 2412 331 mm.

3416 268 3524 338 702

259 390 403 462 apud
442 388 664 447 Gneo:
688 387 1037 444 exactissime
1064 386 1311 456 praestitit
1346 386 1717 441 Theodoretus
1742 387 1833 442 ille
1870 380 1917 451 Α
1946 386 2057 441 cum
2090 387 2315 455 Christo,
2346 390 2538 461 inquit,
2572 390 2848 461 crucifixus
2878 407 3020 460 sum,
3051 388 3258 463 vivoque
3285 408 3389 448 non
3412 411 3523 451 am-

261 484 517 557 Cyrensis
563 481 883 550 episcopus,
937 490 1005 533 ex
1045 480 1197 546 cujus
1252 478 1445 548 insigni
1489 488 1654 547 opere
1699 478 1839 547 quod

261 577 407 649 apud
432 589 531 631 nos
562 582 647 629 est
670 575 723 627 in
752 574 986 642 antiquis
1009 574 1334 627 membranis
1362 575 1686 643 descriptum
1712 573 1841 628 libet

264 670 355 725 hic
381 666 816 737 aliquotegregie
838 666 1045 720 erudita
1079 668 1193 721 loca
1225 668 1520 732 ascribere,
1554 666 1617 722 ex
1651 668 1842 736 quibus

264 762 496 819 universi
532 760 679 814 illius
708 757 887 826 operis
927 757 1155 826 dignitas
1205 768 1258 813 et
1306 760 1509 813 utilitas
1548 756 1839 825 eluCest-e't,

263 853 392 915 οἶνος
430 856 515 909 ἐπὶ
555 856 680 906 Θεοῦ
707 852 739 910 ri
764 853 1016 924 τιμωρίας
1048 849 1231 913 Δαϐὶδ,
1260 846 1341 906 ὅτι
1383 852 1609 929 ποίι-ἰριὁν
1651 848 1843 925 ἔνχειρι

262 950 448 1025 κυρίου
478 944 609 1000 οἴνου
639 945 860 1017 ἀκράτου
887 945 1075 1018 πλήρας
1116 946 1438 1019 κερὰσματος
1456 984 1470 1007 ,
1502 942 1606 996 lioc
1631 950 1734 1008 est,
1768 942 1840 995 vi-

263 1054 390 1093 num
414 1040 637 1091 divinam
666 1051 861 1104 penam
894 1035 1168 1103 signiﬁcat.
1202 1035 1288 1088 Sic
1321 1033 1509 1099 David,
1537 1035 1657 1104 quia
1688 1049 1846 1101 pocu-

266 1131 376 1183 lum
423 1131 478 1182 in
519 1145 670 1181 manu
703 1125 911 1180 Domini
952 1128 1053 1178 uiui
1086 1127 1231 1187 meri,
1277 1126 1484 1193 plenum
1528 1126 1675 1178 misto
1724 1124 1840 1194 (Ps.

266 1237 448 1285 LXXIV,
473 1221 551 1289 8).
588 1221 711 1273 item
744 1221 799 1275 oti
823 1220 1008 1292 ’τρίχες
1036 1220 1122 1272 τὸν
1145 1220 1424 1291 “septimo;
1453 1216 1733 1288 σῦμϐολον’
1763 1232 1840 1269 νεέ

264 1317 382 1387 apati
408 1316 511 1387 ’γὰρ
540 1306 713 1374 αὗται,
741 1315 827 1366 καί
854 1312 1031 1369 ὀδύνης
1073 1308 1304 1366 αἴσθησιν
1354 1311 1410 1361 οὐ
1438 1307 1733 1380 δεχόμεναι*
1759 1312 1848 1367 τήν

266 1405 419 1463 ἅληθῆ
444 1408 609 1459 τοίνυν
646 1407 779 1467 ζωήν
805 1400 950 1472 ἔχειν
991 1401 1321 1459 γαλεὺαιτοὺς
1350 1408 1422 1474 τῷ
1463 1407 1572 1470 Θεῷ
1616 1401 1847 1474 λειτουρο

264 1504 507 1568 γρῦπας,
531 1500 616 1551 καὶ
660 1494 811 1565 μηδὲν
840 1493 985 1564 ἔχων
1012 1494 1180 1568 ὺεῡιρὸν
1206 1536 1218 1554 ,
1253 1492 1375 1563 μήδε
1403 1492 1629 1553 δυσῶδες
1658 1492 1808 1548 τούτο
1826 1536 1839 1560 ,

264 1594 353 1647 καὶ
380 1592 407 1646 ὃ
432 1592 703 1648 Θεσπέσιος
732 1591 866 1658 ἡμᾶς
911 1586 1136 1640 διδᾶὀνκει
1168 1587 1373 1645 nasia;
1420 1594 1644 1658 Χριστῷ,
1676 1589 1842 1656 φησὶν,

776 1676 872 1697 ..δι
934 1679 967 1694 ιν
1016 1674 1042 1695 »ρ

1942 482 2077 550 ptius
2121 483 2259 549 ipse,
2300 483 2388 535 sed
2424 484 2540 535 vivit
2585 484 2638 536 in
2674 500 2753 537 me
2791 482 3026 538 Christus
3064 500 3082 538 .°
3120 487 3273 557 quasi
3313 486 3519 556 diceret,

1940 574 2076 644 quod
2113 590 2165 627 se
2206 576 2365 628 sacris
2413 574 2618 645 ofﬁciis,
2662 572 2946 645 divinisque
2974 577 3253 630 actionibus
3290 578 3523 634 addixi»

1941 676 2037 733 set,
2069 675 2171 721 etc.
2206 666 2417 721 [labent
2446 676 2625 720 autem
2668 667 2929 734 ejusmodi
2969 664 3239 723 Formulze
3272 670 3522 739 quiddam

1943 764 2227 814 commune
2283 773 2405 812 cum
2450 758 2801 813 Hebraeorum
2853 760 3089 825 Cabala,
3140 775 3297 828 quam
3353 750 3525 816 Graeci

1944 851 2211 921 quondam
2254 854 2440 919 parum
2480 849 2971 905 animadvertentes
3014 853 3238 905 secretis
3277 851 3525 907 sensibus

1945 944 2196 1001 eruendis
2226 959 2344 999 esse
2371 944 2523 997 valde
2545 956 2702 1012 quam
2734 945 3056 1013 appositum,
3091 944 3311 1000 sedeam
3341 946 3523 1013 paucis

1946 1036 2141 1090 litteris
2172 1035 2486 1099 immutatis,
2528 1033 2632 1088 hoc
2666 1040 2767 1100 eSt,
2813 1035 3121 1107 imposturas
3159 1036 3521 1104 appellabant.

1945 1127 2019 1181 lta
2042 1126 2183 1181 enim
2210 1124 2525 1179 scholiastes
2547 1122 2787 1193 Gregorii
2815 1126 3047 1195 theologi
3071 1126 3257 1180 scribit
3282 1144 3294 1179 :
3322 1136 3374 1180 et
3394 1142 3525 1196 quo«

1946 1218 2093 1271 niam
2121 1216 2187 1270 de
2216 1231 2278 1269 ea
2308 1232 2364 1269 re
2396 1216 2567 1269 nostri
2598 1216 2756 1269 etiam
2787 1215 3053 1281 homines,
3088 1219 3337 1271 nimirum
3366 1218 3525 1272 Joan-

1948 1325 2042 1365 nes
2082 1309 2238 1365 Picus
2270 1304 2690 1371 Mirandulanus,
2732 1308 2930 1363 Paulus
2968 1310 3159 1377 Ritius,
3202 1318 3257 1364 et
3291 1309 3525 1368 Joannes

1946 1402 2186 1470 Capnion
2214 1401 2317 1455 viri
2341 1417 2461 1456 cum
2497 1399 2645 1455 omni
2670 1401 2985 1470 antiquitate
3016 1411 3284 1457 certantes
3314 1402 3524 1458 abunde

1948 1488 2300 1563 scripserunt,
2340 1492 2469 1547 nihil
2511 1494 2596 1546 hic
2632 1490 2804 1548 dicam
2846 1486 3124 1563 prolixius,
3164 1486 3259 1548 sed
3289 1494 3524 1548 studium

1950 1594 2152 1641 tantum
2198 1601 2372 1639 meum
2413 1592 2469 1638 et
2515 1592 2886 1653 e‘xpromptam
2934 1587 3112 1640 omnia
3160 1594 3307 1639 recta
3350 1585 3526 1643 Studia

1952 1678 2296 1747 promovendi
2339 1676 2669 1729 voluntatem
2716 1677 2813 1730 tibi
2862 1676 3203 1731 commendo.
3258 1674 3525 1731 Czeterum

263 1780 375 1831 ταῖς
414 1773 543 1842 μετὰ
591 1772 743 1829 θείαις
775 1772 921 1843 φησὶν
976 1769 1243 1844 ἐνεργείαις
1289 1768 1508 1837 ἐμαυτὸν
1549 1769 1838 1842 ἁφιέρωσα,

1951 1769 2388 1836 quotiescumque
2412 1773 2461 1819 te
2488 1764 2724 1830 nomino,
2751 1766 2877 1819 volo
2900 1767 3067 1820 semel
3094 1780 3156 1819 ac
3187 1764 3343 1819 unico
3364 1764 3527 1821 verbo

266 1861 374 1919 hoc
419 1872 522 1917 est.
572 1861 679 1915 Pili
725 1858 1050 1913 mortalitati!
1100 1860 1383 1929 symbolum
1422 1869 1541 1912 sunt
1588 1873 1607 1911 :
1654 1859 1839 1911 mortui

260 1956 401 2010 enim
430 1970 545 2007 cum
570 1955 692 2021 sint,
726 1952 923 2006 nullum
957 1951 1152 2004 doloris
1184 1964 1387 2004 sensum
1413 1950 1705 2002 admittunt.
1737 1949 1843 2001 Ad-

264 2055 433 2102 monet
464 2046 624 2116 igitur
646 2056 693 2098 et
719 2045 935 2113 imperat
962 2058 1049 2097 eos
1070 2056 1240 2096 ueram
1265 2054 1417 2112 agere
1439 2041 1614 2105 vitam,
1638 2041 1725 2109 qui
1748 2038 1845 2093 Dei

264 2138 545 2192 ministerio
575 2152 683 2191 use
716 2134 1048 2199 addixerunt,
1078 2134 1306 2201 nihilque
1333 2131 1522 2186 habere
1554 2130 1770 2183 mortale
1796 2136 1845 2183 tet

262 2228 483 2299 fetidum
508 2244 528 2283 :
557 2230 691 2299 quod
720 2229 875 2281 etiam
912 2242 1004 2280 nos
1046 2226 1192 2280 docet
1226 2225 1431 2279 divinus
1470 2224 1559 2278 ille
1600 2223 1801 2276 Paulus
1827 2264 1842 2289 ,

1946 1862 2133 1914 Omnes
2158 1856 2278 1911 illos
2309 1854 2399 1926 qui
2433 1850 2670 1924 ingenio,
2718 1854 2938 1923 virtute,
2974 1842 3130 1911 bonis
3166 1858 3432 1924 moribus,
3466 1873 3527 1912 ac

1948 1949 2189 2003 absoluta
2218 1946 2519 2002 eruditidne
2542 1952 2819 2017 praestant,
2844 1936 3198 2017 signiﬁcasse,
3216 1946 3346 2004 Vale
3367 1947 3524 2019 bene,

1950 2041 2027 2093 vir
2058 2037 2298 2094 nobiliss.
2323 2053 2384 2093 ac
2408 2039 2536 2093 mihi
2560 2030 2734 2092 modis
2757 2038 3003 2093 Omnibus
3032 2040 3276 2095 amande.
3310 2038 3527 2096 Vienna:

1951 2132 2181 2186 Austriae
2210 2147 2273 2186 ex
2304 2130 2529 2199 collegio
2560 2124 2750 2200 Regio,
2784 2129 2939 2185 Anno
2970 2146 3000 2184 a
3035 2140 3161 2184 nato
3185 2128 3333 2199 Jesu,
3362 2118 3521 2195 i530,

1955 2234 2139 2278 mense
2171 2220 2474 2278 Decembri.

263 2364 3511 2406 ____________.__________________________‘._—_————L.

1089 2492 1750 2617 SANC'I‘I
1846 2490 2715 2625 EUCHERII

1436 2682 1987 2756 LUGDUNENSIS:
2018 2680 2363 2757 EPISCOPI

875 2861 1167 3002 DE
1312 2854 2074 2997 LAUDE
2215 2845 2919 2995 EREMI

622 3097 781 3180 AD
851 3080 1455 3177 HILARIUM
1522 3058 2234 3166 LIRINENSEM
2308 3058 3180 3169 PRESBYTERUM

1218 3258 1740 3336 EPISTOLA
1788 3238 1981 3332 SEU
2036 3262 2211 3333 LIB
2225 3261 2571 3338 ELLUS.

266 3527 492 3586 Domino
529 3531 728 3605 sancto,
760 3530 807 3605 et
849 3520 1046 3605 meritis
1096 3518 1410 3605 beatissimo,
1437 3527 1486 3573 et
1530 3520 1587 3574 tn
1638 3519 1844 3575 Christo
1878 3521 1928 3585 C
1956 3522 2083 3578 θειῖ
2113 3520 2353 3579 Servasti
2392 3539 2523 3595 ergo
2548 3524 2827 3605 cbaritatis
2856 3525 3099 3582 ordinem
3138 3529 3256 3599 lege
3289 3531 3528 3599 pratscrb

584 3594 950 3667 gloriosissimo
978 3591 1205 3647 [inurito
1228 3590 1555 3647 Ευαιικιιιυε.

340 3714 392 3765 1.
428 3710 617 3777 Magno
642 3716 702 3760 tu
744 3703 963 3775 quidem
1006 3703 1188 3755 animo
1238 3712 1490 3771 egressus
1538 3701 1741 3757 dudum
1786 3701 1856 3759 de

264 3803 432 3857 domo
464 3808 576 3863 tua,
602 3805 659 3852 et
683 3796 752 3851 de
789 3794 1110 3864 cognatione
1138 3798 1247 3859 the,
1282 3806 1451 3862 usque
1489 3793 1541 3847 in
1572 3804 1721 3849 mare
1742 3800 1858 3848 ma-

262 3909 431 3967 gnum
457 3890 765 3946 recedentia
786 3888 957 3944 eremi
983 3892 1195 3942 secreta
1218 3896 1630 3954 penetraveras;
1656 3872 1860 3957 majore

266 3996 446 4041 tamen
478 3983 677 4036 virtute
715 3976 942 4050 repetita
972 3987 1056 4034 est
1090 3992 1119 4033 a
1165 3988 1218 4032 te
1241 3992 1458 4033 eremus
1483 3993 1642 4049 quam
1670 3980 1855 4049 petita.

269 4082 547 4154 Siquidem
578 4094 701 4135 cum
751 4079 890 4133 hanc
940 4078 1172 4147 primum
1216 4075 1413 4145 hospes
1471 4076 1745 4146 ingressus
1773 4091 1852 4145 es,

264 4176 505 4231 habuisti
533 4174 721 4229 ducem
749 4181 803 4228 et
832 4172 977 4227 velut
1017 4170 1235 4226 itineris
1264 4169 1340 4224 tui
1382 4172 1663 4239 praevium,
1696 4185 1857 4240 quem

268 4268 464 4323 deinde
522 4266 729 4320 militia;
772 4263 1011 4320 cmlestis
1060 4256 1409 4331 magistrum;
1452 4276 1682 4331 eumque
1733 4266 1857 4319 tunc

270 4372 510 4427 secutus,
558 4370 613 4415 et
658 4366 913 4428 parentes
960 4356 1294 4425 relinquens,
1346 4364 1630 4424 parentem
1676 4365 1855 4411 tamen

267 4454 604 4523 sequebaris.
627 4452 781 4506 Nunc
801 4466 929 4505 vero
953 4465 1073 4503 cum
1095 4450 1346 4504 eumdem
1376 4450 1599 4502 ascitum
1626 4447 1692 4503 ad
1724 4465 1858 4516 pon-

268 4544 466 4600 tiﬂcale
496 4545 764 4611 fastigium
797 4540 1234 4611 prosequendum
1267 4539 1563 4608 putaveris,
1596 4538 1661 4592 ad
1697 4539 1854 4593 fami-

266 4636 401 4691 liare
428 4642 699 4689 secretum
733 4634 901 4687 eremi
940 4641 993 4685 te
1027 4632 1181 4685 amor
1222 4631 1426 4685 retulit.
1460 4632 1600 4700 Ergo
1629 4646 1768 4684 nunc
1798 4644 1855 4686 es

266 4729 505 4784 nobilior
544 4735 597 4780 et
640 4725 815 4793 major
860 4724 1128 4791 exemplo.
1160 4722 1316 4775 Prius
1344 4722 1485 4775 enim
1516 4737 1639 4776 cum
1670 4723 1854 4777 deser-

266 4832 385 4876 tum
417 4825 647 4885 peteres,
669 4816 955 4869 comitatus
980 4816 1194 4869 fratrem
1224 4814 1526 4879 videbaris;
1560 4829 1700 4869 nunc
1727 4830 1846 4870 cum

1958 3621 2129 3683 ptum,
2158 3616 2331 3686 primo
2363 3616 2526 3671 Deum
2558 3606 2727 3684 tuum,
2754 3606 2877 3674 exin
2906 3620 3209 3689 proximum
3236 3620 3526 3693 diligendo.

2025 3702 2082 3762 2.
2114 3708 2285 3775 Quem
2312 3718 2489 3765 tamen
2516 3725 2619 3781 ego
2645 3711 2758 3766 sola
2786 3714 3057 3781 profectus
3088 3716 3166 3769 tui
3194 3720 3527 3788 contempla-

1958 3799 2105 3855 tione
2154 3800 2238 3875 (ut
2286 3803 2464 3857 animo
2512 3801 2764 3873 conjicio)
2810 3818 2915 3858 nec
2955 3804 3296 3862 adversatum
3350 3810 3527 3867 itineri

1957 3892 2292 3963 cOnsiliOque
2319 3903 2410 3950 tuo
2453 3892 2726 3962 existimo,
2758 3893 2856 3948 sed
2888 3893 3140 3949 inusitato
3167 3896 3309 3952 inter
3343 3899 3529 3955 devin-

1958 3993 2073 4039 ctas
2102 3986 2203 4039 sibi
2234 4001 2491 4055 personas
2516 3987 2699 4051 modo,
2731 3986 3009 4041 dimittere
3044 3996 3099 4042 te
3133 3986 3229 4045 ille
3269 3988 3350 4058 (ut
3378 3992 3529 4063 puto)

1958 4070 2063 4133 non
2096 4077 2277 4134 minus
2315 4079 2520 4145 voluit,
2551 4095 2714 4149 quam
2739 4088 2814 4135 tu‘
2839 4079 3140 4137 discedere.
3172 4081 3355 4153 Diligit
3380 4084 3529 4141 enim

1958 4180 2011 4225 te
2060 4180 2115 4226 et
2158 4171 2250 4226 ille
2296 4173 2521 4227 multum
2564 4174 2838 4240 vicissim,
2885 4173 2944 4229 in
2986 4189 3170 4245 amore
3218 4186 3395 4232 tamen
3440 4187 3528 4232 tuo

1956 4260 2298 4317 commodum
2332 4275 2477 4319 tuum
2510 4266 2815 4331 consuluit;
2844 4281 3077 4337 cumque
3117 4268 3528 4325 aiﬂuentissima

1957 4354 2073 4423 ejus
2116 4364 2170 4410 et
2213 4373 2423 4435 summa
2462 4352 2512 4412 in
2545 4367 2597 4412 te
2625 4359 2696 4413 sit
2728 4362 3002 4429 charitas,
3038 4360 3307 4431 fastigium
3353 4373 3527 4419 tamen

1956 4444 2099 4498 illius
2131 4447 2302 4498 tendit
2338 4462 2511 4517 usque
2539 4448 2605 4501 ad
2637 4449 2939 4505 utilitatem.

2027 4534 2079 4591 3.
2112 4536 2177 4590 Et
2200 4546 2257 4592 tu
2284 4536 2415 4593 licet
2435 4554 2647 4594 omnem
2667 4541 2981 4611 jamdudum
3005 4557 3227 4600 censum
3250 4546 3301 4601 in
3329 4546 3527 4604 Christi

1956 4644 2219 4699 pauperes
2247 4628 2466 4687 Christo
2509 4633 2660 4688 dives
2690 4634 2980 4700 eﬂ'uderis,
3023 4646 3133 4691 tum
3176 4646 3233 4694 et
3274 4640 3528 4706 praeter“

1954 4720 2079 4776 licet
2127 4724 2286 4778 annis
2327 4725 2626 4794 juvenem,
2676 4726 2919 4781 moribus
2962 4742 3183 4796 senem,
3239 4732 3317 4787 sis
3361 4732 3526 4787 etiam

1955 4814 2168 4883 ingenio
2206 4816 2385 4872 clarus
2412 4858 2428 4884 ,
2478 4817 2656 4872 clarus
2704 4819 2951 4890 eloquio;
2983 4820 3116 4875 nihil
3154 4822 3210 4877 in
3258 4833 3311 4877 te
3349 4833 3527 4877 tamen

265 4914 543 4968 desertum
595 4908 878 4977 repetieris
901 4949 915 4973 ,
957 4904 1114 4962 etiam
1167 4914 1375 4975 patrem
1436 4908 1723 4978 reliquisti.
1779 4908 1848 4964 At
1874 4896 1929 4960 Ι)
1953 4907 2189 4977 primore
2217 4908 2340 4963 loco
2364 4910 2531 4980 magis
2553 4912 2887 4980 suspexerim
2920 4912 3346 4984 dilexerimque,
3369 4928 3527 4984 quam

264 5000 483 5073 qualem
515 4998 688 5066 illum,
717 4998 1114 5068 quantumque?
1140 5004 1339 5068 quanto
1362 4996 1456 5052 tibi
1484 5012 1695 5068 semper
1712 4998 1848 5056 dile-

268 5094 469 5150 ctionis
496 5093 641 5147 cultu
672 5092 1055 5146 observatum?
1085 5102 1243 5161 quam
1290 5089 1547 5161 singulari
1585 5084 1679 5146 tibi
1722 5080 1852 5147 alie-

269 5187 451 5239 ctione
486 5182 827 5238 deviii'ctum?
854 5192 912 5237 ut
940 5180 1093 5251 cujus
1120 5182 1372 5237 charitati
1414 5182 1673 5251 praeferre
1718 5164 1852 5238 nihil

272 5292 482 5347 posses,
516 5278 617 5332 nisi
673 5276 810 5330 forte
857 5274 1027 5330 solam
1079 5277 1246 5332 eremi
1302 5264 1849 5347 cbaritatemujuam

272 5381 395 5422 cum
425 5367 498 5420 illi
526 5368 669 5434 justo
698 5366 968 5436 praeponis
996 5367 1266 5433 examine,
1288 5354 1605 5437 approbasli
1633 5364 1855 5438 diligere

276 5466 333 5513 te
354 5472 459 5511 non
486 5456 635 5512 illum
659 5452 871 5527 parum,
894 5461 986 5514 sed
1014 5458 1152 5515 hanc
1172 5452 1404 5531 amplius
1430 5456 1650 5531 aliquid.
1666 5448 1859 5517 Disten-

277 5549 404 5605 disti
451 5552 616 5604 etiam
666 5550 759 5605 ille
804 5552 859 5606 in
913 5562 965 5607 te
994 5555 1188 5610 secreti
1231 5571 1383 5609 amor
1432 5546 1593 5625 quam
1634 5556 1857 5625 magnus

280 5650 463 5708 esset,
511 5644 595 5697 cui
632 5645 795 5699 etiam
828 5646 1107 5702 maximus
1176 5648 1412 5704 cederet.
1472 5644 1571 5717 Qui
1643 5647 1856 5719 quidem

283 5734 451 5788 eremi
479 5747 649 5800 amor,
676 5736 805 5805 quid
832 5737 885 5791 in
922 5728 983 5792 te
1022 5720 1133 5794 ἰιίεῖ
1173 5740 1267 5794 Dei
1316 5730 1469 5794 ambr
1510 5734 1859 5807 appellandas

1956 4999 2095 5069 quod
2128 5000 2433 5079 solitudinis
2456 5002 2636 5058 sedem
2660 5003 2738 5057 sic
2758 5004 3081 5073 concupisti.
3106 5006 3259 5062 Unde
3290 5007 3414 5074 quia
3442 5022 3529 5063 me

1956 5094 2285 5162 respondere
2312 5096 2581 5164 copiosius
2604 5096 3013 5165 spatiosissimis
3042 5114 3106 5153 ac
3132 5100 3529 5155 facundissimis

1957 5183 2151 5239 litteris
2198 5184 2304 5241 tuis
2348 5201 2491 5258 saepe
2522 5187 2804 5257 postulas,
2850 5187 3080 5244 sutferas
3124 5190 3398 5259 pauliSper
3432 5205 3530 5245 ne-

1958 5270 2114 5333 cesse
2135 5286 2238 5344 cst,
2268 5293 2388 5334 cum
2415 5279 2490 5333 sis
2517 5272 2900 5349 ipsesapiens,
2931 5279 3297 5350 insipientiam
3320 5297 3528 5345 meum,

1958 5370 2085 5425 dum
2117 5371 2300 5425 recolo
2331 5372 2701 5447 multimodam
2737 5371 2950 5427 Domini
2979 5373 3208 5442 gratiam
3235 5388 3362 5443 erga
3393 5373 3529 5428 hanc

1958 5450 2127 5533 ipsam
2156 5454 2394 5519 eremum
2426 5450 2676 5520 dilectam
2704 5476 2873 5519 tuam.

2029 5552 2282 5611 Eremum
2313 5573 2440 5627 ergo
2469 5557 3173 5637 recteincircumscriptum
3210 5558 3315 5613 Dei
3362 5558 3527 5615 nostri

1960 5652 2223 5739 templum
2254 5651 2514 5716 dixerim;
2537 5650 2738 5707 etenim
2767 5666 2925 5720 quem
2948 5660 3155 5705 certum
3184 5661 3266 5706 est
3288 5653 3525 5707 habitare

1963 5741 2023 5799 in
2049 5726 2287 5810 silentio,
2316 5742 2647 5801 credendum
2676 5750 2761 5800 est
2783 5742 3019 5813 gaudere
3049 5753 3278 5801 secreto.
3324 5744 3529 5810 Saapius
