4028 6184
445 254 543 323 tos
1417 257 1477 313 s.
1518 253 1842 313 sucnsnn
1880 249 2188 308 EPISCOPI
2225 249 2698 308 LUGDUNENSIS
3593 249 3700 309 vos

444 400 501 441 se
524 383 637 438 illic
657 381 947 438 videndum
973 381 1168 435 sanctis
1191 378 1302 433 suis
1327 376 1575 445 praebuit,
1604 384 1660 429 et
1687 371 2014 429 conciliante
2037 373 2092 430 Α
2117 377 2173 423 et
2215 367 2467 436 operibus
2489 366 2816 420 absolvenda
2858 367 3082 422 terrenis
3106 408 3119 431 ,
3155 367 3418 436 numquid
3447 383 3554 423 non
3583 369 3700 426 avia

447 475 593 541 loco,
620 490 967 545 congressum
999 488 1103 526 non
1135 479 1218 525 est
1254 479 1574 538 aspernatus
1603 468 1918 521 humanum.
1959 465 2015 518 In
2121 461 2290 530 petiit,
2323 459 2388 513 ad
2435 459 2863 528 solitudinesque
2893 459 3135 528 confugit
3176 459 3379 528 (Exod.
3433 463 3578 531 xw)?
3607 478 3701 533 ap-

447 571 662 624 deserto
687 569 880 635 quippe
905 565 1111 634 Moyses
1149 563 1452 632 glorificato
1499 563 1668 615 Deum
1699 559 1848 613 vultu
1893 572 2020 611 con-
2121 554 2545 623 propinquatttra
2590 553 2643 606 in
2697 566 2883 606 eremo
2909 551 3092 621 utique
3138 553 3279 613 Deo.
3326 569 3357 607 a
3393 570 3500 622 quo
3528 556 3704 612 fuerat

446 663 604 730 spicit
658 659 851 730 (Exod.
886 658 967 724 Ill)
1004 673 1016 708 :
1062 657 1112 710 in
1145 656 1361 709 deserto
1399 655 1541 708 Elias
1569 654 1776 706 vultum
1819 663 2021 720 pavens
2122 653 2372 713 exempta
2398 644 2644 698 servitio.
2669 644 2945 699 Tendebat
2970 645 3131 713 igitur
3159 645 3226 698 ad
3247 644 3521 702 desertum
3547 650 3702 720 longa

448 771 515 810 ne
557 755 722 807 Deum
770 751 1090 820 conspiciat,
1123 749 1364 804 obvolvit
1390 748 1481 819 (IlI
1515 747 1640 816 Reg.
1673 761 1780 808 nx,
1817 744 1922 815 I3).
1958 743 2026 795 Et
2122 744 2375 798 vastitate
2406 741 2670 802 terribile,
2700 739 2881 808 Moyse
2909 737 3063 792 duce.
3094 738 3265 805 Quam
3299 755 3485 809 magna
3519 744 3702 796 multi-

449 848 690 915 quamvis
730 844 905 897 omnia
940 844 1054 911 ipse
1099 851 1368 910 tamquam
1412 855 1504 893 sua
1537 840 1814 901 revisitet,
1849 851 2023 904 neque

451 937 653 1005 uspiam
690 935 860 999 desit;
897 945 1070 988 tamen
1107 933 1188 1004 (ut
1217 933 1486 987 aestimare
1517 931 1664 1001 licet)
1695 929 2025 999 peculiarius

451 1027 809 1082 visitationem
838 1025 1089 1094 dignatur
1117 1025 1306 1088 eremi,
1334 1033 1388 1078 et
1413 1023 1534 1076 caeli
1557 1031 1846 1078 secretum,

520 1123 571 1174 4.
619 1117 822 1172 Ferunt
871 1118 1153 1186 quemdam
1204 1117 1292 1169 alii
1351 1115 1613 1184 quaerenti
1660 1115 1804 1183 quali
1849 1114 2029 1167 inesse

451 1214 568 1266 loco
599 1212 766 1265 Deum
799 1211 1069 1276 crederet,
1103 1209 1450 1278 respondisse
1485 1217 1540 1261 ut
1569 1223 1676 1276 quo
1704 1222 1762 1260 se
1803 1207 2033 1260 duceret

455 1307 682 1372 impiger
712 1312 1056 1371 sequeretur.
1086 1301 1221 1354 Tum
1252 1303 1544 1355 comitante
1578 1299 1767 1353 eodem
1787 1339 1799 1359 ,
1834 1298 1898 1349 ad
1929 1299 2031 1350 late

456 1397 688 1467 patentis
734 1395 898 1449 eremi
928 1403 1134 1448 secreta
1157 1394 1391 1448 venisse.
1419 1392 1488 1446 Et
1519 1391 1810 1445 ostendens
1838 1390 2031 1442 solitu-

456 1489 600 1542 dinis
629 1497 794 1541 vastae
824 1501 1119 1549 recessum,
1151 1485 1252 1551 En,
1285 1484 1478 1553 inquit,
1501 1483 1589 1536 ubi
1616 1482 1756 1534 Deus
1786 1489 1888 1533 est.
1925 1479 2035 1533 Nec

458 1581 734 1633 immerito
774 1579 845 1633 ibi
875 1593 996 1634 esse
1039 1577 1343 1648 promptius
1392 1573 1664 1640 creditur,
1697 1573 1788 1627 ubi
1831 1571 2037 1626 facilius

461 1671 752 1725 invenitur.

2127 836 2255 891 tudo
2285 835 2587 890 dulcedinis
2628 842 2762 895 tute,
2817 831 3072 886 Domine!
3130 831 3378 886 Eremum
3422 834 3701 903 ingressus

2129 929 2368 999 Moyses,
2410 927 2577 981 Deum
2609 926 2836 980 viderat.
2885 925 2962 978 En
3003 923 3144 978 redit
3172 940 3355 979 rursus
3391 936 3447 980 ut
3494 928 3693 982 videat.

2131 1022 2245 1088 Ipse
2275 1021 2434 1090 plane
2465 1020 2572 1073 dux
2605 1019 2813 1072 itineris
2842 1017 3097 1086 populum
3139 1033 3292 1071 suum
3335 1018 3585 1072 Dominus
3628 1022 3692 1074 ad

2128 1113 2342 1166 deserta
2367 1112 2628 1174 ducebat;
2655 1110 2706 1162 in
2727 1123 2879 1162 usum
2904 1108 3186 1174 utriusque
3208 1115 3468 1175 temporls
3490 1113 3703 1166 trahens

2131 1204 2403 1257 viantibus
2430 1203 2733 1256 columnam
2753 1238 2767 1262 ,
2797 1213 2942 1252 nunc
2965 1199 3250 1253 rubentem
3292 1200 3539 1266 flamma,
3572 1217 3712 1256 nunc

2134 1293 2275 1347 nube
2320 1292 2656 1346 candentem.
2693 1289 2862 1343 Dabat
2902 1290 2974 1342 ita
3020 1289 3458 1357 promerentibus
3501 1305 3532 1344 e
3576 1293 3713 1347 caelo

2136 1387 2379 1454 signum,
2412 1383 2554 1452 quod
2598 1384 2768 1436 lactea
2811 1380 2951 1435 mole
2979 1388 3284 1449 porrectum
3318 1381 3544 1436 alternis
3581 1383 3712 1436 irra-

2138 1477 2320 1530 diabat
2360 1473 2666 1528 ardoribus.
2708 1472 2920 1525 lntento
2965 1470 3127 1524 Israel
3157 1471 3360 1525 lumine
3389 1472 3711 1538 sequebatur

2141 1570 2374 1633 radium,
2409 1581 2633 1621 corusco
2659 1565 2869 1620 eminus
2893 1565 3011 1632 igne
3027 1564 3361 1627 rutilantem,
3392 1575 3452 1618 ut
3472 1565 3526 1618 in
3546 1567 3712 1620 eremi

2142 1672 2346 1716 secreta
2381 1659 2727 1714 tendentibus
2755 1657 2913 1726 digne
2941 1657 3219 1720 Dominus,
3252 1671 3377 1711 cum
3411 1658 3513 1712 iter
3538 1667 3713 1713 osten-

528 1760 580 1814 5.
611 1761 740 1814 Nam
774 1767 830 1814 et
860 1759 911 1812 in
958 1758 1265 1828 primordiis
1297 1772 1509 1820 rerum,
1544 1755 1870 1833 cum’omnia
1901 1755 2038 1808 Deus
2067 1740 2114 1800 Β
2142 1757 2299 1811 deret
2320 1797 2333 1816 ,
2366 1757 2547 1809 lumen
2579 1751 2876 1822 praeferret.

463 1852 516 1905 in
541 1852 803 1920 sapientia
830 1851 1053 1913 faceret,
1085 1857 1137 1903 et
1160 1849 1366 1919 singula
1388 1863 1614 1917 quasque
1637 1846 1830 1901 futuris
1854 1845 2040 1898 usibus

457 1953 581 2011 apta
623 1943 1011 2011 distingueret,
1057 1956 1160 1995 non
1203 1941 1388 2008 utique
1439 1939 1574 1992 hanc
1619 1946 1777 1992 terrae
1833 1946 2040 2004 partem

464 2033 710 2087 inutilem
755 2043 809 2086 et
853 2032 1228 2086 inhonoratam
1259 2031 1496 2093 dimisit;
1550 2029 1643 2084 sed
1695 2038 1890 2083 cuncta
1934 2043 2041 2081 non

463 2127 634 2195 magis
658 2126 909 2194 praesenti
936 2125 1350 2194 magnificentia,
1374 2138 1534 2189 quam
1561 2122 1722 2176 futuri
1753 2121 2043 2188 praescien-

462 2219 533 2273 tia
582 2233 809 2282 creans,
847 2219 1087 2273 venturis
1128 2226 1207 2286 (ut
1252 2214 1509 2284 arbitror)
1560 2229 1799 2268 eremum
1842 2213 2042 2267 sanctis

465 2309 692 2378 paravit.
744 2308 922 2364 Credo
974 2308 1056 2361 his
1108 2307 1255 2360 illam
1310 2306 1630 2371 locupletem
1683 2304 1735 2357 in
1782 2304 2042 2358 fructibus

459 2403 650 2464 voluit,
696 2411 750 2456 et
791 2417 889 2470 pro
917 2400 1332 2469 indulgentioris
1360 2408 1565 2452 naturae
1597 2400 1714 2452 vice
1745 2398 1882 2451 hanc
1913 2412 2041 2450 san-

459 2501 669 2546 ctorum
717 2492 846 2546 dare
878 2492 1197 2554 fecundam,
1250 2502 1308 2546 ut
1335 2493 1416 2546 sic
1461 2492 1874 2560 pinguescerent
1906 2490 2041 2545 lines

459 2583 684 2646 deserti,
712 2593 764 2636 et
791 2599 916 2638 cum
949 2583 1148 2652 rigaret
1174 2583 1242 2638 de
1271 2585 1638 2652 superioribus
1667 2585 1780 2638 suis
1803 2591 2039 2647 montes,

462 2673 802 2727 abundarent
851 2689 1066 2742 quoque
1116 2674 1463 2742 multiplicata
1517 2675 1669 2744 fruge
1719 2675 2038 2738 convalles;

463 2766 823 2834 locorumque
869 2768 1065 2820 damna
1122 2768 1434 2836 suppleret,
1479 2782 1603 2822 cum
1657 2768 2041 2822 habitationem

460 2857 699 2911 sterilem
735 2855 1039 2911 habitatore
1076 2857 1288 2912 ditaret.

532 2947 585 3001 6.
622 2947 911 3002 Possessor
958 2948 1195 3016 paradisi
1239 2957 1294 3002 et
1344 2957 1711 3016 transgressor
1753 2948 2038 3015 praecepti,

459 3053 580 3092 cum
613 3038 789 3092 locum
839 3038 1127 3108 voluptatis
1171 3040 1478 3102 habitaret,
1514 3039 1679 3091 lixam
1721 3037 1822 3090 sibi
1863 3053 1891 3090 a
1933 3037 2043 3091 Deo

461 3133 630 3198 legem
682 3147 901 3186 servare
934 3148 1039 3186 non
1085 3132 1279 3202 potuit.
1331 3133 1544 3197 Quanto
1583 3130 1724 3184 enim
1756 3111 2112 3198 jucundiorc

461 3223 552 3277 ille
594 3225 1002 3280 amoenitatibus
1032 3226 1213 3291 locus,
1251 3233 1398 3279 tanto
1430 3224 1554 3279 huic
1588 3226 1639 3277 in
1683 3223 1890 3292 lapsum
1921 3240 2042 3291 pro~

463 3315 587 3367 nior
616 3313 736 3368 fuit.
777 3314 927 3369 Unde
950 3331 1057 3369 non
1088 3317 1258 3369 solum
1288 3315 1434 3369 hunc
1466 3315 1674 3382 legibus
1711 3316 1822 3368 suis
1859 3315 2042 3369 subdi-

461 3407 563 3471 dit,
614 3407 706 3461 sed
743 3409 906 3461 etiam
938 3409 990 3460 in
1025 3424 1120 3461 nos
1161 3423 1330 3476 usque
1369 3423 1525 3461 suum
1566 3407 1715 3460 illum
1765 3405 2040 3460 stimulum

466 3512 612 3552 mors
673 3499 921 3551 tetendit.
972 3497 1204 3552 Proinde
1256 3513 1496 3551 eremum
1537 3497 1709 3561 colat,
1741 3498 1830 3565 qui
1878 3500 2042 3550 vitam

462 3592 639 3659 cupit;
669 3589 794 3658 quia
819 3590 1020 3643 amoeni
1051 3590 1231 3643 incola
1263 3599 1490 3644 mortem
1525 3592 1747 3659 paravit.
1784 3590 1889 3645 Sed
1934 3591 2044 3660 jam

463 3683 526 3736 ad
557 3682 856 3751 posteriora
899 3682 1064 3736 eremi
1107 3683 1215 3738 Deo
1256 3698 1474 3752 semper
1513 3694 1747 3754 acceptae
1799 3684 2043 3753 exempla

463 3774 765 3827 veniamus.

535 3866 586 3919 7.
622 3865 833 3935 Moyses
858 3880 980 3921 cum
1009 3865 1208 3937 egisset
1255 3880 1420 3936 pecus
1451 3868 1517 3921 ad
1553 3867 1809 3921 interiora
1842 3865 2046 3920 deserti

463 3966 589 4010 tunc
626 3958 1061 4025 resplendentem
1103 3958 1316 4013 eminus
1358 3958 1525 4012 Deum
1570 3958 1693 4025 igne
1720 3957 1853 4010 vidit
1894 3956 2045 4009 inno-

463 4061 598 4112 cuo;
635 4063 734 4101 nec
775 4049 950 4103 solum
972 4050 1136 4116 vidit,
1180 4062 1364 4103 verum
1397 4052 1557 4102 etiam
1589 4049 1792 4102 audivit
1822 4049 2048 4116 loquen-

465 4147 595 4190 tem.
639 4137 842 4204 Nempe
873 4147 1002 4193 tunc
1044 4140 1302 4193 Dominus
1331 4154 1452 4193 cum
1499 4139 1656 4207 abjici
1700 4140 1892 4207 pedum
1933 4140 2049 4194 vin-

462 4228 582 4281 cula
617 4240 1020 4295 commoneret,
1063 4239 1301 4285 sanctam
1334 4231 1505 4285 eremi
1554 4241 1752 4287 terram
1810 4246 2048 4300 pronun-

464 4319 653 4387 tiavit,
687 4320 875 4376 dicens
920 4336 934 4376 :
969 4321 1131 4376 Locus
1160 4323 1214 4376 in
1241 4340 1341 4392 quo
1372 4333 1425 4377 tu
1451 4333 1583 4389 stas,
1609 4333 1743 4377 terra
1771 4336 1945 4377 sancta
1975 4335 2048 4380 est

463 4413 662 4482 (Exod.
695 4429 781 4479 ιιι,
816 4414 871 4485 5)
898 4430 913 4480 ;
946 4415 1230 4470 manifesto
1278 4426 1404 4470 tunc
1429 4416 1632 4485 judicio
1665 4419 1917 4470 meritum
1950 4431 2044 4471 oc-

461 4509 590 4562 culti
643 4483 862 4564 honoris
915 4511 1200 4580 expressit.
1253 4483 1577 4566 Conﬁr—mata
1624 4513 1822 4582 quippe
1875 4523 1958 4567 est
2012 4483 2125 4567 aD

466 4600 576 4654 Deo
602 4604 860 4656 sanctitas
889 4603 1019 4670 loci,
1050 4604 1336 4660 sanctitate
1372 4607 1695 4670 testimonii;
1730 4607 1780 4660 in
1816 4622 1922 4676 quo
1962 4605 2043 4675 (ut

462 4695 610 4761 reor)
657 4696 820 4749 etiam
866 4695 998 4751 illud
1049 4697 1252 4765 pariter
1299 4708 1353 4753 et
1394 4698 1634 4754 latenter
1661 4699 1938 4764 enuntiat,
1985 4710 2043 4754 ut

463 4782 730 4838 accedens
760 4784 826 4839 ad
858 4801 1099 4841 eremum
1132 4788 1376 4857 pristinis
1412 4804 1661 4844 curarum
1698 4791 2044 4861 obligationi-

465 4875 566 4930 bus
593 4875 716 4930 vitae
744 4893 803 4933 se
826 4880 1090 4943 absolvat,
1123 4889 1177 4934 et
1199 4881 1565 4936 anterioribus
1596 4883 1826 4938 vinculis
1874 4901 2043 4955 expe—

466 4969 610 5024 ditus
633 4972 868 5038 incedat,
894 4989 960 5028 ne
990 4974 1166 5028 locum
1199 4977 1417 5042 polluat.
1446 4977 1522 5030 Ibi
1561 4977 1790 5046 primum
1835 4981 2045 5050 Moyses

465 5060 634 5115 divini
684 5065 939 5134 colloquii
974 5065 1251 5121 familiaris
1281 5068 1568 5123 adhibetur
1606 5071 1905 5137 interpres;
1958 5091 2048 5128 ac-

465 5153 596 5223 cipit
625 5154 807 5220 verba,
843 5171 906 5210 ac
937 5158 1174 5212 vicissim
1209 5158 1405 5225 refert;
1434 5161 1659 5215 dicenda
1691 5164 1967 5231 agendave
1994 5173 2048 5218 et

467 5256 846 5313 percunctatur
875 5250 1070 5315 pariter
1101 5259 1155 5304 et
1176 5250 1422 5315 docetur,
1464 5267 1525 5306 ac
1563 5263 1746 5307 mutuo
1789 5253 2048 5308 confabu-

469 5336 684 5392 lationis
735 5339 1039 5408 usitatoque
1093 5343 1419 5396 commercio
1475 5358 1595 5396 cum
1646 5343 1766 5399 caeli
1819 5344 2046 5400 Domino

469 5432 883 5485 sermocinatur.
913 5431 989 5485 Ibi
1017 5434 1220 5502 virgam
1256 5436 1477 5489 resumit
1505 5435 1559 5489 in
1583 5450 1745 5504 opera
1773 5438 2048 5506 signorum

470 5531 760 5590 potentem,
781 5525 1161 5596 ingressusque
1182 5542 1424 5581 eremum
1447 5536 1627 5597 pastor
1645 5530 1846 5596 ovium,
1868 5537 2049 5598 pastor

469 5610 536 5662 ab
563 5626 746 5665 eremo
785 5615 1073 5669 revertitur
1106 5618 1444 5684 populorum.

541 5703 590 5756 8.
626 5702 764 5768 Quid
801 5704 994 5760 deinde
1033 5707 1186 5773 plebs
1228 5708 1321 5764 Dei
1359 5710 1428 5799 ab
1467 5709 1699 5782 Egypto
1738 5711 2046 5781 liberanda,

2213 1852 2266 1905 9.
2316 1849 2454 1903 Huic
2484 1847 2774 1902 identidem
2806 1846 3002 1916 popqu
3042 1859 3221 1900 nonne
3249 1846 3316 1900 ad
3342 1846 3556 1901 deserta
3608 1855 3722 1902 ten-

2142 1944 2290 1998 denti
2321 1943 2532 2010 objecta
2581 1942 2707 1994 invii
2737 1940 2901 1994 maris
2942 1939 3172 1993 claustra
3201 1948 3488 2008 patuerunt
3519 1939 3719 2007 (Exod.

2144 2051 2257 2100 XIV,
2286 2035 2417 2104 2‘2)?
2446 2031 2579 2088 Cum
2600 2033 2741 2087 inter
2762 2039 3061 2100 praeruptos
3085 2033 3318 2098 gurgites
3342 2032 3443 2085 iter
3465 2047 3715 2101 carpens,

2143 2125 2519 2194 pulverulento
2560 2124 2797 2193 vestigiis
2840 2123 3054 2191 agmine
3100 2122 3291 2178 Rubris
3330 2123 3595 2178 littoribus
3637 2124 3720 2177 in-

2143 2220 2339 2285 cessit;
2395 2225 2778 2284 exstantesque
2821 2214 3082 2269 undarum
3133 2214 3476 2283 pendentium
3508 2226 3723 2270 montes

2142 2311 2212 2365 de
2241 2309 2502 2380 profunda
2543 2308 2686 2363 valle
2712 2306 3012 2377 suspiciens
3033 2347 3048 2373 ,
3081 2306 3159 2361 sic
3181 2315 3362 2360 custos
3393 2308 3572 2376 gentis
3604 2307 3728 2363 freti

2145 2415 2333 2475 stagna
2367 2403 2689 2456 transmisit.

2217 2498 2306 2550 I0.
2334 2494 2517 2563 Neque
2538 2494 2592 2548 in
2616 2493 2719 2548 hoc
2732 2500 2938 2547 tantum
2959 2491 3128 2546 divini
3149 2492 3327 2559 operis
3347 2493 3517 2546 virtus
3539 2494 3693 2547 stetit
3719 2512 3729 2544 :

2146 2587 2343 2642 nudata
2371 2601 2602 2654 namque
2634 2598 2846 2639 rursum
2880 2581 3049 2637 reﬂuo
3074 2597 3291 2652 aequore
3317 2583 3595 2652 operiens,
3628 2583 3734 2636 iter

2143 2695 2331 2735 eorum
2362 2695 2483 2734 cum
2512 2681 2666 2732 hoste
2709 2675 2946 2743 delevit,
2986 2685 3260 2743 totumque
3292 2674 3346 2728 in
3374 2675 3592 2730 sedibus
3619 2677 3736 2730 suis

2144 2788 2294 2828 mare
2323 2771 2513 2842 (credo
2542 2785 2608 2826 ne
2641 2772 2708 2825 ab
2735 2784 2923 2825 eremo
2944 2769 3110 2824 Israel
3142 2767 3531 2838 reverteretur)
3562 2783 3738 2837 oppo-

2144 2867 2272 2922 suit.
2296 2865 2519 2934 Aperuit
2538 2865 2678 2918 inter
2695 2877 2864 2932 aquas
2893 2863 3056 2928 viam,
3087 2871 3140 2917 et
3158 2861 3502 2916 circumfusis
3532 2861 3741 2916 deinde

2149 2960 2303 3029 aquis
2347 2960 2511 3022 tevit,
2571 2969 2626 3012 ut
2670 2958 2943 3012 desertum
2973 2956 3354 3022 expetentibus
3403 2953 3741 3024 patefaceret

2145 3055 2298 3118 itum,
2331 3054 2609 3108 clauderet
2640 3053 2869 3108 reditum
2899 3052 3092 3120 (Exod.
3126 3068 3237 3117 XIV,
3262 3053 3375 3118 27).

2217 3147 2304 3201 II.
2339 3147 2453 3200 Hac
2479 3159 2608 3214 ergo
2635 3147 2822 3214 gratia:
2847 3146 3044 3199 virtute
3071 3144 3267 3197 donata
3293 3156 3423 3213 gens
3454 3142 3542 3195 illa
3561 3182 3574 3202 .
3605 3157 3744 3196 cum

2144 3238 2209 3294 ad
2238 3239 2582 3293 solitudinem
2612 3237 2876 3302 tenderet,
2908 3237 3061 3304 plura
3087 3248 3262 3290 tamen
3284 3233 3585 3300 promeruit
3607 3248 3744 3287 cum

2146 3330 2469 3399 possideret.
2505 3329 2615 3383 Illic
2634 3343 2866 3396 namque
2889 3327 3136 3382 eamdem
3166 3328 3442 3395 insperato
3474 3327 3747 3380 Dominus

2147 3421 2410 3474 miraculo
2462 3419 2687 3483 refecit,
2745 3434 2865 3473 cum
2905 3433 3160 3487 percussa
3191 3419 3343 3472 silice
3390 3418 3748 3472 exundantes

2145 3526 2313 3580 aquas
2356 3511 2660 3566 sitientibus
2694 3511 2957 3576 praebuit,
3013 3519 3068 3564 et
3111 3507 3532 3564 abhorrentibus
3586 3512 3750 3564 saxis

2146 3604 2293 3657 rivos
2319 3604 2497 3657 nativo
2529 3603 2677 3657 fonte
2707 3601 3050 3670 depromens,
3083 3601 3290 3654 occulta
3325 3615 3517 3653 manus
3550 3601 3744 3668 impo--

2147 3694 2255 3749 suit
2277 3696 2506 3748 subitam
2527 3694 2815 3748 latentibus
2833 3693 2982 3748 venis
3005 3701 3248 3747 naturam
3271 3690 3468 3760 (Exod.
3491 3709 3624 3754 xvn,
3653 3693 3736 3762 6‘).

2147 3787 2255 3841 Nec
2284 3789 2460 3842 solum
2491 3788 2599 3842 illic
2631 3789 2842 3855 ingesto
2866 3786 3088 3840 ﬂumine
3130 3787 3340 3840 viscera
3375 3785 3537 3840 sicca:
3581 3789 3741 3855 rupis

2148 3875 2371 3943 infudit,
2421 3893 2607 3931 verum
2639 3878 2802 3931 etiam
2831 3876 3123 3931 dulcedine
3153 3876 3486 3945 superindita
3516 3893 3740 3933 amaros

2149 3968 2393 4022 tristibus
2417 3969 2569 4036 aquis
2589 3969 2808 4022 haustus
2836 3967 3094 4036 repressit
3125 3965 3317 4039 (Exod.
3346 3984 3432 4031 xv,
3454 3967 3569 4034 25).
3605 3968 3735 4023 Illas

2147 4060 2332 4114 elicuit
2359 4100 2372 4122 ,
2409 4061 2503 4112 has
2534 4059 2769 4127 placavit
2799 4074 2814 4112 :
2850 4073 2950 4113 nec
2990 4059 3199 4125 majore
3224 4059 3483 4113 miracqu
3511 4073 3541 4112 e
3581 4061 3736 4113 saxis

2147 4164 2314 4219 aquas
2339 4164 2500 4217 quam
2531 4165 2601 4203 ex
2633 4150 2787 4215 aquis
2817 4151 2950 4204 alias
2975 4164 3141 4219 aquas
3163 4149 3418 4204 reddidit.
3445 4150 3737 4220 Obstupuit

2148 4243 2300 4309 plebs
2355 4253 2545 4296 cuncta
2571 4286 2583 4302 ,
2639 4241 2880 4296 caelestis
2913 4241 3022 4296 illic
3062 4241 3246 4295 auxilii
3277 4256 3433 4312 Opem
3461 4243 3732 4310 sentiens,

2148 4350 2254 4388 non
2286 4334 2462 4388 minus
2490 4333 2540 4386 in
2574 4333 2657 4388 his
2684 4338 2839 4402 aquis
2868 4349 2986 4403 quae
3015 4342 3169 4388 erant
3197 4347 3356 4402 quam
3389 4335 3440 4388 in
3473 4334 3580 4388 illis
3611 4351 3734 4402 qua:

2152 4427 2390 4482 nondum
2422 4426 2656 4481 fuerant.

2224 4520 2310 4573 12.
2351 4519 2466 4574 Illic
2507 4520 2671 4574 etiam
2722 4518 2862 4574 idem
2908 4520 3135 4588 populus
3177 4519 3465 4574 demissum
3511 4518 3728 4574 coalitus

2148 4611 2328 4666 cibum
2373 4611 2573 4665 albenti
2621 4610 2737 4664 solo
2771 4611 2931 4679 legit,
2966 4626 3086 4665 cum
3119 4626 3150 4666 e
3199 4611 3427 4665 nubibus
3471 4609 3731 4664 Dominus

2147 4718 2337 4771 panem
2369 4702 2604 4771 pluvium
2634 4703 2778 4756 sicco
2811 4703 2983 4758 imbre
3009 4704 3210 4772 dejecit
3240 4701 3435 4772 (Exod.
3468 4718 3576 4768 xvi,
3617 4700 3727 4770 14).

2149 4793 2206 4848 In
2261 4793 2605 4848 tabernacula
2639 4801 2692 4847 et
2734 4795 2787 4847 in
2817 4793 3163 4862 circumiecta
3211 4807 3508 4848 caStrorum
3540 4808 3733 4847 manna

2151 4888 2408 4954 ninguido
2433 4902 2563 4940 aere
2586 4887 2834 4956 illapsum
2851 4888 3065 4953 cecidit,
3094 4888 3185 4942 ubi
3207 4902 3394 4956 panem
3419 4889 3730 4955 angelorum

2155 4978 2498 5032 manducavit
2543 4978 2723 5032 homo.
2760 4978 2826 5031 Et
2856 4980 2978 5046 quia
3010 4978 3206 5032 sufﬁcit
3236 4979 3340 5032 diei
3377 4978 3579 5031 malitia
3604 4993 3728 5043 sua,

2153 5070 2528 5138 quotidianum
2563 5069 2742 5122 divina
2770 5069 3095 5138 indulgentia
3129 5071 3325 5124 victum
3349 5070 3593 5134 contulit,
3619 5069 3730 5138 jatn

2154 5169 2281 5214 tunc
2311 5159 2428 5228 lege
2458 5160 2739 5226 praemissa
2759 5198 2771 5220 ,
2801 5174 2866 5212 ne
2890 5159 2941 5212 in
2983 5160 3276 5213 crastinum
3319 5160 3595 5227 cogitaret.
3643 5157 3729 5212 Sic

2153 5251 2426 5319 quondam
2458 5250 2514 5304 in
2539 5265 2721 5304 eremo
2744 5250 3074 5316 constitutis,
3103 5251 3226 5319 quia
3252 5260 3510 5320 praestare
3536 5249 3728 5304 victum

2156 5353 2364 5400 terrena
2395 5360 2499 5400 non
2535 5352 2780 5415 poterat,
2821 5344 3018 5398 caelum
3049 5345 3406 5399 ministrabat.

2226 5439 2312 5492 15.
2345 5438 2539 5506 Legem
2571 5437 2732 5492 etiam
2762 5446 2818 5492 et
2845 5437 3084 5492 coelestia
3111 5437 3280 5491 edicta
3306 5436 3564 5492 Hebraeus
3590 5435 3726 5489 idem

2153 5530 2410 5597 numquid
2458 5546 2568 5584 non
2614 5531 2784 5585 eremi
2842 5529 3161 5584 inbabltator
3203 5529 3436 5596 accepit,
3471 5537 3580 5582 tum
3607 5542 3724 5581 cum

2155 5624 2406 5692 pr0prius
2435 5624 2680 5678 admotus
2707 5663 2722 5688 ,
2758 5623 3025 5689 inspicere
3069 5621 3243 5676 divino
3272 5620 3441 5690 digito
3468 5622 3722 5692 impressa

2154 5716 2350 5774 tabulis
2373 5717 2525 5786 signa
2553 5718 2751 5775 meruit
2789 5715 2988 5787 (Exod.
3022 5715 3151 5785 xx)?
3190 5714 3414 5771 eductus
3439 5715 3629 5771 casui:
3665 5714 3719 5764 in
