  <div class='ocr_page' id='page_1' title='image "/cluster/home/n/w/nwhite01/storage/ocr_20150623/50/uva.x000827094/362.png"; bbox 0 0 4028 6184; ppageno 0'>
   <div class='ocr_carea' id='block_1_1' title="bbox 295 273 390 331">
    <p class='ocr_par' dir='ltr' id='par_1_1' title="bbox 295 273 390 331">
     <span class='ocr_line' id='line_1_1' title="bbox 295 273 390 331; baseline -0.021 0"><span class='ocrx_word' id='word_1_1' title='bbox 295 273 390 331; x_wconf 77' lang='lat'><strong>705</strong></span> 
     </span>
    </p>
   </div>
   <div class='ocr_carea' id='block_1_2' title="bbox 1426 250 2429 317">
    <p class='ocr_par' dir='ltr' id='par_1_2' title="bbox 1426 250 2429 317">
     <span class='ocr_line' id='line_1_2' title="bbox 1426 250 2429 317; baseline -0.009 0"><span class='ocrx_word' id='word_1_2' title='bbox 1426 258 1759 317; x_wconf 78' lang='lat' dir='ltr'><strong>EPISTOLA</strong></span> <span class='ocrx_word' id='word_1_3' title='bbox 1798 254 1890 311; x_wconf 86' lang='lat' dir='ltr'><strong>DE</strong></span> <span class='ocrx_word' id='word_1_4' title='bbox 1925 253 2157 313; x_wconf 79' lang='lat' dir='ltr'><strong>LAUDE</strong></span> <span class='ocrx_word' id='word_1_5' title='bbox 2195 250 2429 311; x_wconf 73' lang='lat' dir='ltr'><strong>EREMI.</strong></span> 
     </span>
    </p>
   </div>
   <div class='ocr_carea' id='block_1_3' title="bbox 3440 252 3547 312">
    <p class='ocr_par' dir='ltr' id='par_1_3' title="bbox 3440 252 3547 312">
     <span class='ocr_line' id='line_1_3' title="bbox 3440 252 3547 312; baseline -0.028 0"><span class='ocrx_word' id='word_1_6' title='bbox 3440 252 3547 312; x_wconf 80' lang='lat'><strong>706</strong></span> 
     </span>
    </p>
   </div>
   <div class='ocr_carea' id='block_1_4' title="bbox 286 367 3544 448">
    <p class='ocr_par' dir='ltr' id='par_1_4' title="bbox 286 367 3544 448">
     <span class='ocr_line' id='line_1_4' title="bbox 286 367 3544 448; baseline -0.006 -2"><span class='ocrx_word' id='word_1_7' title='bbox 286 400 569 446; x_wconf 87' lang='lat' dir='ltr'><strong>occursum</strong></span> <span class='ocrx_word' id='word_1_8' title='bbox 593 383 829 448; x_wconf 84' lang='lat' dir='ltr'><strong>Domini,</strong></span> <span class='ocrx_word' id='word_1_9' title='bbox 853 380 921 435; x_wconf 87' lang='lat' dir='ltr'><strong>ad</strong></span> <span class='ocrx_word' id='word_1_10' title='bbox 944 378 1176 434; x_wconf 85' lang='lat' dir='ltr'><strong>radicem</strong></span> <span class='ocrx_word' id='word_1_11' title='bbox 1207 378 1405 434; x_wconf 88' lang='lat' dir='ltr'><strong>montis</strong></span> <span class='ocrx_word' id='word_1_12' title='bbox 1425 376 1612 432; x_wconf 88' lang='lat' dir='ltr'><strong>obvius</strong></span> <span class='ocrx_word' id='word_1_13' title='bbox 1637 372 1864 430; x_wconf 75' lang='lat' dir='ltr'><strong>institit?</strong></span> <span class='ocrx_word' id='word_1_14' title='bbox 1891 372 1948 433; x_wconf 72' lang='grc' dir='ltr'><strong>Α</strong></span> <span class='ocrx_word' id='word_1_15' title='bbox 1970 385 2133 441; x_wconf 87' lang='lat' dir='ltr'><strong>opere</strong></span> <span class='ocrx_word' id='word_1_16' title='bbox 2154 369 2424 437; x_wconf 76' lang='lat' dir='ltr'><strong>inclaruit,</strong></span> <span class='ocrx_word' id='word_1_17' title='bbox 2446 381 2605 439; x_wconf 83' lang='lat' dir='ltr'><strong>quem</strong></span> <span class='ocrx_word' id='word_1_18' title='bbox 2629 367 2893 438; x_wconf 76' lang='lat' dir='ltr'><strong>insignem</strong></span> <span class='ocrx_word' id='word_1_19' title='bbox 2917 374 3060 423; x_wconf 83' lang='lat' dir='ltr'><strong>nunc</strong></span> <span class='ocrx_word' id='word_1_20' title='bbox 3081 368 3281 423; x_wconf 88' lang='lat' dir='ltr'><strong>scissus</strong></span> <span class='ocrx_word' id='word_1_21' title='bbox 3303 378 3544 445; x_wconf 75' lang='lat' dir='ltr'><strong>torrens,</strong></span> 
     </span>
    </p>
   </div>
   <div class='ocr_carea' id='block_1_5' title="bbox 289 465 1862 548">
    <p class='ocr_par' dir='ltr' id='par_1_5' title="bbox 289 465 1862 548">
     <span class='ocr_line' id='line_1_5' title="bbox 289 465 1862 548; baseline -0.01 -15"><span class='ocrx_word' id='word_1_22' title='bbox 289 480 435 535; x_wconf 82' lang='lat' dir='ltr'><strong>Vidit</strong></span> <span class='ocrx_word' id='word_1_23' title='bbox 463 474 711 548; x_wconf 82' lang='lat' dir='ltr'><strong>equidem</strong></span> <span class='ocrx_word' id='word_1_24' title='bbox 725 486 924 543; x_wconf 83' lang='lat' dir='ltr'><strong>pavore</strong></span> <span class='ocrx_word' id='word_1_25' title='bbox 937 471 1214 540; x_wconf 88' lang='lat' dir='ltr'><strong>perculsus</strong></span> <span class='ocrx_word' id='word_1_26' title='bbox 1233 468 1383 524; x_wconf 92' lang='lat' dir='ltr'><strong>illum</strong></span> <span class='ocrx_word' id='word_1_27' title='bbox 1396 468 1546 524; x_wconf 91' lang='lat' dir='ltr'><strong>Sinai</strong></span> <span class='ocrx_word' id='word_1_28' title='bbox 1574 465 1862 530; x_wconf 80' lang='lat' dir='ltr'><strong>verticem,</strong></span> 
     </span>
    </p>
   </div>
   <div class='ocr_carea' id='block_1_6' title="bbox 290 560 1865 645">
    <p class='ocr_par' dir='ltr' id='par_1_6' title="bbox 290 560 1865 645">
     <span class='ocr_line' id='line_1_6' title="bbox 290 560 1865 645; baseline -0.01 -16"><span class='ocrx_word' id='word_1_29' title='bbox 290 587 450 645; x_wconf 86' lang='lat' dir='ltr'><strong>quem</strong></span> <span class='ocrx_word' id='word_1_30' title='bbox 503 581 707 625; x_wconf 91' lang='lat' dir='ltr'><strong>terrore</strong></span> <span class='ocrx_word' id='word_1_31' title='bbox 735 566 904 621; x_wconf 90' lang='lat' dir='ltr'><strong>multo</strong></span> <span class='ocrx_word' id='word_1_32' title='bbox 940 565 1230 634; x_wconf 89' lang='lat' dir='ltr'><strong>conspicua</strong></span> <span class='ocrx_word' id='word_1_33' title='bbox 1275 565 1533 632; x_wconf 91' lang='lat' dir='ltr'><strong>majestas</strong></span> <span class='ocrx_word' id='word_1_34' title='bbox 1570 560 1865 615; x_wconf 87' lang='lat' dir='ltr'><strong>insederat.</strong></span> 
     </span>
    </p>
   </div>
   <div class='ocr_carea' id='block_1_7' title="bbox 290 652 1873 733">
    <p class='ocr_par' dir='ltr' id='par_1_7' title="bbox 290 652 1873 733">
     <span class='ocr_line' id='line_1_7' title="bbox 290 652 1873 733; baseline -0.009 -13"><span class='ocrx_word' id='word_1_35' title='bbox 290 662 517 733; x_wconf 79' lang='lat' dir='ltr'><strong>Aspexit</strong></span> <span class='ocrx_word' id='word_1_36' title='bbox 559 659 817 714; x_wconf 88' lang='lat' dir='ltr'><strong>attonitus</strong></span> <span class='ocrx_word' id='word_1_37' title='bbox 847 664 1084 711; x_wconf 90' lang='lat' dir='ltr'><strong>montem</strong></span> <span class='ocrx_word' id='word_1_38' title='bbox 1128 654 1313 725; x_wconf 87' lang='lat' dir='ltr'><strong>procul</strong></span> <span class='ocrx_word' id='word_1_39' title='bbox 1368 652 1700 709; x_wconf 90' lang='lat' dir='ltr'><strong>interﬂuenti</strong></span> <span class='ocrx_word' id='word_1_40' title='bbox 1750 652 1873 721; x_wconf 91' lang='lat' dir='ltr'><strong>igne</strong></span> 
     </span>
    </p>
   </div>
   <div class='ocr_carea' id='block_1_8' title="bbox 297 742 1873 820">
    <p class='ocr_par' dir='ltr' id='par_1_8' title="bbox 297 742 1873 820">
     <span class='ocr_line' id='line_1_8' title="bbox 297 742 1873 820; baseline -0.009 -10"><span class='ocrx_word' id='word_1_41' title='bbox 297 755 618 817; x_wconf 77' lang='lat' dir='ltr'><strong>fumantem;</strong></span> <span class='ocrx_word' id='word_1_42' title='bbox 666 764 825 820; x_wconf 90' lang='lat' dir='ltr'><strong>quem</strong></span> <span class='ocrx_word' id='word_1_43' title='bbox 864 747 1063 802; x_wconf 92' lang='lat' dir='ltr'><strong>deinde</strong></span> <span class='ocrx_word' id='word_1_44' title='bbox 1092 754 1259 801; x_wconf 91' lang='lat' dir='ltr'><strong>totum</strong></span> <span class='ocrx_word' id='word_1_45' title='bbox 1301 746 1407 799; x_wconf 83' lang='lat' dir='ltr'><strong>late</strong></span> <span class='ocrx_word' id='word_1_46' title='bbox 1443 744 1613 799; x_wconf 91' lang='lat' dir='ltr'><strong>nubes</strong></span> <span class='ocrx_word' id='word_1_47' title='bbox 1663 742 1873 798; x_wconf 85' lang='lat' dir='ltr'><strong>densis-</strong></span> 
     </span>
    </p>
   </div>
   <div class='ocr_carea' id='block_1_9' title="bbox 294 837 1874 912">
    <p class='ocr_par' dir='ltr' id='par_1_9' title="bbox 294 837 1874 912">
     <span class='ocr_line' id='line_1_9' title="bbox 294 837 1874 912; baseline -0.01 -8"><span class='ocrx_word' id='word_1_48' title='bbox 294 850 427 904; x_wconf 89' lang='lat' dir='ltr'><strong>sima</strong></span> <span class='ocrx_word' id='word_1_49' title='bbox 449 847 721 903; x_wconf 90' lang='lat' dir='ltr'><strong>obtectum</strong></span> <span class='ocrx_word' id='word_1_50' title='bbox 749 841 1045 912; x_wconf 89' lang='lat' dir='ltr'><strong>operiebat.</strong></span> <span class='ocrx_word' id='word_1_51' title='bbox 1081 840 1307 910; x_wconf 90' lang='lat' dir='ltr'><strong>Expavit</strong></span> <span class='ocrx_word' id='word_1_52' title='bbox 1337 838 1463 892; x_wconf 89' lang='lat' dir='ltr'><strong>hinc</strong></span> <span class='ocrx_word' id='word_1_53' title='bbox 1504 837 1753 891; x_wconf 84' lang='lat' dir='ltr'><strong>micantia</strong></span> <span class='ocrx_word' id='word_1_54' title='bbox 1779 849 1874 890; x_wconf 83' lang='lat' dir='ltr'><strong>ex-</strong></span> 
     </span>
    </p>
   </div>
   <div class='ocr_carea' id='block_1_10' title="bbox 295 928 1874 1011">
    <p class='ocr_par' dir='ltr' id='par_1_10' title="bbox 295 928 1874 1011">
     <span class='ocr_line' id='line_1_10' title="bbox 295 928 1874 1011; baseline -0.009 -16"><span class='ocrx_word' id='word_1_55' title='bbox 295 939 499 1011; x_wconf 84' lang='lat' dir='ltr'><strong>pressis</strong></span> <span class='ocrx_word' id='word_1_56' title='bbox 524 938 737 1008; x_wconf 79' lang='lat' dir='ltr'><strong>ignibus</strong></span> <span class='ocrx_word' id='word_1_57' title='bbox 756 936 984 1005; x_wconf 78' lang='lat' dir='ltr'><strong>fulgura,</strong></span> <span class='ocrx_word' id='word_1_58' title='bbox 1009 935 1326 1003; x_wconf 53' lang='lat' dir='ltr'><strong>etxtonitrua</strong></span> <span class='ocrx_word' id='word_1_59' title='bbox 1344 930 1551 986; x_wconf 88' lang='lat' dir='ltr'><strong>crebris</strong></span> <span class='ocrx_word' id='word_1_60' title='bbox 1573 928 1874 998; x_wconf 80' lang='lat' dir='ltr'><strong>fragoribus</strong></span> 
     </span>
    </p>
   </div>
   <div class='ocr_carea' id='block_1_11' title="bbox 296 1020 1874 1093">
    <p class='ocr_par' dir='ltr' id='par_1_11' title="bbox 296 1020 1874 1093">
     <span class='ocr_line' id='line_1_11' title="bbox 296 1020 1874 1093; baseline -0.007 -7"><span class='ocrx_word' id='word_1_61' title='bbox 296 1033 468 1087; x_wconf 87' lang='lat' dir='ltr'><strong>mixto</strong></span> <span class='ocrx_word' id='word_1_62' title='bbox 496 1029 843 1083; x_wconf 86' lang='lat' dir='ltr'><strong>buccinarum</strong></span> <span class='ocrx_word' id='word_1_63' title='bbox 866 1025 1118 1093; x_wconf 87' lang='lat' dir='ltr'><strong>clangore</strong></span> <span class='ocrx_word' id='word_1_64' title='bbox 1146 1023 1458 1089; x_wconf 91' lang='lat' dir='ltr'><strong>reboantia,</strong></span> <span class='ocrx_word' id='word_1_65' title='bbox 1492 1022 1565 1075; x_wconf 82' lang='lat' dir='ltr'><strong>ita</strong></span> <span class='ocrx_word' id='word_1_66' title='bbox 1590 1020 1685 1074; x_wconf 85' lang='lat' dir='ltr'><strong>filii</strong></span> <span class='ocrx_word' id='word_1_67' title='bbox 1710 1020 1874 1076; x_wconf 90' lang='lat' dir='ltr'><strong>Israel</strong></span> 
     </span>
    </p>
   </div>
   <div class='ocr_carea' id='block_1_12' title="bbox 295 1110 1871 1185">
    <p class='ocr_par' dir='ltr' id='par_1_12' title="bbox 295 1110 1871 1185">
     <span class='ocr_line' id='line_1_12' title="bbox 295 1110 1871 1185; baseline -0.006 -11"><span class='ocrx_word' id='word_1_68' title='bbox 295 1122 422 1174; x_wconf 92' lang='lat' dir='ltr'><strong>dum</strong></span> <span class='ocrx_word' id='word_1_69' title='bbox 456 1120 508 1173; x_wconf 92' lang='lat' dir='ltr'><strong>in</strong></span> <span class='ocrx_word' id='word_1_70' title='bbox 538 1116 921 1172; x_wconf 86' lang='lat' dir='ltr'><strong>solitudinibus</strong></span> <span class='ocrx_word' id='word_1_71' title='bbox 972 1116 1269 1185; x_wconf 89' lang='lat' dir='ltr'><strong>degerent,</strong></span> <span class='ocrx_word' id='word_1_72' title='bbox 1322 1112 1419 1167; x_wconf 89' lang='lat' dir='ltr'><strong>Dei</strong></span> <span class='ocrx_word' id='word_1_73' title='bbox 1446 1111 1628 1167; x_wconf 89' lang='lat' dir='ltr'><strong>sedem</strong></span> <span class='ocrx_word' id='word_1_74' title='bbox 1659 1110 1871 1177; x_wconf 90' lang='lat' dir='ltr'><strong>videre,</strong></span> 
     </span>
    </p>
   </div>
   <div class='ocr_carea' id='block_1_13' title="bbox 298 1210 1066 1266">
    <p class='ocr_par' dir='ltr' id='par_1_13' title="bbox 298 1210 1066 1266">
     <span class='ocr_line' id='line_1_13' title="bbox 298 1210 1066 1266; baseline -0.01 -1"><span class='ocrx_word' id='word_1_75' title='bbox 298 1226 485 1266; x_wconf 89' lang='lat' dir='ltr'><strong>vocem</strong></span> <span class='ocrx_word' id='word_1_76' title='bbox 515 1210 700 1263; x_wconf 89' lang='lat' dir='ltr'><strong>audire</strong></span> <span class='ocrx_word' id='word_1_77' title='bbox 730 1216 1066 1263; x_wconf 90' lang='lat' dir='ltr'><strong>meruerunt.</strong></span> 
     </span>
    </p>
   </div>
   <div class='ocr_carea' id='block_1_14' title="bbox 370 1301 1874 1367">
    <p class='ocr_par' dir='ltr' id='par_1_14' title="bbox 370 1301 1874 1367">
     <span class='ocr_line' id='line_1_14' title="bbox 370 1301 1874 1367; baseline -0.009 -6"><span class='ocrx_word' id='word_1_78' title='bbox 370 1307 461 1361; x_wconf 73' lang='grc'><strong>14.</strong></span> <span class='ocrx_word' id='word_1_79' title='bbox 496 1305 714 1360; x_wconf 89' lang='lat' dir='ltr'><strong>Talibus</strong></span> <span class='ocrx_word' id='word_1_80' title='bbox 730 1304 859 1357; x_wconf 91' lang='lat' dir='ltr'><strong>olim</strong></span> <span class='ocrx_word' id='word_1_81' title='bbox 879 1301 1253 1367; x_wconf 86' lang='lat' dir='ltr'><strong>similibusque</strong></span> <span class='ocrx_word' id='word_1_82' title='bbox 1276 1312 1371 1352; x_wconf 89' lang='lat' dir='ltr'><strong>usa</strong></span> <span class='ocrx_word' id='word_1_83' title='bbox 1393 1304 1475 1352; x_wconf 87' lang='lat' dir='ltr'><strong>est</strong></span> <span class='ocrx_word' id='word_1_84' title='bbox 1492 1311 1556 1351; x_wconf 89' lang='lat' dir='ltr'><strong>ac</strong></span> <span class='ocrx_word' id='word_1_85' title='bbox 1577 1302 1874 1351; x_wconf 84' lang='lat' dir='ltr'><strong>sustentata</strong></span> 
     </span>
    </p>
   </div>
   <div class='ocr_carea' id='block_1_15' title="bbox 295 1388 1877 1464">
    <p class='ocr_par' dir='ltr' id='par_1_15' title="bbox 295 1388 1877 1464">
     <span class='ocr_line' id='line_1_15' title="bbox 295 1388 1877 1464; baseline -0.009 -9"><span class='ocrx_word' id='word_1_86' title='bbox 295 1399 580 1455; x_wconf 88' lang='lat' dir='ltr'><strong>miraculis</strong></span> <span class='ocrx_word' id='word_1_87' title='bbox 605 1397 756 1452; x_wconf 88' lang='lat' dir='ltr'><strong>natio</strong></span> <span class='ocrx_word' id='word_1_88' title='bbox 787 1396 879 1449; x_wconf 92' lang='lat' dir='ltr'><strong>illa</strong></span> <span class='ocrx_word' id='word_1_89' title='bbox 904 1392 1086 1464; x_wconf 78' lang='lat' dir='ltr'><strong>(Deut.</strong></span> <span class='ocrx_word' id='word_1_90' title='bbox 1120 1406 1269 1457; x_wconf 79' lang='lat' dir='ltr'><strong>xxix,</strong></span> <span class='ocrx_word' id='word_1_91' title='bbox 1298 1392 1379 1459; x_wconf 86' lang='lat'><strong>5),</strong></span> <span class='ocrx_word' id='word_1_92' title='bbox 1411 1404 1532 1444; x_wconf 91' lang='lat' dir='ltr'><strong>cum</strong></span> <span class='ocrx_word' id='word_1_93' title='bbox 1563 1389 1761 1443; x_wconf 88' lang='lat' dir='ltr'><strong>deserti</strong></span> <span class='ocrx_word' id='word_1_94' title='bbox 1798 1388 1877 1441; x_wconf 90' lang='lat' dir='ltr'><strong>in-</strong></span> 
     </span>
    </p>
   </div>
   <div class='ocr_carea' id='block_1_16' title="bbox 291 1478 1871 1555">
    <p class='ocr_par' dir='ltr' id='par_1_16' title="bbox 291 1478 1871 1555">
     <span class='ocr_line' id='line_1_16' title="bbox 291 1478 1871 1555; baseline -0.009 -9"><span class='ocrx_word' id='word_1_95' title='bbox 291 1492 412 1547; x_wconf 87' lang='lat' dir='ltr'><strong>cola</strong></span> <span class='ocrx_word' id='word_1_96' title='bbox 439 1489 567 1555; x_wconf 88' lang='lat' dir='ltr'><strong>fuit,</strong></span> <span class='ocrx_word' id='word_1_97' title='bbox 585 1502 705 1542; x_wconf 91' lang='lat' dir='ltr'><strong>cum</strong></span> <span class='ocrx_word' id='word_1_98' title='bbox 730 1501 849 1541; x_wconf 87' lang='lat' dir='ltr'><strong>eam</strong></span> <span class='ocrx_word' id='word_1_99' title='bbox 879 1483 1167 1539; x_wconf 84' lang='lat' dir='ltr'><strong>inusitatus</strong></span> <span class='ocrx_word' id='word_1_100' title='bbox 1182 1482 1336 1536; x_wconf 86' lang='lat' dir='ltr'><strong>cibus</strong></span> <span class='ocrx_word' id='word_1_101' title='bbox 1356 1478 1671 1549; x_wconf 87' lang='lat' dir='ltr'><strong>repentinus</strong></span> <span class='ocrx_word' id='word_1_102' title='bbox 1696 1488 1871 1549; x_wconf 86' lang='lat' dir='ltr'><strong>potus,</strong></span> 
     </span>
    </p>
   </div>
   <div class='ocr_carea' id='block_1_17' title="bbox 295 1568 1873 1644">
    <p class='ocr_par' dir='ltr' id='par_1_17' title="bbox 295 1568 1873 1644">
     <span class='ocr_line' id='line_1_17' title="bbox 295 1568 1873 1644; baseline -0.01 -8"><span class='ocrx_word' id='word_1_103' title='bbox 295 1576 909 1644; x_wconf 89' lang='lat' dir='ltr'><strong>inconsummabilisqne</strong></span> <span class='ocrx_word' id='word_1_104' title='bbox 937 1573 1162 1628; x_wconf 90' lang='lat' dir='ltr'><strong>vestitus</strong></span> <span class='ocrx_word' id='word_1_105' title='bbox 1208 1572 1409 1637; x_wconf 87' lang='lat' dir='ltr'><strong>aleret,</strong></span> <span class='ocrx_word' id='word_1_106' title='bbox 1435 1585 1557 1624; x_wconf 91' lang='lat' dir='ltr'><strong>cum</strong></span> <span class='ocrx_word' id='word_1_107' title='bbox 1588 1570 1750 1623; x_wconf 89' lang='lat' dir='ltr'><strong>etiam</strong></span> <span class='ocrx_word' id='word_1_108' title='bbox 1784 1568 1873 1622; x_wconf 92' lang='lat' dir='ltr'><strong>illa</strong></span> 
     </span>
    </p>
   </div>
   <div class='ocr_carea' id='block_1_18' title="bbox 293 1660 1875 1743">
    <p class='ocr_par' dir='ltr' id='par_1_18' title="bbox 293 1660 1875 1743">
     <span class='ocr_line' id='line_1_18' title="bbox 293 1660 1875 1743; baseline -0.01 -15"><span class='ocrx_word' id='word_1_109' title='bbox 293 1690 419 1743; x_wconf 62' lang='lat' dir='ltr'><strong>qua;</strong></span> <span class='ocrx_word' id='word_1_110' title='bbox 443 1672 781 1726; x_wconf 77' lang='lat' dir='ltr'><strong>extrinsecus</strong></span> <span class='ocrx_word' id='word_1_111' title='bbox 798 1680 993 1737; x_wconf 90' lang='lat' dir='ltr'><strong>corpus</strong></span> <span class='ocrx_word' id='word_1_112' title='bbox 1008 1664 1339 1728; x_wconf 87' lang='lat' dir='ltr'><strong>ambiebant,</strong></span> <span class='ocrx_word' id='word_1_113' title='bbox 1360 1661 1672 1731; x_wconf 84' lang='lat' dir='ltr'><strong>infatigabili</strong></span> <span class='ocrx_word' id='word_1_114' title='bbox 1691 1660 1875 1714; x_wconf 89' lang='lat' dir='ltr'><strong>habitu</strong></span> 
     </span>
    </p>
   </div>
   <div class='ocr_carea' id='block_1_19' title="bbox 1976 461 3546 530">
    <p class='ocr_par' dir='ltr' id='par_1_19' title="bbox 1976 461 3546 530">
     <span class='ocr_line' id='line_1_19' title="bbox 1976 461 3546 530; baseline 0.002 -12"><span class='ocrx_word' id='word_1_115' title='bbox 1976 477 2117 518; x_wconf 91' lang='lat' dir='ltr'><strong>nunc</strong></span> <span class='ocrx_word' id='word_1_116' title='bbox 2146 464 2394 517; x_wconf 86' lang='lat' dir='ltr'><strong>innatans</strong></span> <span class='ocrx_word' id='word_1_117' title='bbox 2422 462 2647 530; x_wconf 86' lang='lat' dir='ltr'><strong>ferrum,</strong></span> <span class='ocrx_word' id='word_1_118' title='bbox 2681 478 2823 519; x_wconf 91' lang='lat' dir='ltr'><strong>nunc</strong></span> <span class='ocrx_word' id='word_1_119' title='bbox 2851 461 3075 518; x_wconf 90' lang='lat' dir='ltr'><strong>redivivi</strong></span> <span class='ocrx_word' id='word_1_120' title='bbox 3093 503 3107 529; x_wconf 91' lang='lat'><strong>,</strong></span> <span class='ocrx_word' id='word_1_121' title='bbox 3135 479 3278 519; x_wconf 90' lang='lat' dir='ltr'><strong>nunc</strong></span> <span class='ocrx_word' id='word_1_122' title='bbox 3327 464 3432 520; x_wconf 89' lang='lat' dir='ltr'><strong>olei</strong></span> <span class='ocrx_word' id='word_1_123' title='bbox 3460 467 3546 521; x_wconf 88' lang='lat' dir='ltr'><strong>in-</strong></span> 
     </span>
    </p>
   </div>
   <div class='ocr_carea' id='block_1_20' title="bbox 1974 553 3550 628">
    <p class='ocr_par' dir='ltr' id='par_1_20' title="bbox 1974 553 3550 628">
     <span class='ocr_line' id='line_1_20' title="bbox 1974 553 3550 628; baseline 0.003 -19"><span class='ocrx_word' id='word_1_124' title='bbox 1974 562 2247 609; x_wconf 89' lang='lat' dir='ltr'><strong>crementa</strong></span> <span class='ocrx_word' id='word_1_125' title='bbox 2272 553 2544 619; x_wconf 88' lang='lat' dir='ltr'><strong>fecerunt;</strong></span> <span class='ocrx_word' id='word_1_126' title='bbox 2576 553 2771 623; x_wconf 86' lang='lat' dir='ltr'><strong>quique</strong></span> <span class='ocrx_word' id='word_1_127' title='bbox 2790 563 3067 624; x_wconf 89' lang='lat' dir='ltr'><strong>postremo</strong></span> <span class='ocrx_word' id='word_1_128' title='bbox 3085 564 3208 626; x_wconf 90' lang='lat' dir='ltr'><strong>post</strong></span> <span class='ocrx_word' id='word_1_129' title='bbox 3240 556 3341 612; x_wconf 87' lang='lat' dir='ltr'><strong>alia</strong></span> <span class='ocrx_word' id='word_1_130' title='bbox 3368 573 3550 628; x_wconf 89' lang='lat' dir='ltr'><strong>quam-</strong></span> 
     </span>
    </p>
   </div>
   <div class='ocr_carea' id='block_1_21' title="bbox 1975 644 3551 717">
    <p class='ocr_par' dir='ltr' id='par_1_21' title="bbox 1975 644 3551 717">
     <span class='ocr_line' id='line_1_21' title="bbox 1975 644 3551 717; baseline 0.004 -18"><span class='ocrx_word' id='word_1_131' title='bbox 1975 646 2205 715; x_wconf 88' lang='lat' dir='ltr'><strong>plurima</strong></span> <span class='ocrx_word' id='word_1_132' title='bbox 2223 644 2550 713; x_wconf 87' lang='lat' dir='ltr'><strong>duplicatam</strong></span> <span class='ocrx_word' id='word_1_133' title='bbox 2581 644 2632 697; x_wconf 91' lang='lat' dir='ltr'><strong>in</strong></span> <span class='ocrx_word' id='word_1_134' title='bbox 2653 658 2713 699; x_wconf 87' lang='lat' dir='ltr'><strong>se</strong></span> <span class='ocrx_word' id='word_1_135' title='bbox 2740 644 2993 699; x_wconf 85' lang='lat' dir='ltr'><strong>virtutem</strong></span> <span class='ocrx_word' id='word_1_136' title='bbox 3021 648 3257 717; x_wconf 85' lang='lat' dir='ltr'><strong>magistri</strong></span> <span class='ocrx_word' id='word_1_137' title='bbox 3275 647 3551 706; x_wconf 87' lang='lat' dir='ltr'><strong>hocetiam</strong></span> 
     </span>
    </p>
   </div>
   <div class='ocr_carea' id='block_1_22' title="bbox 1976 735 3552 807">
    <p class='ocr_par' dir='ltr' id='par_1_22' title="bbox 1976 735 3552 807">
     <span class='ocr_line' id='line_1_22' title="bbox 1976 735 3552 807; baseline 0.004 -16"><span class='ocrx_word' id='word_1_138' title='bbox 1976 737 2365 806; x_wconf 88' lang='lat' dir='ltr'><strong>comprobavit,</strong></span> <span class='ocrx_word' id='word_1_139' title='bbox 2394 735 2537 806; x_wconf 91' lang='lat' dir='ltr'><strong>quod</strong></span> <span class='ocrx_word' id='word_1_140' title='bbox 2560 736 2653 792; x_wconf 91' lang='lat' dir='ltr'><strong>ille</strong></span> <span class='ocrx_word' id='word_1_141' title='bbox 2679 745 2956 805; x_wconf 86' lang='lat' dir='ltr'><strong>superstes</strong></span> <span class='ocrx_word' id='word_1_142' title='bbox 2986 738 3320 807; x_wconf 89' lang='lat' dir='ltr'><strong>defunctum,</strong></span> <span class='ocrx_word' id='word_1_143' title='bbox 3353 742 3440 796; x_wconf 93' lang='lat' dir='ltr'><strong>hic</strong></span> <span class='ocrx_word' id='word_1_144' title='bbox 3460 745 3552 798; x_wconf 88' lang='lat' dir='ltr'><strong>de-</strong></span> 
     </span>
    </p>
   </div>
   <div class='ocr_carea' id='block_1_23' title="bbox 1975 826 3551 907">
    <p class='ocr_par' dir='ltr' id='par_1_23' title="bbox 1975 826 3551 907">
     <span class='ocr_line' id='line_1_23' title="bbox 1975 826 3551 907; baseline 0.007 -26"><span class='ocrx_word' id='word_1_145' title='bbox 1975 827 2213 882; x_wconf 87' lang='lat' dir='ltr'><strong>functum</strong></span> <span class='ocrx_word' id='word_1_146' title='bbox 2243 826 2589 882; x_wconf 85' lang='lat' dir='ltr'><strong>exsuscitavit</strong></span> <span class='ocrx_word' id='word_1_147' title='bbox 2608 827 2716 896; x_wconf 91' lang='lat' dir='ltr'><strong>jam</strong></span> <span class='ocrx_word' id='word_1_148' title='bbox 2736 828 3017 884; x_wconf 89' lang='lat' dir='ltr'><strong>defunctus</strong></span> <span class='ocrx_word' id='word_1_149' title='bbox 3036 831 3123 903; x_wconf 81' lang='grc' dir='ltr'><strong>(ιν</strong></span> <span class='ocrx_word' id='word_1_150' title='bbox 3147 831 3276 903; x_wconf 94' lang='lat' dir='ltr'><strong>Reg.</strong></span> <span class='ocrx_word' id='word_1_151' title='bbox 3306 850 3363 900; x_wconf 89' lang='grc' dir='ltr'><strong>ιι,</strong></span> <span class='ocrx_word' id='word_1_152' title='bbox 3390 834 3446 902; x_wconf 77' lang='grc'><strong>4,</strong></span> <span class='ocrx_word' id='word_1_153' title='bbox 3473 836 3551 907; x_wconf 89' lang='lat'><strong>6).</strong></span> 
     </span>
    </p>
   </div>
   <div class='ocr_carea' id='block_1_24' title="bbox 2045 920 3553 990">
    <p class='ocr_par' dir='ltr' id='par_1_24' title="bbox 2045 920 3553 990">
     <span class='ocr_line' id='line_1_24' title="bbox 2045 920 3553 990; baseline 0.005 -17"><span class='ocrx_word' id='word_1_154' title='bbox 2045 921 2137 974; x_wconf 75' lang='lat'><strong>20.</strong></span> <span class='ocrx_word' id='word_1_155' title='bbox 2168 920 2288 974; x_wconf 86' lang='lat' dir='ltr'><strong>Filii</strong></span> <span class='ocrx_word' id='word_1_156' title='bbox 2320 934 2532 989; x_wconf 91' lang='lat' dir='ltr'><strong>quoque</strong></span> <span class='ocrx_word' id='word_1_157' title='bbox 2563 920 2945 990; x_wconf 79' lang='lat' dir='ltr'><strong>prephetarum</strong></span> <span class='ocrx_word' id='word_1_158' title='bbox 2974 923 3179 978; x_wconf 80' lang='lat' dir='ltr'><strong>reliCtis</strong></span> <span class='ocrx_word' id='word_1_159' title='bbox 3208 926 3431 980; x_wconf 90' lang='lat' dir='ltr'><strong>urbibus</strong></span> <span class='ocrx_word' id='word_1_160' title='bbox 3460 942 3553 982; x_wconf 79' lang='lat' dir='ltr'><strong>ex-</strong></span> 
     </span>
    </p>
   </div>
   <div class='ocr_carea' id='block_1_25' title="bbox 1977 1011 3553 1084">
    <p class='ocr_par' dir='ltr' id='par_1_25' title="bbox 1977 1011 3553 1084">
     <span class='ocr_line' id='line_1_25' title="bbox 1977 1011 3553 1084; baseline 0.006 -18"><span class='ocrx_word' id='word_1_161' title='bbox 1977 1013 2455 1082; x_wconf 86' lang='lat' dir='ltr'><strong>petebantgemino</strong></span> <span class='ocrx_word' id='word_1_162' title='bbox 2467 1011 2793 1068; x_wconf 90' lang='lat' dir='ltr'><strong>deﬂuentem</strong></span> <span class='ocrx_word' id='word_1_163' title='bbox 2812 1014 2956 1070; x_wconf 91' lang='lat' dir='ltr'><strong>fonte</strong></span> <span class='ocrx_word' id='word_1_164' title='bbox 2976 1015 3289 1084; x_wconf 72' lang='lat' dir='ltr'><strong>Iordanem,</strong></span> <span class='ocrx_word' id='word_1_165' title='bbox 3309 1029 3553 1075; x_wconf 89' lang='lat' dir='ltr'><strong>exstrue-</strong></span> 
     </span>
    </p>
   </div>
   <div class='ocr_carea' id='block_1_26' title="bbox 1975 1102 3549 1177">
    <p class='ocr_par' dir='ltr' id='par_1_26' title="bbox 1975 1102 3549 1177">
     <span class='ocr_line' id='line_1_26' title="bbox 1975 1102 3549 1177; baseline 0.006 -20"><span class='ocrx_word' id='word_1_166' title='bbox 1975 1102 2210 1173; x_wconf 88' lang='lat' dir='ltr'><strong>bantque</strong></span> <span class='ocrx_word' id='word_1_167' title='bbox 2231 1104 2283 1157; x_wconf 93' lang='lat' dir='ltr'><strong>in</strong></span> <span class='ocrx_word' id='word_1_168' title='bbox 2300 1104 2496 1159; x_wconf 86' lang='lat' dir='ltr'><strong>abditis</strong></span> <span class='ocrx_word' id='word_1_169' title='bbox 2519 1106 2859 1161; x_wconf 87' lang='lat' dir='ltr'><strong>tabernacula</strong></span> <span class='ocrx_word' id='word_1_170' title='bbox 2875 1118 3081 1162; x_wconf 88' lang='lat' dir='ltr'><strong>remoto</strong></span> <span class='ocrx_word' id='word_1_171' title='bbox 3098 1108 3279 1177; x_wconf 87' lang='lat' dir='ltr'><strong>juncta</strong></span> <span class='ocrx_word' id='word_1_172' title='bbox 3304 1110 3549 1166; x_wconf 85' lang='lat' dir='ltr'><strong>torrenti.</strong></span> 
     </span>
    </p>
   </div>
   <div class='ocr_carea' id='block_1_27' title="bbox 1980 1195 3554 1271">
    <p class='ocr_par' dir='ltr' id='par_1_27' title="bbox 1980 1195 3554 1271">
     <span class='ocr_line' id='line_1_27' title="bbox 1980 1195 3554 1271; baseline 0.006 -23"><span class='ocrx_word' id='word_1_173' title='bbox 1980 1195 2293 1250; x_wconf 83' lang='lat' dir='ltr'><strong>Excubabat</strong></span> <span class='ocrx_word' id='word_1_174' title='bbox 2312 1195 2509 1251; x_wconf 89' lang='lat' dir='ltr'><strong>cohors</strong></span> <span class='ocrx_word' id='word_1_175' title='bbox 2531 1206 2713 1252; x_wconf 91' lang='lat' dir='ltr'><strong>sancta</strong></span> <span class='ocrx_word' id='word_1_176' title='bbox 2743 1200 2937 1254; x_wconf 88' lang='lat' dir='ltr'><strong>secreti</strong></span> <span class='ocrx_word' id='word_1_177' title='bbox 2965 1199 3201 1256; x_wconf 91' lang='lat' dir='ltr'><strong>ﬂuminis</strong></span> <span class='ocrx_word' id='word_1_178' title='bbox 3230 1204 3383 1271; x_wconf 90' lang='lat' dir='ltr'><strong>ripis,</strong></span> <span class='ocrx_word' id='word_1_179' title='bbox 3407 1206 3554 1257; x_wconf 89' lang='lat' dir='ltr'><strong>velut</strong></span> 
     </span>
    </p>
   </div>
   <div class='ocr_carea' id='block_1_28' title="bbox 1976 1287 3553 1358">
    <p class='ocr_par' dir='ltr' id='par_1_28' title="bbox 1976 1287 3553 1358">
     <span class='ocr_line' id='line_1_28' title="bbox 1976 1287 3553 1358; baseline 0.005 -18"><span class='ocrx_word' id='word_1_180' title='bbox 1976 1287 2295 1357; x_wconf 89' lang='lat' dir='ltr'><strong>quibusdam</strong></span> <span class='ocrx_word' id='word_1_181' title='bbox 2324 1303 2513 1358; x_wconf 86' lang='lat' dir='ltr'><strong>sparsa</strong></span> <span class='ocrx_word' id='word_1_182' title='bbox 2561 1291 2807 1345; x_wconf 89' lang='lat' dir='ltr'><strong>tentoriis</strong></span> <span class='ocrx_word' id='word_1_183' title='bbox 2833 1331 2848 1355; x_wconf 94' lang='lat'><strong>,</strong></span> <span class='ocrx_word' id='word_1_184' title='bbox 2889 1299 2943 1346; x_wconf 90' lang='lat' dir='ltr'><strong>et</strong></span> <span class='ocrx_word' id='word_1_185' title='bbox 2970 1290 3389 1351; x_wconf 84' lang='lat' dir='ltr'><strong>habitationibus</strong></span> <span class='ocrx_word' id='word_1_186' title='bbox 3425 1310 3553 1349; x_wconf 68' lang='lat' dir='ltr'><strong>con~</strong></span> 
     </span>
    </p>
   </div>
   <div class='ocr_carea' id='block_1_29' title="bbox 1976 1379 3552 1456">
    <p class='ocr_par' dir='ltr' id='par_1_29' title="bbox 1976 1379 3552 1456">
     <span class='ocr_line' id='line_1_29' title="bbox 1976 1379 3552 1456; baseline 0.006 -25"><span class='ocrx_word' id='word_1_187' title='bbox 1976 1379 2121 1448; x_wconf 88' lang='lat' dir='ltr'><strong>gruis</strong></span> <span class='ocrx_word' id='word_1_188' title='bbox 2142 1380 2351 1449; x_wconf 87' lang='lat' dir='ltr'><strong>egregia</strong></span> <span class='ocrx_word' id='word_1_189' title='bbox 2382 1380 2587 1436; x_wconf 89' lang='lat' dir='ltr'><strong>indoles</strong></span> <span class='ocrx_word' id='word_1_190' title='bbox 2614 1381 2858 1450; x_wconf 87' lang='lat' dir='ltr'><strong>spiritum</strong></span> <span class='ocrx_word' id='word_1_191' title='bbox 2910 1385 3243 1442; x_wconf 87' lang='lat' dir='ltr'><strong>custodiebat</strong></span> <span class='ocrx_word' id='word_1_192' title='bbox 3268 1396 3552 1456; x_wconf 91' lang='lat' dir='ltr'><strong>paternum</strong></span> 
     </span>
    </p>
   </div>
   <div class='ocr_carea' id='block_1_30' title="bbox 1977 1469 2361 1543">
    <p class='ocr_par' dir='ltr' id='par_1_30' title="bbox 1977 1469 2361 1543">
     <span class='ocr_line' id='line_1_30' title="bbox 1977 1469 2361 1543; baseline 0.008 -20"><span class='ocrx_word' id='word_1_193' title='bbox 1977 1469 2068 1537; x_wconf 86' lang='lat' dir='ltr'><strong>(IV</strong></span> <span class='ocrx_word' id='word_1_194' title='bbox 2104 1470 2232 1543; x_wconf 83' lang='lat' dir='ltr'><strong>Reg.</strong></span> <span class='ocrx_word' id='word_1_195' title='bbox 2264 1472 2361 1542; x_wconf 85' lang='lat' dir='ltr'><strong>vt).</strong></span> 
     </span>
    </p>
   </div>
   <div class='ocr_carea' id='block_1_31' title="bbox 2049 1562 3553 1637">
    <p class='ocr_par' dir='ltr' id='par_1_31' title="bbox 2049 1562 3553 1637">
     <span class='ocr_line' id='line_1_31' title="bbox 2049 1562 3553 1637; baseline 0.007 -22"><span class='ocrx_word' id='word_1_196' title='bbox 2049 1562 2139 1619; x_wconf 66' lang='lat' dir='ltr'><strong>Ql.</strong></span> <span class='ocrx_word' id='word_1_197' title='bbox 2162 1566 2298 1631; x_wconf 87' lang='lat' dir='ltr'><strong>Quid</strong></span> <span class='ocrx_word' id='word_1_198' title='bbox 2324 1566 2414 1621; x_wconf 93' lang='lat' dir='ltr'><strong>ille</strong></span> <span class='ocrx_word' id='word_1_199' title='bbox 2440 1581 2548 1637; x_wconf 91' lang='lat' dir='ltr'><strong>quo</strong></span> <span class='ocrx_word' id='word_1_200' title='bbox 2580 1568 2752 1637; x_wconf 89' lang='lat' dir='ltr'><strong>major</strong></span> <span class='ocrx_word' id='word_1_201' title='bbox 2782 1568 2921 1625; x_wconf 90' lang='lat' dir='ltr'><strong>inter</strong></span> <span class='ocrx_word' id='word_1_202' title='bbox 2946 1580 3101 1625; x_wconf 89' lang='lat' dir='ltr'><strong>natos</strong></span> <span class='ocrx_word' id='word_1_203' title='bbox 3130 1571 3413 1626; x_wconf 88' lang='lat' dir='ltr'><strong>mulierum</strong></span> <span class='ocrx_word' id='word_1_204' title='bbox 3448 1586 3553 1627; x_wconf 92' lang='lat' dir='ltr'><strong>non</strong></span> 
     </span>
    </p>
   </div>
   <div class='ocr_carea' id='block_1_32' title="bbox 1980 1660 3555 1731">
    <p class='ocr_par' dir='ltr' id='par_1_32' title="bbox 1980 1660 3555 1731">
     <span class='ocr_line' id='line_1_32' title="bbox 1980 1660 3555 1731; baseline 0.004 -19"><span class='ocrx_word' id='word_1_205' title='bbox 1980 1660 2217 1714; x_wconf 81' lang='lat' dir='ltr'><strong>surrexit</strong></span> <span class='ocrx_word' id='word_1_206' title='bbox 2254 1660 2432 1729; x_wconf 76' lang='lat' dir='ltr'><strong>(Matt.</strong></span> <span class='ocrx_word' id='word_1_207' title='bbox 2482 1662 2592 1731; x_wconf 83' lang='lat' dir='ltr'><strong>tu);</strong></span> <span class='ocrx_word' id='word_1_208' title='bbox 2648 1678 2825 1718; x_wconf 89' lang='lat' dir='ltr'><strong>nonne</strong></span> <span class='ocrx_word' id='word_1_209' title='bbox 2857 1665 2906 1717; x_wconf 93' lang='lat' dir='ltr'><strong>in</strong></span> <span class='ocrx_word' id='word_1_210' title='bbox 2955 1664 3170 1719; x_wconf 89' lang='lat' dir='ltr'><strong>deserto</strong></span> <span class='ocrx_word' id='word_1_211' title='bbox 3199 1665 3469 1731; x_wconf 90' lang='lat' dir='ltr'><strong>clamans,</strong></span> <span class='ocrx_word' id='word_1_212' title='bbox 3503 1666 3555 1719; x_wconf 89' lang='lat' dir='ltr'><strong>in</strong></span> 
     </span>
    </p>
   </div>
   <div class='ocr_carea' id='block_1_33' title="bbox 296 1749 3559 1834">
    <p class='ocr_par' dir='ltr' id='par_1_33' title="bbox 296 1749 3559 1834">
     <span class='ocr_line' id='line_1_33' title="bbox 296 1749 3559 1834; baseline -0.002 -15"><span class='ocrx_word' id='word_1_213' title='bbox 296 1768 705 1834; x_wconf 88' lang='lat' dir='ltr'><strong>permanerent.</strong></span> <span class='ocrx_word' id='word_1_214' title='bbox 756 1757 1025 1827; x_wconf 85' lang='lat' dir='ltr'><strong>Quidquid</strong></span> <span class='ocrx_word' id='word_1_215' title='bbox 1052 1770 1241 1811; x_wconf 90' lang='lat' dir='ltr'><strong>eorum</strong></span> <span class='ocrx_word' id='word_1_216' title='bbox 1281 1754 1587 1808; x_wconf 89' lang='lat' dir='ltr'><strong>necessitati</strong></span> <span class='ocrx_word' id='word_1_217' title='bbox 1635 1753 1875 1806; x_wconf 90' lang='lat' dir='ltr'><strong>locorum</strong></span> <span class='ocrx_word' id='word_1_218' title='bbox 1907 1749 1953 1809; x_wconf 86' lang='grc' dir='ltr'><strong>Β</strong></span> <span class='ocrx_word' id='word_1_219' title='bbox 1981 1750 2194 1805; x_wconf 88' lang='lat' dir='ltr'><strong>deserto</strong></span> <span class='ocrx_word' id='word_1_220' title='bbox 2217 1752 2465 1808; x_wconf 73' lang='lat' dir='ltr'><strong>vivebat“!</strong></span> <span class='ocrx_word' id='word_1_221' title='bbox 2493 1753 2549 1806; x_wconf 93' lang='lat' dir='ltr'><strong>ln</strong></span> <span class='ocrx_word' id='word_1_222' title='bbox 2599 1753 2814 1808; x_wconf 87' lang='lat' dir='ltr'><strong>deserto</strong></span> <span class='ocrx_word' id='word_1_223' title='bbox 2840 1756 2907 1809; x_wconf 90' lang='lat' dir='ltr'><strong>ah</strong></span> <span class='ocrx_word' id='word_1_224' title='bbox 2934 1755 3036 1810; x_wconf 83' lang='lat' dir='ltr'><strong>hoc</strong></span> <span class='ocrx_word' id='word_1_225' title='bbox 3064 1756 3364 1825; x_wconf 90' lang='lat' dir='ltr'><strong>baptismus</strong></span> <span class='ocrx_word' id='word_1_226' title='bbox 3395 1757 3559 1812; x_wconf 88' lang='lat' dir='ltr'><strong>tradi-</strong></span> 
     </span>
    </p>
   </div>
   <div class='ocr_carea' id='block_1_34' title="bbox 298 1844 1878 1924">
    <p class='ocr_par' dir='ltr' id='par_1_34' title="bbox 298 1844 1878 1924">
     <span class='ocr_line' id='line_1_34' title="bbox 298 1844 1878 1924; baseline -0.008 -15"><span class='ocrx_word' id='word_1_227' title='bbox 298 1856 578 1924; x_wconf 89' lang='lat' dir='ltr'><strong>ingenium</strong></span> <span class='ocrx_word' id='word_1_228' title='bbox 605 1868 712 1907; x_wconf 90' lang='lat' dir='ltr'><strong>non</strong></span> <span class='ocrx_word' id='word_1_229' title='bbox 737 1850 1010 1917; x_wconf 88' lang='lat' dir='ltr'><strong>attulerat,</strong></span> <span class='ocrx_word' id='word_1_230' title='bbox 1041 1848 1320 1902; x_wconf 87' lang='lat' dir='ltr'><strong>manifesta</strong></span> <span class='ocrx_word' id='word_1_231' title='bbox 1349 1846 1441 1900; x_wconf 88' lang='lat' dir='ltr'><strong>Dei</strong></span> <span class='ocrx_word' id='word_1_232' title='bbox 1482 1844 1878 1912; x_wconf 88' lang='lat' dir='ltr'><strong>magnilicentia</strong></span> 
     </span>
    </p>
   </div>
   <div class='ocr_carea' id='block_1_35' title="bbox 296 1936 1882 2015">
    <p class='ocr_par' dir='ltr' id='par_1_35' title="bbox 296 1936 1882 2015">
     <span class='ocr_line' id='line_1_35' title="bbox 296 1936 1882 2015; baseline -0.006 -17"><span class='ocrx_word' id='word_1_233' title='bbox 296 1946 641 2015; x_wconf 87' lang='lat' dir='ltr'><strong>suggerebat.</strong></span> <span class='ocrx_word' id='word_1_234' title='bbox 669 1942 771 2009; x_wconf 83' lang='lat' dir='ltr'><strong>Vix</strong></span> <span class='ocrx_word' id='word_1_235' title='bbox 806 1942 860 1995; x_wconf 92' lang='lat' dir='ltr'><strong>in</strong></span> <span class='ocrx_word' id='word_1_236' title='bbox 892 1941 1008 1994; x_wconf 69' lang='lat' dir='ltr'><strong>haec</strong></span> <span class='ocrx_word' id='word_1_237' title='bbox 1034 1940 1274 1994; x_wconf 61' lang='lat' dir='ltr'><strong>celestis</strong></span> <span class='ocrx_word' id='word_1_238' title='bbox 1306 1938 1494 2007; x_wconf 71' lang='lat' dir='ltr'><strong>gratia:</strong></span> <span class='ocrx_word' id='word_1_239' title='bbox 1522 1936 1660 1989; x_wconf 89' lang='lat' dir='ltr'><strong>dona</strong></span> <span class='ocrx_word' id='word_1_240' title='bbox 1690 1948 1882 2004; x_wconf 85' lang='lat' dir='ltr'><strong>perve-</strong></span> 
     </span>
    </p>
   </div>
   <div class='ocr_carea' id='block_1_36' title="bbox 295 2025 1881 2100">
    <p class='ocr_par' dir='ltr' id='par_1_36' title="bbox 295 2025 1881 2100">
     <span class='ocr_line' id='line_1_36' title="bbox 295 2025 1881 2100; baseline -0.008 -10"><span class='ocrx_word' id='word_1_241' title='bbox 295 2040 379 2090; x_wconf 92' lang='lat' dir='ltr'><strong>nit</strong></span> <span class='ocrx_word' id='word_1_242' title='bbox 418 2042 730 2090; x_wconf 86' lang='lat' dir='ltr'><strong>sanctorum</strong></span> <span class='ocrx_word' id='word_1_243' title='bbox 763 2046 938 2097; x_wconf 86' lang='lat' dir='ltr'><strong>unus,</strong></span> <span class='ocrx_word' id='word_1_244' title='bbox 967 2030 1058 2100; x_wconf 89' lang='lat' dir='ltr'><strong>qui</strong></span> <span class='ocrx_word' id='word_1_245' title='bbox 1088 2032 1156 2085; x_wconf 92' lang='lat' dir='ltr'><strong>de</strong></span> <span class='ocrx_word' id='word_1_246' title='bbox 1195 2029 1298 2083; x_wconf 85' lang='lat' dir='ltr'><strong>hoc</strong></span> <span class='ocrx_word' id='word_1_247' title='bbox 1338 2029 1534 2097; x_wconf 91' lang='lat' dir='ltr'><strong>populo</strong></span> <span class='ocrx_word' id='word_1_248' title='bbox 1577 2027 1652 2080; x_wconf 90' lang='lat' dir='ltr'><strong>ait</strong></span> <span class='ocrx_word' id='word_1_249' title='bbox 1700 2043 1711 2078; x_wconf 93' lang='lat'>:</span> <span class='ocrx_word' id='word_1_250' title='bbox 1757 2025 1881 2079; x_wconf 84' lang='lat' dir='ltr'><strong>Non</strong></span> 
     </span>
    </p>
   </div>
   <div class='ocr_carea' id='block_1_37' title="bbox 294 2117 1879 2197">
    <p class='ocr_par' dir='ltr' id='par_1_37' title="bbox 294 2117 1879 2197">
     <span class='ocr_line' id='line_1_37' title="bbox 294 2117 1879 2197; baseline -0.006 -17"><span class='ocrx_word' id='word_1_251' title='bbox 294 2127 420 2197; x_wconf 78' lang='lat' dir='ltr'><strong>fecit</strong></span> <span class='ocrx_word' id='word_1_252' title='bbox 466 2126 637 2179; x_wconf 80' lang='lat' dir='ltr'><strong>taliter</strong></span> <span class='ocrx_word' id='word_1_253' title='bbox 682 2124 820 2177; x_wconf 85' lang='lat' dir='ltr'><strong>omni</strong></span> <span class='ocrx_word' id='word_1_254' title='bbox 850 2122 1049 2175; x_wconf 80' lang='lat' dir='ltr'><strong>nationi</strong></span> <span class='ocrx_word' id='word_1_255' title='bbox 1079 2120 1198 2192; x_wconf 89' lang='lat' dir='ltr'><strong>(Ps.</strong></span> <span class='ocrx_word' id='word_1_256' title='bbox 1228 2134 1425 2185; x_wconf 78' lang='lat' dir='ltr'><strong>chvn,</strong></span> <span class='ocrx_word' id='word_1_257' title='bbox 1455 2118 1571 2188; x_wconf 73' lang='lat'><strong>20).</strong></span> <span class='ocrx_word' id='word_1_258' title='bbox 1619 2117 1879 2186; x_wconf 85' lang='lat' dir='ltr'><strong>Specialia</strong></span> 
     </span>
    </p>
   </div>
   <div class='ocr_carea' id='block_1_38' title="bbox 294 2210 1880 2281">
    <p class='ocr_par' dir='ltr' id='par_1_38' title="bbox 294 2210 1880 2281">
     <span class='ocr_line' id='line_1_38' title="bbox 294 2210 1880 2281; baseline -0.005 -10"><span class='ocrx_word' id='word_1_259' title='bbox 294 2215 549 2281; x_wconf 89' lang='lat' dir='ltr'><strong>contulit,</strong></span> <span class='ocrx_word' id='word_1_260' title='bbox 592 2213 831 2268; x_wconf 88' lang='lat' dir='ltr'><strong>inaudita</strong></span> <span class='ocrx_word' id='word_1_261' title='bbox 862 2214 1165 2278; x_wconf 87' lang='lat' dir='ltr'><strong>concessit,</strong></span> <span class='ocrx_word' id='word_1_262' title='bbox 1193 2226 1317 2266; x_wconf 90' lang='lat' dir='ltr'><strong>cum</strong></span> <span class='ocrx_word' id='word_1_263' title='bbox 1342 2210 1541 2266; x_wconf 89' lang='lat' dir='ltr'><strong>divinis</strong></span> <span class='ocrx_word' id='word_1_264' title='bbox 1569 2210 1880 2264; x_wconf 90' lang='lat' dir='ltr'><strong>muneribus</strong></span> 
     </span>
    </p>
   </div>
   <div class='ocr_carea' id='block_1_39' title="bbox 295 2304 1096 2376">
    <p class='ocr_par' dir='ltr' id='par_1_39' title="bbox 295 2304 1096 2376">
     <span class='ocr_line' id='line_1_39' title="bbox 295 2304 1096 2376; baseline -0.002 -16"><span class='ocrx_word' id='word_1_265' title='bbox 295 2306 559 2376; x_wconf 89' lang='lat' dir='ltr'><strong>populum</strong></span> <span class='ocrx_word' id='word_1_266' title='bbox 588 2304 774 2360; x_wconf 87' lang='lat' dir='ltr'><strong>refecit</strong></span> <span class='ocrx_word' id='word_1_267' title='bbox 803 2305 857 2358; x_wconf 91' lang='lat' dir='ltr'><strong>in</strong></span> <span class='ocrx_word' id='word_1_268' title='bbox 889 2318 1096 2359; x_wconf 88' lang='lat' dir='ltr'><strong>eremo.</strong></span> 
     </span>
    </p>
   </div>
   <div class='ocr_carea' id='block_1_40' title="bbox 368 2392 1883 2466">
    <p class='ocr_par' dir='ltr' id='par_1_40' title="bbox 368 2392 1883 2466">
     <span class='ocr_line' id='line_1_40' title="bbox 368 2392 1883 2466; baseline -0.005 -14"><span class='ocrx_word' id='word_1_269' title='bbox 368 2398 462 2453; x_wconf 80' lang='grc'>15.</span> <span class='ocrx_word' id='word_1_270' title='bbox 507 2397 576 2452; x_wconf 88' lang='lat' dir='ltr'><strong>Et</strong></span> <span class='ocrx_word' id='word_1_271' title='bbox 616 2398 732 2451; x_wconf 78' lang='lat' dir='ltr'><strong>haec</strong></span> <span class='ocrx_word' id='word_1_272' title='bbox 758 2398 1005 2466; x_wconf 88' lang='lat' dir='ltr'><strong>quamvis</strong></span> <span class='ocrx_word' id='word_1_273' title='bbox 1036 2399 1087 2449; x_wconf 92' lang='lat' dir='ltr'><strong>in</strong></span> <span class='ocrx_word' id='word_1_274' title='bbox 1121 2395 1348 2464; x_wconf 89' lang='lat' dir='ltr'><strong>figuram</strong></span> <span class='ocrx_word' id='word_1_275' title='bbox 1386 2394 1554 2447; x_wconf 87' lang='lat' dir='ltr'><strong>nostri</strong></span> <span class='ocrx_word' id='word_1_276' title='bbox 1595 2392 1731 2447; x_wconf 88' lang='lat' dir='ltr'><strong>facta</strong></span> <span class='ocrx_word' id='word_1_277' title='bbox 1774 2402 1883 2446; x_wconf 87' lang='lat' dir='ltr'><strong>tra-</strong></span> 
     </span>
    </p>
   </div>
   <div class='ocr_carea' id='block_1_41' title="bbox 298 2484 1881 2557">
    <p class='ocr_par' dir='ltr' id='par_1_41' title="bbox 298 2484 1881 2557">
     <span class='ocr_line' id='line_1_41' title="bbox 298 2484 1881 2557; baseline -0.003 -13"><span class='ocrx_word' id='word_1_278' title='bbox 298 2489 521 2555; x_wconf 88' lang='lat' dir='ltr'><strong>dantur,</strong></span> <span class='ocrx_word' id='word_1_279' title='bbox 545 2497 601 2543; x_wconf 92' lang='lat' dir='ltr'><strong>et</strong></span> <span class='ocrx_word' id='word_1_280' title='bbox 619 2487 784 2543; x_wconf 84' lang='lat' dir='ltr'><strong>facies</strong></span> <span class='ocrx_word' id='word_1_281' title='bbox 808 2488 896 2541; x_wconf 89' lang='lat' dir='ltr'><strong>illa</strong></span> <span class='ocrx_word' id='word_1_282' title='bbox 914 2502 1093 2542; x_wconf 90' lang='lat' dir='ltr'><strong>rerum</strong></span> <span class='ocrx_word' id='word_1_283' title='bbox 1119 2487 1389 2557; x_wconf 86' lang='lat' dir='ltr'><strong>mysteriis</strong></span> <span class='ocrx_word' id='word_1_284' title='bbox 1412 2485 1601 2540; x_wconf 91' lang='lat' dir='ltr'><strong>ﬂoreat</strong></span> <span class='ocrx_word' id='word_1_285' title='bbox 1626 2484 1881 2553; x_wconf 90' lang='lat' dir='ltr'><strong>occultis,</strong></span> 
     </span>
    </p>
   </div>
   <div class='ocr_carea' id='block_1_42' title="bbox 299 2580 1880 2651">
    <p class='ocr_par' dir='ltr' id='par_1_42' title="bbox 299 2580 1880 2651">
     <span class='ocr_line' id='line_1_42' title="bbox 299 2580 1880 2651; baseline -0.004 -12"><span class='ocrx_word' id='word_1_286' title='bbox 299 2597 599 2651; x_wconf 87' lang='lat' dir='ltr'><strong>omnesque</strong></span> <span class='ocrx_word' id='word_1_287' title='bbox 630 2583 685 2636; x_wconf 93' lang='lat' dir='ltr'><strong>in</strong></span> <span class='ocrx_word' id='word_1_288' title='bbox 736 2582 919 2651; x_wconf 83' lang='lat' dir='ltr'><strong>Moyse</strong></span> <span class='ocrx_word' id='word_1_289' title='bbox 947 2581 1237 2650; x_wconf 83' lang='lat' dir='ltr'><strong>baptizati,</strong></span> <span class='ocrx_word' id='word_1_290' title='bbox 1270 2581 1324 2634; x_wconf 92' lang='lat' dir='ltr'><strong>in</strong></span> <span class='ocrx_word' id='word_1_291' title='bbox 1351 2580 1529 2646; x_wconf 89' lang='lat' dir='ltr'><strong>nube,</strong></span> <span class='ocrx_word' id='word_1_292' title='bbox 1560 2589 1616 2634; x_wconf 89' lang='lat' dir='ltr'><strong>et</strong></span> <span class='ocrx_word' id='word_1_293' title='bbox 1654 2580 1709 2633; x_wconf 90' lang='lat' dir='ltr'><strong>in</strong></span> <span class='ocrx_word' id='word_1_294' title='bbox 1748 2580 1880 2633; x_wconf 91' lang='lat' dir='ltr'><strong>mari</strong></span> 
     </span>
    </p>
   </div>
   <div class='ocr_carea' id='block_1_43' title="bbox 298 2672 1881 2746">
    <p class='ocr_par' dir='ltr' id='par_1_43' title="bbox 298 2672 1881 2746">
     <span class='ocr_line' id='line_1_43' title="bbox 298 2672 1881 2746; baseline -0.003 -15"><span class='ocrx_word' id='word_1_295' title='bbox 298 2692 482 2732; x_wconf 91' lang='lat' dir='ltr'><strong>escam</strong></span> <span class='ocrx_word' id='word_1_296' title='bbox 514 2678 813 2746; x_wconf 87' lang='lat' dir='ltr'><strong>spiritalem</strong></span> <span class='ocrx_word' id='word_1_297' title='bbox 844 2676 1222 2741; x_wconf 86' lang='lat' dir='ltr'><strong>manducasse,</strong></span> <span class='ocrx_word' id='word_1_298' title='bbox 1253 2686 1437 2744; x_wconf 90' lang='lat' dir='ltr'><strong>potum</strong></span> <span class='ocrx_word' id='word_1_299' title='bbox 1468 2675 1765 2744; x_wconf 87' lang='lat' dir='ltr'><strong>spiritalem</strong></span> <span class='ocrx_word' id='word_1_300' title='bbox 1803 2672 1881 2726; x_wconf 87' lang='lat' dir='ltr'><strong>bi-</strong></span> 
     </span>
    </p>
   </div>
   <div class='ocr_carea' id='block_1_44' title="bbox 300 2764 1881 2839">
    <p class='ocr_par' dir='ltr' id='par_1_44' title="bbox 300 2764 1881 2839">
     <span class='ocr_line' id='line_1_44' title="bbox 300 2764 1881 2839; baseline -0.004 -13"><span class='ocrx_word' id='word_1_301' title='bbox 300 2772 449 2826; x_wconf 89' lang='lat' dir='ltr'><strong>bisse</strong></span> <span class='ocrx_word' id='word_1_302' title='bbox 479 2770 787 2826; x_wconf 88' lang='lat' dir='ltr'><strong>referantur</strong></span> <span class='ocrx_word' id='word_1_303' title='bbox 812 2770 857 2833; x_wconf 87' lang='grc' dir='ltr'><strong>(Ι</strong></span> <span class='ocrx_word' id='word_1_304' title='bbox 883 2769 1001 2824; x_wconf 85' lang='lat' dir='ltr'><strong>Cor.</strong></span> <span class='ocrx_word' id='word_1_305' title='bbox 1032 2785 1064 2824; x_wconf 92' lang='lat' dir='ltr'><strong>x</strong></span> <span class='ocrx_word' id='word_1_306' title='bbox 1091 2810 1106 2836; x_wconf 96' lang='lat'><strong>,</strong></span> <span class='ocrx_word' id='word_1_307' title='bbox 1133 2769 1190 2839; x_wconf 71' lang='grc'><strong>2)</strong></span> <span class='ocrx_word' id='word_1_308' title='bbox 1216 2784 1231 2834; x_wconf 89' lang='grc'><strong>;</strong></span> <span class='ocrx_word' id='word_1_309' title='bbox 1258 2775 1438 2822; x_wconf 89' lang='lat' dir='ltr'><strong>tamen</strong></span> <span class='ocrx_word' id='word_1_310' title='bbox 1464 2766 1642 2821; x_wconf 90' lang='lat' dir='ltr'><strong>omnia</strong></span> <span class='ocrx_word' id='word_1_311' title='bbox 1676 2766 1789 2820; x_wconf 77' lang='lat' dir='ltr'><strong>haec</strong></span> <span class='ocrx_word' id='word_1_312' title='bbox 1810 2764 1881 2819; x_wconf 87' lang='lat' dir='ltr'><strong>ita</strong></span> 
     </span>
    </p>
   </div>
   <div class='ocr_carea' id='block_1_45' title="bbox 296 2858 1885 2931">
    <p class='ocr_par' dir='ltr' id='par_1_45' title="bbox 296 2858 1885 2931">
     <span class='ocr_line' id='line_1_45' title="bbox 296 2858 1885 2931; baseline -0.004 -14"><span class='ocrx_word' id='word_1_313' title='bbox 296 2862 603 2918; x_wconf 84' lang='lat' dir='ltr'><strong>futurorum</strong></span> <span class='ocrx_word' id='word_1_314' title='bbox 645 2863 925 2918; x_wconf 89' lang='lat' dir='ltr'><strong>continent</strong></span> <span class='ocrx_word' id='word_1_315' title='bbox 954 2861 1149 2931; x_wconf 82' lang='lat' dir='ltr'><strong>fidem,</strong></span> <span class='ocrx_word' id='word_1_316' title='bbox 1186 2871 1243 2916; x_wconf 91' lang='lat' dir='ltr'><strong>ut</strong></span> <span class='ocrx_word' id='word_1_317' title='bbox 1271 2871 1545 2931; x_wconf 90' lang='lat' dir='ltr'><strong>gestorum</strong></span> <span class='ocrx_word' id='word_1_318' title='bbox 1577 2858 1885 2915; x_wconf 85' lang='lat' dir='ltr'><strong>custodiant</strong></span> 
     </span>
    </p>
   </div>
   <div class='ocr_carea' id='block_1_46' title="bbox 284 2950 1884 3024">
    <p class='ocr_par' dir='ltr' id='par_1_46' title="bbox 284 2950 1884 3024">
     <span class='ocr_line' id='line_1_46' title="bbox 284 2950 1884 3024; baseline -0.004 -17"><span class='ocrx_word' id='word_1_319' title='bbox 284 2955 605 3009; x_wconf 75' lang='lat' dir='ltr'><strong>veritatem.</strong></span> <span class='ocrx_word' id='word_1_320' title='bbox 662 2953 998 3024; x_wconf 85' lang='lat' dir='ltr'><strong>Quamquam</strong></span> <span class='ocrx_word' id='word_1_321' title='bbox 1026 2969 1126 3008; x_wconf 89' lang='lat' dir='ltr'><strong>nec</strong></span> <span class='ocrx_word' id='word_1_322' title='bbox 1153 2954 1231 3008; x_wconf 90' lang='lat' dir='ltr'><strong>sic</strong></span> <span class='ocrx_word' id='word_1_323' title='bbox 1256 2952 1469 3023; x_wconf 90' lang='lat' dir='ltr'><strong>quidem</strong></span> <span class='ocrx_word' id='word_1_324' title='bbox 1500 2951 1664 3007; x_wconf 89' lang='lat' dir='ltr'><strong>eremi</strong></span> <span class='ocrx_word' id='word_1_325' title='bbox 1709 2950 1884 3003; x_wconf 90' lang='lat' dir='ltr'><strong>minor</strong></span> 
     </span>
    </p>
   </div>
   <div class='ocr_carea' id='block_1_47' title="bbox 301 3043 1884 3115">
    <p class='ocr_par' dir='ltr' id='par_1_47' title="bbox 301 3043 1884 3115">
     <span class='ocr_line' id='line_1_47' title="bbox 301 3043 1884 3115; baseline -0.006 -15"><span class='ocrx_word' id='word_1_326' title='bbox 301 3046 421 3101; x_wconf 87' lang='lat' dir='ltr'><strong>laus</strong></span> <span class='ocrx_word' id='word_1_327' title='bbox 472 3055 596 3113; x_wconf 90' lang='lat' dir='ltr'><strong>est,</strong></span> <span class='ocrx_word' id='word_1_328' title='bbox 648 3046 859 3101; x_wconf 89' lang='lat' dir='ltr'><strong>etiamsi</strong></span> <span class='ocrx_word' id='word_1_329' title='bbox 885 3060 948 3100; x_wconf 86' lang='lat' dir='ltr'><strong>ea</strong></span> <span class='ocrx_word' id='word_1_330' title='bbox 971 3060 1093 3115; x_wconf 64' lang='lat' dir='ltr'><strong>quae</strong></span> <span class='ocrx_word' id='word_1_331' title='bbox 1121 3045 1229 3098; x_wconf 90' lang='lat' dir='ltr'><strong>illic</strong></span> <span class='ocrx_word' id='word_1_332' title='bbox 1249 3054 1401 3113; x_wconf 85' lang='lat' dir='ltr'><strong>gesta</strong></span> <span class='ocrx_word' id='word_1_333' title='bbox 1439 3052 1596 3107; x_wconf 91' lang='lat' dir='ltr'><strong>sunt,</strong></span> <span class='ocrx_word' id='word_1_334' title='bbox 1631 3043 1682 3095; x_wconf 91' lang='lat' dir='ltr'><strong>in</strong></span> <span class='ocrx_word' id='word_1_335' title='bbox 1708 3054 1884 3094; x_wconf 87' lang='lat' dir='ltr'><strong>sacra-</strong></span> 
     </span>
    </p>
   </div>
   <div class='ocr_carea' id='block_1_48' title="bbox 1984 1841 3560 1914">
    <p class='ocr_par' dir='ltr' id='par_1_48' title="bbox 1984 1841 3560 1914">
     <span class='ocr_line' id='line_1_48' title="bbox 1984 1841 3560 1914; baseline 0.008 -20"><span class='ocrx_word' id='word_1_336' title='bbox 1984 1850 2091 1905; x_wconf 90' lang='lat' dir='ltr'><strong>tur,</strong></span> <span class='ocrx_word' id='word_1_337' title='bbox 2135 1841 2187 1895; x_wconf 93' lang='lat' dir='ltr'><strong>in</strong></span> <span class='ocrx_word' id='word_1_338' title='bbox 2217 1841 2432 1897; x_wconf 89' lang='lat' dir='ltr'><strong>deserto</strong></span> <span class='ocrx_word' id='word_1_339' title='bbox 2471 1846 2782 1911; x_wconf 65' lang='lat' dir='ltr'><strong>paenitentia</strong></span> <span class='ocrx_word' id='word_1_340' title='bbox 2833 1847 3153 1913; x_wconf 69' lang='lat' dir='ltr'><strong>praedicatur</strong></span> <span class='ocrx_word' id='word_1_341' title='bbox 3178 1890 3191 1914; x_wconf 95' lang='lat'><strong>,</strong></span> <span class='ocrx_word' id='word_1_342' title='bbox 3252 1851 3301 1903; x_wconf 92' lang='lat' dir='ltr'><strong>in</strong></span> <span class='ocrx_word' id='word_1_343' title='bbox 3342 1850 3560 1906; x_wconf 89' lang='lat' dir='ltr'><strong>deserto</strong></span> 
     </span>
    </p>
   </div>
   <div class='ocr_carea' id='block_1_49' title="bbox 1982 1934 3560 2006">
    <p class='ocr_par' dir='ltr' id='par_1_49' title="bbox 1982 1934 3560 2006">
     <span class='ocr_line' id='line_1_49' title="bbox 1982 1934 3560 2006; baseline 0.008 -19"><span class='ocrx_word' id='word_1_344' title='bbox 1982 1934 2213 2001; x_wconf 90' lang='lat' dir='ltr'><strong>primum</strong></span> <span class='ocrx_word' id='word_1_345' title='bbox 2254 1935 2455 1989; x_wconf 88' lang='lat' dir='ltr'><strong>mentio</strong></span> <span class='ocrx_word' id='word_1_346' title='bbox 2506 1938 2653 2006; x_wconf 90' lang='lat' dir='ltr'><strong>regni</strong></span> <span class='ocrx_word' id='word_1_347' title='bbox 2683 1938 2920 1993; x_wconf 78' lang='lat' dir='ltr'><strong>caelestis</strong></span> <span class='ocrx_word' id='word_1_348' title='bbox 2948 1939 3194 1995; x_wconf 87' lang='lat' dir='ltr'><strong>infertur.</strong></span> <span class='ocrx_word' id='word_1_349' title='bbox 3217 1942 3293 1997; x_wconf 92' lang='lat' dir='ltr'><strong>lbi</strong></span> <span class='ocrx_word' id='word_1_350' title='bbox 3324 1942 3439 1998; x_wconf 76' lang='lat' dir='ltr'><strong>haec</strong></span> <span class='ocrx_word' id='word_1_351' title='bbox 3470 1943 3560 1999; x_wconf 84' lang='lat' dir='ltr'><strong>ille</strong></span> 
     </span>
    </p>
   </div>
   <div class='ocr_carea' id='block_1_50' title="bbox 1981 2023 3561 2095">
    <p class='ocr_par' dir='ltr' id='par_1_50' title="bbox 1981 2023 3561 2095">
     <span class='ocr_line' id='line_1_50' title="bbox 1981 2023 3561 2095; baseline 0.008 -20"><span class='ocrx_word' id='word_1_352' title='bbox 1981 2023 2323 2078; x_wconf 87' lang='lat' dir='ltr'><strong>audientibus</strong></span> <span class='ocrx_word' id='word_1_353' title='bbox 2356 2025 2557 2094; x_wconf 85' lang='lat' dir='ltr'><strong>primus</strong></span> <span class='ocrx_word' id='word_1_354' title='bbox 2590 2029 2832 2095; x_wconf 87' lang='lat' dir='ltr'><strong>ingessit,</strong></span> <span class='ocrx_word' id='word_1_355' title='bbox 2861 2030 2947 2083; x_wconf 92' lang='lat' dir='ltr'><strong>ubi</strong></span> <span class='ocrx_word' id='word_1_356' title='bbox 2977 2029 3090 2084; x_wconf 54' lang='lat' dir='ltr'><strong>haec</strong></span> <span class='ocrx_word' id='word_1_357' title='bbox 3111 2032 3269 2087; x_wconf 89' lang='lat' dir='ltr'><strong>citius</strong></span> <span class='ocrx_word' id='word_1_358' title='bbox 3315 2034 3561 2089; x_wconf 87' lang='lat' dir='ltr'><strong>ambiens</strong></span> 
     </span>
    </p>
   </div>
   <div class='ocr_carea' id='block_1_51' title="bbox 1981 2116 3560 2185">
    <p class='ocr_par' dir='ltr' id='par_1_51' title="bbox 1981 2116 3560 2185">
     <span class='ocr_line' id='line_1_51' title="bbox 1981 2116 3560 2185; baseline 0.009 -18"><span class='ocrx_word' id='word_1_359' title='bbox 1981 2116 2210 2184; x_wconf 88' lang='lat' dir='ltr'><strong>quisque</strong></span> <span class='ocrx_word' id='word_1_360' title='bbox 2233 2119 2545 2185; x_wconf 86' lang='lat' dir='ltr'><strong>promeruit.</strong></span> <span class='ocrx_word' id='word_1_361' title='bbox 2571 2118 2680 2175; x_wconf 85' lang='lat' dir='ltr'><strong>Nec</strong></span> <span class='ocrx_word' id='word_1_362' title='bbox 2712 2122 2980 2176; x_wconf 89' lang='lat' dir='ltr'><strong>immerito</strong></span> <span class='ocrx_word' id='word_1_363' title='bbox 3009 2124 3217 2179; x_wconf 87' lang='lat' dir='ltr'><strong>futurus</strong></span> <span class='ocrx_word' id='word_1_364' title='bbox 3246 2124 3333 2180; x_wconf 90' lang='lat' dir='ltr'><strong>hic</strong></span> <span class='ocrx_word' id='word_1_365' title='bbox 3359 2127 3560 2182; x_wconf 83' lang='lat' dir='ltr'><strong>arduus</strong></span> 
     </span>
    </p>
   </div>
   <div class='ocr_carea' id='block_1_52' title="bbox 1982 2207 3557 2287">
    <p class='ocr_par' dir='ltr' id='par_1_52' title="bbox 1982 2207 3557 2287">
     <span class='ocr_line' id='line_1_52' title="bbox 1982 2207 3557 2287; baseline 0.007 -27"><span class='ocrx_word' id='word_1_366' title='bbox 1982 2207 2177 2262; x_wconf 91' lang='lat' dir='ltr'><strong>deserti</strong></span> <span class='ocrx_word' id='word_1_367' title='bbox 2213 2208 2498 2274; x_wconf 84' lang='lat' dir='ltr'><strong>habitator,</strong></span> <span class='ocrx_word' id='word_1_368' title='bbox 2546 2220 2671 2266; x_wconf 89' lang='lat' dir='ltr'><strong>ante</strong></span> <span class='ocrx_word' id='word_1_369' title='bbox 2702 2213 2891 2268; x_wconf 88' lang='lat' dir='ltr'><strong>faciem</strong></span> <span class='ocrx_word' id='word_1_370' title='bbox 2924 2214 3138 2269; x_wconf 90' lang='lat' dir='ltr'><strong>Domini</strong></span> <span class='ocrx_word' id='word_1_371' title='bbox 3175 2219 3397 2287; x_wconf 86' lang='lat' dir='ltr'><strong>angelus</strong></span> <span class='ocrx_word' id='word_1_372' title='bbox 3438 2220 3557 2274; x_wconf 87' lang='lat' dir='ltr'><strong>mit-</strong></span> 
     </span>
    </p>
   </div>
   <div class='ocr_carea' id='block_1_53' title="bbox 1982 2298 3561 2379">
    <p class='ocr_par' dir='ltr' id='par_1_53' title="bbox 1982 2298 3561 2379">
     <span class='ocr_line' id='line_1_53' title="bbox 1982 2298 3561 2379; baseline 0.011 -28"><span class='ocrx_word' id='word_1_373' title='bbox 1982 2298 2132 2366; x_wconf 88' lang='lat' dir='ltr'><strong>titur,</strong></span> <span class='ocrx_word' id='word_1_374' title='bbox 2168 2302 2306 2355; x_wconf 89' lang='lat' dir='ltr'><strong>viam</strong></span> <span class='ocrx_word' id='word_1_375' title='bbox 2336 2314 2544 2357; x_wconf 88' lang='lat' dir='ltr'><strong>reserat</strong></span> <span class='ocrx_word' id='word_1_376' title='bbox 2574 2305 2625 2357; x_wconf 92' lang='lat' dir='ltr'><strong>in</strong></span> <span class='ocrx_word' id='word_1_377' title='bbox 2657 2307 2879 2361; x_wconf 76' lang='lat' dir='ltr'><strong>cmleste</strong></span> <span class='ocrx_word' id='word_1_378' title='bbox 2908 2322 3156 2376; x_wconf 88' lang='lat' dir='ltr'><strong>regnum,</strong></span> <span class='ocrx_word' id='word_1_379' title='bbox 3183 2320 3235 2364; x_wconf 91' lang='lat' dir='ltr'><strong>et</strong></span> <span class='ocrx_word' id='word_1_380' title='bbox 3260 2326 3561 2379; x_wconf 84' lang='lat' dir='ltr'><strong>praecursor</strong></span> 
     </span>
    </p>
   </div>
   <div class='ocr_carea' id='block_1_54' title="bbox 1982 2393 3561 2470">
    <p class='ocr_par' dir='ltr' id='par_1_54' title="bbox 1982 2393 3561 2470">
     <span class='ocr_line' id='line_1_54' title="bbox 1982 2393 3561 2470; baseline 0.009 -25"><span class='ocrx_word' id='word_1_381' title='bbox 1982 2400 2036 2445; x_wconf 89' lang='lat' dir='ltr'><strong>et</strong></span> <span class='ocrx_word' id='word_1_382' title='bbox 2067 2393 2220 2447; x_wconf 90' lang='lat' dir='ltr'><strong>testis</strong></span> <span class='ocrx_word' id='word_1_383' title='bbox 2243 2393 2435 2464; x_wconf 88' lang='lat' dir='ltr'><strong>dignus</strong></span> <span class='ocrx_word' id='word_1_384' title='bbox 2460 2396 2549 2466; x_wconf 91' lang='lat' dir='ltr'><strong>qui</strong></span> <span class='ocrx_word' id='word_1_385' title='bbox 2578 2395 2792 2452; x_wconf 89' lang='lat' dir='ltr'><strong>Patrem</strong></span> <span class='ocrx_word' id='word_1_386' title='bbox 2825 2413 2855 2452; x_wconf 92' lang='lat' dir='ltr'><strong>e</strong></span> <span class='ocrx_word' id='word_1_387' title='bbox 2892 2399 3031 2453; x_wconf 70' lang='lat' dir='ltr'><strong>coelo</strong></span> <span class='ocrx_word' id='word_1_388' title='bbox 3062 2399 3365 2470; x_wconf 89' lang='lat' dir='ltr'><strong>loquentem</strong></span> <span class='ocrx_word' id='word_1_389' title='bbox 3407 2404 3561 2460; x_wconf 83' lang='lat' dir='ltr'><strong>audi-</strong></span> 
     </span>
    </p>
   </div>
   <div class='ocr_carea' id='block_1_55' title="bbox 1982 2485 3562 2563">
    <p class='ocr_par' dir='ltr' id='par_1_55' title="bbox 1982 2485 3562 2563">
     <span class='ocr_line' id='line_1_55' title="bbox 1982 2485 3562 2563; baseline 0.008 -25"><span class='ocrx_word' id='word_1_390' title='bbox 1982 2493 2093 2548; x_wconf 87' lang='lat' dir='ltr'><strong>ret,</strong></span> <span class='ocrx_word' id='word_1_391' title='bbox 2136 2485 2328 2540; x_wconf 85' lang='lat' dir='ltr'><strong>Filium</strong></span> <span class='ocrx_word' id='word_1_392' title='bbox 2374 2487 2695 2558; x_wconf 84' lang='lat' dir='ltr'><strong>baptizando</strong></span> <span class='ocrx_word' id='word_1_393' title='bbox 2740 2491 3092 2560; x_wconf 86' lang='lat' dir='ltr'><strong>contingeret.</strong></span> <span class='ocrx_word' id='word_1_394' title='bbox 3138 2493 3395 2563; x_wconf 88' lang='lat' dir='ltr'><strong>Spiritum</strong></span> <span class='ocrx_word' id='word_1_395' title='bbox 3437 2510 3562 2551; x_wconf 82' lang='lat' dir='ltr'><strong>san-</strong></span> 
     </span>
    </p>
   </div>
   <div class='ocr_carea' id='block_1_56' title="bbox 1982 2578 2834 2638">
    <p class='ocr_par' dir='ltr' id='par_1_56' title="bbox 1982 2578 2834 2638">
     <span class='ocr_line' id='line_1_56' title="bbox 1982 2578 2834 2638; baseline 0.007 -8"><span class='ocrx_word' id='word_1_396' title='bbox 1982 2586 2125 2631; x_wconf 93' lang='lat' dir='ltr'><strong>ctum</strong></span> <span class='ocrx_word' id='word_1_397' title='bbox 2157 2578 2576 2636; x_wconf 85' lang='lat' dir='ltr'><strong>descendentem</strong></span> <span class='ocrx_word' id='word_1_398' title='bbox 2609 2583 2834 2638; x_wconf 87' lang='lat' dir='ltr'><strong>videret.</strong></span> 
     </span>
    </p>
   </div>
   <div class='ocr_carea' id='block_1_57' title="bbox 2053 2669 3564 2751">
    <p class='ocr_par' dir='ltr' id='par_1_57' title="bbox 2053 2669 3564 2751">
     <span class='ocr_line' id='line_1_57' title="bbox 2053 2669 3564 2751; baseline 0.01 -30"><span class='ocrx_word' id='word_1_399' title='bbox 2053 2669 2142 2724; x_wconf 74' lang='grc'><strong>22.</strong></span> <span class='ocrx_word' id='word_1_400' title='bbox 2174 2670 2293 2740; x_wconf 85' lang='lat' dir='ltr'><strong>Ipse</strong></span> <span class='ocrx_word' id='word_1_401' title='bbox 2324 2688 2537 2743; x_wconf 90' lang='lat' dir='ltr'><strong>quoque</strong></span> <span class='ocrx_word' id='word_1_402' title='bbox 2568 2673 2828 2729; x_wconf 87' lang='lat' dir='ltr'><strong>Dominus</strong></span> <span class='ocrx_word' id='word_1_403' title='bbox 2853 2690 2915 2730; x_wconf 90' lang='lat' dir='ltr'><strong>ac</strong></span> <span class='ocrx_word' id='word_1_404' title='bbox 2942 2676 3197 2733; x_wconf 85' lang='lat' dir='ltr'><strong>Salvator</strong></span> <span class='ocrx_word' id='word_1_405' title='bbox 3226 2690 3413 2735; x_wconf 88' lang='lat' dir='ltr'><strong>noster</strong></span> <span class='ocrx_word' id='word_1_406' title='bbox 3436 2681 3564 2751; x_wconf 86' lang='lat' dir='ltr'><strong>bap-</strong></span> 
     </span>
    </p>
   </div>
   <div class='ocr_carea' id='block_1_58' title="bbox 1986 2763 3562 2843">
    <p class='ocr_par' dir='ltr' id='par_1_58' title="bbox 1986 2763 3562 2843">
     <span class='ocr_line' id='line_1_58' title="bbox 1986 2763 3562 2843; baseline 0.008 -27"><span class='ocrx_word' id='word_1_407' title='bbox 1986 2763 2182 2817; x_wconf 83' lang='lat' dir='ltr'><strong>tizatus</strong></span> <span class='ocrx_word' id='word_1_408' title='bbox 2210 2764 2493 2820; x_wconf 87' lang='lat' dir='ltr'><strong>confestim</strong></span> <span class='ocrx_word' id='word_1_409' title='bbox 2526 2768 2610 2837; x_wconf 92' lang='lat' dir='ltr'><strong>(ut</strong></span> <span class='ocrx_word' id='word_1_410' title='bbox 2643 2768 2918 2836; x_wconf 89' lang='lat' dir='ltr'><strong>Scriptura</strong></span> <span class='ocrx_word' id='word_1_411' title='bbox 2949 2769 3023 2823; x_wconf 87' lang='lat' dir='ltr'><strong>ait</strong></span> <span class='ocrx_word' id='word_1_412' title='bbox 3072 2770 3250 2840; x_wconf 73' lang='grc' dir='ltr'><strong>[Μαιι.</strong></span> <span class='ocrx_word' id='word_1_413' title='bbox 3284 2789 3355 2835; x_wconf 85' lang='lat' dir='ltr'><strong>tv,</strong></span> <span class='ocrx_word' id='word_1_414' title='bbox 3403 2773 3487 2843; x_wconf 71' lang='lat'><strong>1])</strong></span> <span class='ocrx_word' id='word_1_415' title='bbox 3533 2791 3562 2829; x_wconf 92' lang='lat' dir='ltr'><strong>a</strong></span> 
     </span>
    </p>
   </div>
   <div class='ocr_carea' id='block_1_59' title="bbox 1984 2854 3566 2935">
    <p class='ocr_par' dir='ltr' id='par_1_59' title="bbox 1984 2854 3566 2935">
     <span class='ocr_line' id='line_1_59' title="bbox 1984 2854 3566 2935; baseline 0.009 -28"><span class='ocrx_word' id='word_1_416' title='bbox 1984 2854 2185 2923; x_wconf 87' lang='lat' dir='ltr'><strong>Spiritu</strong></span> <span class='ocrx_word' id='word_1_417' title='bbox 2208 2857 2259 2909; x_wconf 92' lang='lat' dir='ltr'><strong>in</strong></span> <span class='ocrx_word' id='word_1_418' title='bbox 2286 2856 2556 2912; x_wconf 87' lang='lat' dir='ltr'><strong>desertum</strong></span> <span class='ocrx_word' id='word_1_419' title='bbox 2580 2857 2812 2913; x_wconf 91' lang='lat' dir='ltr'><strong>ducitur.</strong></span> <span class='ocrx_word' id='word_1_420' title='bbox 2846 2860 2974 2925; x_wconf 87' lang='lat' dir='ltr'><strong>Quis</strong></span> <span class='ocrx_word' id='word_1_421' title='bbox 3009 2861 3093 2915; x_wconf 89' lang='lat' dir='ltr'><strong>hic</strong></span> <span class='ocrx_word' id='word_1_422' title='bbox 3123 2862 3283 2930; x_wconf 87' lang='lat' dir='ltr'><strong>igitur</strong></span> <span class='ocrx_word' id='word_1_423' title='bbox 3320 2873 3402 2917; x_wconf 91' lang='lat' dir='ltr'><strong>est</strong></span> <span class='ocrx_word' id='word_1_424' title='bbox 3446 2866 3566 2935; x_wconf 86' lang='lat' dir='ltr'><strong>Spi-</strong></span> 
     </span>
    </p>
   </div>
   <div class='ocr_carea' id='block_1_60' title="bbox 1985 2947 3563 3022">
    <p class='ocr_par' dir='ltr' id='par_1_60' title="bbox 1985 2947 3563 3022">
     <span class='ocr_line' id='line_1_60' title="bbox 1985 2947 3563 3022; baseline 0.008 -22"><span class='ocrx_word' id='word_1_425' title='bbox 1985 2947 2155 3000; x_wconf 85' lang='lat' dir='ltr'><strong>ritus?</strong></span> <span class='ocrx_word' id='word_1_426' title='bbox 2188 2948 2467 3003; x_wconf 86' lang='lat' dir='ltr'><strong>Cunctatio</strong></span> <span class='ocrx_word' id='word_1_427' title='bbox 2497 2949 2643 3003; x_wconf 90' lang='lat' dir='ltr'><strong>nulla</strong></span> <span class='ocrx_word' id='word_1_428' title='bbox 2684 2952 2869 3005; x_wconf 87' lang='lat' dir='ltr'><strong>subest</strong></span> <span class='ocrx_word' id='word_1_429' title='bbox 2898 2993 2911 3016; x_wconf 95' lang='lat'><strong>,</strong></span> <span class='ocrx_word' id='word_1_430' title='bbox 2960 2954 3086 3020; x_wconf 90' lang='lat' dir='ltr'><strong>quin</strong></span> <span class='ocrx_word' id='word_1_431' title='bbox 3116 2953 3362 3007; x_wconf 84' lang='lat' dir='ltr'><strong>Sanctus.</strong></span> <span class='ocrx_word' id='word_1_432' title='bbox 3411 2956 3563 3022; x_wconf 89' lang='lat' dir='ltr'><strong>Quod</strong></span> 
     </span>
    </p>
   </div>
   <div class='ocr_carea' id='block_1_61' title="bbox 1987 3035 3564 3116">
    <p class='ocr_par' dir='ltr' id='par_1_61' title="bbox 1987 3035 3564 3116">
     <span class='ocr_line' id='line_1_61' title="bbox 1987 3035 3564 3116; baseline 0.011 -29"><span class='ocrx_word' id='word_1_433' title='bbox 1987 3035 2183 3089; x_wconf 87' lang='lat' dir='ltr'><strong>deinde</strong></span> <span class='ocrx_word' id='word_1_434' title='bbox 2212 3038 2444 3105; x_wconf 90' lang='lat' dir='ltr'><strong>Spiritus</strong></span> <span class='ocrx_word' id='word_1_435' title='bbox 2484 3048 2705 3095; x_wconf 88' lang='lat' dir='ltr'><strong>sanctus</strong></span> <span class='ocrx_word' id='word_1_436' title='bbox 2744 3043 3010 3110; x_wconf 87' lang='lat' dir='ltr'><strong>pertrahit</strong></span> <span class='ocrx_word' id='word_1_437' title='bbox 3038 3043 3088 3096; x_wconf 92' lang='lat' dir='ltr'><strong>in</strong></span> <span class='ocrx_word' id='word_1_438' title='bbox 3138 3045 3405 3100; x_wconf 89' lang='lat' dir='ltr'><strong>desertum</strong></span> <span class='ocrx_word' id='word_1_439' title='bbox 3429 3090 3446 3116; x_wconf 95' lang='lat'><strong>,</strong></span> <span class='ocrx_word' id='word_1_440' title='bbox 3478 3052 3564 3105; x_wconf 82' lang='lat' dir='ltr'><strong>ni-</strong></span> 
     </span>
    </p>
   </div>
   <div class='ocr_carea' id='block_1_62' title="bbox 306 3118 3564 3209">
    <p class='ocr_par' dir='ltr' id='par_1_62' title="bbox 306 3118 3564 3209">
     <span class='ocr_line' id='line_1_62' title="bbox 306 3118 3564 3209; baseline 0.001 -18"><span class='ocrx_word' id='word_1_441' title='bbox 306 3146 616 3191; x_wconf 90' lang='lat' dir='ltr'><strong>mentorum</strong></span> <span class='ocrx_word' id='word_1_442' title='bbox 675 3138 784 3190; x_wconf 90' lang='lat' dir='ltr'><strong>sint</strong></span> <span class='ocrx_word' id='word_1_443' title='bbox 820 3136 1163 3190; x_wconf 89' lang='lat' dir='ltr'><strong>altitudinem</strong></span> <span class='ocrx_word' id='word_1_444' title='bbox 1215 3132 1519 3188; x_wconf 86' lang='lat' dir='ltr'><strong>referenda.</strong></span> <span class='ocrx_word' id='word_1_445' title='bbox 1571 3131 1714 3185; x_wconf 84' lang='lat' dir='ltr'><strong>Nihil</strong></span> <span class='ocrx_word' id='word_1_446' title='bbox 1758 3143 1886 3197; x_wconf 91' lang='lat' dir='ltr'><strong>ergo</strong></span> <span class='ocrx_word' id='word_1_447' title='bbox 1912 3118 1958 3181; x_wconf 91' lang='lat' dir='ltr'>C</span> <span class='ocrx_word' id='word_1_448' title='bbox 1989 3125 2185 3178; x_wconf 88' lang='lat' dir='ltr'><strong>mirum</strong></span> <span class='ocrx_word' id='word_1_449' title='bbox 2217 3127 2357 3181; x_wconf 89' lang='lat' dir='ltr'><strong>istud</strong></span> <span class='ocrx_word' id='word_1_450' title='bbox 2389 3129 2481 3183; x_wconf 93' lang='lat' dir='ltr'><strong>ille</strong></span> <span class='ocrx_word' id='word_1_451' title='bbox 2510 3129 2715 3197; x_wconf 88' lang='lat' dir='ltr'><strong>dictat,</strong></span> <span class='ocrx_word' id='word_1_452' title='bbox 2759 3132 2900 3186; x_wconf 89' lang='lat' dir='ltr'><strong>istud</strong></span> <span class='ocrx_word' id='word_1_453' title='bbox 2946 3132 3038 3185; x_wconf 90' lang='lat' dir='ltr'><strong>ille</strong></span> <span class='ocrx_word' id='word_1_454' title='bbox 3089 3137 3279 3191; x_wconf 90' lang='lat' dir='ltr'><strong>tacitus</strong></span> <span class='ocrx_word' id='word_1_455' title='bbox 3308 3139 3564 3209; x_wconf 90' lang='lat' dir='ltr'><strong>inspirat,</strong></span> 
     </span>
    </p>
   </div>
   <div class='ocr_carea' id='block_1_63' title="bbox 311 3220 1884 3298">
    <p class='ocr_par' dir='ltr' id='par_1_63' title="bbox 311 3220 1884 3298">
     <span class='ocr_line' id='line_1_63' title="bbox 311 3220 1884 3298; baseline -0.006 -16"><span class='ocrx_word' id='word_1_456' title='bbox 311 3227 501 3298; x_wconf 72' lang='lat' dir='ltr'><strong>gratia:</strong></span> <span class='ocrx_word' id='word_1_457' title='bbox 541 3227 850 3295; x_wconf 87' lang='lat' dir='ltr'><strong>derogatur,</strong></span> <span class='ocrx_word' id='word_1_458' title='bbox 883 3226 1094 3280; x_wconf 90' lang='lat' dir='ltr'><strong>etiamsi</strong></span> <span class='ocrx_word' id='word_1_459' title='bbox 1127 3225 1217 3279; x_wconf 89' lang='lat' dir='ltr'><strong>ille</strong></span> <span class='ocrx_word' id='word_1_460' title='bbox 1267 3236 1391 3277; x_wconf 89' lang='lat' dir='ltr'><strong>tunc</strong></span> <span class='ocrx_word' id='word_1_461' title='bbox 1414 3232 1585 3277; x_wconf 89' lang='lat' dir='ltr'><strong>status</strong></span> <span class='ocrx_word' id='word_1_462' title='bbox 1610 3220 1884 3288; x_wconf 88' lang='lat' dir='ltr'><strong>corporis,</strong></span> 
     </span>
    </p>
   </div>
   <div class='ocr_carea' id='block_1_64' title="bbox 309 3313 1887 3383">
    <p class='ocr_par' dir='ltr' id='par_1_64' title="bbox 309 3313 1887 3383">
     <span class='ocr_line' id='line_1_64' title="bbox 309 3313 1887 3383; baseline -0.004 -9"><span class='ocrx_word' id='word_1_463' title='bbox 309 3329 366 3374; x_wconf 91' lang='lat' dir='ltr'><strong>et</strong></span> <span class='ocrx_word' id='word_1_464' title='bbox 389 3319 841 3372; x_wconf 88' lang='lat' dir='ltr'><strong>vestimentorum</strong></span> <span class='ocrx_word' id='word_1_465' title='bbox 866 3332 970 3370; x_wconf 89' lang='lat' dir='ltr'><strong>non</strong></span> <span class='ocrx_word' id='word_1_466' title='bbox 1001 3323 1289 3371; x_wconf 88' lang='lat' dir='ltr'><strong>consecuta</strong></span> <span class='ocrx_word' id='word_1_467' title='bbox 1314 3313 1588 3383; x_wconf 88' lang='lat' dir='ltr'><strong>corruptio</strong></span> <span class='ocrx_word' id='word_1_468' title='bbox 1606 3354 1620 3380; x_wconf 91' lang='lat'><strong>,</strong></span> <span class='ocrx_word' id='word_1_469' title='bbox 1651 3321 1887 3367; x_wconf 69' lang='lat' dir='ltr'><strong>ventura:</strong></span> 
     </span>
    </p>
   </div>
   <div class='ocr_carea' id='block_1_65' title="bbox 307 3407 1887 3478">
    <p class='ocr_par' dir='ltr' id='par_1_65' title="bbox 307 3407 1887 3478">
     <span class='ocr_line' id='line_1_65' title="bbox 307 3407 1887 3478; baseline -0.004 -12"><span class='ocrx_word' id='word_1_470' title='bbox 307 3412 436 3466; x_wconf 76' lang='lat' dir='ltr'><strong>vita:</strong></span> <span class='ocrx_word' id='word_1_471' title='bbox 467 3409 743 3478; x_wconf 86' lang='lat' dir='ltr'><strong>specimen</strong></span> <span class='ocrx_word' id='word_1_472' title='bbox 784 3409 1116 3465; x_wconf 90' lang='lat' dir='ltr'><strong>detulerunt.</strong></span> <span class='ocrx_word' id='word_1_473' title='bbox 1147 3408 1335 3477; x_wconf 89' lang='lat' dir='ltr'><strong>Magna</strong></span> <span class='ocrx_word' id='word_1_474' title='bbox 1364 3422 1596 3476; x_wconf 87' lang='lat' dir='ltr'><strong>namque</strong></span> <span class='ocrx_word' id='word_1_475' title='bbox 1631 3407 1735 3461; x_wconf 88' lang='lat' dir='ltr'><strong>loci</strong></span> <span class='ocrx_word' id='word_1_476' title='bbox 1764 3421 1887 3477; x_wconf 84' lang='lat' dir='ltr'><strong>gra-</strong></span> 
     </span>
    </p>
   </div>
   <div class='ocr_carea' id='block_1_66' title="bbox 308 3499 1892 3572">
    <p class='ocr_par' dir='ltr' id='par_1_66' title="bbox 308 3499 1892 3572">
     <span class='ocr_line' id='line_1_66' title="bbox 308 3499 1892 3572; baseline -0.003 -15"><span class='ocrx_word' id='word_1_477' title='bbox 308 3504 383 3557; x_wconf 91' lang='lat' dir='ltr'><strong>tia</strong></span> <span class='ocrx_word' id='word_1_478' title='bbox 413 3514 524 3570; x_wconf 90' lang='lat' dir='ltr'><strong>est,</strong></span> <span class='ocrx_word' id='word_1_479' title='bbox 575 3503 618 3557; x_wconf 92' lang='lat' dir='ltr'><strong>si</strong></span> <span class='ocrx_word' id='word_1_480' title='bbox 642 3501 828 3572; x_wconf 87' lang='lat' dir='ltr'><strong>quales</strong></span> <span class='ocrx_word' id='word_1_481' title='bbox 855 3501 977 3556; x_wconf 93' lang='lat' dir='ltr'><strong>illos</strong></span> <span class='ocrx_word' id='word_1_482' title='bbox 1005 3501 1303 3555; x_wconf 90' lang='lat' dir='ltr'><strong>beatissimi</strong></span> <span class='ocrx_word' id='word_1_483' title='bbox 1333 3499 1516 3555; x_wconf 70' lang='lat' dir='ltr'><strong>saeculi</strong></span> <span class='ocrx_word' id='word_1_484' title='bbox 1545 3499 1769 3555; x_wconf 86' lang='lat' dir='ltr'><strong>felicitas</strong></span> <span class='ocrx_word' id='word_1_485' title='bbox 1798 3500 1892 3553; x_wconf 89' lang='lat' dir='ltr'><strong>ba-</strong></span> 
     </span>
    </p>
   </div>
   <div class='ocr_carea' id='block_1_67' title="bbox 308 3591 1666 3662">
    <p class='ocr_par' dir='ltr' id='par_1_67' title="bbox 308 3591 1666 3662">
     <span class='ocr_line' id='line_1_67' title="bbox 308 3591 1666 3662; baseline -0.004 -11"><span class='ocrx_word' id='word_1_486' title='bbox 308 3596 488 3661; x_wconf 89' lang='lat' dir='ltr'><strong>bebit,</strong></span> <span class='ocrx_word' id='word_1_487' title='bbox 522 3595 655 3650; x_wconf 91' lang='lat' dir='ltr'><strong>tales</strong></span> <span class='ocrx_word' id='word_1_488' title='bbox 685 3595 740 3649; x_wconf 89' lang='lat' dir='ltr'><strong>in</strong></span> <span class='ocrx_word' id='word_1_489' title='bbox 773 3594 876 3649; x_wconf 92' lang='lat' dir='ltr'><strong>hoc</strong></span> <span class='ocrx_word' id='word_1_490' title='bbox 900 3591 1010 3662; x_wconf 89' lang='lat' dir='ltr'><strong>jam</strong></span> <span class='ocrx_word' id='word_1_491' title='bbox 1042 3594 1176 3647; x_wconf 87' lang='lat' dir='ltr'><strong>istos</strong></span> <span class='ocrx_word' id='word_1_492' title='bbox 1202 3607 1415 3647; x_wconf 88' lang='lat' dir='ltr'><strong>eremus</strong></span> <span class='ocrx_word' id='word_1_493' title='bbox 1455 3592 1666 3648; x_wconf 81' lang='lat' dir='ltr'><strong>habeat.</strong></span> 
     </span>
    </p>
   </div>
   <div class='ocr_carea' id='block_1_68' title="bbox 385 3683 1890 3756">
    <p class='ocr_par' dir='ltr' id='par_1_68' title="bbox 385 3683 1890 3756">
     <span class='ocr_line' id='line_1_68' title="bbox 385 3683 1890 3756; baseline -0.001 -16"><span class='ocrx_word' id='word_1_494' title='bbox 385 3688 474 3742; x_wconf 75' lang='grc'><strong>16.</strong></span> <span class='ocrx_word' id='word_1_495' title='bbox 503 3687 639 3753; x_wconf 85' lang='lat' dir='ltr'><strong>Quid</strong></span> <span class='ocrx_word' id='word_1_496' title='bbox 662 3731 677 3755; x_wconf 94' lang='lat'><strong>,</strong></span> <span class='ocrx_word' id='word_1_497' title='bbox 710 3686 851 3756; x_wconf 91' lang='lat' dir='ltr'><strong>quod</strong></span> <span class='ocrx_word' id='word_1_498' title='bbox 880 3685 976 3739; x_wconf 89' lang='lat' dir='ltr'><strong>ﬂlii</strong></span> <span class='ocrx_word' id='word_1_499' title='bbox 1008 3683 1172 3739; x_wconf 83' lang='lat' dir='ltr'><strong>Israel</strong></span> <span class='ocrx_word' id='word_1_500' title='bbox 1202 3684 1267 3737; x_wconf 93' lang='lat' dir='ltr'><strong>ad</strong></span> <span class='ocrx_word' id='word_1_501' title='bbox 1298 3683 1445 3739; x_wconf 88' lang='lat' dir='ltr'><strong>illam</strong></span> <span class='ocrx_word' id='word_1_502' title='bbox 1478 3684 1890 3739; x_wconf 88' lang='lat' dir='ltr'><strong>desiderabilem</strong></span> 
     </span>
    </p>
   </div>
   <div class='ocr_carea' id='block_1_69' title="bbox 313 3774 1892 3844">
    <p class='ocr_par' dir='ltr' id='par_1_69' title="bbox 313 3774 1892 3844">
     <span class='ocr_line' id='line_1_69' title="bbox 313 3774 1892 3844; baseline -0.003 -12"><span class='ocrx_word' id='word_1_503' title='bbox 313 3788 515 3833; x_wconf 86' lang='lat' dir='ltr'><strong>terram</strong></span> <span class='ocrx_word' id='word_1_504' title='bbox 541 3792 647 3831; x_wconf 92' lang='lat' dir='ltr'><strong>non</strong></span> <span class='ocrx_word' id='word_1_505' title='bbox 677 3778 777 3831; x_wconf 91' lang='lat' dir='ltr'><strong>nisi</strong></span> <span class='ocrx_word' id='word_1_506' title='bbox 806 3775 1140 3830; x_wconf 87' lang='lat' dir='ltr'><strong>habitatione</strong></span> <span class='ocrx_word' id='word_1_507' title='bbox 1181 3775 1351 3829; x_wconf 87' lang='lat' dir='ltr'><strong>eremi</strong></span> <span class='ocrx_word' id='word_1_508' title='bbox 1383 3776 1785 3844; x_wconf 81' lang='lat' dir='ltr'><strong>pervenerunt?</strong></span> <span class='ocrx_word' id='word_1_509' title='bbox 1829 3774 1892 3828; x_wconf 88' lang='lat' dir='ltr'><strong>Et</strong></span> 
     </span>
    </p>
   </div>
   <div class='ocr_carea' id='block_1_70' title="bbox 314 3865 1892 3937">
    <p class='ocr_par' dir='ltr' id='par_1_70' title="bbox 314 3865 1892 3937">
     <span class='ocr_line' id='line_1_70' title="bbox 314 3865 1892 3937; baseline -0.003 -15"><span class='ocrx_word' id='word_1_510' title='bbox 314 3879 373 3923; x_wconf 91' lang='lat' dir='ltr'><strong>ut</strong></span> <span class='ocrx_word' id='word_1_511' title='bbox 392 3882 525 3937; x_wconf 88' lang='lat' dir='ltr'><strong>gens</strong></span> <span class='ocrx_word' id='word_1_512' title='bbox 556 3867 746 3923; x_wconf 87' lang='lat' dir='ltr'><strong>eadem</strong></span> <span class='ocrx_word' id='word_1_513' title='bbox 772 3865 1073 3937; x_wconf 88' lang='lat' dir='ltr'><strong>possideret</strong></span> <span class='ocrx_word' id='word_1_514' title='bbox 1104 3874 1287 3934; x_wconf 90' lang='lat' dir='ltr'><strong>postea</strong></span> <span class='ocrx_word' id='word_1_515' title='bbox 1316 3866 1459 3919; x_wconf 91' lang='lat' dir='ltr'><strong>illam</strong></span> <span class='ocrx_word' id='word_1_516' title='bbox 1488 3867 1626 3920; x_wconf 90' lang='lat' dir='ltr'><strong>lacte</strong></span> <span class='ocrx_word' id='word_1_517' title='bbox 1648 3874 1702 3920; x_wconf 92' lang='lat' dir='ltr'><strong>et</strong></span> <span class='ocrx_word' id='word_1_518' title='bbox 1731 3865 1892 3919; x_wconf 87' lang='lat' dir='ltr'><strong>melle</strong></span> 
     </span>
    </p>
   </div>
   <div class='ocr_carea' id='block_1_71' title="bbox 314 3950 1887 4022">
    <p class='ocr_par' dir='ltr' id='par_1_71' title="bbox 314 3950 1887 4022">
     <span class='ocr_line' id='line_1_71' title="bbox 314 3950 1887 4022; baseline -0.003 -15"><span class='ocrx_word' id='word_1_519' title='bbox 314 3963 642 4019; x_wconf 89' lang='lat' dir='ltr'><strong>manantem,</strong></span> <span class='ocrx_word' id='word_1_520' title='bbox 668 3953 813 4022; x_wconf 90' lang='lat' dir='ltr'><strong>prius</strong></span> <span class='ocrx_word' id='word_1_521' title='bbox 842 3952 980 4005; x_wconf 92' lang='lat' dir='ltr'><strong>hanc</strong></span> <span class='ocrx_word' id='word_1_522' title='bbox 1004 3951 1209 4004; x_wconf 88' lang='lat' dir='ltr'><strong>aridam</strong></span> <span class='ocrx_word' id='word_1_523' title='bbox 1234 3950 1603 4020; x_wconf 91' lang='lat' dir='ltr'><strong>incultamque</strong></span> <span class='ocrx_word' id='word_1_524' title='bbox 1629 3950 1887 4020; x_wconf 89' lang='lat' dir='ltr'><strong>possedit.</strong></span> 
     </span>
    </p>
   </div>
   <div class='ocr_carea' id='block_1_72' title="bbox 314 4042 1893 4114">
    <p class='ocr_par' dir='ltr' id='par_1_72' title="bbox 314 4042 1893 4114">
     <span class='ocr_line' id='line_1_72' title="bbox 314 4042 1893 4114; baseline -0.001 -16"><span class='ocrx_word' id='word_1_525' title='bbox 314 4044 509 4099; x_wconf 89' lang='lat' dir='ltr'><strong>Totum</strong></span> <span class='ocrx_word' id='word_1_526' title='bbox 533 4058 748 4114; x_wconf 89' lang='lat' dir='ltr'><strong>semper</strong></span> <span class='ocrx_word' id='word_1_527' title='bbox 774 4043 838 4097; x_wconf 88' lang='lat' dir='ltr'><strong>ad</strong></span> <span class='ocrx_word' id='word_1_528' title='bbox 862 4058 1044 4097; x_wconf 88' lang='lat' dir='ltr'><strong>veram</strong></span> <span class='ocrx_word' id='word_1_529' title='bbox 1068 4042 1294 4111; x_wconf 90' lang='lat' dir='ltr'><strong>patriam</strong></span> <span class='ocrx_word' id='word_1_530' title='bbox 1323 4043 1489 4097; x_wconf 89' lang='lat' dir='ltr'><strong>eremi</strong></span> <span class='ocrx_word' id='word_1_531' title='bbox 1525 4042 1893 4097; x_wconf 90' lang='lat' dir='ltr'><strong>mansionibus</strong></span> 
     </span>
    </p>
   </div>
   <div class='ocr_carea' id='block_1_73' title="bbox 314 4133 1896 4207">
    <p class='ocr_par' dir='ltr' id='par_1_73' title="bbox 314 4133 1896 4207">
     <span class='ocr_line' id='line_1_73' title="bbox 314 4133 1896 4207; baseline -0.001 -17"><span class='ocrx_word' id='word_1_532' title='bbox 314 4138 418 4191; x_wconf 90' lang='lat' dir='ltr'><strong>iter</strong></span> <span class='ocrx_word' id='word_1_533' title='bbox 444 4136 715 4207; x_wconf 91' lang='lat' dir='ltr'><strong>panditur.</strong></span> <span class='ocrx_word' id='word_1_534' title='bbox 748 4135 961 4190; x_wconf 83' lang='lat' dir='ltr'><strong>Habitet</strong></span> <span class='ocrx_word' id='word_1_535' title='bbox 986 4133 1393 4189; x_wconf 89' lang='lat' dir='ltr'><strong>inhabitabilem</strong></span> <span class='ocrx_word' id='word_1_536' title='bbox 1425 4144 1643 4202; x_wconf 90' lang='lat' dir='ltr'><strong>terram,</strong></span> <span class='ocrx_word' id='word_1_537' title='bbox 1667 4135 1757 4205; x_wconf 89' lang='lat' dir='ltr'><strong>qui</strong></span> <span class='ocrx_word' id='word_1_538' title='bbox 1778 4134 1896 4189; x_wconf 87' lang='lat' dir='ltr'><strong>vult</strong></span> 
     </span>
    </p>
   </div>
   <div class='ocr_carea' id='block_1_74' title="bbox 313 4227 1892 4297">
    <p class='ocr_par' dir='ltr' id='par_1_74' title="bbox 313 4227 1892 4297">
     <span class='ocr_line' id='line_1_74' title="bbox 313 4227 1892 4297; baseline -0.002 -13"><span class='ocrx_word' id='word_1_539' title='bbox 313 4230 497 4285; x_wconf 90' lang='lat' dir='ltr'><strong>videre</strong></span> <span class='ocrx_word' id='word_1_540' title='bbox 535 4229 675 4284; x_wconf 88' lang='lat' dir='ltr'><strong>bona</strong></span> <span class='ocrx_word' id='word_1_541' title='bbox 704 4228 917 4283; x_wconf 89' lang='lat' dir='ltr'><strong>Domini</strong></span> <span class='ocrx_word' id='word_1_542' title='bbox 949 4230 1001 4282; x_wconf 93' lang='lat' dir='ltr'><strong>in</strong></span> <span class='ocrx_word' id='word_1_543' title='bbox 1037 4237 1174 4282; x_wconf 88' lang='lat' dir='ltr'><strong>terra</strong></span> <span class='ocrx_word' id='word_1_544' title='bbox 1206 4227 1532 4294; x_wconf 89' lang='lat' dir='ltr'><strong>viventium;</strong></span> <span class='ocrx_word' id='word_1_545' title='bbox 1579 4228 1649 4283; x_wconf 91' lang='lat' dir='ltr'><strong>sit</strong></span> <span class='ocrx_word' id='word_1_546' title='bbox 1698 4227 1892 4297; x_wconf 90' lang='lat' dir='ltr'><strong>hospes</strong></span> 
     </span>
    </p>
   </div>
   <div class='ocr_carea' id='block_1_75' title="bbox 318 4318 1428 4393">
    <p class='ocr_par' dir='ltr' id='par_1_75' title="bbox 318 4318 1428 4393">
     <span class='ocr_line' id='line_1_75' title="bbox 318 4318 1428 4393; baseline -0.003 -16"><span class='ocrx_word' id='word_1_547' title='bbox 318 4323 501 4393; x_wconf 83' lang='lat' dir='ltr'><strong>hujus,</strong></span> <span class='ocrx_word' id='word_1_548' title='bbox 530 4323 619 4392; x_wconf 93' lang='lat' dir='ltr'><strong>qui</strong></span> <span class='ocrx_word' id='word_1_549' title='bbox 649 4321 783 4377; x_wconf 89' lang='lat' dir='ltr'><strong>civis</strong></span> <span class='ocrx_word' id='word_1_550' title='bbox 811 4336 933 4375; x_wconf 87' lang='lat' dir='ltr'><strong>esse</strong></span> <span class='ocrx_word' id='word_1_551' title='bbox 960 4318 1239 4375; x_wconf 90' lang='lat' dir='ltr'><strong>contendit</strong></span> <span class='ocrx_word' id='word_1_552' title='bbox 1266 4318 1428 4374; x_wconf 91' lang='lat' dir='ltr'><strong>illius.</strong></span> 
     </span>
    </p>
   </div>
   <div class='ocr_carea' id='block_1_76' title="bbox 389 4410 1893 4481">
    <p class='ocr_par' dir='ltr' id='par_1_76' title="bbox 389 4410 1893 4481">
     <span class='ocr_line' id='line_1_76' title="bbox 389 4410 1893 4481; baseline -0.003 -11"><span class='ocrx_word' id='word_1_553' title='bbox 389 4416 475 4469; x_wconf 81' lang='grc'>17.</span> <span class='ocrx_word' id='word_1_554' title='bbox 509 4416 613 4470; x_wconf 91' lang='lat' dir='ltr'><strong>Sed</strong></span> <span class='ocrx_word' id='word_1_555' title='bbox 645 4424 704 4468; x_wconf 91' lang='lat' dir='ltr'><strong>ut</strong></span> <span class='ocrx_word' id='word_1_556' title='bbox 745 4414 861 4467; x_wconf 70' lang='lat' dir='ltr'><strong>haec</strong></span> <span class='ocrx_word' id='word_1_557' title='bbox 909 4413 1208 4481; x_wconf 88' lang='lat' dir='ltr'><strong>relinquam</strong></span> <span class='ocrx_word' id='word_1_558' title='bbox 1234 4453 1249 4478; x_wconf 95' lang='lat'><strong>,</strong></span> <span class='ocrx_word' id='word_1_559' title='bbox 1298 4411 1466 4467; x_wconf 88' lang='lat' dir='ltr'><strong>David</strong></span> <span class='ocrx_word' id='word_1_560' title='bbox 1511 4414 1624 4481; x_wconf 90' lang='lat' dir='ltr'><strong>ipse</strong></span> <span class='ocrx_word' id='word_1_561' title='bbox 1671 4410 1893 4466; x_wconf 88' lang='lat' dir='ltr'><strong>insidias</strong></span> 
     </span>
    </p>
   </div>
   <div class='ocr_carea' id='block_1_77' title="bbox 1990 3216 3567 3302">
    <p class='ocr_par' dir='ltr' id='par_1_77' title="bbox 1990 3216 3567 3302">
     <span class='ocr_line' id='line_1_77' title="bbox 1990 3216 3567 3302; baseline 0.011 -35"><span class='ocrx_word' id='word_1_562' title='bbox 1990 3216 2151 3283; x_wconf 86' lang='lat' dir='ltr'><strong>fitque</strong></span> <span class='ocrx_word' id='word_1_563' title='bbox 2179 3232 2395 3273; x_wconf 89' lang='lat' dir='ltr'><strong>eremus</strong></span> <span class='ocrx_word' id='word_1_564' title='bbox 2418 3218 2639 3288; x_wconf 87' lang='lat' dir='ltr'><strong>Spiritui</strong></span> <span class='ocrx_word' id='word_1_565' title='bbox 2680 3232 2867 3275; x_wconf 87' lang='lat' dir='ltr'><strong>sancto</strong></span> <span class='ocrx_word' id='word_1_566' title='bbox 2915 3228 3221 3292; x_wconf 86' lang='lat' dir='ltr'><strong>suggerenti</strong></span> <span class='ocrx_word' id='word_1_567' title='bbox 3252 3229 3410 3299; x_wconf 85' lang='lat' dir='ltr'><strong>digna</strong></span> <span class='ocrx_word' id='word_1_568' title='bbox 3443 3248 3567 3302; x_wconf 84' lang='lat' dir='ltr'><strong>sug-</strong></span> 
     </span>
    </p>
   </div>
   <div class='ocr_carea' id='block_1_78' title="bbox 1986 3308 3568 3393">
    <p class='ocr_par' dir='ltr' id='par_1_78' title="bbox 1986 3308 3568 3393">
     <span class='ocr_line' id='line_1_78' title="bbox 1986 3308 3568 3393; baseline 0.013 -34"><span class='ocrx_word' id='word_1_569' title='bbox 1986 3308 2179 3377; x_wconf 89' lang='lat' dir='ltr'><strong>gestio.</strong></span> <span class='ocrx_word' id='word_1_570' title='bbox 2203 3309 2430 3379; x_wconf 79' lang='lat' dir='ltr'><strong>Mystico</strong></span> <span class='ocrx_word' id='word_1_571' title='bbox 2460 3327 2587 3382; x_wconf 88' lang='lat' dir='ltr'><strong>ergo</strong></span> <span class='ocrx_word' id='word_1_572' title='bbox 2607 3312 2833 3368; x_wconf 92' lang='lat' dir='ltr'><strong>ﬂumine</strong></span> <span class='ocrx_word' id='word_1_573' title='bbox 2859 3315 3086 3383; x_wconf 86' lang='lat' dir='ltr'><strong>infusus,</strong></span> <span class='ocrx_word' id='word_1_574' title='bbox 3126 3319 3253 3373; x_wconf 89' lang='lat' dir='ltr'><strong>nihil</strong></span> <span class='ocrx_word' id='word_1_575' title='bbox 3284 3323 3385 3375; x_wconf 91' lang='lat' dir='ltr'><strong>sibi</strong></span> <span class='ocrx_word' id='word_1_576' title='bbox 3419 3326 3568 3393; x_wconf 88' lang='lat' dir='ltr'><strong>prius</strong></span> 
     </span>
    </p>
   </div>
   <div class='ocr_carea' id='block_1_79' title="bbox 1987 3400 3570 3473">
    <p class='ocr_par' dir='ltr' id='par_1_79' title="bbox 1987 3400 3570 3473">
     <span class='ocr_line' id='line_1_79' title="bbox 1987 3400 3570 3473; baseline 0.009 -20"><span class='ocrx_word' id='word_1_577' title='bbox 1987 3400 2256 3467; x_wconf 85' lang='lat' dir='ltr'><strong>agendum</strong></span> <span class='ocrx_word' id='word_1_578' title='bbox 2294 3413 2462 3471; x_wconf 90' lang='lat' dir='ltr'><strong>putat,</strong></span> <span class='ocrx_word' id='word_1_579' title='bbox 2514 3419 2671 3473; x_wconf 89' lang='lat' dir='ltr'><strong>quam</strong></span> <span class='ocrx_word' id='word_1_580' title='bbox 2722 3414 2780 3458; x_wconf 93' lang='lat' dir='ltr'><strong>ut</strong></span> <span class='ocrx_word' id='word_1_581' title='bbox 2810 3406 2875 3460; x_wconf 91' lang='lat' dir='ltr'><strong>ad</strong></span> <span class='ocrx_word' id='word_1_582' title='bbox 2907 3416 3115 3463; x_wconf 89' lang='lat' dir='ltr'><strong>secreta</strong></span> <span class='ocrx_word' id='word_1_583' title='bbox 3146 3413 3451 3467; x_wconf 88' lang='lat' dir='ltr'><strong>contendat.</strong></span> <span class='ocrx_word' id='word_1_584' title='bbox 3503 3414 3570 3468; x_wconf 84' lang='lat' dir='ltr'><strong>Et</strong></span> 
     </span>
    </p>
   </div>
   <div class='ocr_carea' id='block_1_80' title="bbox 1988 3493 3569 3569">
    <p class='ocr_par' dir='ltr' id='par_1_80' title="bbox 1988 3493 3569 3569">
     <span class='ocr_line' id='line_1_80' title="bbox 1988 3493 3569 3569; baseline 0.01 -25"><span class='ocrx_word' id='word_1_585' title='bbox 1988 3500 2167 3546; x_wconf 90' lang='lat' dir='ltr'><strong>tamen</strong></span> <span class='ocrx_word' id='word_1_586' title='bbox 2196 3493 2285 3548; x_wconf 90' lang='lat' dir='ltr'><strong>ille</strong></span> <span class='ocrx_word' id='word_1_587' title='bbox 2315 3494 2714 3551; x_wconf 82' lang='lat' dir='ltr'><strong>sanctificantes</strong></span> <span class='ocrx_word' id='word_1_588' title='bbox 2742 3512 2957 3567; x_wconf 87' lang='lat' dir='ltr'><strong>semper</strong></span> <span class='ocrx_word' id='word_1_589' title='bbox 2984 3514 3151 3569; x_wconf 89' lang='lat' dir='ltr'><strong>aquas</strong></span> <span class='ocrx_word' id='word_1_590' title='bbox 3179 3510 3304 3557; x_wconf 92' lang='lat' dir='ltr'><strong>tunc</strong></span> <span class='ocrx_word' id='word_1_591' title='bbox 3334 3505 3569 3559; x_wconf 78' lang='lat' dir='ltr'><strong>sanctifi-</strong></span> 
     </span>
    </p>
   </div>
   <div class='ocr_carea' id='block_1_81' title="bbox 1988 3587 3567 3664">
    <p class='ocr_par' dir='ltr' id='par_1_81' title="bbox 1988 3587 3567 3664">
     <span class='ocr_line' id='line_1_81' title="bbox 1988 3587 3567 3664; baseline 0.009 -26"><span class='ocrx_word' id='word_1_592' title='bbox 1988 3594 2235 3649; x_wconf 90' lang='lat' dir='ltr'><strong>caverat,</strong></span> <span class='ocrx_word' id='word_1_593' title='bbox 2264 3600 2364 3640; x_wconf 91' lang='lat' dir='ltr'><strong>nec</strong></span> <span class='ocrx_word' id='word_1_594' title='bbox 2408 3587 2610 3655; x_wconf 86' lang='lat' dir='ltr'><strong>peccati</strong></span> <span class='ocrx_word' id='word_1_595' title='bbox 2653 3587 2924 3645; x_wconf 88' lang='lat' dir='ltr'><strong>hominem</strong></span> <span class='ocrx_word' id='word_1_596' title='bbox 2972 3601 3230 3663; x_wconf 90' lang='lat' dir='ltr'><strong>purgatus</strong></span> <span class='ocrx_word' id='word_1_597' title='bbox 3274 3594 3567 3664; x_wconf 88' lang='lat' dir='ltr'><strong>abluerat;</strong></span> 
     </span>
    </p>
   </div>
   <div class='ocr_carea' id='block_1_82' title="bbox 1992 3678 3567 3755">
    <p class='ocr_par' dir='ltr' id='par_1_82' title="bbox 1992 3678 3567 3755">
     <span class='ocr_line' id='line_1_82' title="bbox 1992 3678 3567 3755; baseline 0.011 -27"><span class='ocrx_word' id='word_1_598' title='bbox 1992 3684 2268 3744; x_wconf 84' lang='lat' dir='ltr'><strong>peccatum</strong></span> <span class='ocrx_word' id='word_1_599' title='bbox 2292 3678 2434 3731; x_wconf 89' lang='lat' dir='ltr'><strong>enim</strong></span> <span class='ocrx_word' id='word_1_600' title='bbox 2465 3678 2555 3731; x_wconf 90' lang='lat' dir='ltr'><strong>ille</strong></span> <span class='ocrx_word' id='word_1_601' title='bbox 2586 3694 2759 3749; x_wconf 90' lang='lat' dir='ltr'><strong>neque</strong></span> <span class='ocrx_word' id='word_1_602' title='bbox 2799 3681 3028 3750; x_wconf 84' lang='lat' dir='ltr'><strong>fecerat,</strong></span> <span class='ocrx_word' id='word_1_603' title='bbox 3063 3700 3237 3755; x_wconf 91' lang='lat' dir='ltr'><strong>neque</strong></span> <span class='ocrx_word' id='word_1_604' title='bbox 3264 3689 3567 3754; x_wconf 85' lang='lat' dir='ltr'><strong>metuebat;</strong></span> 
     </span>
    </p>
   </div>
   <div class='ocr_carea' id='block_1_83' title="bbox 1991 3768 3571 3846">
    <p class='ocr_par' dir='ltr' id='par_1_83' title="bbox 1991 3768 3571 3846">
     <span class='ocr_line' id='line_1_83' title="bbox 1991 3768 3571 3846; baseline 0.01 -25"><span class='ocrx_word' id='word_1_605' title='bbox 1991 3775 2045 3821; x_wconf 89' lang='lat' dir='ltr'><strong>et</strong></span> <span class='ocrx_word' id='word_1_606' title='bbox 2068 3768 2232 3822; x_wconf 91' lang='lat' dir='ltr'><strong>eremi</strong></span> <span class='ocrx_word' id='word_1_607' title='bbox 2266 3777 2440 3823; x_wconf 90' lang='lat' dir='ltr'><strong>tamen</strong></span> <span class='ocrx_word' id='word_1_608' title='bbox 2473 3785 2657 3824; x_wconf 88' lang='lat' dir='ltr'><strong>amore</strong></span> <span class='ocrx_word' id='word_1_609' title='bbox 2689 3772 2978 3843; x_wconf 88' lang='lat' dir='ltr'><strong>ﬂagrabat,</strong></span> <span class='ocrx_word' id='word_1_610' title='bbox 3026 3784 3186 3846; x_wconf 88' lang='lat' dir='ltr'><strong>atque</strong></span> <span class='ocrx_word' id='word_1_611' title='bbox 3222 3778 3274 3832; x_wconf 92' lang='lat' dir='ltr'><strong>in</strong></span> <span class='ocrx_word' id='word_1_612' title='bbox 3320 3782 3571 3837; x_wconf 84' lang='lat' dir='ltr'><strong>omnibus</strong></span> 
     </span>
    </p>
   </div>
   <div class='ocr_carea' id='block_1_84' title="bbox 1990 3856 3571 3935">
    <p class='ocr_par' dir='ltr' id='par_1_84' title="bbox 1990 3856 3571 3935">
     <span class='ocr_line' id='line_1_84' title="bbox 1990 3856 3571 3935; baseline 0.011 -26"><span class='ocrx_word' id='word_1_613' title='bbox 1990 3856 2245 3913; x_wconf 89' lang='lat' dir='ltr'><strong>salutaris</strong></span> <span class='ocrx_word' id='word_1_614' title='bbox 2270 3869 2476 3914; x_wconf 83' lang='lat' dir='ltr'><strong>auctor</strong></span> <span class='ocrx_word' id='word_1_615' title='bbox 2518 3862 2791 3930; x_wconf 87' lang='lat' dir='ltr'><strong>exempli,</strong></span> <span class='ocrx_word' id='word_1_616' title='bbox 2843 3864 2981 3918; x_wconf 87' lang='lat' dir='ltr'><strong>hanc</strong></span> <span class='ocrx_word' id='word_1_617' title='bbox 3016 3881 3121 3919; x_wconf 91' lang='lat' dir='ltr'><strong>non</strong></span> <span class='ocrx_word' id='word_1_618' title='bbox 3152 3867 3368 3935; x_wconf 84' lang='lat' dir='ltr'><strong>dignam</strong></span> <span class='ocrx_word' id='word_1_619' title='bbox 3416 3873 3571 3928; x_wconf 83' lang='lat' dir='ltr'><strong>nobis</strong></span> 
     </span>
    </p>
   </div>
   <div class='ocr_carea' id='block_1_85' title="bbox 1993 3948 3570 4029">
    <p class='ocr_par' dir='ltr' id='par_1_85' title="bbox 1993 3948 3570 4029">
     <span class='ocr_line' id='line_1_85' title="bbox 1993 3948 3570 4029; baseline 0.01 -27"><span class='ocrx_word' id='word_1_620' title='bbox 1993 3948 2358 4005; x_wconf 88' lang='lat' dir='ltr'><strong>desiderabat.</strong></span> <span class='ocrx_word' id='word_1_621' title='bbox 2392 3950 2522 4018; x_wconf 70' lang='lat' dir='ltr'><strong>Quae</strong></span> <span class='ocrx_word' id='word_1_622' title='bbox 2552 3952 2597 4007; x_wconf 91' lang='lat' dir='ltr'><strong>si</strong></span> <span class='ocrx_word' id='word_1_623' title='bbox 2628 3955 2806 4007; x_wconf 89' lang='lat' dir='ltr'><strong>votiva</strong></span> <span class='ocrx_word' id='word_1_624' title='bbox 2835 3954 2944 4007; x_wconf 92' lang='lat' dir='ltr'><strong>Deo</strong></span> <span class='ocrx_word' id='word_1_625' title='bbox 2968 3955 3036 4009; x_wconf 91' lang='lat' dir='ltr'><strong>ab</strong></span> <span class='ocrx_word' id='word_1_626' title='bbox 3061 3957 3333 4011; x_wconf 88' lang='lat' dir='ltr'><strong>erroribus</strong></span> <span class='ocrx_word' id='word_1_627' title='bbox 3366 3959 3533 4016; x_wconf 90' lang='lat' dir='ltr'><strong>libero</strong></span> <span class='ocrx_word' id='word_1_628' title='bbox 3553 4005 3570 4029; x_wconf 90' lang='lat'><strong>,</strong></span> 
     </span>
    </p>
   </div>
   <div class='ocr_carea' id='block_1_86' title="bbox 1993 4043 3573 4112">
    <p class='ocr_par' dir='ltr' id='par_1_86' title="bbox 1993 4043 3573 4112">
     <span class='ocr_line' id='line_1_86' title="bbox 1993 4043 3573 4112; baseline 0.009 -18"><span class='ocrx_word' id='word_1_629' title='bbox 1993 4051 2195 4108; x_wconf 88' lang='lat' dir='ltr'><strong>quanto</strong></span> <span class='ocrx_word' id='word_1_630' title='bbox 2222 4043 2393 4112; x_wconf 89' lang='lat' dir='ltr'><strong>magis</strong></span> <span class='ocrx_word' id='word_1_631' title='bbox 2437 4046 2737 4100; x_wconf 88' lang='lat' dir='ltr'><strong>necessaria</strong></span> <span class='ocrx_word' id='word_1_632' title='bbox 2769 4044 2973 4100; x_wconf 91' lang='lat' dir='ltr'><strong>homini</strong></span> <span class='ocrx_word' id='word_1_633' title='bbox 3000 4046 3275 4101; x_wconf 89' lang='lat' dir='ltr'><strong>erroribus</strong></span> <span class='ocrx_word' id='word_1_634' title='bbox 3306 4049 3573 4108; x_wconf 70' lang='lat' dir='ltr'><strong>obnoxio?</strong></span> 
     </span>
    </p>
   </div>
   <div class='ocr_carea' id='block_1_87' title="bbox 1992 4128 3573 4211">
    <p class='ocr_par' dir='ltr' id='par_1_87' title="bbox 1992 4128 3573 4211">
     <span class='ocr_line' id='line_1_87' title="bbox 1992 4128 3573 4211; baseline 0.009 -27"><span class='ocrx_word' id='word_1_635' title='bbox 1992 4128 2049 4184; x_wconf 87' lang='lat' dir='ltr'><strong>Si</strong></span> <span class='ocrx_word' id='word_1_636' title='bbox 2080 4132 2242 4199; x_wconf 89' lang='lat' dir='ltr'><strong>petita</strong></span> <span class='ocrx_word' id='word_1_637' title='bbox 2294 4149 2401 4189; x_wconf 92' lang='lat' dir='ltr'><strong>non</strong></span> <span class='ocrx_word' id='word_1_638' title='bbox 2431 4134 2796 4207; x_wconf 91' lang='lat' dir='ltr'><strong>delinquenti,</strong></span> <span class='ocrx_word' id='word_1_639' title='bbox 2823 4146 3025 4208; x_wconf 93' lang='lat' dir='ltr'><strong>quanto</strong></span> <span class='ocrx_word' id='word_1_640' title='bbox 3054 4139 3224 4208; x_wconf 87' lang='lat' dir='ltr'><strong>magis</strong></span> <span class='ocrx_word' id='word_1_641' title='bbox 3268 4145 3573 4211; x_wconf 81' lang='lat' dir='ltr'><strong>exoptanda</strong></span> 
     </span>
    </p>
   </div>
   <div class='ocr_carea' id='block_1_88' title="bbox 1994 4225 2259 4291">
    <p class='ocr_par' dir='ltr' id='par_1_88' title="bbox 1994 4225 2259 4291">
     <span class='ocr_line' id='line_1_88' title="bbox 1994 4225 2259 4291; baseline 0.004 -15"><span class='ocrx_word' id='word_1_642' title='bbox 1994 4225 2259 4291; x_wconf 86' lang='lat' dir='ltr'><strong>peccanti.</strong></span> 
     </span>
    </p>
   </div>
   <div class='ocr_carea' id='block_1_89' title="bbox 2064 4315 3574 4387">
    <p class='ocr_par' dir='ltr' id='par_1_89' title="bbox 2064 4315 3574 4387">
     <span class='ocr_line' id='line_1_89' title="bbox 2064 4315 3574 4387; baseline 0.006 -20"><span class='ocrx_word' id='word_1_643' title='bbox 2064 4315 2257 4372; x_wconf 68' lang='lat' dir='ltr'><strong>25.1bi</strong></span> <span class='ocrx_word' id='word_1_644' title='bbox 2299 4319 2459 4374; x_wconf 90' lang='lat' dir='ltr'><strong>etiam</strong></span> <span class='ocrx_word' id='word_1_645' title='bbox 2505 4321 2557 4374; x_wconf 91' lang='lat' dir='ltr'><strong>in</strong></span> <span class='ocrx_word' id='word_1_646' title='bbox 2590 4320 2902 4377; x_wconf 89' lang='lat' dir='ltr'><strong>famulatum</strong></span> <span class='ocrx_word' id='word_1_647' title='bbox 2933 4321 3169 4387; x_wconf 87' lang='lat' dir='ltr'><strong>Domini,</strong></span> <span class='ocrx_word' id='word_1_648' title='bbox 3217 4324 3441 4379; x_wconf 90' lang='lat' dir='ltr'><strong>remotis</strong></span> <span class='ocrx_word' id='word_1_649' title='bbox 3472 4326 3574 4381; x_wconf 68' lang='lat' dir='ltr'><strong>cir.</strong></span> 
     </span>
    </p>
   </div>
   <div class='ocr_carea' id='block_1_90' title="bbox 1995 4412 3576 4482">
    <p class='ocr_par' dir='ltr' id='par_1_90' title="bbox 1995 4412 3576 4482">
     <span class='ocr_line' id='line_1_90' title="bbox 1995 4412 3576 4482; baseline 0.007 -21"><span class='ocrx_word' id='word_1_650' title='bbox 1995 4412 2492 4478; x_wconf 90' lang='lat' dir='ltr'><strong>cumstrepentibus</strong></span> <span class='ocrx_word' id='word_1_651' title='bbox 2520 4412 2712 4481; x_wconf 89' lang='lat' dir='ltr'><strong>turbis,</strong></span> <span class='ocrx_word' id='word_1_652' title='bbox 2737 4415 2894 4468; x_wconf 88' lang='lat' dir='ltr'><strong>tacita</strong></span> <span class='ocrx_word' id='word_1_653' title='bbox 2926 4414 3091 4468; x_wconf 85' lang='lat' dir='ltr'><strong>divini</strong></span> <span class='ocrx_word' id='word_1_654' title='bbox 3115 4413 3315 4482; x_wconf 90' lang='lat' dir='ltr'><strong>vigoris</strong></span> <span class='ocrx_word' id='word_1_655' title='bbox 3337 4416 3576 4473; x_wconf 42' lang='lat' dir='ltr'><strong>ministe‘</strong></span> 
     </span>
    </p>
   </div>
   <div class='ocr_carea' id='block_1_91' title="bbox 319 4481 3576 4579">
    <p class='ocr_par' dir='ltr' id='par_1_91' title="bbox 319 4481 3576 4579">
     <span class='ocr_line' id='line_1_91' title="bbox 319 4481 3576 4579; baseline 0.001 -18"><span class='ocrx_word' id='word_1_656' title='bbox 319 4510 462 4576; x_wconf 77' lang='lat' dir='ltr'><strong>regis</strong></span> <span class='ocrx_word' id='word_1_657' title='bbox 489 4506 671 4560; x_wconf 89' lang='lat' dir='ltr'><strong>infesti</strong></span> <span class='ocrx_word' id='word_1_658' title='bbox 700 4520 805 4558; x_wconf 92' lang='lat' dir='ltr'><strong>non</strong></span> <span class='ocrx_word' id='word_1_659' title='bbox 834 4504 937 4557; x_wconf 92' lang='lat' dir='ltr'><strong>nisi</strong></span> <span class='ocrx_word' id='word_1_660' title='bbox 962 4518 1083 4557; x_wconf 91' lang='lat' dir='ltr'><strong>cum</strong></span> <span class='ocrx_word' id='word_1_661' title='bbox 1112 4502 1385 4557; x_wconf 89' lang='lat' dir='ltr'><strong>desertum</strong></span> <span class='ocrx_word' id='word_1_662' title='bbox 1411 4511 1695 4570; x_wconf 87' lang='lat' dir='ltr'><strong>expeteret</strong></span> <span class='ocrx_word' id='word_1_663' title='bbox 1722 4502 1895 4557; x_wconf 91' lang='lat' dir='ltr'><strong>evasit</strong></span> <span class='ocrx_word' id='word_1_664' title='bbox 1919 4481 1973 4542; x_wconf 79' lang='grc' dir='ltr'><strong>Ῑ)</strong></span> <span class='ocrx_word' id='word_1_665' title='bbox 1999 4501 2075 4554; x_wconf 90' lang='lat' dir='ltr'><strong>ria</strong></span> <span class='ocrx_word' id='word_1_666' title='bbox 2124 4503 2459 4569; x_wconf 89' lang='lat' dir='ltr'><strong>succedunt,</strong></span> <span class='ocrx_word' id='word_1_667' title='bbox 2499 4512 2553 4557; x_wconf 88' lang='lat' dir='ltr'><strong>et</strong></span> <span class='ocrx_word' id='word_1_668' title='bbox 2597 4505 2650 4558; x_wconf 92' lang='lat' dir='ltr'><strong>in</strong></span> <span class='ocrx_word' id='word_1_669' title='bbox 2690 4519 2875 4559; x_wconf 88' lang='lat' dir='ltr'><strong>eremo</strong></span> <span class='ocrx_word' id='word_1_670' title='bbox 2914 4481 3271 4575; x_wconf 82' lang='lat' dir='ltr'><strong>constitutus,</strong></span> <span class='ocrx_word' id='word_1_671' title='bbox 3310 4517 3576 4579; x_wconf 86' lang='lat' dir='ltr'><strong>tamquam</strong></span> 
     </span>
    </p>
   </div>
   <div class='ocr_carea' id='block_1_92' title="bbox 320 4594 1893 4669">
    <p class='ocr_par' dir='ltr' id='par_1_92' title="bbox 320 4594 1893 4669">
     <span class='ocr_line' id='line_1_92' title="bbox 320 4594 1893 4669; baseline -0.001 -18"><span class='ocrx_word' id='word_1_672' title='bbox 320 4598 363 4669; x_wconf 95' lang='lat' dir='ltr'><strong>(l</strong></span> <span class='ocrx_word' id='word_1_673' title='bbox 398 4598 526 4668; x_wconf 85' lang='lat' dir='ltr'><strong>Reg.</strong></span> <span class='ocrx_word' id='word_1_674' title='bbox 558 4599 713 4665; x_wconf 68' lang='grc' dir='ltr'><strong>χχιιι)</strong></span> <span class='ocrx_word' id='word_1_675' title='bbox 758 4612 773 4649; x_wconf 85' lang='lat'><strong>:</strong></span> <span class='ocrx_word' id='word_1_676' title='bbox 806 4596 895 4664; x_wconf 91' lang='lat' dir='ltr'><strong>qui</strong></span> <span class='ocrx_word' id='word_1_677' title='bbox 927 4597 979 4648; x_wconf 94' lang='lat' dir='ltr'><strong>in</strong></span> <span class='ocrx_word' id='word_1_678' title='bbox 1021 4595 1266 4649; x_wconf 56' lang='lat' dir='ltr'><strong>Idumaeas</strong></span> <span class='ocrx_word' id='word_1_679' title='bbox 1291 4594 1626 4649; x_wconf 89' lang='lat' dir='ltr'><strong>ariditatibus</strong></span> <span class='ocrx_word' id='word_1_680' title='bbox 1652 4608 1893 4649; x_wconf 88' lang='lat' dir='ltr'><strong>commo-</strong></span> 
     </span>
    </p>
   </div>
   <div class='ocr_carea' id='block_1_93' title="bbox 319 4683 1894 4753">
    <p class='ocr_par' dir='ltr' id='par_1_93' title="bbox 319 4683 1894 4753">
     <span class='ocr_line' id='line_1_93' title="bbox 319 4683 1894 4753; baseline -0.001 -13"><span class='ocrx_word' id='word_1_681' title='bbox 319 4698 505 4753; x_wconf 89' lang='lat' dir='ltr'><strong>ratus,</strong></span> <span class='ocrx_word' id='word_1_682' title='bbox 561 4693 670 4739; x_wconf 89' lang='lat' dir='ltr'><strong>toto</strong></span> <span class='ocrx_word' id='word_1_683' title='bbox 700 4684 984 4739; x_wconf 92' lang='lat' dir='ltr'><strong>Dominum</strong></span> <span class='ocrx_word' id='word_1_684' title='bbox 1011 4684 1177 4737; x_wconf 91' lang='lat' dir='ltr'><strong>corde</strong></span> <span class='ocrx_word' id='word_1_685' title='bbox 1220 4683 1475 4747; x_wconf 88' lang='lat' dir='ltr'><strong>sitiebat,</strong></span> <span class='ocrx_word' id='word_1_686' title='bbox 1516 4694 1574 4736; x_wconf 92' lang='lat' dir='ltr'><strong>ut</strong></span> <span class='ocrx_word' id='word_1_687' title='bbox 1613 4684 1803 4738; x_wconf 88' lang='lat' dir='ltr'><strong>sitiens</strong></span> <span class='ocrx_word' id='word_1_688' title='bbox 1841 4685 1894 4738; x_wconf 91' lang='lat' dir='ltr'><strong>in</strong></span> 
     </span>
    </p>
   </div>
   <div class='ocr_carea' id='block_1_94' title="bbox 319 4775 1896 4845">
    <p class='ocr_par' dir='ltr' id='par_1_94' title="bbox 319 4775 1896 4845">
     <span class='ocr_line' id='line_1_94' title="bbox 319 4775 1896 4845; baseline -0.001 -14"><span class='ocrx_word' id='word_1_689' title='bbox 319 4782 536 4831; x_wconf 88' lang='lat' dir='ltr'><strong>deserto</strong></span> <span class='ocrx_word' id='word_1_690' title='bbox 564 4786 620 4832; x_wconf 91' lang='lat' dir='ltr'><strong>et</strong></span> <span class='ocrx_word' id='word_1_691' title='bbox 647 4779 697 4831; x_wconf 92' lang='lat' dir='ltr'><strong>in</strong></span> <span class='ocrx_word' id='word_1_692' title='bbox 732 4775 879 4830; x_wconf 92' lang='lat' dir='ltr'><strong>invio</strong></span> <span class='ocrx_word' id='word_1_693' title='bbox 914 4785 968 4830; x_wconf 91' lang='lat' dir='ltr'><strong>et</strong></span> <span class='ocrx_word' id='word_1_694' title='bbox 1002 4776 1263 4845; x_wconf 89' lang='lat' dir='ltr'><strong>inaquoso</strong></span> <span class='ocrx_word' id='word_1_695' title='bbox 1290 4817 1304 4843; x_wconf 95' lang='lat'><strong>,</strong></span> <span class='ocrx_word' id='word_1_696' title='bbox 1334 4782 1449 4830; x_wconf 91' lang='lat' dir='ltr'><strong>tum</strong></span> <span class='ocrx_word' id='word_1_697' title='bbox 1475 4775 1689 4831; x_wconf 91' lang='lat' dir='ltr'><strong>demum</strong></span> <span class='ocrx_word' id='word_1_698' title='bbox 1728 4790 1896 4845; x_wconf 89' lang='lat' dir='ltr'><strong>appa-</strong></span> 
     </span>
    </p>
   </div>
   <div class='ocr_carea' id='block_1_95' title="bbox 320 4865 1897 4937">
    <p class='ocr_par' dir='ltr' id='par_1_95' title="bbox 320 4865 1897 4937">
     <span class='ocr_line' id='line_1_95' title="bbox 320 4865 1897 4937; baseline -0.002 -12"><span class='ocrx_word' id='word_1_699' title='bbox 320 4878 466 4925; x_wconf 87' lang='lat' dir='ltr'><strong>reret</strong></span> <span class='ocrx_word' id='word_1_700' title='bbox 488 4870 598 4925; x_wconf 91' lang='lat' dir='ltr'><strong>Deo</strong></span> <span class='ocrx_word' id='word_1_701' title='bbox 620 4870 670 4924; x_wconf 91' lang='lat' dir='ltr'><strong>in</strong></span> <span class='ocrx_word' id='word_1_702' title='bbox 694 4876 901 4934; x_wconf 89' lang='lat' dir='ltr'><strong>sancto,</strong></span> <span class='ocrx_word' id='word_1_703' title='bbox 930 4882 993 4923; x_wconf 88' lang='lat' dir='ltr'><strong>ac</strong></span> <span class='ocrx_word' id='word_1_704' title='bbox 1019 4866 1275 4937; x_wconf 89' lang='lat' dir='ltr'><strong>deinceps</strong></span> <span class='ocrx_word' id='word_1_705' title='bbox 1296 4865 1390 4921; x_wconf 90' lang='lat' dir='ltr'><strong>Dei</strong></span> <span class='ocrx_word' id='word_1_706' title='bbox 1413 4867 1665 4921; x_wconf 88' lang='lat' dir='ltr'><strong>virtutem</strong></span> <span class='ocrx_word' id='word_1_707' title='bbox 1696 4868 1897 4937; x_wconf 91' lang='lat' dir='ltr'><strong>pariter</strong></span> 
     </span>
    </p>
   </div>
   <div class='ocr_carea' id='block_1_96' title="bbox 320 4959 1135 5031">
    <p class='ocr_par' dir='ltr' id='par_1_96' title="bbox 320 4959 1135 5031">
     <span class='ocr_line' id='line_1_96' title="bbox 320 4959 1135 5031; baseline -0.004 -17"><span class='ocrx_word' id='word_1_708' title='bbox 320 4971 375 5014; x_wconf 85' lang='lat' dir='ltr'><strong>et</strong></span> <span class='ocrx_word' id='word_1_709' title='bbox 404 4962 628 5031; x_wconf 88' lang='lat' dir='ltr'><strong>gloriam</strong></span> <span class='ocrx_word' id='word_1_710' title='bbox 660 4966 877 5015; x_wconf 88' lang='lat' dir='ltr'><strong>sanctus</strong></span> <span class='ocrx_word' id='word_1_711' title='bbox 908 4959 1135 5013; x_wconf 90' lang='lat' dir='ltr'><strong>videret.</strong></span> 
     </span>
    </p>
   </div>
   <div class='ocr_carea' id='block_1_97' title="bbox 390 5053 1900 5121">
    <p class='ocr_par' dir='ltr' id='par_1_97' title="bbox 390 5053 1900 5121">
     <span class='ocr_line' id='line_1_97' title="bbox 390 5053 1900 5121; baseline 0.001 -11"><span class='ocrx_word' id='word_1_712' title='bbox 390 5056 480 5110; x_wconf 87' lang='lat' dir='ltr'><strong>l8.</strong></span> <span class='ocrx_word' id='word_1_713' title='bbox 538 5054 682 5109; x_wconf 86' lang='lat' dir='ltr'><strong>Elias</strong></span> <span class='ocrx_word' id='word_1_714' title='bbox 734 5068 903 5121; x_wconf 90' lang='lat' dir='ltr'><strong>vero,</strong></span> <span class='ocrx_word' id='word_1_715' title='bbox 934 5053 1206 5108; x_wconf 80' lang='lat' dir='ltr'><strong>maximus</strong></span> <span class='ocrx_word' id='word_1_716' title='bbox 1259 5061 1590 5110; x_wconf 87' lang='lat' dir='ltr'><strong>secretorum</strong></span> <span class='ocrx_word' id='word_1_717' title='bbox 1646 5055 1900 5121; x_wconf 88' lang='lat' dir='ltr'><strong>colonus;</strong></span> 
     </span>
    </p>
   </div>
   <div class='ocr_carea' id='block_1_98' title="bbox 317 5146 1900 5217">
    <p class='ocr_par' dir='ltr' id='par_1_98' title="bbox 317 5146 1900 5217">
     <span class='ocr_line' id='line_1_98' title="bbox 317 5146 1900 5217; baseline 0.001 -14"><span class='ocrx_word' id='word_1_718' title='bbox 317 5148 509 5204; x_wconf 64' lang='lat' dir='ltr'><strong>caelum</strong></span> <span class='ocrx_word' id='word_1_719' title='bbox 537 5147 800 5202; x_wconf 89' lang='lat' dir='ltr'><strong>imbribus</strong></span> <span class='ocrx_word' id='word_1_720' title='bbox 826 5146 1041 5213; x_wconf 89' lang='lat' dir='ltr'><strong>clausit,</strong></span> <span class='ocrx_word' id='word_1_721' title='bbox 1076 5146 1290 5217; x_wconf 86' lang='lat' dir='ltr'><strong>ignibus</strong></span> <span class='ocrx_word' id='word_1_722' title='bbox 1332 5148 1624 5217; x_wconf 88' lang='lat' dir='ltr'><strong>reseravit,</strong></span> <span class='ocrx_word' id='word_1_723' title='bbox 1655 5149 1900 5205; x_wconf 86' lang='lat' dir='ltr'><strong>ministra</strong></span> 
     </span>
    </p>
   </div>
   <div class='ocr_carea' id='block_1_99' title="bbox 318 5238 1897 5309">
    <p class='ocr_par' dir='ltr' id='par_1_99' title="bbox 318 5238 1897 5309">
     <span class='ocr_line' id='line_1_99' title="bbox 318 5238 1897 5309; baseline 0.003 -18"><span class='ocrx_word' id='word_1_724' title='bbox 318 5240 445 5294; x_wconf 90' lang='lat' dir='ltr'><strong>alite</strong></span> <span class='ocrx_word' id='word_1_725' title='bbox 502 5238 682 5293; x_wconf 90' lang='lat' dir='ltr'><strong>cibum</strong></span> <span class='ocrx_word' id='word_1_726' title='bbox 735 5238 1005 5307; x_wconf 91' lang='lat' dir='ltr'><strong>sumpsit,</strong></span> <span class='ocrx_word' id='word_1_727' title='bbox 1054 5238 1159 5292; x_wconf 85' lang='lat' dir='ltr'><strong>ﬂxa</strong></span> <span class='ocrx_word' id='word_1_728' title='bbox 1201 5239 1534 5309; x_wconf 85' lang='lat' dir='ltr'><strong>mortisjura</strong></span> <span class='ocrx_word' id='word_1_729' title='bbox 1584 5242 1897 5307; x_wconf 89' lang='lat' dir='ltr'><strong>revocavit,</strong></span> 
     </span>
    </p>
   </div>
   <div class='ocr_carea' id='block_1_100' title="bbox 319 5329 1899 5398">
    <p class='ocr_par' dir='ltr' id='par_1_100' title="bbox 319 5329 1899 5398">
     <span class='ocr_line' id='line_1_100' title="bbox 319 5329 1899 5398; baseline 0.002 -14"><span class='ocrx_word' id='word_1_730' title='bbox 319 5329 612 5385; x_wconf 72' lang='lat' dir='ltr'><strong>Iordanem</strong></span> <span class='ocrx_word' id='word_1_731' title='bbox 638 5329 919 5383; x_wconf 91' lang='lat' dir='ltr'><strong>dividuum</strong></span> <span class='ocrx_word' id='word_1_732' title='bbox 939 5330 1238 5398; x_wconf 89' lang='lat' dir='ltr'><strong>interrupto</strong></span> <span class='ocrx_word' id='word_1_733' title='bbox 1260 5344 1417 5384; x_wconf 85' lang='lat' dir='ltr'><strong>amne</strong></span> <span class='ocrx_word' id='word_1_734' title='bbox 1440 5332 1685 5385; x_wconf 83' lang='lat' dir='ltr'><strong>transivit</strong></span> <span class='ocrx_word' id='word_1_735' title='bbox 1704 5335 1899 5387; x_wconf 73' lang='lat' dir='ltr'><strong>cmlum</strong></span> 
     </span>
    </p>
   </div>
   <div class='ocr_carea' id='block_1_101' title="bbox 320 5421 1897 5496">
    <p class='ocr_par' dir='ltr' id='par_1_101' title="bbox 320 5421 1897 5496">
     <span class='ocr_line' id='line_1_101' title="bbox 320 5421 1897 5496; baseline 0.003 -20"><span class='ocrx_word' id='word_1_736' title='bbox 320 5424 531 5478; x_wconf 89' lang='lat' dir='ltr'><strong>ardenti</strong></span> <span class='ocrx_word' id='word_1_737' title='bbox 586 5438 748 5477; x_wconf 91' lang='lat' dir='ltr'><strong>curru</strong></span> <span class='ocrx_word' id='word_1_738' title='bbox 797 5431 982 5493; x_wconf 84' lang='lat' dir='ltr'><strong>raptus</strong></span> <span class='ocrx_word' id='word_1_739' title='bbox 1032 5421 1275 5478; x_wconf 88' lang='lat' dir='ltr'><strong>ascendit</strong></span> <span class='ocrx_word' id='word_1_740' title='bbox 1313 5422 1402 5496; x_wconf 93' lang='lat' dir='ltr'><strong>(Ill</strong></span> <span class='ocrx_word' id='word_1_741' title='bbox 1430 5422 1559 5495; x_wconf 84' lang='lat' dir='ltr'><strong>Reg.</strong></span> <span class='ocrx_word' id='word_1_742' title='bbox 1590 5440 1739 5492; x_wconf 86' lang='lat' dir='ltr'><strong>xvn,</strong></span> <span class='ocrx_word' id='word_1_743' title='bbox 1797 5428 1897 5492; x_wconf 74' lang='lat'><strong>18;</strong></span> 
     </span>
    </p>
   </div>
   <div class='ocr_carea' id='block_1_102' title="bbox 322 5514 675 5587">
    <p class='ocr_par' dir='ltr' id='par_1_102' title="bbox 322 5514 675 5587">
     <span class='ocr_line' id='line_1_102' title="bbox 322 5514 675 5587; baseline -0.008 -16"><span class='ocrx_word' id='word_1_744' title='bbox 322 5515 391 5572; x_wconf 84' lang='lat' dir='ltr'><strong>IV</strong></span> <span class='ocrx_word' id='word_1_745' title='bbox 421 5516 553 5587; x_wconf 83' lang='lat' dir='ltr'><strong>Reg.</strong></span> <span class='ocrx_word' id='word_1_746' title='bbox 594 5514 675 5586; x_wconf 93' lang='grc' dir='ltr'><strong>ιι).</strong></span> 
     </span>
    </p>
   </div>
   <div class='ocr_carea' id='block_1_103' title="bbox 392 5604 1897 5678">
    <p class='ocr_par' dir='ltr' id='par_1_103' title="bbox 392 5604 1897 5678">
     <span class='ocr_line' id='line_1_103' title="bbox 392 5604 1897 5678; baseline 0.004 -19"><span class='ocrx_word' id='word_1_747' title='bbox 392 5604 478 5661; x_wconf 80' lang='lat' dir='ltr'><strong>t9.</strong></span> <span class='ocrx_word' id='word_1_748' title='bbox 526 5605 662 5672; x_wconf 91' lang='lat' dir='ltr'><strong>Quid</strong></span> <span class='ocrx_word' id='word_1_749' title='bbox 691 5606 883 5662; x_wconf 87' lang='lat' dir='ltr'><strong>deinde</strong></span> <span class='ocrx_word' id='word_1_750' title='bbox 912 5605 1166 5675; x_wconf 65' lang='lat' dir='ltr'><strong>Elisseus,</strong></span> <span class='ocrx_word' id='word_1_751' title='bbox 1199 5616 1538 5665; x_wconf 85' lang='lat' dir='ltr'><strong>consectatur</strong></span> <span class='ocrx_word' id='word_1_752' title='bbox 1585 5613 1710 5664; x_wconf 82' lang='lat' dir='ltr'><strong>vitae</strong></span> <span class='ocrx_word' id='word_1_753' title='bbox 1740 5609 1897 5678; x_wconf 89' lang='lat' dir='ltr'><strong>hujus</strong></span> 
     </span>
    </p>
   </div>
   <div class='ocr_carea' id='block_1_104' title="bbox 323 5696 1891 5771">
    <p class='ocr_par' dir='ltr' id='par_1_104' title="bbox 323 5696 1891 5771">
     <span class='ocr_line' id='line_1_104' title="bbox 323 5696 1891 5771; baseline 0.004 -18"><span class='ocrx_word' id='word_1_754' title='bbox 323 5708 479 5769; x_wconf 83' lang='lat' dir='ltr'><strong>atque</strong></span> <span class='ocrx_word' id='word_1_755' title='bbox 516 5696 761 5756; x_wconf 81' lang='lat' dir='ltr'><strong>virtutis?</strong></span> <span class='ocrx_word' id='word_1_756' title='bbox 791 5715 972 5757; x_wconf 91' lang='lat' dir='ltr'><strong>nonne</strong></span> <span class='ocrx_word' id='word_1_757' title='bbox 1023 5698 1246 5771; x_wconf 85' lang='lat' dir='ltr'><strong>perinde</strong></span> <span class='ocrx_word' id='word_1_758' title='bbox 1285 5701 1465 5758; x_wconf 84' lang='lat' dir='ltr'><strong>divino</strong></span> <span class='ocrx_word' id='word_1_759' title='bbox 1510 5702 1891 5767; x_wconf 85' lang='lat' dir='ltr'><strong>miraculorum</strong></span> 
     </span>
    </p>
   </div>
   <div class='ocr_carea' id='block_1_105' title="bbox 1993 4592 3575 4670">
    <p class='ocr_par' dir='ltr' id='par_1_105' title="bbox 1993 4592 3575 4670">
     <span class='ocr_line' id='line_1_105' title="bbox 1993 4592 3575 4670; baseline 0.008 -27"><span class='ocrx_word' id='word_1_760' title='bbox 1993 4592 2104 4661; x_wconf 89' lang='lat' dir='ltr'><strong>jam</strong></span> <span class='ocrx_word' id='word_1_761' title='bbox 2135 4592 2191 4646; x_wconf 93' lang='lat' dir='ltr'><strong>in</strong></span> <span class='ocrx_word' id='word_1_762' title='bbox 2217 4593 2411 4647; x_wconf 69' lang='lat' dir='ltr'><strong>coelum</strong></span> <span class='ocrx_word' id='word_1_763' title='bbox 2438 4602 2705 4663; x_wconf 89' lang='lat' dir='ltr'><strong>revectus,</strong></span> <span class='ocrx_word' id='word_1_764' title='bbox 2735 4599 3130 4652; x_wconf 88' lang='lat' dir='ltr'><strong>occurrentium</strong></span> <span class='ocrx_word' id='word_1_765' title='bbox 3159 4603 3423 4670; x_wconf 85' lang='lat' dir='ltr'><strong>excipitur</strong></span> <span class='ocrx_word' id='word_1_766' title='bbox 3454 4601 3575 4655; x_wconf 81' lang='lat' dir='ltr'><strong>ofﬂ-</strong></span> 
     </span>
    </p>
   </div>
   <div class='ocr_carea' id='block_1_106' title="bbox 1999 4688 3578 4763">
    <p class='ocr_par' dir='ltr' id='par_1_106' title="bbox 1999 4688 3578 4763">
     <span class='ocr_line' id='line_1_106' title="bbox 1999 4688 3578 4763; baseline 0.008 -21"><span class='ocrx_word' id='word_1_767' title='bbox 1999 4688 2096 4743; x_wconf 90' lang='lat' dir='ltr'><strong>ciis</strong></span> <span class='ocrx_word' id='word_1_768' title='bbox 2144 4689 2454 4759; x_wconf 88' lang='lat' dir='ltr'><strong>angelorum</strong></span> <span class='ocrx_word' id='word_1_769' title='bbox 2490 4690 2666 4761; x_wconf 80' lang='lat' dir='ltr'><strong>(Matt.</strong></span> <span class='ocrx_word' id='word_1_770' title='bbox 2724 4708 2796 4754; x_wconf 78' lang='lat' dir='ltr'><strong>tv,</strong></span> <span class='ocrx_word' id='word_1_771' title='bbox 2840 4694 2950 4763; x_wconf 80' lang='grc'><strong>11).</strong></span> <span class='ocrx_word' id='word_1_772' title='bbox 2996 4695 3069 4750; x_wconf 92' lang='lat' dir='ltr'><strong>lbi</strong></span> <span class='ocrx_word' id='word_1_773' title='bbox 3115 4706 3238 4754; x_wconf 92' lang='lat' dir='ltr'><strong>tunc</strong></span> <span class='ocrx_word' id='word_1_774' title='bbox 3284 4708 3578 4756; x_wconf 88' lang='lat' dir='ltr'><strong>tentantem</strong></span> 
     </span>
    </p>
   </div>
   <div class='ocr_carea' id='block_1_107' title="bbox 1999 4780 3579 4863">
    <p class='ocr_par' dir='ltr' id='par_1_107' title="bbox 1999 4780 3579 4863">
     <span class='ocr_line' id='line_1_107' title="bbox 1999 4780 3579 4863; baseline 0.009 -29"><span class='ocrx_word' id='word_1_775' title='bbox 1999 4789 2142 4835; x_wconf 70' lang='lat' dir='ltr'><strong>nota:</strong></span> <span class='ocrx_word' id='word_1_776' title='bbox 2189 4780 2321 4835; x_wconf 89' lang='lat' dir='ltr'><strong>artis</strong></span> <span class='ocrx_word' id='word_1_777' title='bbox 2372 4780 2580 4837; x_wconf 88' lang='lat' dir='ltr'><strong>insidiis</strong></span> <span class='ocrx_word' id='word_1_778' title='bbox 2618 4783 2827 4839; x_wconf 90' lang='lat' dir='ltr'><strong>hostem</strong></span> <span class='ocrx_word' id='word_1_779' title='bbox 2871 4786 3015 4842; x_wconf 91' lang='lat' dir='ltr'><strong>illum</strong></span> <span class='ocrx_word' id='word_1_780' title='bbox 3062 4789 3266 4861; x_wconf 90' lang='lat' dir='ltr'><strong>antiqui</strong></span> <span class='ocrx_word' id='word_1_781' title='bbox 3319 4795 3579 4863; x_wconf 79' lang='lat' dir='ltr'><strong>tempOris</strong></span> 
     </span>
    </p>
   </div>
   <div class='ocr_carea' id='block_1_108' title="bbox 2000 4870 3580 4947">
    <p class='ocr_par' dir='ltr' id='par_1_108' title="bbox 2000 4870 3580 4947">
     <span class='ocr_line' id='line_1_108' title="bbox 2000 4870 3580 4947; baseline 0.011 -23"><span class='ocrx_word' id='word_1_782' title='bbox 2000 4870 2331 4937; x_wconf 89' lang='lat' dir='ltr'><strong>confutavit,</strong></span> <span class='ocrx_word' id='word_1_783' title='bbox 2381 4876 2951 4947; x_wconf 90' lang='lat' dir='ltr'><strong>supplantatoremque</strong></span> <span class='ocrx_word' id='word_1_784' title='bbox 2980 4882 3181 4936; x_wconf 88' lang='lat' dir='ltr'><strong>veteris</strong></span> <span class='ocrx_word' id='word_1_785' title='bbox 3211 4883 3381 4938; x_wconf 83' lang='lat' dir='ltr'><strong>Adam</strong></span> <span class='ocrx_word' id='word_1_786' title='bbox 3412 4900 3580 4941; x_wconf 79' lang='lat' dir='ltr'><strong>novus</strong></span> 
     </span>
    </p>
   </div>
   <div class='ocr_carea' id='block_1_109' title="bbox 2002 4961 3578 5044">
    <p class='ocr_par' dir='ltr' id='par_1_109' title="bbox 2002 4961 3578 5044">
     <span class='ocr_line' id='line_1_109' title="bbox 2002 4961 3578 5044; baseline 0.009 -29"><span class='ocrx_word' id='word_1_787' title='bbox 2002 4961 2172 5016; x_wconf 78' lang='lat' dir='ltr'><strong>Adam</strong></span> <span class='ocrx_word' id='word_1_788' title='bbox 2198 4963 2414 5031; x_wconf 89' lang='lat' dir='ltr'><strong>repulit.</strong></span> <span class='ocrx_word' id='word_1_789' title='bbox 2443 4964 2489 5019; x_wconf 90' lang='grc' dir='ltr'>Ο</span> <span class='ocrx_word' id='word_1_790' title='bbox 2516 4966 2635 5021; x_wconf 89' lang='lat' dir='ltr'><strong>laus</strong></span> <span class='ocrx_word' id='word_1_791' title='bbox 2659 4982 2848 5037; x_wconf 91' lang='lat' dir='ltr'><strong>magna</strong></span> <span class='ocrx_word' id='word_1_792' title='bbox 2877 4968 3111 5036; x_wconf 88' lang='lat' dir='ltr'><strong>deserti,</strong></span> <span class='ocrx_word' id='word_1_793' title='bbox 3138 4981 3193 5026; x_wconf 92' lang='lat' dir='ltr'><strong>ut</strong></span> <span class='ocrx_word' id='word_1_794' title='bbox 3218 4973 3465 5030; x_wconf 90' lang='lat' dir='ltr'><strong>diabolus</strong></span> <span class='ocrx_word' id='word_1_795' title='bbox 3490 4977 3578 5044; x_wconf 92' lang='lat' dir='ltr'><strong>qui</strong></span> 
     </span>
    </p>
   </div>
   <div class='ocr_carea' id='block_1_110' title="bbox 2001 5056 3222 5125">
    <p class='ocr_par' dir='ltr' id='par_1_110' title="bbox 2001 5056 3222 5125">
     <span class='ocr_line' id='line_1_110' title="bbox 2001 5056 3222 5125; baseline 0.008 -16"><span class='ocrx_word' id='word_1_796' title='bbox 2001 5056 2204 5110; x_wconf 90' lang='lat' dir='ltr'><strong>vicerat</strong></span> <span class='ocrx_word' id='word_1_797' title='bbox 2234 5056 2283 5109; x_wconf 90' lang='lat' dir='ltr'><strong>in</strong></span> <span class='ocrx_word' id='word_1_798' title='bbox 2308 5060 2576 5125; x_wconf 89' lang='lat' dir='ltr'><strong>paradiso,</strong></span> <span class='ocrx_word' id='word_1_799' title='bbox 2605 5060 2659 5113; x_wconf 92' lang='lat' dir='ltr'><strong>in</strong></span> <span class='ocrx_word' id='word_1_800' title='bbox 2686 5076 2872 5116; x_wconf 89' lang='lat' dir='ltr'><strong>eremo</strong></span> <span class='ocrx_word' id='word_1_801' title='bbox 2891 5064 3222 5120; x_wconf 88' lang='lat' dir='ltr'><strong>vinceretur!</strong></span> 
     </span>
    </p>
   </div>
   <div class='ocr_carea' id='block_1_111' title="bbox 2073 5146 3581 5226">
    <p class='ocr_par' dir='ltr' id='par_1_111' title="bbox 2073 5146 3581 5226">
     <span class='ocr_line' id='line_1_111' title="bbox 2073 5146 3581 5226; baseline 0.007 -25"><span class='ocrx_word' id='word_1_802' title='bbox 2073 5146 2163 5202; x_wconf 72' lang='grc'><strong>24.</strong></span> <span class='ocrx_word' id='word_1_803' title='bbox 2199 5148 2454 5203; x_wconf 89' lang='lat' dir='ltr'><strong>Desertus</strong></span> <span class='ocrx_word' id='word_1_804' title='bbox 2484 5151 2643 5205; x_wconf 90' lang='lat' dir='ltr'><strong>etiam</strong></span> <span class='ocrx_word' id='word_1_805' title='bbox 2670 5151 2820 5206; x_wconf 89' lang='lat' dir='ltr'><strong>locus</strong></span> <span class='ocrx_word' id='word_1_806' title='bbox 2850 5153 2940 5207; x_wconf 91' lang='lat' dir='ltr'><strong>ille</strong></span> <span class='ocrx_word' id='word_1_807' title='bbox 2969 5166 3083 5209; x_wconf 90' lang='lat' dir='ltr'><strong>erat</strong></span> <span class='ocrx_word' id='word_1_808' title='bbox 3116 5156 3169 5210; x_wconf 94' lang='lat' dir='ltr'><strong>in</strong></span> <span class='ocrx_word' id='word_1_809' title='bbox 3210 5172 3316 5226; x_wconf 88' lang='lat' dir='ltr'><strong>quo</strong></span> <span class='ocrx_word' id='word_1_810' title='bbox 3337 5157 3581 5211; x_wconf 88' lang='lat' dir='ltr'><strong>Salvator</strong></span> 
     </span>
    </p>
   </div>
   <div class='ocr_carea' id='block_1_112' title="bbox 2003 5239 3582 5317">
    <p class='ocr_par' dir='ltr' id='par_1_112' title="bbox 2003 5239 3582 5317">
     <span class='ocr_line' id='line_1_112' title="bbox 2003 5239 3582 5317; baseline 0.006 -24"><span class='ocrx_word' id='word_1_811' title='bbox 2003 5249 2189 5295; x_wconf 86' lang='lat' dir='ltr'><strong>noster</strong></span> <span class='ocrx_word' id='word_1_812' title='bbox 2226 5239 2464 5310; x_wconf 91' lang='lat' dir='ltr'><strong>quinque</strong></span> <span class='ocrx_word' id='word_1_813' title='bbox 2512 5243 2752 5297; x_wconf 89' lang='lat' dir='ltr'><strong>virorum</strong></span> <span class='ocrx_word' id='word_1_814' title='bbox 2786 5243 2951 5299; x_wconf 91' lang='lat' dir='ltr'><strong>millia</strong></span> <span class='ocrx_word' id='word_1_815' title='bbox 2998 5247 3220 5316; x_wconf 87' lang='lat' dir='ltr'><strong>panibus</strong></span> <span class='ocrx_word' id='word_1_816' title='bbox 3264 5247 3501 5317; x_wconf 88' lang='lat' dir='ltr'><strong>quinque</strong></span> <span class='ocrx_word' id='word_1_817' title='bbox 3529 5256 3582 5302; x_wconf 85' lang='lat' dir='ltr'><strong>et</strong></span> 
     </span>
    </p>
   </div>
   <div class='ocr_carea' id='block_1_113' title="bbox 2004 5333 3583 5407">
    <p class='ocr_par' dir='ltr' id='par_1_113' title="bbox 2004 5333 3583 5407">
     <span class='ocr_line' id='line_1_113' title="bbox 2004 5333 3583 5407; baseline 0.004 -20"><span class='ocrx_word' id='word_1_818' title='bbox 2004 5333 2238 5401; x_wconf 81' lang='lat' dir='ltr'><strong>piscibus</strong></span> <span class='ocrx_word' id='word_1_819' title='bbox 2296 5344 2502 5387; x_wconf 90' lang='lat' dir='ltr'><strong>tantum</strong></span> <span class='ocrx_word' id='word_1_820' title='bbox 2551 5335 2763 5389; x_wconf 90' lang='lat' dir='ltr'><strong>duobus</strong></span> <span class='ocrx_word' id='word_1_821' title='bbox 2814 5339 2998 5405; x_wconf 90' lang='lat' dir='ltr'><strong>pavit,</strong></span> <span class='ocrx_word' id='word_1_822' title='bbox 3050 5338 3302 5405; x_wconf 88' lang='lat' dir='ltr'><strong>satiavit,</strong></span> <span class='ocrx_word' id='word_1_823' title='bbox 3349 5338 3583 5407; x_wconf 87' lang='lat' dir='ltr'><strong>explevit</strong></span> 
     </span>
    </p>
   </div>
   <div class='ocr_carea' id='block_1_114' title="bbox 2003 5424 3583 5498">
    <p class='ocr_par' dir='ltr' id='par_1_114' title="bbox 2003 5424 3583 5498">
     <span class='ocr_line' id='line_1_114' title="bbox 2003 5424 3583 5498; baseline 0.004 -20"><span class='ocrx_word' id='word_1_824' title='bbox 2003 5424 2195 5491; x_wconf 81' lang='lat' dir='ltr'><strong>(Marc.</strong></span> <span class='ocrx_word' id='word_1_825' title='bbox 2248 5426 2386 5495; x_wconf 88' lang='lat' dir='ltr'><strong>vnt).</strong></span> <span class='ocrx_word' id='word_1_826' title='bbox 2434 5426 2660 5494; x_wconf 89' lang='lat' dir='ltr'><strong>Semper</strong></span> <span class='ocrx_word' id='word_1_827' title='bbox 2704 5427 2756 5481; x_wconf 93' lang='lat' dir='ltr'><strong>in</strong></span> <span class='ocrx_word' id='word_1_828' title='bbox 2801 5427 3055 5496; x_wconf 88' lang='lat' dir='ltr'><strong>deserto,</strong></span> <span class='ocrx_word' id='word_1_829' title='bbox 3090 5443 3226 5498; x_wconf 86' lang='lat' dir='ltr'><strong>pane</strong></span> <span class='ocrx_word' id='word_1_830' title='bbox 3264 5430 3423 5485; x_wconf 80' lang='lat' dir='ltr'><strong>Jesus</strong></span> <span class='ocrx_word' id='word_1_831' title='bbox 3457 5446 3583 5485; x_wconf 89' lang='lat' dir='ltr'><strong>suos</strong></span> 
     </span>
    </p>
   </div>
   <div class='ocr_carea' id='block_1_115' title="bbox 2001 5516 3583 5585">
    <p class='ocr_par' dir='ltr' id='par_1_115' title="bbox 2001 5516 3583 5585">
     <span class='ocr_line' id='line_1_115' title="bbox 2001 5516 3583 5585; baseline 0.004 -16"><span class='ocrx_word' id='word_1_832' title='bbox 2001 5518 2195 5584; x_wconf 88' lang='lat' dir='ltr'><strong>pascit.</strong></span> <span class='ocrx_word' id='word_1_833' title='bbox 2234 5516 2357 5571; x_wconf 91' lang='lat' dir='ltr'><strong>Suis</strong></span> <span class='ocrx_word' id='word_1_834' title='bbox 2388 5518 2697 5585; x_wconf 59' lang='lat' dir='ltr'><strong>praetulerat</strong></span> <span class='ocrx_word' id='word_1_835' title='bbox 2736 5518 2864 5573; x_wconf 91' lang='lat' dir='ltr'><strong>olim</strong></span> <span class='ocrx_word' id='word_1_836' title='bbox 2898 5534 3090 5574; x_wconf 84' lang='lat' dir='ltr'><strong>manna</strong></span> <span class='ocrx_word' id='word_1_837' title='bbox 3136 5521 3299 5575; x_wconf 90' lang='lat' dir='ltr'><strong>divini</strong></span> <span class='ocrx_word' id='word_1_838' title='bbox 3347 5523 3583 5577; x_wconf 87' lang='lat' dir='ltr'><strong>muneris</strong></span> 
     </span>
    </p>
   </div>
   <div class='ocr_carea' id='block_1_116' title="bbox 2003 5613 3585 5685">
    <p class='ocr_par' dir='ltr' id='par_1_116' title="bbox 2003 5613 3585 5685">
     <span class='ocr_line' id='line_1_116' title="bbox 2003 5613 3585 5685; baseline 0.003 -18"><span class='ocrx_word' id='word_1_839' title='bbox 2003 5613 2185 5680; x_wconf 84' lang='lat' dir='ltr'><strong>fidem,</strong></span> <span class='ocrx_word' id='word_1_840' title='bbox 2229 5631 2371 5669; x_wconf 87' lang='lat' dir='ltr'><strong>nunc</strong></span> <span class='ocrx_word' id='word_1_841' title='bbox 2403 5614 2662 5683; x_wconf 86' lang='lat' dir='ltr'><strong>fragmina</strong></span> <span class='ocrx_word' id='word_1_842' title='bbox 2693 5614 2995 5670; x_wconf 87' lang='lat' dir='ltr'><strong>retulerunt</strong></span> <span class='ocrx_word' id='word_1_843' title='bbox 3030 5632 3045 5668; x_wconf 88' lang='lat'><strong>:</strong></span> <span class='ocrx_word' id='word_1_844' title='bbox 3094 5615 3392 5685; x_wconf 88' lang='lat' dir='ltr'><strong>eodemque</strong></span> <span class='ocrx_word' id='word_1_845' title='bbox 3423 5619 3585 5671; x_wconf 80' lang='lat' dir='ltr'><strong>mira-</strong></span> 
     </span>
    </p>
   </div>
   <div class='ocr_carea' id='block_1_117' title="bbox 2002 5707 3585 5771">
    <p class='ocr_par' dir='ltr' id='par_1_117' title="bbox 2002 5707 3585 5771">
     <span class='ocr_line' id='line_1_117' title="bbox 2002 5707 3585 5771; baseline -0.002 -8"><span class='ocrx_word' id='word_1_846' title='bbox 2002 5707 2125 5764; x_wconf 93' lang='lat' dir='ltr'><strong>culo</strong></span> <span class='ocrx_word' id='word_1_847' title='bbox 2176 5709 2348 5764; x_wconf 90' lang='lat' dir='ltr'><strong>victus</strong></span> <span class='ocrx_word' id='word_1_848' title='bbox 2404 5717 2457 5764; x_wconf 90' lang='lat' dir='ltr'><strong>ut</strong></span> <span class='ocrx_word' id='word_1_849' title='bbox 2490 5718 2615 5764; x_wconf 90' lang='lat' dir='ltr'><strong>tunc</strong></span> <span class='ocrx_word' id='word_1_850' title='bbox 2655 5707 3021 5766; x_wconf 85' lang='lat' dir='ltr'><strong>esurientibus</strong></span> <span class='ocrx_word' id='word_1_851' title='bbox 3050 5707 3286 5770; x_wconf 85' lang='lat' dir='ltr'><strong>decidit.</strong></span> <span class='ocrx_word' id='word_1_852' title='bbox 3332 5709 3401 5764; x_wconf 89' lang='lat' dir='ltr'><strong>ita</strong></span> <span class='ocrx_word' id='word_1_853' title='bbox 3444 5723 3585 5771; x_wconf 76' lang='lat' dir='ltr'><strong>nunc</strong></span> 
     </span>
    </p>
   </div>
  </div>
