4028 6184
443 221 544 291 ποτ

1413 212 1474 274 8.
1514 208 1845 280 me
1876 204 2190 269 EPISGOPI
2223 206 2704 269 WGDUNENSIS

3600 211 3716 273 708

442 332 783 405 vescentibus
802 326 1236 392 creﬂt.’Cunotis
1259 319 1419 387 dono
1434 343 1541 395 suo,
1562 329 1741 398 epulas
1768 323 2101 403 auctioris}
2123 322 2248 379 dam
2272 367 2288 393 ,
2341 322 2437 381 sed
2460 332 2517 380 et
2545 338 2685 378 nunc
2709 322 2836 389 alit;
2865 328 2923 378 et
2954 321 3077 377 illos
3127 321 3483 394 quadraginta
3513 330 3671 384 annis
3690 371 3713 399 ,

443 424 543 499 bus
571 424 803 495 majores
836 425 1043 483 fuerunt
1074 420 1229 485 cibis,
1263 435 1423 489 quam
1456 419 1669 481 fuerant
1698 418 1860 475 illata:
1883 432 2031 481 cons

445 518 619 581 viviis.
655 517 915 583 Desertis,
948 514 1191 581 inquam,
1224 511 1451 581 desertis
1475 520 1747 569 lautorum
1778 526 1920 565 nunc
1946 508 2023 565 si-

443 624 670 683 gnorum
718 620 905 671 causas
929 603 1148 667 demus.
1177 618 1278 661 nec
1308 602 1479 663 virtus
1509 602 1809 672 potentiam
1840 600 2025 655 decla-

445 708 615 765 rasset
642 698 683 750 si
716 696 986 749 habuisset
1015 696 1163 751 locus
1192 696 1423 764 copiam.

512 790 599 842 9.5.
656 789 722 847 Et
769 796 898 855 tunc
952 789 1207 845 Dominus
1256 788 1411 845 Jesus
1456 786 1524 845 ad
1572 785 1770 843 excelsi
1822 784 2024 841 montis

445 882 733 951 remotiora
760 882 1003 948 secessit,
1030 896 1150 935 cum
1186 880 1354 937 tribus
1384 888 1589 949 tantum
1624 879 1728 934 sibi
1770 876 2025 933 adhibitis

444 975 628 1045 electis
658 973 871 1033 insolita
894 973 1135 1035 claritate
1165 974 1343 1031 vultus
1372 973 1571 1029 el'ulsit
1593 988 1608 1037 ;
1634 972 1726 1041 qui
1768 984 1892 1026 cum
1937 983 2025 1025 as-

443 1076 709 1137 sumptum
730 1068 902 1135 palam
932 1066 1201 1122 hominem
1227 1066 1526 1136 praeferret,
1554 1064 1889 1121 declarandae
1911 1077 2025 1118 ma—

444 1160 649 1235 jesratis
670 1158 923 1212 indicium
937 1160 1161 1215 secretis
1176 1158 1427 1215 credidit.
1456 1157 1529 1212 lbi
1553 1168 1675 1212 tunc
1692 1158 1784 1211 ille
1809 1164 2027 1225 aposto-

446 1252 616 1315 lorum
648 1250 911 1305 maximus
943 1267 956 1303 :
986 1249 1189 1304 Bonum
1218 1260 1325 1303 erat
1347 1290 1362 1315 ,
1392 1251 1604 1318 inquit,
1652 1265 1745 1303 nos
1793 1246 1878 1301 hic
1922 1264 2027 1301 esse

448 1340 627 1411 (Matt.
656 1356 796 1407 xvu,
836 1343 893 1410 4)
922 1357 937 1406 ;
984 1341 1240 1395 adamans
1268 1340 1479 1396 scilicet
1499 1338 1923 1409 magnitudinem
1954 1337 2029 1393 si-

445 1436 557 1504 gni,
589 1435 640 1487 in
668 1435 969 1488 remotione
999 1433 1223 1488 deserti.

518 1524 610 1582 26.
638 1525 782 1581 Idem
828 1540 1039 1594 quoque
1068 1524 1326 1579 Dominus
1354 1523 1513 1578 Jesus
1541 1524 1622 1592 (ut
1652 1521 1927 1590 scribitur)
1975 1522 2025 1575 in

448 1619 720 1673 desertum
772 1618 947 1670 locum
1000 1618 1149 1681 ibat,
1199 1616 1379 1684 ibique
1403 1616 1593 1675 orabat
1628 1614 1781 1687 (Luc.
1815 1629 1867 1678 v,
1903 1611 2028 1680 l6)?

2102 415 2224 473 bos
2253 431 2381 472 vero
2412 431 2688 485 quousque
2717 415 2841 470 anni
2882 424 3055 493 erunt.

2190 508 2281 565 ὅθ.
2313 509 2504 564 Merito
2535 509 2676 562 hanc
2703 508 2931 571 Sanctus
2961 508 3148 561 divino
3198 507 3327 574 igne
3366 524 3664 569 succensus
3691 555 3712 580 ,

2122 600 2312 669 relicta
2342 600 2472 655 sede
2525 600 2760 669 propria,
2808 599 2997 663 sedem
3028 599 3210 669 legat:
3257 601 3451 655 merito
3488 608 3715 674 propin-

2122 692 2268 761 quis,
2293 692 2418 747 tiliis
2440 691 2863 760 parentibusque
2896 699 3197 759 praeponat,
3223 707 3555 763 suorumque
3584 711 3708 752 om-

2123 784 2273 841 nium
2294 785 2628 841 commercio
2658 794 2823 853 emat.
2855 783 3046 839 Merito
3080 782 3195 838 haec
3234 785 3515 852 genitalem
3547 788 3715 845 dese-

2123 875 2367 935 rentibus
2394 876 2625 944 patriam
2646 874 2994 944 temporariae
3018 876 3205 943 patriae
3220 890 3410 930 nomen
3431 878 3705 949 obtineat,

2122 983 2155 1027 ι
2181 984 2287 1039 qua
2316 983 2425 1026 non
2457 978 2657 1033 metus,
2692 983 2798 1023 non
2828 966 3160 1022 desiderium
3183 1007 3196 1031 ,
3242 983 3349 1021 non
3402 970 3653 1038 gaudium
3679 1012 3700 1040 ,

2124 1075 2233 1119 non
2258 1076 2465 1117 [meror
2496 1071 2733 1117 revocet.
2765 1060 2961 1123 Merito
2988 1059 3147 1129 plane
3173 1060 3549 1114 universorum
3571 1061 3703 1117 ail‘e-

2124 1160 2304 1205 ctuum
2338 1152 2454 1204 sola
2482 1151 2552 1205 sit
2594 1150 2843 1219 pretium.

2197 1245 2287 1299 'o'l.
2325 1243 2462 1310 Ouis
2490 1244 2633 1299 enim
2664 1258 2988 1313 enumerare
3033 1243 3296 1297 beneﬁcia
3342 1245 3514 1298 eremi
3545 1245 3709 1315 digne

2126 1344 2309 1405 queat,
2344 1335 2671 1404 virtutisque
2704 1335 3009 1411 commoda
3038 1334 3404 1389 habitantium
3434 1336 3487 1389 in
3516 1338 3621 1391 ea?
3649 1339 3710 1393 lu

2126 1429 2333 1484 mundo
2378 1427 2567 1496 positi,
2602 1427 3028 1497 quodammodo
3067 1436 3221 1481 extra
3267 1430 3533 1485 mundum
3561 1445 3711 1485 rece-

2126 1523 2281 1587 dunt,
2307 1524 2357 1575 in
2391 1522 2760 1576 solitudinibus
2792 1522 2875 1593 (ut
2894 1522 2974 1575 ait
3018 1522 3338 1593 Apostolus)
3382 1533 3621 1589 errantes,
3651 1526 3707 1577 in

2129 1616 2385 1670 montibus
2410 1657 2426 1680 ,
2458 1624 2503 1669 et
2529 1614 2814 1685 speluncis,
2867 1624 2914 1668 et
2964 1616 3015 1667 in
3063 1617 3291 1668 cavernis
3336 1627 3482 1669 terra
3508 1617 3525 1686 (
3548 1616 3705 1670 Hebr.

446 1711 621 1767 Locus
648 1725 777 1781 ergo
806 1709 896 1763 ille
941 1710 1049 1779 jam
1101 1719 1325 1767 vocetur
1353 1707 1615 1761 orationis
1642 1707 1825 1773 locus,
1866 1722 2023 1775 quem
2057 1698 2104 1758 B
2130 1722 2221 1775 ιι,
2254 1708 2364 1776 58).
2419 1706 2530 1761 Nec
2584 1705 2857 1759 immerito
2897 1706 3125 1775 dignum
3176 1706 3371 1759 talibus
3414 1708 3713 1775 Apostolus

448 1802 721 1861 exorando
751 1802 916 1855 Deum
936 1842 950 1867 ,
976 1802 1223 1855 idoneum
1257 1802 1396 1853 Deus
1424 1810 1609 1854 auctor
1638 1798 1895 1864 eatendit,
1926 1798 2024 1851 do-

451 1895 667 1962 cuitque
724 1892 865 1948 unde
914 1891 1119 1949 facilius
1174 1892 1342 1945 nubes
1370 1889 1702 1945 humiliantis
1746 1904 1806 1944 se
1854 1889 2025 1944 oratio

451 1991 778 2061 penetraret,
804 1983 982 2050 adjuta
1009 1984 1151 2047 loco,
1171 1986 1294 2051 quia
1317 1982 1576 2035 honorata
1600 1991 1809 2037 secreto
1834 2000 1847 2034 :
1870 1991 2028 2051 atque

448 2076 567 2144 ipse
595 2075 701 2130 illic
726 2074 928 2129 orando
950 2089 1073 2139 cum
1099 2084 1327 2145 peteret,
1350 2074 1743 2130 demonstravit
1764 2074 1856 2128 ubi
1875 2088 2028 2128 orare

448 2181 547 2221 nos
568 2166 747 2233 vellet,
772 2181 891 2220 cum
922 2173 1217 2235 peteretur.

518 2258 606 2313 27.
636 2260 773 2326 Quid
802 2274 947 2313 nunc
977 2274 1105 2327 ergo
1133 2258 1428 2322 Joannem,
1456 2256 1851 2326 Macariumque
1880 2270 2029 2312 com-

450 2368 767 2419 memorem,
796 2351 1039 2419 aliosque
1061 2350 1364 2417 complures
1389 2390 1404 2415 ,
1432 2365 1659 2418 quorum
1690 2350 2029 2403 conversatio

451 2447 576 2501 dum
622 2447 675 2499 in
730 2444 959 2501 desertis
990 2453 1093 2507 est.
1123 2443 1176 2498 in
1205 2443 1362 2499 cretis
1390 2442 1530 2498 facta
1560 2444 1677 2499 est?
1724 2444 2029 2512 ApprOpin-

451 2543 751 2603 quaverunt
794 2537 873 2589 illi
922 2546 1125 2589 tantum
1173 2535 1402 2590 Domino
1439 2546 1695 2605 quantum
1739 2534 2031 2604 appropin—

449 2644 616 2700 quare
664 2629 774 2684 Deo
820 2629 1086 2683 hominem
1114 2628 1196 2683 fas
1228 2628 1474 2693 sinebat,
1516 2627 1846 2696 admissique
1905 2634 2030 2682 sunt

449 2724 504 2791 in
534 2724 835 2778 divinarum
881 2738 1043 2793 opera
1088 2738 1268 2777 rerum
1311 2731 1568 2792 quantum
1609 2736 1771 2776 carne
1802 2721 2030 2775 circum—

449 2817 603 2889 datos
629 2819 825 2874 licebat
854 2817 1085 2871 admitti.
1114 2816 1303 2871 Fixam
1326 2816 1379 2871 in
1407 2830 1639 2885 superna
1663 2824 1894 2868 mentem
1918 2827 2028 2869 cm-

449 2909 670 2964 lestibus
696 2909 1040 2963 inseruerunt
1057 2908 1302 2975 secretis,
1324 2906 1413 2961 hic
1437 2906 1782 2960 comitantem
1802 2908 2027 2975 gratiam

450 3011 541 3057 aut
594 3001 1010 3057 revelationibus
1061 3003 1267 3068 tacitis,
1322 3008 1413 3055 aut
1466 2998 1822 3055 clamantibus
1859 2998 2027 3067 signis

450 3094 827 3164 protulerunt,
860 3104 914 3148 et
951 3093 1277 3164 sutlragante
1301 3102 1511 3148 secreto
1538 3107 1707 3161 usque
1734 3091 1788 3145 in
1817 3092 1867 3145 id
1908 3106 2031 3160 pro-
2056 3068 2101 3133 Ο

452 3186 592 3242 vecti
620 3199 773 3256 sunt,
822 3195 883 3239 ut
910 3197 1107 3241 terram
1141 3196 1266 3241 tunc
1301 3184 1519 3253 quidem
1550 3198 1777 3251 corpore
1820 3184 2033 3238 contin-

449 3291 672 3351 gerent,
703 3280 896 3336 cmlnm
922 3294 1050 3333 vero
1075 3279 1266 3347 spiritu
1292 3277 1400 3345 jam
1433 3276 1793 3346 possiderent.

520 3375 613 3428 28.
641 3373 752 3427 lloc
788 3374 949 3441 igitur
974 3372 1142 3426 eremi
1175 3370 1537 3425 habitaculum
1584 3368 1761 3423 dicam
1792 3383 1897 3421 non
1929 3368 2031 3422 im-

447 3466 647 3531 merito
680 3464 967 3532 quamdam
996 3461 1120 3516 lidei
1147 3462 1363 3528 sedem,
1390 3461 1603 3516 virtutis
1629 3476 1828 3526 arcam,
1856 3460 2032 3514 chari-

452 3557 581 3623 tatis
608 3555 926 3620 sacrarium,
960 3554 1174 3623 pietatis
1217 3554 1563 3621 thesaurum,
1598 3554 1822 3623 justitiae
1854 3568 2034 3622 prom-

452 3648 745 3721 ptuarium.
776 3644 907 3700 Nam
938 3649 1079 3707 sicut
1117 3646 1173 3700 in
1205 3660 1396 3715 magna
1424 3646 1585 3701 domo
1617 3648 1851 3715 pretiosa
1880 3661 2030 3715 quae-

452 3755 560 3813 que
589 3740 834 3792 claustris
864 3737 1145 3806 obsignata
1170 3738 1222 3792 in
1253 3740 1476 3794 remotis
1507 3738 1794 3803 habentur,
1822 3737 1895 3790 ita
1922 3752 2038 3790 ma-

450 3833 760 3909 gniﬁcentia
812 3832 900 3888 illa
938 3841 1247 3889 sanctorum
1279 3835 1582 3889 abditorum
1621 3848 1843 3896 eremo,
1872 3845 2031 3899 quam

456 3924 863 3981 diliicultatibus
895 3926 1006 3981 suis
1037 3935 1226 3979 natura
1246 3925 1547 3989 obseravit,
1580 3922 1866 3989 deponitur
1894 3918 2034 3974 intra

450 4018 723 4090 quoddam
751 4018 1009 4075 conclave
1035 4017 1232 4072 deserti
1256 4056 1269 4081 ,
1301 4032 1369 4070 ne
1394 4011 1821 4070 conversationis
1846 4011 2037 4064 huma-

452 4127 537 4181 na:
586 4126 683 4166 usu
736 4112 1025 4165 abolescet.
1072 4113 1319 4176 Apteque
1366 4123 1395 4160 a
1428 4107 1611 4159 mundi
1663 4104 1889 4158 Domino
1919 4105 2035 4159 haec

453 4204 684 4273 pretiosa
712 4204 1014 4256 divitiarum
1037 4202 1303 4267 supellex,
1330 4203 1384 4252 in
1412 4200 1500 4252 illa
1526 4198 1812 4252 mundanze
1844 4200 2034 4253 domus

450 4305 605 4365 parte
635 4312 741 4349 non
780 4295 951 4351 solum
980 4293 1248 4355 conditur,
1300 4307 1486 4346 verum
1514 4293 1677 4346 etiam
1698 4333 1711 4359 ,
1741 4306 1863 4346 cum
1907 4308 2035 4347 usus

448 4397 558 4455 est,
590 4404 657 4442 ex
686 4387 977 4443 reconditis
1010 4386 1292 4454 promitur.

523 4480 614 4543 29.
646 4479 765 4541 Fuit
788 4479 915 4533 olim
941 4493 1066 4548 erga
1096 4492 1332 4531 eremum
1360 4491 1488 4531 cura
1515 4476 1709 4530 divinae
1739 4475 2033 4530 Providen~

455 4574 544 4629 tiae
589 4586 796 4626 summa
820 4581 875 4625 et
906 4571 1141 4625 maxima
1162 4610 1176 4633 ,
1218 4570 1312 4625 sed
1344 4585 1410 4623 ne
1441 4583 1581 4622 nunc
1616 4568 1831 4638 quidem
1870 4582 2031 4637 parva

456 4674 560 4723 est.
589 4664 719 4717 Nam
746 4671 799 4717 et
839 4678 980 4717 nunc
1000 4677 1121 4716 cum
1160 4662 1324 4715 eremi
1356 4661 1544 4715 incolis
1572 4661 1747 4715 victus
1776 4659 2031 4713 divinitus

452 4758 725 4824 insperata
775 4753 1086 4823 supervenit
1133 4755 1409 4822 largitate,
1451 4751 1579 4820 quid
1623 4752 1770 4807 aliud
1801 4768 1959 4821 quam
2000 4765 2031 4806 e

450 4848 588 4905 coelo
630 4846 806 4916 lapsus
857 4845 1081 4899 deﬂuit?
1120 4844 1329 4898 Habent
1368 4854 1417 4898 et
1458 4844 1544 4897 isti
1571 4845 1624 4899 in
1676 4848 1774 4899 hac
1819 4845 2034 4899 muniti—

451 4941 629 4997 centia
661 4955 813 4996 suum
843 4953 1057 5002 manna,
1084 4952 1182 4993 nec
1208 4938 1384 4992 minus
1415 4938 1498 4992 his
1526 4938 1783 4993 Dominus
1826 4939 2029 4993 brachii

450 5036 531 5087 sui
575 5049 743 5102 Opere
771 5041 980 5101 secreto
1015 5032 1324 5087 alimoniam
1372 5033 1577 5101 spargit
1619 5046 1685 5086 ex
1712 5032 1915 5085 abdito.
1964 5031 2033 5085 Et

448 5142 572 5183 cum
615 5126 850 5181 silicibus
893 5124 1149 5195 perfossis
1197 5126 1413 5181 tandem
1455 5126 1640 5179 divino
1681 5139 1905 5179 munere
1944 5138 2032 5177 re-

452 5221 785 5291 spondentes
816 5234 846 5275 e
875 5219 1017 5274 saxis
1045 5235 1196 5290 aqua:
1224 5221 1518 5289 proﬂuunt,
1546 5221 1671 5291 quid
1696 5219 1837 5273 aliud
1869 5228 2027 5288 quam

450 5317 599 5375 velut
640 5318 809 5389 Moysi
858 5313 1021 5384 virga:
1070 5315 1179 5370 ictu
1233 5328 1482 5383 percussa
1529 5328 1664 5383 rupe
1709 5310 2029 5381 emergunt?

452 5405 905 5469 Vat-iumentorum
928 5405 1155 5478 perinde
1182 5406 1393 5461 habitus
1418 5406 1473 5461 in
1488 5406 1655 5462 eremi
1676 5407 1923 5460 vastitate
1937 5403 2033 5458 de-

447 5503 723 5573 gentibus,
749 5518 893 5557 nunc
912 5515 1124 5569 quoque
1143 5515 1271 5555 ecce
1301 5515 1406 5553 non
1438 5499 1639 5568 deﬁcit,
1674 5497 1766 5567 qui
1793 5498 1918 5553 dum
1942 5496 2033 5567 ju-

449 5599 591 5668 giter
613 5598 847 5665 gratuito
867 5596 1046 5649 divina
1070 5594 1381 5662 provisione
1404 5592 1642 5647 succedit
1659 5644 1672 5659 ,
1699 5593 1884 5658 utique
1910 5604 2035 5645 suc—

449 5688 695 5747 “dendo
719 5696 919 5742 manet.
939 5686 1091 5742 Aluit
1113 5686 1367 5740 Dominus
1383 5687 1438 5743 in
1465 5686 1678 5743 deserto
1704 5698 1833 5738 suos
1854 5698 2027 5750 quon-

2129 1811 2289 1870 negat
2316 1815 2437 1854 esse
2463 1798 2753 1863 mundum,
2785 1798 2879 1867 qui
2904 1798 3069 1852 alieni
3113 1806 3243 1853 sunt
3287 1799 3356 1853 ab
3403 1799 3498 1854 illo
3524 1800 3713 1869 reipu-

2132 1894 2285 1947 blicae
2316 1892 2566 1946 humanae
2617 1892 2876 1957 tumultu,
2932 1891 3176 1961 sepositi,
3209 1892 3393 1962 quieti,
3444 1894 3713 1958 silentes;

2130 1998 2233 2038 nec
2260 1985 2433 2053 magis
2479 1983 2679 2037 absunt
2707 1998 2740 2037 α
2771 1983 3054 2037 voluntate
3085 1984 3341 2052 peccandi
3383 1998 3543 2052 quam
3570 1999 3604 2039 a
3631 1982 3716 2038 fa-

2130 2077 2357 2131 cultate.

2206 2170 2295 2225 5‘2.
2327 2167 2471 2223 Clari
2518 2169 2659 2238 apud
2683 2178 2900 2223 veteres
2927 2169 3113 2224 saeculi
3144 2169 3304 2239 hujus
3327 2168 3463 2233 viri,
3510 2168 3722 2223 defati-

2131 2262 2239 2330 gati
2274 2261 2555 2314 laboribus
2582 2262 2923 2329 negotiorum
2948 2275 3196 2327 suorum,
3230 2263 3281 2315 in
3312 2261 3721 2331 philosophiam

2131 2366 2192 2407 se
2230 2360 2510 2420 tamquam
2544 2353 2598 2405 in
2636 2351 2855 2406 domum
2899 2368 3050 2407 suam
3096 2354 3454 2423 recipiebant.
3505 2356 3725 2423 Quanto

2132 2445 2415 2515 pulchrius
2440 2444 2509 2499 ad
2540 2444 2654 2499 haec
2702 2446 3165 2501 manifeStissimze
3210 2448 3498 2517 sapientiae
3539 2452 3726 2508 studia

2132 2537 2431 2607 divertunt,
2465 2538 3011 2609 magnificentiusque
3051 2541 3118 2594 ad
3170 2541 3526 2597 solitudinum
3556 2544 3730 2601 liber-

2135 2637 2303 2684 tatem
2332 2639 2388 2683 et
2414 2629 2757 2686 desertorum
2799 2640 3013 2685 secreta
3060 2632 3355 2699 secedunt,
3385 2643 3446 2688 ut
3470 2636 3729 2705 philoso-

2130 2723 2273 2793 phiae
2304 2731 2513 2777 tantum
2547 2732 2822 2791 vacantes,
2850 2726 2904 2779 in
2938 2724 3089 2779 illius
3119 2728 3291 2781 eremi
3314 2727 3730 2786 deambulacris

2135 2815 2318 2887 [Vutg.
2352 2814 2648 2887 vastitate],
2674 2818 3036 2892 tamquantin
3071 2820 3180 2872 suis
3207 2820 3526 2888 gymnasiis,
3555 2836 3733 2877 exer-

2132 2909 3028 2981 ceantur‘iUbi,quaesoJiberius,
3058 2927 3218 2981 quam
3252 2913 3307 2967 in
3335 2913 3536 2969 deserti
3564 2911 3736 2971 habt?-

2134 3002 2340 3055 latione
2354 3011 2604 3056 servetur
2620 3001 2869 3057 Pascha?
2896 3003 3003 3057 Sed
3034 3005 3323 3057 virtutibus
3348 3014 3403 3059 et
3430 3008 3736 3061 continen-

2134 3095 2240 3148 tia:
2273 3094 2631 3161 continentia,
2656 3096 2897 3164 inqnam,
2922 3111 3044 3164 quae
3065 3096 3332 3150 velutalia
3359 3097 3607 3166 quasdam
3637 3108 3737 3155 est

2134 3189 2316 3243 cordis
2354 3204 2590 3243 eremns.
2619 3188 2755 3242 Nam
2788 3199 2843 3242 et
2891 3189 3109 3260 Moyses
3139 3191 3497 3261 quadraginta
3548 3195 3737 3248 conti-

2135 3293 2272 3332 nuos
2296 3292 2355 3331 se
2386 3279 2439 3333 in
2462 3292 2649 3333 eremo
2678 3278 2793 3333 dies
2817 3277 3016 3346 (Exod.
3046 3295 3195 3347 xxrv,
3229 3280 3343 3349 18),
3386 3280 3739 3351 totidemque

2137 3380 2257 3440 post
2277 3385 2335 3423 se
2365 3370 2477 3425 illic
2523 3370 2672 3424 Elias
2703 3370 2793 3441 (Ill
2817 3370 2946 3440 Reg.
2980 3386 3095 3437 xix,
3135 3371 3193 3441 8)
3219 3371 3429 3441 jejunio
3451 3372 3603 3428 dedit
3626 3390 3641 3429 :
3664 3384 3742 3431 et

2134 3472 2366 3533 uterque
2398 3464 2475 3518 ibi
2499 3464 2733 3519 inediam
2765 3463 2905 3517 ultra
2934 3464 3156 3518 humani
3186 3462 3408 3520 effectus
3442 3468 3585 3521 vires
3626 3482 3741 3522 el-

2135 3557 2329 3613 tcudit.
2362 3557 2567 3612 Deinde
2591 3566 2648 3612 et
2685 3556 2945 3611 Dominus
2970 3597 2984 3620 ,
3035 3557 3175 3611 idem
3198 3600 3211 3624 ,
3265 3558 3360 3612 sed
3406 3560 3459 3611 in
3499 3558 3736 3616 deserto

2137 3650 2484 3705 absunentiaz
2518 3660 2732 3719 tempus
2760 3649 2943 3718 exegit
2976 3647 3191 3720 (Matth.
3217 3666 3289 3713 IV,
3320 3648 3399 3717 (Ξ).
3435 3648 3544 3703 Nec
3583 3664 3733 3718 pra:-

2136 3750 2285 3797 terea
2313 3757 2538 3812 usquam
2570 3742 2801 3811 legimus
2826 3742 2998 3811 spatia
3025 3741 3219 3795 eadem
3251 3748 3443 3795 exacta
3474 3740 3725 3809 jejunio:

2140 3842 2199 3888 ut
2224 3834 2520 3904 putandum
2550 3834 2639 3899 sit,
2670 3835 2901 3903 aliquem
2932 3833 3093 3887 tribui
3125 3849 3219 3902 per
3246 3832 3537 3886 Dominum
3586 3834 3727 3889 locis

2137 3925 2248 3981 illis
2278 3928 2440 3981 etiam
2467 3926 2729 3995 vigorem.

2208 4018 2297 4070 55.
2334 4016 2459 4081 Ubi,
2490 4032 2696 4084 quam),
2723 4016 2895 4084 magis
2926 4030 3142 4080 vacare,
3174 4025 3229 4069 et
3268 4031 3425 4085 quam
3448 4014 3617 4070 dulcis
3649 4019 3726 4071 sit

2139 4108 2419 4173 Dominus,
2468 4106 2656 4161 videre
2686 4108 2986 4176 contingit?
3018 4108 3113 4163 Ubi
3160 4112 3464 4176 promptior
3497 4106 3563 4160 ad
3597 4124 3726 4175 per-

2137 4201 2425 4255 fectionem
2457 4199 2802 4255 tendentibus
2842 4202 2928 4256 via
2964 4202 3245 4270 panditur?
3290 4202 3391 4258 Ubi
3417 4206 3590 4272 major
3614 4205 3723 4258 vir-

2138 4295 2338 4348 tutibus
2387 4308 2606 4363 campus
2653 4295 2936 4363 aperitur?
2969 4292 3069 4348 Ubi
3123 4294 3336 4348 facilius
3392 4295 3628 4359 mentis,
3666 4306 3722 4350 ut

2140 4389 2308 4457 possit
2339 4389 2788 4456 circumspicere,
2822 4387 3105 4440 custodia?
3136 4387 3233 4443 Ubi
3268 4387 3486 4441 liberior
3512 4386 3718 4451 cordis,

2141 4491 2199 4535 ut
2230 4483 2339 4535 Deo
2368 4480 2640 4535 inbznrere
2666 4489 2857 4543 certet,
2894 4479 3144 4545 intentio,
3194 4496 3351 4549 quam
3394 4478 3500 4532 illis
3528 4480 3719 4546 utique

2138 4576 2389 4643 secretis,
2420 4576 2470 4628 in
2501 4575 2694 4645 quibus
2725 4575 2890 4628 Deum
2920 4588 3029 4628 non
3057 4575 3234 4629 solum
3256 4574 3499 4628 invenire
3529 4586 3715 4641 prom-

2139 4678 2285 4737 ptum
2316 4680 2416 4733 e51,
2447 4683 2633 4723 verum
2667 4667 2829 4722 etiam
2860 4668 3182 4722 custodire?

2208 4759 2297 4814 δι.
2333 4759 2397 4811 Ει
2420 4760 2666 4828 quamvis
2698 4774 2844 4828 saepe
2868 4758 2921 4812 in
2954 4774 3146 4814 eremo
3194 4759 3371 4814 tenuis
3408 4758 3508 4813 soli
3541 4758 3719 4827 pulvis

2140 4860 2411 4915 occurrat,
2442 4866 2706 4920 nusquam
2740 4861 2916 4904 tamen
2950 4850 3157 4905 ﬁrmius
3202 4850 3541 4920 Evangelicae
3574 4850 3719 4903 illius

2140 4944 2335 4996 domus
2367 4942 2708 4996 fundamenta
2730 4941 3002 5010 iaciuntur
3025 4941 3237 5013 (Matth.
3275 4958 3368 5008 vn,
3392 4941 3506 5011 24).
3544 4940 3719 4995 lnillis

2136 5038 2263 5091 licet
2290 5036 2484 5106 aliquis
2517 5035 2819 5089 consistere
2853 5036 3032 5089 arenis
3077 5036 3243 5103 velit,
3278 5050 3617 5106 nequaquam
3642 5044 3718 5087 ta-

2136 5144 2262 5183 men
2293 5140 2681 5197 supervarenas
2723 5125 2944 5181 domum
2971 5128 3278 5181 construit:
3315 5142 3574 5195 nusquam
3607 5138 3714 5178 ma-

2135 5224 2217 5292 gis
2247 5238 2405 5292 quam
2438 5222 2551 5276 illic
2576 5235 2735 5289 supra
2768 5229 2977 5289 petram
3028 5220 3343 5288 praedictum
3388 5220 3516 5277 illud
3544 5216 3710 5272 aedili-

2137 5317 2278 5371 cium
2300 5315 2618 5380 collocatur,
2640 5312 2785 5384 quod
2810 5312 3069 5367 immobili
3088 5312 3387 5368 stabilitate
3411 5310 3708 5375 fundatum,

2135 5408 2457 5463 inconcussa
2488 5404 2629 5460 mole
2677 5404 2931 5460 durabit:
2966 5412 3022 5458 ut
3063 5411 3311 5473 tempore
3349 5401 3709 5472 ingruentium

2134 5501 2521 5573 procellarum,
2552 5513 2661 5553 non
2689 5498 2945 5554 ﬂantibus
2970 5497 3169 5562 ventis,
3194 5508 3297 5549 non
3324 5494 3581 5548 immissis
3604 5502 3714 5548 tor—

2136 5595 2383 5648 rentibus
2401 5592 2713 5646 subruatur.
2750 5590 2936 5655 ltaque
2981 5588 3313 5661 habitatores
3343 5585 3544 5640 deserti
3588 5584 3721 5639 talia

2136 5686 2239 5745 sibi
2257 5685 2511 5753 zdiﬁcia,
2535 5685 2634 5741 sed
2655 5685 2711 5739 in
2737 5682 2993 5737 cordibus
3014 5681 3313 5737 fabricant:
3340 5678 3423 5735 illi
3448 5679 3541 5749 qui
3570 5691 3729 5737 δεῖν
