4028 6184
198 214 300 285 70.9

1328 201 1663 273 κΡιδΊῸῐιΑ
1698 198 1791 267 ΗΕ
1824 196 2063 263 ΙοΔῑῙΒΕ
2098 199 2335 257 eum.

3349 210 3450 269 ΗΟ

195 346 273 397 Μ
302 327 427 393 imis
443 332 725 402 δρμηωι,
745 326 840 398 qui
867 322 1083 391 οιωιη
1121 302 1435 387 humilitate
1463 325 1769 389 sectantur,
1795 315 1852 387 Α
1874 314 2092 383 chorus,
2116 326 2168 374 et
2192 332 2291 387 per
2316 316 2462 373 illam
2482 316 2650 373 Iacob
2677 318 2878 376 scalam
2902 332 3023 387 eam
3033 326 3293 388 meantes;
3326 341 3447 381 ere-

201 423 409 489 desides
432 428 594 492 atque
620 421 968 487 immemores
995 426 1362 487 terrenarum,
1398 414 1472 470 ob
1500 428 1650 485 spem
1676 427 1770 468 vo-

204 530 417 590 tumque
438 515 759 574 caelestium.
784 514 885 582 Qui
907 512 1190 583 abjiciunt,
1204 510 1329 575 dum
1351 523 1510 579 egere
1537 507 1767 572 malunt,

206 612 448 677 divitias,
479 622 638 678 egere
666 606 958 669 festinant,
990 604 1121 659 dum
1158 616 1279 661 esse
1329 600 1521 657 divites
1565 613 1773 659 conch

202 704 448 777 piscunt;
479 699 565 754 die
590 713 655 754 ac
684 703 844 755 nocte
871 696 1071 751 labore
1107 693 1415 764 vigiliisque
1456 691 1765 757 decertant,

202 806 258 859 ut
299 792 712 865 apprehendant
741 789 863 855 vitae
900 788 1045 853 illius
1076 786 1396 857 principium
1420 824 1435 850 ,
1478 783 1631 853 cujus
1660 797 1769 838 non

200 888 469 957 invenient
489 892 821 953 extremum.
854 880 944 937 Sic
972 888 1223 949 materno
1244 891 1457 943 eremus
1488 876 1609 941 sinu
1635 888 1771 935 conn

202 980 327 1042 tinet
367 975 492 1041 illos
535 970 856 1043 ueternuatis
895 968 1199 1037 rectissime
1228 980 1452 1049 avaros,
1483 966 1622 1029 bene
1648 978 1771 1033 pros

201 1069 351 1139 digos
369 1066 650 1131 brevitatis
666 1081 682 1130 ;
698 1063 1000 1129 incuriosos
1020 1059 1301 1133 prgesentis
1318 1056 1577 1128 temporis
1591 1065 1773 1127 certos

196 1161 361 1233 futuri
402 1178 416 1215 :
458 1168 511 1217 et
540 1174 638 1231 per
668 1156 771 1213 hoc
810 1162 1175 1226 assequuntur
1209 1159 1268 1217 ut
1310 1152 1367 1219 in
1415 1164 1552 1220 quos
1594 1163 1770 1213 szecu-

194 1250 370 1315 lorum
404 1251 534 1317 fines
575 1248 958 1321 decurrerunt,
1003 1243 1085 1309 his
1124 1240 1321 1309 saecula
1352 1239 1475 1297 sine
1502 1237 1609 1293 fine
1641 1251 1773 1295 con-

195 1344 373 1415 tingan
384 1352 422 1397 t.

261 1437 353 1494 55.
380 1433 614 1497 Fervent
638 1430 713 1487 ibi
729 1426 1050 1496 conscriptas
1074 1421 1351 1489 interioris
1369 1420 1608 1487 hominis
1623 1419 1771 1474 salu—

192 1527 365 1582 briter
388 1527 557 1595 leges,
584 1532 636 1576 et
657 1518 849 1575 aaterni
872 1516 1052 1573 saeculi
1073 1515 1197 1585 jura
1220 1513 1491 1583 subtilius.
1519 1510 1634 1567 Non
1657 1511 1774 1565 illic

1868 425 2014 473 mum
2046 410 2349 480 frequentia
2397 410 2595 467 abdita:
2637 411 2964 467 visitationis
2991 414 3260 475 illustrant
3291 416 3448 486 (Gen.

1868 518 2054 569 xxvul,
2084 502 2211 573 12);
2240 518 2305 559 ac
2339 518 2405 557 ne
2430 504 2484 557 in
2512 519 2708 558 vanum
2736 506 2961 575 vigilent
3003 506 3095 575 qui
3137 510 3452 566 custodiunt

1868 596 2166 662 civitatem,
2215 595 2537 665 peculiarius
2569 595 2793 651 Christo
2818 610 3222 667 propugnatore
3274 603 3450 657 muni-

1870 698 1977 755 tur,
2001 689 2092 758 qui
2125 698 2393 759 tamquam
2441 704 2713 743 murorum
2763 689 3002 760 objecta,
3035 693 3107 746 ita
3138 694 3308 749 eremi
3335 709 3449 749 am-

1871 782 1984 839 bitu
2032 784 2216 841 bustes
2256 794 2388 838 suos
2426 783 2732 850 submovet,
2760 793 2823 838 ut
2863 786 3112 855 adoptiva
3163 788 3271 841 Deo
3313 803 3451 858 gens

1870 887 2131 947 quantum
2160 878 2353 933 secreti
2402 878 2594 946 spatiis
2619 879 2862 947 exposita
2890 919 2905 944 ,
2952 886 3162 934 tantum
3206 880 3450 936 hostibus

1871 970 1985 1025 suis
2029 971 2209 1025 clausa
2250 970 2339 1031 sit.
2373 970 2431 1024 In
2458 970 2550 1024 illo
2576 985 2787 1040 quoque
2814 972 3038 1026 meridie
3085 988 3316 1041 sponsus
3361 990 3448 1030 re-

1871 1064 2033 1119 cubat
2073 1081 2089 1116 :
2141 1064 2584 1132 habitatoresque
2613 1063 2832 1129 deserti,
2876 1066 3140 1120 charitate
3185 1068 3447 1122 vulnerati

1871 1156 2305 1223 contemplantur
2321 1170 2444 1211 eum
2462 1155 2743 1211 dicentes:
2775 1155 3075 1212 Invenimus
3101 1176 3249 1229 quem
3279 1159 3450 1232 diligit

1871 1248 2046 1302 multa
2068 1256 2278 1313 nostra:
2302 1246 2585 1303 torrebimus
2607 1263 2725 1302 eum
2746 1258 2792 1303 et
2813 1264 2915 1303 non
2933 1250 3245 1305 dimitfemtts
3270 1250 3444 1323 (Cant.

1873 1354 1954 1406 ιιι,
1984 1338 2061 1409 ti).

1943 1432 2034 1487 59.
2086 1430 2206 1485 Non
2243 1440 2329 1489 est
2372 1431 2764 1487 infructuosum
2795 1432 2876 1500 (ut
2914 1432 3197 1505 creditur),
3227 1449 3333 1488 non
3367 1444 3450 1490 est

1875 1521 2007 1576 illud
2038 1522 2222 1577 sterile
2246 1522 2414 1577 eremi
2435 1523 2633 1585 solum,
2664 1538 2764 1577 nec
2790 1522 3071 1577 infecunda
3099 1524 3298 1579 arentis
3324 1540 3452 1579 saxa

189 1620 431 1687 humana
479 1615 766 1675 criminum
829 1608 1235 1673 facinorumque
1291 1605 1609 1677 praescripta
1664 1603 1771 1657 vim

1877 1612 2097 1668 deserti.
2142 1614 2255 1669 Illic
2284 1613 2564 1682 multiplex
2612 1628 2859 1683 germen,
2889 1623 2943 1669 et
2971 1624 3227 1669 centenos
3270 1615 3448 1669 accola

186 1684 349 1781 suam
373 1684 651 1776 resonant,
683 1718 782 1760 nec
805 1717 864 1759 Se
886 1700 1095 1757 υιίτίείθ
1118 1698 1425 1768 Capuanum
1449 1697 1768 1765 delictorum
1802 1684 1849 1749 Β
1877 1703 2086 1765 fructus
2105 1704 2373 1759 recondit.
2399 1704 2515 1759 Non
2555 1704 2712 1758 facile
2753 1704 2862 1759 illic
2887 1706 3029 1773 jacta
3060 1708 3265 1760 semina
3295 1720 3453 1761 secus

184 1804 305 1874 jura
339 1808 591 1857 exerunt.
629 1797 736 1861 Cor
785 1793 889 1851 nisi
936 1791 1281 1861 purissimum
1332 1788 1595 1857 indigena:
1627 1789 1772 1855 leges

184 1895 403 1959 faciunt
429 1906 610 1956 reum;
637 1898 797 1958 atque
826 1887 941 1955 ipse
962 1885 1109 1941 omni
1136 1881 1338 1951 studio,
1370 1882 1562 1949 mentis
1593 1890 1774 1935 motus

185 1985 444 2051 interior,
481 1984 619 2037 intra
646 1979 871 2053 justitite
914 1976 1173 2035 terminos
1208 1980 1523 2037 coercetur:
1552 1970 1770 2035 eodem-

184 2093 291 2150 que
330 2092 397 2133 se
430 2075 613 2144 judice
660 2072 747 2129 vel
800 2070 1001 2131 levium
1060 2066 1453 2138 cogitationum
1510 2061 1772 2132 principia

188 2170 522 2238 plectuntur.
553 2163 708 2236 Apud
739 2162 874 2217 alios
929 2160 1124 2225 malum
1171 2158 1242 2221 sit
1287 2156 1487 2221 malum
1542 2152 1772 2219 fecisse,

182 2262 331 2332 apud
364 2260 463 2315 hos
493 2273 621 2314 vero
652 2257 849 2311 malum
877 2263 959 2309 est
984 2254 1183 2309 bonum
1212 2265 1319 2305 non
1350 2248 1565 2315 fecisse.

255 2354 350 2411 56.
407 2353 512 2408 Sed
542 2350 810 2422 quomodo
859 2364 958 2418 ego
1006 2347 1205 2417 possim
1257 2342 1775 2411 commemoratione

178 2445 354 2517 digna
385 2444 639 2499 interiora
667 2440 839 2497 eremi
877 2442 1119 2493 instituta
1151 2434 1439 2491 venerari!
1471 2433 1621 2489 Nunc
1644 2447 1775 2488 vero

179 2536 327 2595 illud
369 2536 558 2589 tacitus
589 2533 866 2604 praeterire
904 2546 1008 2585 non
1040 2542 1260 2600 possum
1304 2525 1449 2597 quod
1480 2526 1535 2581 in
1566 2525 1778 2589 habita-

182 2627 409 2689 toribus
434 2626 551 2695 ejus
573 2627 651 2681 vis
680 2624 765 2679 illa
794 2623 1009 2678 virtutis
1028 2637 1188 2691 quam
1210 2619 1521 2687 abscondita
1544 2617 1770 2682 cunctis,

182 2732 335 2789 pene
381 2728 485 2772 tam
517 2726 640 2771 nota
671 2724 771 2771 est.
824 2714 957 2769 Nam
1004 2729 1125 2768 cum
1174 2727 1234 2769 se
1280 2714 1464 2781 utique
1490 2711 1542 2777 in
1571 2717 1774 2775 remota

183 2811 445 2879 abigunt,
479 2809 758 2874 mundum,
793 2806 1189 2875 humanumque
1236 2802 1568 2859 consortium
1620 2815 1777 2869 repu-

184 2902 434 2969 diantes,
466 2902 636 2956 occuli
664 2900 880 2970 quidem
907 2898 1169 2970 gestiunt,
1203 2894 1452 2959 meritum
1482 2899 1658 2947 tamen
1687 2906 1777 2945 OCr

182 2994 387 3057 culere
435 3006 539 3047 non
571 2999 813 3062 possunt.
870 2990 1137 3057 Quantum
1183 3002 1243 3041 se
1286 2998 1477 3043 eorum
1513 2981 1779 3047 introrsus

1873 1795 2013 1851 viam
2041 1797 2315 1862 decidunt,
2364 1812 2484 1865 quae
2508 1797 2757 1851 volucres
2804 1798 3124 1853 absumant:
3154 1816 3253 1854 nec
3276 1801 3327 1854 in
3358 1815 3448 1869 pe-

1872 1894 2019 1941 trosa
2064 1887 2227 1942 facile
2255 1886 2586 1953 dilabuntur,
2639 1901 2759 1955 quae
2788 1901 2894 1941 non
2917 1889 3167 1943 habentia
3215 1892 3449 1945 altitudi-

1875 1994 2000 2033 nem
2033 1986 2215 2043 term,
2261 1986 2511 2044 aestuent,
2544 1986 2598 2032 et
2621 1990 2869 2034 arescant
2896 1998 2910 2034 :
2950 1996 3125 2050 neque
3154 1984 3205 2035 in
3246 1985 3449 2049 Spineta

1873 2070 2031 2124 facile
2061 2070 2291 2139 fugiunt,
2318 2084 2438 2139 qua
2462 2071 2575 2139 jam
2619 2069 2815 2125 adultis
2846 2072 3092 2126 sentibus
3134 2074 3448 2128 obruantur.

1875 2162 2041 2219 Uberi
2068 2162 2177 2218 illic
2212 2177 2443 2219 messem
2470 2172 2731 2231 proventu
2762 2164 2987 2218 colonus
3016 2176 3219 2222 metet:
3253 2167 3450 2236 produ«

1875 2253 2018 2311 citur
2044 2254 2097 2307 in
2118 2253 2201 2308 his
2221 2255 2367 2309 saxis
2389 2268 2544 2325 seges
2567 2254 2675 2321 illa,
2697 2271 2792 2325 per
2818 2272 2975 2325 quam
3000 2258 3157 2312 etiam
3188 2273 3308 2313 ossa
3339 2260 3450 2326 pin-

1874 2356 2158 2415 guescunt.
2188 2348 2461 2402 invenitur
2494 2348 2657 2403 etiam
2692 2348 2803 2403 illic
2842 2350 2994 2418 panis
3043 2350 3215 2415 vivus,
3256 2352 3344 2419 qui
3386 2352 3451 2407 de

1875 2439 2015 2493 cutio
2035 2439 2334 2495 descendit.
2365 2440 2665 2508 Erumpunt
2696 2440 2744 2493 in
2770 2440 2877 2495 illis
2902 2441 3127 2510 rupibus
3173 2442 3346 2498 fontes
3375 2443 3451 2497 ir-

1876 2531 2036 2600 rigui,
2060 2539 2116 2585 et
2138 2547 2291 2601 aqua
2319 2530 2471 2595 vive,
2497 2546 2617 2598 quas
2634 2546 2739 2585 non
2763 2533 3020 2587 satiaudis
3047 2534 3240 2598 solum,
3266 2550 3450 2589 verum

1878 2623 2038 2677 etiam
2068 2632 2291 2692 possunt
2315 2622 2570 2677 sufficere
2596 2623 2888 2677 salvandis.
2935 2625 3030 2677 Hic
3061 2624 3331 2679 interioris
3354 2628 3451 2679 ho-

1879 2714 2039 2769 minis
2088 2721 2298 2783 pratum
2330 2711 2514 2785 [Vulg.
2548 2711 2755 2783 pastus]
2781 2724 2835 2767 et
2867 2713 3133 2782 voluptas,
3161 2715 3247 2768 hic
3284 2714 3453 2767 incul-

1880 2813 1991 2860 tum
2023 2803 2322 2868 desertum,
2366 2804 2479 2857 illic
2503 2802 2637 2861 mira
2666 2803 2977 2857 atnmnitate
3010 2804 3307 2870 jucundum
3341 2812 3451 2869 est;

1879 2897 2173 2966 eademque
2200 2897 2443 2964 corporis
2472 2904 2555 2949 est
2582 2909 2817 2961 eremus,
2849 2896 3043 2949 anima:
3080 2895 3379 2963 paradisus.

1952 2987 2041 3041 ιο.
2073 2988 2229 3041 Nulla
2245 2987 2356 3054 jam
2377 2987 2623 3054 quamvis
2652 2986 2842 3040 fertilis
2872 2986 3052 3049 tellus,
3102 2997 3260 3041 terrae
3285 2991 3452 3044 eremi

183 3053 303 3161 agit
358 3085 495 3148 vita,
549 3053 754 3136 tantum
785 3094 844 3135 se
875 3053 1018 3134 foras
1049 3076 1273 3151 proripit
1316 3074 1517 3143 gloria;
1560 3072 1669 3133 Deo
1699 3071 1780 3141 (ut
1804 3053 1848 3114 (ἶ
1881 3090 1943 3129 se
1962 3053 2373 3144 comparatione
2394 3053 2699 3144 jactaverit.
2726 3075 2822 3131 Est
2846 3084 2989 3131 terra
3011 3077 3187 3146 aliqua
3218 3078 3454 3147 frugibus

180 3174 465 3242 arbitror)
510 3176 577 3227 ita
610 3176 749 3227 inter
778 3181 1064 3238 utrumque
1114 3168 1461 3229 moderante,
1512 3174 1570 3218 ut
1610 3162 1779 3217 incola

180 3267 377 3325 eremi
426 3279 539 3318 sure
586 3263 751 3316 lateat
799 3261 1017 3328 saeculo,
1065 3268 1121 3314 et
1172 3274 1277 3312 non
1324 3258 1485 3311 lateat
1512 3254 1781 3324 exemplo.

179 3361 331 3416 Haec
364 3357 581 3410 lucerna
610 3363 714 3417 est,
743 3369 859 3421 qua:
892 3352 1196 3405 universum
1234 3349 1542 3417 resplendet
1570 3348 1782 3412 orbem,

179 3464 369 3519 supra
415 3448 579 3500 eremi
631 3442 1012 3499 candelabrum
1058 3444 1272 3496 locata:
1320 3442 1443 3497 hinc
1470 3456 1529 3497 se
1556 3439 1787 3509 flagra"-

183 3543 478 3597 tissimum
503 3539 681 3592 lumen
709 3552 805 3606 per
829 3536 1109 3588 tenebrosa
1133 3534 1314 3586 mundi
1342 3534 1577 3586 membra
1594 3530 1787 3585 diﬂ'un-

179 3637 294 3691 dit.
336 3634 473 3687 llaec
496 3641 580 3686 est
602 3631 796 3685 civitas
827 3644 948 3697 qua:
976 3627 1229 3693 abscondi
1258 3642 1361 3687 non
1406 3635 1580 3694 potest
1606 3626 1657 3689 in
1688 3625 1785 3680 de-

1882 3168 2051 3223 ditis?
2082 3169 2133 3222 in
2187 3169 2289 3221 hac
2336 3167 2569 3222 maxime
2609 3168 2843 3221 nascitur
2891 3168 3215 3222 frumentum
3280 3170 3454 3236 illud,

1881 3260 2023 3331 quod
2051 3260 2352 3325 esurientes
2393 3258 2551 3330 adipe
2582 3274 2681 3313 suo
2724 3258 2896 3311 satiat.
2942 3258 3038 3312 Est
3072 3259 3174 3312 alia
3218 3260 3455 3330 gravidis

1883 3356 2002 3409 leta
2030 3354 2270 3409 vinetis?
2302 3355 2352 3407 in
2384 3355 2483 3406 hac
2515 3353 2741 3406 maxime
2789 3351 3056 3419 profertur
3082 3352 3267 3406 vinum
3300 3353 3453 3418 illud,

1882 3448 2025 3522 quod
2057 3448 2192 3515 bene
2246 3446 2480 3500 laetiﬁcat
2525 3461 2618 3499 cor
2671 3444 2919 3498 hominis.
2956 3445 3052 3498 Est
3101 3446 3203 3500 alia
3245 3448 3455 3514 pascuis

1884 3540 2178 3608 praestans?
2212 3539 2263 3591 in
2296 3539 2398 3593 hac
2442 3538 2792 3592 saluberrime
2821 3546 3047 3606 pascunt
3071 3552 3201 3592 oves
3232 3539 3359 3604 illze,
3392 3538 3459 3594 de

1883 3633 2077 3703 quibus
2108 3630 2324 3699 dicitur,
2366 3630 2524 3695 Pasce
2555 3646 2668 3695 oves
2697 3629 3037 3699 mansuetus.
3070 3646 3180 3696 xxt,
3218 3629 3328 3699 l7).
3361 3629 3460 3685 Est

176 3725 332 3783 serti
369 3734 551 3776 monte
576 3729 915 3783 constructa,
958 3735 1078 3788 quzs
1117 3719 1346 3787 imagine
1371 3733 1466 3774 Sita
1509 3719 1786 3773 leestem
1885 3723 1989 3777 alia
2018 3722 2238 3778 floribus
2268 3724 2404 3792 picta
2438 3722 2829 3775 vet-nantibus?
2877 3725 2929 3775 in
2977 3724 3078 3776 hac
3104 3724 3337 3777 maxime
3368 3740 3459 3779 ve-

179 3813 515 3872 Jerusalem
557 3811 718 3865 terris
747 3810 910 3864 dedit.
963 3810 1194 3865 Proinde
1225 3811 1268 3863 si
1297 3810 1413 3879 quis
1453 3811 1505 3864 in
1552 3810 1790 3865 tenebris
1886 3833 1979 3883 rus
2023 3818 2113 3873 ine
2160 3816 2261 3873 ﬂos
2312 3816 2485 3882 campi
2536 3824 2591 3869 et
2643 3815 2811 3879 lilium
2853 3814 3178 3867 convallium
3208 3816 3458 3883 refulget.

181 3915 300 3973 est,
337 3904 472 3957 huic
494 3902 677 3955 lumini
709 3902 1121 3970 appropinquet,
1153 3912 1211 3954 ut
1237 3902 1441 3955 videat:
1465 3902 1509 3954 si
1539 3902 1658 3971 quis
1682 3901 1775 3956 dis-

1888 3909 2170 3965 Postremo
2192 3909 2294 3964 alia
2323 3919 2404 3963 est
2427 3905 2726 3977 speciosius
2757 3905 3034 3959 exsultans
3070 3904 3321 3967 metallis,
3355 3904 3462 3959 alia

178 3999 428 4055 crimini
458 4008 621 4067 patet,
652 3997 715 4049 ad
744 3997 878 4049 hanc
901 3997 1170 4050 civitatem
1198 3997 1412 4062 tendat,
1444 4006 1499 4050 ut
1523 4005 1668 4051 tutus
1695 3999 1785 4052 sit.
1889 4018 2018 4059 vero
2038 4019 2169 4063 auro
2195 4018 2293 4056 suo
2320 4003 2460 4059 fulva
2488 4001 2605 4055 est?
2631 4000 2683 4054 in
2709 3998 2809 4063 hac
2836 3997 2968 4057 varii
2998 3996 3228 4066 lapidum
3258 3994 3458 4055 micant

263 4092 369 4145 57.
408 4087 455 4141 0
486 4103 639 4155 quam
662 4086 913 4155 jocundte
938 4098 1057 4139 sunt
1082 4087 1387 4141 sitientibus
1410 4086 1599 4155 Deum,
1625 4088 1775 4141 etian:

1889 4096 2133 4150 vibrante
2167 4096 2280 4149 luce
2311 4094 2571 4162 fulgores.
2608 4092 2681 4145 lta
2730 4102 2869 4146 terra
2914 4092 3026 4144 lucc
3053 4090 3277 4158 singulis
3307 4089 3463 4143 terris

181 4183 381 4238 deviae
418 4179 518 4231 illis
549 4179 772 4232 saltibus
820 4179 1162 4232 solitudines!
1213 4194 1372 4247 quam
1414 4192 1622 4232 animum
1666 4184 1790 4230 sunt
1890 4188 2062 4256 major
2100 4187 2165 4240 ad
2196 4187 2423 4255 gingiua,
2453 4200 2640 4240 omnes
2684 4183 2840 4253 longe
2873 4183 3125 4252 prmcedit
3158 4181 3310 4235 b0nis
3349 4194 3463 4233 om-

180 4273 577 4348 quaerentibus
607 4272 878 4327 Christum
911 4273 1001 4326 illa
1034 4281 1263 4337 secreta,
1308 4288 1427 4340 qua:
1475 4272 1631 4340 longe
1657 4270 1791 4325 late-
1890 4279 2071 4335 nibus,

178 4383 299 4440 que
338 4374 541 4420 natura
567 4366 865 4418 excubante
894 4374 1136 4434 porrecta
1182 4363 1345 4417 sunt!
1386 4362 1553 4421 Silent
1586 4364 1786 4416 omnia.

179 4426 357 4515 'i'uuc
394 4457 448 4510 in
483 4457 647 4510 Deum
680 4471 833 4510 suum
875 4426 996 4509 laeta
1045 4471 1196 4508 mens
1230 4454 1546 4523 quibusdam
1591 4452 1790 4507 silentii
1815 4426 1868 4487 Ῐ)

1962 4371 2050 4424 Η.
2085 4370 2247 4423 Recte
2294 4383 2424 4437 ergo
2454 4376 2506 4421 tu
2537 4367 2767 4421 verenda
2815 4367 2973 4420 tellus
3013 4365 3224 4420 Sanctis
3277 4371 3370 4418 aut
3411 4364 3466 4421 in

1894 4468 1946 4513 te
1969 4460 2179 4527 positis,
2223 4468 2320 4512 aut
2366 4474 2471 4511 non
2505 4457 2692 4525 procul
2725 4471 2751 4507 a
2787 4465 2836 4508 te
2861 4456 3105 4518 remotis,
3139 4463 3228 4507 aut
3257 4454 3465 4507 habita-

173 4548 447 4607 stimulis
471 4549 753 4611 excitatur,
812 4555 939 4599 tunc
992 4544 1351 4599 itieﬂabilibus
1392 4552 1667 4611 vegetatur
1695 4558 1793 4598 ex-
1893 4551 2017 4606 bilis
2057 4552 2277 4615 dudum,
2323 4560 2414 4603 aut
2454 4548 2823 4603 desiderabilis
2862 4548 3113 4601 exstitisti
3149 4564 3162 4601 :
3194 4548 3316 4617 quia
3370 4563 3466 4617 pro

172 4643 479 4705 cessibus.
510 4637 698 4691 Nullus
721 4640 1107 4703 interstrepens
1136 4635 1249 4688 illic
1280 4649 1443 4689 sonus
1465 4678 1478 4700 ,
1510 4634 1655 4688 nulla
1687 4636 1770 4691 nis

1894 4644 2162 4697 universis
2193 4642 2350 4696 bonis
2378 4643 2515 4696 illius
2547 4657 2603 4694 es
2632 4639 2822 4693 fertilis
2852 4639 2903 4692 in
2933 4654 3037 4709 qua
3065 4638 3327 4692 habentur
3355 4641 3467 4693 ιιιιὶ-

169 4736 335 4791 forte
368 4746 499 4785 cum
528 4728 638 4781 Deo
665 4742 766 4781 vox
807 4734 912 4782 est.
949 4726 1110 4781 Solus
1142 4727 1229 4781 ille
1275 4725 1561 4779 admodum
1606 4726 1775 4780 suavis

1892 4749 2066 4789 versa.
2100 4733 2178 4788 Tu
2210 4733 2471 4787 cultorem
2504 4732 2667 4795 hunc,
2712 4731 2802 4800 qui
2835 4744 2983 4783 suam
3014 4738 3211 4783 terram
3244 4745 3348 4784 non
3376 4732 3466 4799 qui

168 4828 425 4883 sonitus
454 4818 723 4871 silentium
757 4826 982 4871 secreta:
1010 4816 1259 4875 stationis
1281 4817 1590 4879 intervenit,
1621 4817 1788 4871 inter-
1894 4836 2040 4881 mam
2099 4826 2334 4892 excolat,
2388 4824 2639 4894 requiris,
2671 4822 2748 4876 Τυ
2780 4821 3190 4875 inhabitantium
3240 4830 3294 4876 ιε
3324 4823 3467 4875 vim,

167 4920 485 4990 pellatque
534 4910 683 4963 illum
736 4909 958 4980 placida:
1020 4910 1215 4979 quietis
1270 4918 1465 4967 Staium
1532 4910 1791 4979 Strepilus
1898 4916 2136 4983 sterilis,
2190 4926 2243 4971 tu
2284 4917 2507 4971 fecunda
2563 4914 2869 4969 virtutibus.
2930 4914 3095 4967 Tuam
3150 4913 3468 4983 quicumque

170 5014 387 5083 quiete
438 5004 676 5070 dulcior,
718 5013 772 5060 et
798 5014 1015 5059 sanctus
1056 5003 1465 5058 modestissimae
1501 5019 1794 5059 conversa-
1897 5017 2207 5063 sanctorum
2252 5007 2669 5062 familiaritatem
2712 5004 2977 5074 quaesivit,
3025 5003 3191 5059 Deum
3238 5003 3466 5072 reperit:

170 5102 361 5159 tionis
421 5096 703 5150 tumultus.
759 5096 906 5150 Tunc
946 5094 1162 5165 hymnis
1206 5110 1369 5151 suave
1416 5096 1793 5152 resonantibus
1897 5100 2173 5155 Christum
2204 5102 2256 5154 in
2283 5107 2357 5165 te,
2390 5100 2632 5167 quisquis
2655 5108 2705 5151 te
2733 5097 2922 5165 coluit,
2968 5095 3190 5149 invenit.
3232 5094 3349 5165 Ipse
3380 5096 3469 5164 qui

170 5194 427 5252 excelsa
454 5188 569 5259 ipsa
593 5187 861 5243 ferventes
888 5188 1039 5243 chori
1071 5187 1303 5256 pulsant,
1329 5195 1493 5256 atque
1522 5186 1576 5243 in
1596 5188 1790 5243 celum
1900 5191 2125 5257 habitat,
2162 5192 2388 5247 Domino
2436 5191 2735 5245 habitatore
2766 5190 2996 5243 lzetatur.
3030 5187 3173 5243 idem
3207 5188 3319 5256 ipse
3364 5195 3467 5254 est,

169 5304 293 5342 non
354 5281 549 5341 minus
585 5296 725 5352 pene
769 5279 989 5335 vocibus
1029 5294 1189 5350 quam
1228 5279 1560 5335 orationibus
1602 5295 1792 5350 perve-
1900 5293 1956 5340 et
1981 5300 2261 5354 possessor
2302 5294 2445 5343 tuus,
2483 5289 2540 5336 et
2567 5281 2745 5336 divina
2798 5280 3089 5349 possessio.
3148 5279 3321 5334 Tuum
3379 5280 3470 5348 qui

171 5381 371 5437 nitur.
1900 5392 2009 5431 non
2038 5376 2235 5445 refugit
2267 5373 2656 5439 habitaculum,
2686 5373 2855 5427 factus
2903 5378 2989 5426 est
3032 5370 3148 5441 ipse
3186 5369 3281 5425 Dei
3338 5381 3469 5424 tem-

248 5473 361 5533 δε.
424 5465 631 5522 Fremit
668 5467 862 5523 frustra
910 5475 1037 5523 tunc
1083 5465 1512 5523 circumveniens
1540 5467 1796 5523 adversa-
1900 5472 2070 5543 plum.

170 5565 326 5629 rius,
364 5571 649 5630 tamquam
678 5561 816 5615 intra
847 5560 1029 5617 caulas
1071 5562 1259 5617 ovibus
1301 5562 1464 5631 septis
1495 5562 1671 5632 lupus.
1698 5561 1794 5615 ln-
1970 5564 2062 5619 ιε.
2093 5559 2356 5631 Equidem
2379 5558 2589 5614 cunctis
2611 5557 2779 5614 eremi
2803 5556 2941 5613 locis
2966 5569 3088 5627 quae
3107 5556 3320 5639 piorum
3347 5554 3469 5610 illu-

173 5657 321 5725 visit
380 5667 526 5711 sane
577 5655 817 5724 spatiosa
874 5655 1074 5711 deserti
1126 5655 1422 5713 laetantium
1475 5657 1791 5725 angelorum
1900 5658 2169 5714 minantur
2197 5669 2448 5724 secessu,
2485 5652 2847 5711 reverentiam
2875 5649 3073 5718 debeo,
3098 5648 3373 5721 praecipuo
3391 5657 3485 5704 ιον
