  <div class='ocr_page' id='page_1' title='image "/cluster/home/n/w/nwhite01/storage/ocr_20150623/50/uva.x000827094/365.png"; bbox 0 0 4028 6184; ppageno 0'>
   <div class='ocr_carea' id='block_1_1' title="bbox 521 238 616 294">
    <p class='ocr_par' dir='ltr' id='par_1_1' title="bbox 521 238 616 294">
     <span class='ocr_line' id='line_1_1' title="bbox 521 238 616 294; baseline 0 0"><span class='ocrx_word' id='word_1_1' title='bbox 521 238 616 294; x_wconf 78' lang='lat' dir='ltr'><strong>7H</strong></span> 
     </span>
    </p>
   </div>
   <div class='ocr_carea' id='block_1_2' title="bbox 1508 220 2798 286">
    <p class='ocr_par' dir='ltr' id='par_1_2' title="bbox 1508 220 2798 286">
     <span class='ocr_line' id='line_1_2' title="bbox 1508 220 2798 286; baseline -0.003 0"><span class='ocrx_word' id='word_1_2' title='bbox 1508 230 1568 286; x_wconf 89' lang='lat' dir='ltr'><strong>S.</strong></span> <span class='ocrx_word' id='word_1_3' title='bbox 1610 223 1934 284; x_wconf 82' lang='lat' dir='ltr'><strong>EUCHERII</strong></span> <span class='ocrx_word' id='word_1_4' title='bbox 1975 223 2276 284; x_wconf 83' lang='lat' dir='ltr'><strong>EPISCOPI</strong></span> <span class='ocrx_word' id='word_1_5' title='bbox 2313 220 2798 284; x_wconf 81' lang='lat' dir='ltr'><strong>LUGDUNENSIS</strong></span> 
     </span>
    </p>
   </div>
   <div class='ocr_carea' id='block_1_3' title="bbox 3676 222 3792 281">
    <p class='ocr_par' dir='ltr' id='par_1_3' title="bbox 3676 222 3792 281">
     <span class='ocr_line' id='line_1_3' title="bbox 3676 222 3792 281; baseline 0 -2"><span class='ocrx_word' id='word_1_6' title='bbox 3676 222 3792 281; x_wconf 65' lang='lat' dir='ltr'><strong>7H</strong></span> 
     </span>
    </p>
   </div>
   <div class='ocr_carea' id='block_1_4' title="bbox 520 338 3790 424">
    <p class='ocr_par' dir='ltr' id='par_1_4' title="bbox 520 338 3790 424">
     <span class='ocr_line' id='line_1_4' title="bbox 520 338 3790 424; baseline -0.006 -10"><span class='ocrx_word' id='word_1_7' title='bbox 520 373 639 414; x_wconf 84' lang='lat' dir='ltr'><strong>men</strong></span> <span class='ocrx_word' id='word_1_8' title='bbox 677 355 915 411; x_wconf 85' lang='lat' dir='ltr'><strong>Lirinum</strong></span> <span class='ocrx_word' id='word_1_9' title='bbox 964 350 1149 424; x_wconf 69' lang='grc' dir='ltr'><strong>[ναις.</strong></span> <span class='ocrx_word' id='word_1_10' title='bbox 1193 346 1465 418; x_wconf 87' lang='lat' dir='ltr'><strong>Lerinam]</strong></span> <span class='ocrx_word' id='word_1_11' title='bbox 1497 363 1672 402; x_wconf 85' lang='lat' dir='ltr'><strong>meam</strong></span> <span class='ocrx_word' id='word_1_12' title='bbox 1710 348 1914 402; x_wconf 89' lang='lat' dir='ltr'><strong>honore</strong></span> <span class='ocrx_word' id='word_1_13' title='bbox 1943 361 2090 400; x_wconf 90' lang='lat' dir='ltr'><strong>com-</strong></span> <span class='ocrx_word' id='word_1_14' title='bbox 2119 353 2170 413; x_wconf 77' lang='grc' dir='ltr'>Α</span> <span class='ocrx_word' id='word_1_15' title='bbox 2200 363 2343 413; x_wconf 89' lang='lat' dir='ltr'><strong>eum,</strong></span> <span class='ocrx_word' id='word_1_16' title='bbox 2372 356 2577 402; x_wconf 90' lang='lat' dir='ltr'><strong>tantum</strong></span> <span class='ocrx_word' id='word_1_17' title='bbox 2602 361 2764 414; x_wconf 86' lang='lat' dir='ltr'><strong>quem</strong></span> <span class='ocrx_word' id='word_1_18' title='bbox 2787 344 2958 397; x_wconf 88' lang='lat' dir='ltr'><strong>solum</strong></span> <span class='ocrx_word' id='word_1_19' title='bbox 2983 341 3360 396; x_wconf 77' lang='lat' dir='ltr'><strong>desiderantes</strong></span> <span class='ocrx_word' id='word_1_20' title='bbox 3374 338 3790 408; x_wconf 88' lang='lat' dir='ltr'><strong>concupiscunt.</strong></span> 
     </span>
    </p>
   </div>
   <div class='ocr_carea' id='block_1_5' title="bbox 520 437 2095 520">
    <p class='ocr_par' dir='ltr' id='par_1_5' title="bbox 520 437 2095 520">
     <span class='ocr_line' id='line_1_5' title="bbox 520 437 2095 520; baseline -0.01 -17"><span class='ocrx_word' id='word_1_21' title='bbox 520 451 778 520; x_wconf 85' lang='lat' dir='ltr'><strong>plectens,</strong></span> <span class='ocrx_word' id='word_1_22' title='bbox 802 457 922 514; x_wconf 65' lang='lat' dir='ltr'><strong>qua</strong></span> <span class='ocrx_word' id='word_1_23' title='bbox 957 441 1241 512; x_wconf 77' lang='lat' dir='ltr'><strong>procellosi</strong></span> <span class='ocrx_word' id='word_1_24' title='bbox 1294 438 1588 507; x_wconf 86' lang='lat' dir='ltr'><strong>naufragiis</strong></span> <span class='ocrx_word' id='word_1_25' title='bbox 1640 439 1826 492; x_wconf 86' lang='lat' dir='ltr'><strong>mundi</strong></span> <span class='ocrx_word' id='word_1_26' title='bbox 1867 437 2095 500; x_wconf 84' lang='lat' dir='ltr'><strong>effusos,</strong></span> 
     </span>
    </p>
   </div>
   <div class='ocr_carea' id='block_1_6' title="bbox 521 529 2098 611">
    <p class='ocr_par' dir='ltr' id='par_1_6' title="bbox 521 529 2098 611">
     <span class='ocr_line' id='line_1_6' title="bbox 521 529 2098 611; baseline -0.008 -17"><span class='ocrx_word' id='word_1_27' title='bbox 521 539 776 611; x_wconf 82' lang='lat' dir='ltr'><strong>piissimis</strong></span> <span class='ocrx_word' id='word_1_28' title='bbox 831 533 971 588; x_wconf 87' lang='lat' dir='ltr'><strong>ulnis</strong></span> <span class='ocrx_word' id='word_1_29' title='bbox 1018 540 1258 602; x_wconf 74' lang='lat' dir='ltr'><strong>receptat</strong></span> <span class='ocrx_word' id='word_1_30' title='bbox 1292 532 1573 585; x_wconf 73' lang='lat' dir='ltr'><strong>venientes</strong></span> <span class='ocrx_word' id='word_1_31' title='bbox 1608 548 1618 581; x_wconf 87' lang='lat'>:</span> <span class='ocrx_word' id='word_1_32' title='bbox 1672 531 1740 582; x_wconf 88' lang='lat' dir='ltr'><strong>ab</strong></span> <span class='ocrx_word' id='word_1_33' title='bbox 1782 529 1876 582; x_wconf 94' lang='lat' dir='ltr'><strong>illo</strong></span> <span class='ocrx_word' id='word_1_34' title='bbox 1917 529 2098 582; x_wconf 65' lang='lat' dir='ltr'><strong>surculi</strong></span> 
     </span>
    </p>
   </div>
   <div class='ocr_carea' id='block_1_7' title="bbox 521 621 2099 702">
    <p class='ocr_par' dir='ltr' id='par_1_7' title="bbox 521 621 2099 702">
     <span class='ocr_line' id='line_1_7' title="bbox 521 621 2099 702; baseline -0.009 -14"><span class='ocrx_word' id='word_1_35' title='bbox 521 635 807 702; x_wconf 83' lang='lat' dir='ltr'><strong>flagrantes</strong></span> <span class='ocrx_word' id='word_1_36' title='bbox 837 637 996 690; x_wconf 72' lang='lat' dir='ltr'><strong>testu,</strong></span> <span class='ocrx_word' id='word_1_37' title='bbox 1025 624 1220 680; x_wconf 85' lang='lat' dir='ltr'><strong>blande</strong></span> <span class='ocrx_word' id='word_1_38' title='bbox 1247 623 1542 677; x_wconf 89' lang='lat' dir='ltr'><strong>introducit</strong></span> <span class='ocrx_word' id='word_1_39' title='bbox 1580 622 1684 676; x_wconf 90' lang='lat' dir='ltr'><strong>sub</strong></span> <span class='ocrx_word' id='word_1_40' title='bbox 1705 621 1923 676; x_wconf 83' lang='lat' dir='ltr'><strong>umbras</strong></span> <span class='ocrx_word' id='word_1_41' title='bbox 1953 635 2099 686; x_wconf 89' lang='lat' dir='ltr'><strong>suas,</strong></span> 
     </span>
    </p>
   </div>
   <div class='ocr_carea' id='block_1_8' title="bbox 523 716 2101 790">
    <p class='ocr_par' dir='ltr' id='par_1_8' title="bbox 523 716 2101 790">
     <span class='ocr_line' id='line_1_8' title="bbox 523 716 2101 790; baseline -0.009 -10"><span class='ocrx_word' id='word_1_42' title='bbox 523 737 578 780; x_wconf 89' lang='lat' dir='ltr'><strong>ut</strong></span> <span class='ocrx_word' id='word_1_43' title='bbox 627 725 733 778; x_wconf 91' lang='lat' dir='ltr'><strong>illic</strong></span> <span class='ocrx_word' id='word_1_44' title='bbox 777 722 1024 790; x_wconf 88' lang='lat' dir='ltr'><strong>spiritum</strong></span> <span class='ocrx_word' id='word_1_45' title='bbox 1074 719 1174 772; x_wconf 86' lang='lat' dir='ltr'><strong>sub</strong></span> <span class='ocrx_word' id='word_1_46' title='bbox 1224 717 1313 770; x_wconf 94' lang='lat' dir='ltr'><strong>illa</strong></span> <span class='ocrx_word' id='word_1_47' title='bbox 1356 716 1616 769; x_wconf 90' lang='lat' dir='ltr'><strong>interiore</strong></span> <span class='ocrx_word' id='word_1_48' title='bbox 1658 716 1865 769; x_wconf 88' lang='lat' dir='ltr'><strong>Domini</strong></span> <span class='ocrx_word' id='word_1_49' title='bbox 1917 716 2101 768; x_wconf 90' lang='lat' dir='ltr'><strong>umbra</strong></span> 
     </span>
    </p>
   </div>
   <div class='ocr_carea' id='block_1_9' title="bbox 523 807 2106 880">
    <p class='ocr_par' dir='ltr' id='par_1_9' title="bbox 523 807 2106 880">
     <span class='ocr_line' id='line_1_9' title="bbox 523 807 2106 880; baseline -0.008 -9"><span class='ocrx_word' id='word_1_50' title='bbox 523 816 702 872; x_wconf 82' lang='lat' dir='ltr'><strong>anheli</strong></span> <span class='ocrx_word' id='word_1_51' title='bbox 731 821 1028 869; x_wconf 90' lang='lat' dir='ltr'><strong>resumant.</strong></span> <span class='ocrx_word' id='word_1_52' title='bbox 1058 812 1226 880; x_wconf 82' lang='lat' dir='ltr'><strong>Aquis</strong></span> <span class='ocrx_word' id='word_1_53' title='bbox 1256 818 1491 872; x_wconf 75' lang='lat' dir='ltr'><strong>scatens,</strong></span> <span class='ocrx_word' id='word_1_54' title='bbox 1547 809 1731 862; x_wconf 83' lang='lat' dir='ltr'><strong>herbis</strong></span> <span class='ocrx_word' id='word_1_55' title='bbox 1759 808 1962 870; x_wconf 83' lang='lat' dir='ltr'><strong>virens,</strong></span> <span class='ocrx_word' id='word_1_56' title='bbox 1984 807 2106 860; x_wconf 87' lang='lat' dir='ltr'><strong>viti-</strong></span> 
     </span>
    </p>
   </div>
   <div class='ocr_carea' id='block_1_10' title="bbox 524 897 2105 969">
    <p class='ocr_par' dir='ltr' id='par_1_10' title="bbox 524 897 2105 969">
     <span class='ocr_line' id='line_1_10' title="bbox 524 897 2105 969; baseline -0.008 -7"><span class='ocrx_word' id='word_1_57' title='bbox 524 909 625 962; x_wconf 72' lang='lat' dir='ltr'><strong>lius</strong></span> <span class='ocrx_word' id='word_1_58' title='bbox 651 907 911 969; x_wconf 90' lang='lat' dir='ltr'><strong>renitens,</strong></span> <span class='ocrx_word' id='word_1_59' title='bbox 958 903 1160 956; x_wconf 78' lang='lat' dir='ltr'><strong>visibus</strong></span> <span class='ocrx_word' id='word_1_60' title='bbox 1190 900 1552 967; x_wconf 90' lang='lat' dir='ltr'><strong>odoribusquc</strong></span> <span class='ocrx_word' id='word_1_61' title='bbox 1586 898 1840 967; x_wconf 88' lang='lat' dir='ltr'><strong>jucunda,</strong></span> <span class='ocrx_word' id='word_1_62' title='bbox 1894 897 2105 966; x_wconf 87' lang='lat' dir='ltr'><strong>paradi-</strong></span> 
     </span>
    </p>
   </div>
   <div class='ocr_carea' id='block_1_11' title="bbox 525 989 2107 1067">
    <p class='ocr_par' dir='ltr' id='par_1_11' title="bbox 525 989 2107 1067">
     <span class='ocr_line' id='line_1_11' title="bbox 525 989 2107 1067; baseline -0.008 -14"><span class='ocrx_word' id='word_1_63' title='bbox 525 1015 642 1053; x_wconf 87' lang='lat' dir='ltr'><strong>sum</strong></span> <span class='ocrx_word' id='word_1_64' title='bbox 676 995 1079 1067; x_wconf 85' lang='lat' dir='ltr'><strong>possidentibus</strong></span> <span class='ocrx_word' id='word_1_65' title='bbox 1111 1009 1170 1046; x_wconf 87' lang='lat' dir='ltr'><strong>se</strong></span> <span class='ocrx_word' id='word_1_66' title='bbox 1198 993 1439 1046; x_wconf 80' lang='lat' dir='ltr'><strong>exhibet.</strong></span> <span class='ocrx_word' id='word_1_67' title='bbox 1465 992 1628 1058; x_wconf 89' lang='lat' dir='ltr'><strong>Digna</strong></span> <span class='ocrx_word' id='word_1_68' title='bbox 1651 1006 1770 1060; x_wconf 68' lang='lat' dir='ltr'><strong>quae</strong></span> <span class='ocrx_word' id='word_1_69' title='bbox 1793 989 2107 1045; x_wconf 66' lang='lat' dir='ltr'><strong>cmlestibus</strong></span> 
     </span>
    </p>
   </div>
   <div class='ocr_carea' id='block_1_12' title="bbox 527 1081 2107 1157">
    <p class='ocr_par' dir='ltr' id='par_1_12' title="bbox 527 1081 2107 1157">
     <span class='ocr_line' id='line_1_12' title="bbox 527 1081 2107 1157; baseline -0.007 -12"><span class='ocrx_word' id='word_1_70' title='bbox 527 1090 827 1157; x_wconf 88' lang='lat' dir='ltr'><strong>disciplinis</strong></span> <span class='ocrx_word' id='word_1_71' title='bbox 857 1089 1129 1141; x_wconf 89' lang='lat' dir='ltr'><strong>Ilonorato</strong></span> <span class='ocrx_word' id='word_1_72' title='bbox 1157 1093 1376 1138; x_wconf 84' lang='lat' dir='ltr'><strong>auctore</strong></span> <span class='ocrx_word' id='word_1_73' title='bbox 1411 1082 1627 1136; x_wconf 90' lang='lat' dir='ltr'><strong>fundata</strong></span> <span class='ocrx_word' id='word_1_74' title='bbox 1661 1084 1752 1147; x_wconf 92' lang='lat' dir='ltr'><strong>sit,</strong></span> <span class='ocrx_word' id='word_1_75' title='bbox 1797 1098 1915 1150; x_wconf 75' lang='lat' dir='ltr'><strong>quae</strong></span> <span class='ocrx_word' id='word_1_76' title='bbox 1947 1081 2107 1135; x_wconf 89' lang='lat' dir='ltr'><strong>tantis</strong></span> 
     </span>
    </p>
   </div>
   <div class='ocr_carea' id='block_1_13' title="bbox 530 1175 2108 1243">
    <p class='ocr_par' dir='ltr' id='par_1_13' title="bbox 530 1175 2108 1243">
     <span class='ocr_line' id='line_1_13' title="bbox 530 1175 2108 1243; baseline -0.008 -5"><span class='ocrx_word' id='word_1_77' title='bbox 530 1185 792 1239; x_wconf 84' lang='lat' dir='ltr'><strong>institutis</strong></span> <span class='ocrx_word' id='word_1_78' title='bbox 813 1193 1017 1236; x_wconf 85' lang='lat' dir='ltr'><strong>tantum</strong></span> <span class='ocrx_word' id='word_1_79' title='bbox 1044 1188 1198 1234; x_wconf 89' lang='lat' dir='ltr'><strong>nacta</strong></span> <span class='ocrx_word' id='word_1_80' title='bbox 1227 1178 1298 1231; x_wconf 85' lang='lat' dir='ltr'><strong>sit</strong></span> <span class='ocrx_word' id='word_1_81' title='bbox 1321 1177 1554 1238; x_wconf 85' lang='lat' dir='ltr'><strong>Patrem,</strong></span> <span class='ocrx_word' id='word_1_82' title='bbox 1580 1175 1859 1243; x_wconf 86' lang='lat' dir='ltr'><strong>apostolici</strong></span> <span class='ocrx_word' id='word_1_83' title='bbox 1889 1175 2108 1243; x_wconf 90' lang='lat' dir='ltr'><strong>spiritus</strong></span> 
     </span>
    </p>
   </div>
   <div class='ocr_carea' id='block_1_14' title="bbox 531 1265 2109 1344">
    <p class='ocr_par' dir='ltr' id='par_1_14' title="bbox 531 1265 2109 1344">
     <span class='ocr_line' id='line_1_14' title="bbox 531 1265 2109 1344; baseline -0.007 -17"><span class='ocrx_word' id='word_1_84' title='bbox 531 1277 714 1344; x_wconf 89' lang='lat' dir='ltr'><strong>vigore</strong></span> <span class='ocrx_word' id='word_1_85' title='bbox 738 1283 793 1327; x_wconf 92' lang='lat' dir='ltr'><strong>et</strong></span> <span class='ocrx_word' id='word_1_86' title='bbox 825 1272 1002 1326; x_wconf 90' lang='lat' dir='ltr'><strong>vultus</strong></span> <span class='ocrx_word' id='word_1_87' title='bbox 1035 1272 1239 1323; x_wconf 86' lang='lat' dir='ltr'><strong>honore</strong></span> <span class='ocrx_word' id='word_1_88' title='bbox 1276 1268 1596 1321; x_wconf 87' lang='lat' dir='ltr'><strong>radiantem.</strong></span> <span class='ocrx_word' id='word_1_89' title='bbox 1630 1267 1796 1334; x_wconf 87' lang='lat' dir='ltr'><strong>Digna</strong></span> <span class='ocrx_word' id='word_1_90' title='bbox 1813 1281 1930 1334; x_wconf 73' lang='lat' dir='ltr'><strong>qua:</strong></span> <span class='ocrx_word' id='word_1_91' title='bbox 1961 1265 2109 1318; x_wconf 89' lang='lat' dir='ltr'><strong>illum</strong></span> 
     </span>
    </p>
   </div>
   <div class='ocr_carea' id='block_1_15' title="bbox 531 1357 2110 1435">
    <p class='ocr_par' dir='ltr' id='par_1_15' title="bbox 531 1357 2110 1435">
     <span class='ocr_line' id='line_1_15' title="bbox 531 1357 2110 1435; baseline -0.007 -14"><span class='ocrx_word' id='word_1_92' title='bbox 531 1369 850 1435; x_wconf 88' lang='lat' dir='ltr'><strong>suscipiens,</strong></span> <span class='ocrx_word' id='word_1_93' title='bbox 885 1366 958 1417; x_wconf 88' lang='lat' dir='ltr'><strong>ita</strong></span> <span class='ocrx_word' id='word_1_94' title='bbox 989 1364 1264 1418; x_wconf 89' lang='lat' dir='ltr'><strong>emitteret</strong></span> <span class='ocrx_word' id='word_1_95' title='bbox 1292 1359 1466 1430; x_wconf 80' lang='lat' dir='ltr'><strong>[Port.</strong></span> <span class='ocrx_word' id='word_1_96' title='bbox 1491 1359 1606 1412; x_wconf 90' lang='lat' dir='ltr'><strong>cod.</strong></span> <span class='ocrx_word' id='word_1_97' title='bbox 1638 1358 1920 1427; x_wconf 83' lang='lat' dir='ltr'><strong>eniteret]:</strong></span> <span class='ocrx_word' id='word_1_98' title='bbox 1953 1357 2110 1426; x_wconf 90' lang='lat' dir='ltr'><strong>digna</strong></span> 
     </span>
    </p>
   </div>
   <div class='ocr_carea' id='block_1_16' title="bbox 533 1449 2112 1530">
    <p class='ocr_par' dir='ltr' id='par_1_16' title="bbox 533 1449 2112 1530">
     <span class='ocr_line' id='line_1_16' title="bbox 533 1449 2112 1530; baseline -0.006 -17"><span class='ocrx_word' id='word_1_99' title='bbox 533 1476 650 1530; x_wconf 59' lang='lat' dir='ltr'><strong>quis</strong></span> <span class='ocrx_word' id='word_1_100' title='bbox 695 1458 1172 1527; x_wconf 71' lang='lat' dir='ltr'><strong>prmstantissimos</strong></span> <span class='ocrx_word' id='word_1_101' title='bbox 1212 1455 1320 1507; x_wconf 86' lang='lat' dir='ltr'><strong>alat</strong></span> <span class='ocrx_word' id='word_1_102' title='bbox 1368 1453 1678 1518; x_wconf 87' lang='lat' dir='ltr'><strong>monachos,</strong></span> <span class='ocrx_word' id='word_1_103' title='bbox 1709 1463 1765 1506; x_wconf 92' lang='lat' dir='ltr'><strong>et</strong></span> <span class='ocrx_word' id='word_1_104' title='bbox 1801 1449 2112 1505; x_wconf 87' lang='lat' dir='ltr'><strong>ambiendos</strong></span> 
     </span>
    </p>
   </div>
   <div class='ocr_carea' id='block_1_17' title="bbox 535 1542 2113 1618">
    <p class='ocr_par' dir='ltr' id='par_1_17' title="bbox 535 1542 2113 1618">
     <span class='ocr_line' id='line_1_17' title="bbox 535 1542 2113 1618; baseline -0.005 -16"><span class='ocrx_word' id='word_1_105' title='bbox 535 1550 771 1618; x_wconf 88' lang='lat' dir='ltr'><strong>proferat</strong></span> <span class='ocrx_word' id='word_1_106' title='bbox 796 1546 1129 1601; x_wconf 90' lang='lat' dir='ltr'><strong>sacerdotes.</strong></span> <span class='ocrx_word' id='word_1_107' title='bbox 1164 1545 1290 1598; x_wconf 74' lang='lat' dir='ltr'><strong>Haec</strong></span> <span class='ocrx_word' id='word_1_108' title='bbox 1313 1559 1455 1596; x_wconf 92' lang='lat' dir='ltr'><strong>nunc</strong></span> <span class='ocrx_word' id='word_1_109' title='bbox 1481 1557 1857 1597; x_wconf 86' lang='lat' dir='ltr'><strong>successorem</strong></span> <span class='ocrx_word' id='word_1_110' title='bbox 1889 1542 2003 1611; x_wconf 86' lang='lat' dir='ltr'><strong>ejus</strong></span> <span class='ocrx_word' id='word_1_111' title='bbox 2035 1551 2113 1594; x_wconf 91' lang='lat' dir='ltr'><strong>te-</strong></span> 
     </span>
    </p>
   </div>
   <div class='ocr_carea' id='block_1_18' title="bbox 534 1635 2112 1705">
    <p class='ocr_par' dir='ltr' id='par_1_18' title="bbox 534 1635 2112 1705">
     <span class='ocr_line' id='line_1_18' title="bbox 534 1635 2112 1705; baseline -0.004 -12"><span class='ocrx_word' id='word_1_112' title='bbox 534 1648 663 1705; x_wconf 88' lang='lat' dir='ltr'><strong>net,</strong></span> <span class='ocrx_word' id='word_1_113' title='bbox 705 1639 992 1692; x_wconf 87' lang='lat' dir='ltr'><strong>Maximum</strong></span> <span class='ocrx_word' id='word_1_114' title='bbox 1025 1636 1276 1698; x_wconf 89' lang='lat' dir='ltr'><strong>nomine;</strong></span> <span class='ocrx_word' id='word_1_115' title='bbox 1309 1635 1548 1698; x_wconf 88' lang='lat' dir='ltr'><strong>clarum,</strong></span> <span class='ocrx_word' id='word_1_116' title='bbox 1602 1636 1722 1703; x_wconf 89' lang='lat' dir='ltr'><strong>quia</strong></span> <span class='ocrx_word' id='word_1_117' title='bbox 1764 1643 1885 1703; x_wconf 91' lang='lat' dir='ltr'><strong>post</strong></span> <span class='ocrx_word' id='word_1_118' title='bbox 1939 1635 2112 1701; x_wconf 92' lang='lat' dir='ltr'><strong>ipsum</strong></span> 
     </span>
    </p>
   </div>
   <div class='ocr_carea' id='block_1_19' title="bbox 2205 431 3791 501">
    <p class='ocr_par' dir='ltr' id='par_1_19' title="bbox 2205 431 3791 501">
     <span class='ocr_line' id='line_1_19' title="bbox 2205 431 3791 501; baseline -0.008 -5"><span class='ocrx_word' id='word_1_119' title='bbox 2205 443 2337 496; x_wconf 93' lang='lat' dir='ltr'><strong>Dum</strong></span> <span class='ocrx_word' id='word_1_120' title='bbox 2365 440 2572 492; x_wconf 84' lang='lat' dir='ltr'><strong>beatam</strong></span> <span class='ocrx_word' id='word_1_121' title='bbox 2604 443 2848 501; x_wconf 60' lang='lat' dir='ltr'><strong>qumrunt</strong></span> <span class='ocrx_word' id='word_1_122' title='bbox 2868 434 3056 496; x_wconf 84' lang='lat' dir='ltr'><strong>vitam,</strong></span> <span class='ocrx_word' id='word_1_123' title='bbox 3089 431 3301 485; x_wconf 84' lang='lat' dir='ltr'><strong>beatam</strong></span> <span class='ocrx_word' id='word_1_124' title='bbox 3328 439 3522 496; x_wconf 84' lang='lat' dir='ltr'><strong>agunt;</strong></span> <span class='ocrx_word' id='word_1_125' title='bbox 3557 443 3791 499; x_wconf 84' lang='lat' dir='ltr'><strong>eamque</strong></span> 
     </span>
    </p>
   </div>
   <div class='ocr_carea' id='block_1_20' title="bbox 2203 522 3795 592">
    <p class='ocr_par' dir='ltr' id='par_1_20' title="bbox 2203 522 3795 592">
     <span class='ocr_line' id='line_1_20' title="bbox 2203 522 3795 592; baseline -0.005 -6"><span class='ocrx_word' id='word_1_126' title='bbox 2203 542 2258 587; x_wconf 92' lang='lat' dir='ltr'><strong>et</strong></span> <span class='ocrx_word' id='word_1_127' title='bbox 2285 531 2411 585; x_wconf 92' lang='lat' dir='ltr'><strong>dum</strong></span> <span class='ocrx_word' id='word_1_128' title='bbox 2444 529 2620 582; x_wconf 89' lang='lat' dir='ltr'><strong>adhuc</strong></span> <span class='ocrx_word' id='word_1_129' title='bbox 2651 526 2912 589; x_wconf 88' lang='lat' dir='ltr'><strong>ambiunt,</strong></span> <span class='ocrx_word' id='word_1_130' title='bbox 2959 526 3069 592; x_wconf 86' lang='lat' dir='ltr'><strong>jam</strong></span> <span class='ocrx_word' id='word_1_131' title='bbox 3125 531 3560 590; x_wconf 91' lang='lat' dir='ltr'><strong>consequuntur.</strong></span> <span class='ocrx_word' id='word_1_132' title='bbox 3609 522 3795 592; x_wconf 84' lang='lat' dir='ltr'><strong>Itaque</strong></span> 
     </span>
    </p>
   </div>
   <div class='ocr_carea' id='block_1_21' title="bbox 2203 615 3793 694">
    <p class='ocr_par' dir='ltr' id='par_1_21' title="bbox 2203 615 3793 694">
     <span class='ocr_line' id='line_1_21' title="bbox 2203 615 3793 694; baseline -0.006 -16"><span class='ocrx_word' id='word_1_133' title='bbox 2203 632 2396 694; x_wconf 91' lang='lat' dir='ltr'><strong>optant</strong></span> <span class='ocrx_word' id='word_1_134' title='bbox 2419 638 2446 674; x_wconf 92' lang='lat' dir='ltr'><strong>a</strong></span> <span class='ocrx_word' id='word_1_135' title='bbox 2482 618 2851 690; x_wconf 87' lang='lat' dir='ltr'><strong>peccatoribus</strong></span> <span class='ocrx_word' id='word_1_136' title='bbox 2878 615 3308 685; x_wconf 77' lang='lat' dir='ltr'><strong>segregari?jam</strong></span> <span class='ocrx_word' id='word_1_137' title='bbox 3339 617 3603 684; x_wconf 85' lang='lat' dir='ltr'><strong>segregati</strong></span> <span class='ocrx_word' id='word_1_138' title='bbox 3639 626 3793 670; x_wconf 86' lang='lat' dir='ltr'><strong>sunt.</strong></span> 
     </span>
    </p>
   </div>
   <div class='ocr_carea' id='block_1_22' title="bbox 2205 705 3793 784">
    <p class='ocr_par' dir='ltr' id='par_1_22' title="bbox 2205 705 3793 784">
     <span class='ocr_line' id='line_1_22' title="bbox 2205 705 3793 784; baseline -0.008 -12"><span class='ocrx_word' id='word_1_139' title='bbox 2205 718 2416 773; x_wconf 87' lang='lat' dir='ltr'><strong>Castam</strong></span> <span class='ocrx_word' id='word_1_140' title='bbox 2442 713 2723 784; x_wconf 88' lang='lat' dir='ltr'><strong>possidere</strong></span> <span class='ocrx_word' id='word_1_141' title='bbox 2750 712 2915 763; x_wconf 89' lang='lat' dir='ltr'><strong>vitam</strong></span> <span class='ocrx_word' id='word_1_142' title='bbox 2946 708 3178 760; x_wconf 86' lang='lat' dir='ltr'><strong>volunt?</strong></span> <span class='ocrx_word' id='word_1_143' title='bbox 3202 705 3503 775; x_wconf 80' lang='lat' dir='ltr'><strong>possident.</strong></span> <span class='ocrx_word' id='word_1_144' title='bbox 3538 709 3714 762; x_wconf 84' lang='lat' dir='ltr'><strong>Omne</strong></span> <span class='ocrx_word' id='word_1_145' title='bbox 3741 708 3793 761; x_wconf 89' lang='lat' dir='ltr'><strong>in</strong></span> 
     </span>
    </p>
   </div>
   <div class='ocr_carea' id='block_1_23' title="bbox 2209 801 3800 874">
    <p class='ocr_par' dir='ltr' id='par_1_23' title="bbox 2209 801 3800 874">
     <span class='ocr_line' id='line_1_23' title="bbox 2209 801 3800 874; baseline -0.005 -9"><span class='ocrx_word' id='word_1_146' title='bbox 2209 811 2303 866; x_wconf 89' lang='lat' dir='ltr'><strong>Dei</strong></span> <span class='ocrx_word' id='word_1_147' title='bbox 2339 808 2583 863; x_wconf 90' lang='lat' dir='ltr'><strong>laudibus</strong></span> <span class='ocrx_word' id='word_1_148' title='bbox 2614 816 2828 874; x_wconf 88' lang='lat' dir='ltr'><strong>tempus</strong></span> <span class='ocrx_word' id='word_1_149' title='bbox 2851 803 3048 857; x_wconf 85' lang='lat' dir='ltr'><strong>habere</strong></span> <span class='ocrx_word' id='word_1_150' title='bbox 3070 802 3352 855; x_wconf 85' lang='lat' dir='ltr'><strong>ambiunt?</strong></span> <span class='ocrx_word' id='word_1_151' title='bbox 3381 801 3602 856; x_wconf 88' lang='lat' dir='ltr'><strong>habent.</strong></span> <span class='ocrx_word' id='word_1_152' title='bbox 3644 803 3800 857; x_wconf 81' lang='lat' dir='ltr'><strong>Desi-</strong></span> 
     </span>
    </p>
   </div>
   <div class='ocr_carea' id='block_1_24' title="bbox 2207 893 3800 969">
    <p class='ocr_par' dir='ltr' id='par_1_24' title="bbox 2207 893 3800 969">
     <span class='ocr_line' id='line_1_24' title="bbox 2207 893 3800 969; baseline -0.006 -13"><span class='ocrx_word' id='word_1_153' title='bbox 2207 903 2397 956; x_wconf 87' lang='lat' dir='ltr'><strong>derant</strong></span> <span class='ocrx_word' id='word_1_154' title='bbox 2424 900 2657 969; x_wconf 80' lang='lat' dir='ltr'><strong>gaudere</strong></span> <span class='ocrx_word' id='word_1_155' title='bbox 2688 906 2999 951; x_wconf 90' lang='lat' dir='ltr'><strong>sanctorum</strong></span> <span class='ocrx_word' id='word_1_156' title='bbox 3029 893 3302 948; x_wconf 68' lang='lat' dir='ltr'><strong>canibus?</strong></span> <span class='ocrx_word' id='word_1_157' title='bbox 3348 893 3600 960; x_wconf 87' lang='lat' dir='ltr'><strong>gaudent.</strong></span> <span class='ocrx_word' id='word_1_158' title='bbox 3634 893 3800 947; x_wconf 79' lang='lat' dir='ltr'><strong>Chri-</strong></span> 
     </span>
    </p>
   </div>
   <div class='ocr_carea' id='block_1_25' title="bbox 2209 985 3802 1061">
    <p class='ocr_par' dir='ltr' id='par_1_25' title="bbox 2209 985 3802 1061">
     <span class='ocr_line' id='line_1_25' title="bbox 2209 985 3802 1061; baseline -0.007 -12"><span class='ocrx_word' id='word_1_159' title='bbox 2209 1005 2292 1049; x_wconf 88' lang='lat' dir='ltr'><strong>sto</strong></span> <span class='ocrx_word' id='word_1_160' title='bbox 2321 995 2420 1046; x_wconf 90' lang='lat' dir='ltr'><strong>frui</strong></span> <span class='ocrx_word' id='word_1_161' title='bbox 2453 991 2709 1061; x_wconf 86' lang='lat' dir='ltr'><strong>cupiunt?</strong></span> <span class='ocrx_word' id='word_1_162' title='bbox 2733 988 2952 1043; x_wconf 90' lang='lat' dir='ltr'><strong>Christo</strong></span> <span class='ocrx_word' id='word_1_163' title='bbox 2982 988 3253 1040; x_wconf 90' lang='lat' dir='ltr'><strong>fruuntur.</strong></span> <span class='ocrx_word' id='word_1_164' title='bbox 3286 985 3451 1038; x_wconf 76' lang='lat' dir='ltr'><strong>Vitam</strong></span> <span class='ocrx_word' id='word_1_165' title='bbox 3477 986 3643 1039; x_wconf 88' lang='lat' dir='ltr'><strong>eremi</strong></span> <span class='ocrx_word' id='word_1_166' title='bbox 3679 986 3802 1039; x_wconf 88' lang='lat' dir='ltr'><strong>adi-</strong></span> 
     </span>
    </p>
   </div>
   <div class='ocr_carea' id='block_1_26' title="bbox 2209 1075 3802 1156">
    <p class='ocr_par' dir='ltr' id='par_1_26' title="bbox 2209 1075 3802 1156">
     <span class='ocr_line' id='line_1_26' title="bbox 2209 1075 3802 1156; baseline -0.008 -16"><span class='ocrx_word' id='word_1_167' title='bbox 2209 1085 2341 1156; x_wconf 91' lang='lat' dir='ltr'><strong>pisci</strong></span> <span class='ocrx_word' id='word_1_168' title='bbox 2368 1083 2638 1154; x_wconf 78' lang='lat' dir='ltr'><strong>gestiunt?</strong></span> <span class='ocrx_word' id='word_1_169' title='bbox 2661 1080 2826 1136; x_wconf 92' lang='lat' dir='ltr'><strong>corde</strong></span> <span class='ocrx_word' id='word_1_170' title='bbox 2857 1078 3257 1147; x_wconf 86' lang='lat' dir='ltr'><strong>adipiscuntur.</strong></span> <span class='ocrx_word' id='word_1_171' title='bbox 3310 1075 3384 1130; x_wconf 90' lang='lat' dir='ltr'><strong>Ita</strong></span> <span class='ocrx_word' id='word_1_172' title='bbox 3420 1091 3516 1145; x_wconf 89' lang='lat' dir='ltr'><strong>per</strong></span> <span class='ocrx_word' id='word_1_173' title='bbox 3555 1076 3802 1145; x_wconf 82' lang='lat' dir='ltr'><strong>largissi-</strong></span> 
     </span>
    </p>
   </div>
   <div class='ocr_carea' id='block_1_27' title="bbox 2212 1169 3801 1246">
    <p class='ocr_par' dir='ltr' id='par_1_27' title="bbox 2212 1169 3801 1246">
     <span class='ocr_line' id='line_1_27' title="bbox 2212 1169 3801 1246; baseline -0.007 -14"><span class='ocrx_word' id='word_1_174' title='bbox 2212 1193 2352 1233; x_wconf 91' lang='lat' dir='ltr'><strong>mam</strong></span> <span class='ocrx_word' id='word_1_175' title='bbox 2396 1176 2624 1246; x_wconf 89' lang='lat' dir='ltr'><strong>gratiam</strong></span> <span class='ocrx_word' id='word_1_176' title='bbox 2653 1172 2874 1235; x_wconf 89' lang='lat' dir='ltr'><strong>Christi,</strong></span> <span class='ocrx_word' id='word_1_177' title='bbox 2920 1171 3087 1224; x_wconf 90' lang='lat' dir='ltr'><strong>multa</strong></span> <span class='ocrx_word' id='word_1_178' title='bbox 3116 1186 3181 1223; x_wconf 87' lang='lat' dir='ltr'><strong>ex</strong></span> <span class='ocrx_word' id='word_1_179' title='bbox 3213 1169 3296 1222; x_wconf 89' lang='lat' dir='ltr'><strong>his</strong></span> <span class='ocrx_word' id='word_1_180' title='bbox 3323 1184 3447 1238; x_wconf 78' lang='lat' dir='ltr'><strong>qua:</strong></span> <span class='ocrx_word' id='word_1_181' title='bbox 3475 1169 3529 1221; x_wconf 90' lang='lat' dir='ltr'><strong>in</strong></span> <span class='ocrx_word' id='word_1_182' title='bbox 3562 1170 3801 1222; x_wconf 85' lang='lat' dir='ltr'><strong>futurum</strong></span> 
     </span>
    </p>
   </div>
   <div class='ocr_carea' id='block_1_28' title="bbox 2212 1260 3803 1339">
    <p class='ocr_par' dir='ltr' id='par_1_28' title="bbox 2212 1260 3803 1339">
     <span class='ocr_line' id='line_1_28' title="bbox 2212 1260 3803 1339; baseline -0.006 -15"><span class='ocrx_word' id='word_1_183' title='bbox 2212 1279 2490 1339; x_wconf 85' lang='lat' dir='ltr'><strong>exoptant,</strong></span> <span class='ocrx_word' id='word_1_184' title='bbox 2535 1268 2586 1319; x_wconf 94' lang='lat' dir='ltr'><strong>in</strong></span> <span class='ocrx_word' id='word_1_185' title='bbox 2634 1264 3049 1334; x_wconf 63' lang='lat' dir='ltr'><strong>praesentiarum</strong></span> <span class='ocrx_word' id='word_1_186' title='bbox 3109 1270 3406 1315; x_wconf 89' lang='lat' dir='ltr'><strong>merentur.</strong></span> <span class='ocrx_word' id='word_1_187' title='bbox 3456 1260 3594 1313; x_wconf 81' lang='lat' dir='ltr'><strong>Rem</strong></span> <span class='ocrx_word' id='word_1_188' title='bbox 3639 1275 3803 1329; x_wconf 90' lang='lat' dir='ltr'><strong>porro</strong></span> 
     </span>
    </p>
   </div>
   <div class='ocr_carea' id='block_1_29' title="bbox 2207 1351 3803 1432">
    <p class='ocr_par' dir='ltr' id='par_1_29' title="bbox 2207 1351 3803 1432">
     <span class='ocr_line' id='line_1_29' title="bbox 2207 1351 3803 1432; baseline -0.008 -18"><span class='ocrx_word' id='word_1_189' title='bbox 2207 1363 2318 1432; x_wconf 88' lang='lat' dir='ltr'><strong>jam</strong></span> <span class='ocrx_word' id='word_1_190' title='bbox 2350 1361 2588 1428; x_wconf 85' lang='lat' dir='ltr'><strong>capiunt,</strong></span> <span class='ocrx_word' id='word_1_191' title='bbox 2615 1357 2744 1411; x_wconf 92' lang='lat' dir='ltr'><strong>dum</strong></span> <span class='ocrx_word' id='word_1_192' title='bbox 2775 1370 2925 1423; x_wconf 91' lang='lat' dir='ltr'><strong>spem</strong></span> <span class='ocrx_word' id='word_1_193' title='bbox 2957 1362 3277 1422; x_wconf 87' lang='lat' dir='ltr'><strong>sequuntur.</strong></span> <span class='ocrx_word' id='word_1_194' title='bbox 3302 1351 3519 1405; x_wconf 86' lang='lat' dir='ltr'><strong>Habent</strong></span> <span class='ocrx_word' id='word_1_195' title='bbox 3549 1367 3654 1404; x_wconf 92' lang='lat' dir='ltr'><strong>non</strong></span> <span class='ocrx_word' id='word_1_196' title='bbox 3683 1366 3803 1419; x_wconf 79' lang='lat' dir='ltr'><strong>par-</strong></span> 
     </span>
    </p>
   </div>
   <div class='ocr_carea' id='block_1_30' title="bbox 2213 1442 3803 1521">
    <p class='ocr_par' dir='ltr' id='par_1_30' title="bbox 2213 1442 3803 1521">
     <span class='ocr_line' id='line_1_30' title="bbox 2213 1442 3803 1521; baseline -0.006 -13"><span class='ocrx_word' id='word_1_197' title='bbox 2213 1471 2364 1521; x_wconf 89' lang='lat' dir='ltr'><strong>vum,</strong></span> <span class='ocrx_word' id='word_1_198' title='bbox 2397 1453 2559 1507; x_wconf 89' lang='lat' dir='ltr'><strong>etiam</strong></span> <span class='ocrx_word' id='word_1_199' title='bbox 2589 1451 2772 1503; x_wconf 91' lang='lat' dir='ltr'><strong>labore</strong></span> <span class='ocrx_word' id='word_1_200' title='bbox 2811 1449 2930 1516; x_wconf 88' lang='lat' dir='ltr'><strong>ipso</strong></span> <span class='ocrx_word' id='word_1_201' title='bbox 2963 1446 3227 1516; x_wconf 91' lang='lat' dir='ltr'><strong>premium</strong></span> <span class='ocrx_word' id='word_1_202' title='bbox 3252 1442 3475 1510; x_wconf 89' lang='lat' dir='ltr'><strong>laboris,</strong></span> <span class='ocrx_word' id='word_1_203' title='bbox 3509 1443 3634 1510; x_wconf 91' lang='lat' dir='ltr'><strong>quia</strong></span> <span class='ocrx_word' id='word_1_204' title='bbox 3662 1457 3803 1511; x_wconf 83' lang='lat' dir='ltr'><strong>pene</strong></span> 
     </span>
    </p>
   </div>
   <div class='ocr_carea' id='block_1_31' title="bbox 2213 1536 3281 1615">
    <p class='ocr_par' dir='ltr' id='par_1_31' title="bbox 2213 1536 3281 1615">
     <span class='ocr_line' id='line_1_31' title="bbox 2213 1536 3281 1615; baseline -0.01 -16"><span class='ocrx_word' id='word_1_205' title='bbox 2213 1547 2323 1615; x_wconf 92' lang='lat' dir='ltr'><strong>jam</strong></span> <span class='ocrx_word' id='word_1_206' title='bbox 2359 1548 2410 1598; x_wconf 93' lang='lat' dir='ltr'><strong>in</strong></span> <span class='ocrx_word' id='word_1_207' title='bbox 2443 1558 2608 1612; x_wconf 90' lang='lat' dir='ltr'><strong>opere</strong></span> <span class='ocrx_word' id='word_1_208' title='bbox 2628 1549 2733 1605; x_wconf 90' lang='lat' dir='ltr'><strong>est,</strong></span> <span class='ocrx_word' id='word_1_209' title='bbox 2758 1538 2898 1609; x_wconf 88' lang='lat' dir='ltr'><strong>quod</strong></span> <span class='ocrx_word' id='word_1_210' title='bbox 2929 1552 3137 1591; x_wconf 87' lang='lat' dir='ltr'><strong>merces</strong></span> <span class='ocrx_word' id='word_1_211' title='bbox 3161 1536 3281 1589; x_wconf 90' lang='lat' dir='ltr'><strong>erit.</strong></span> 
     </span>
    </p>
   </div>
   <div class='ocr_carea' id='block_1_32' title="bbox 2287 1624 3802 1695">
    <p class='ocr_par' dir='ltr' id='par_1_32' title="bbox 2287 1624 3802 1695">
     <span class='ocr_line' id='line_1_32' title="bbox 2287 1624 3802 1695; baseline -0.008 -5"><span class='ocrx_word' id='word_1_212' title='bbox 2287 1637 2378 1689; x_wconf 75' lang='grc'><strong>44.</strong></span> <span class='ocrx_word' id='word_1_213' title='bbox 2409 1636 2610 1688; x_wconf 87' lang='lat' dir='ltr'><strong>Horum</strong></span> <span class='ocrx_word' id='word_1_214' title='bbox 2645 1642 2724 1695; x_wconf 91' lang='lat' dir='ltr'><strong>tu,</strong></span> <span class='ocrx_word' id='word_1_215' title='bbox 2757 1630 2827 1684; x_wconf 92' lang='lat' dir='ltr'><strong>mi</strong></span> <span class='ocrx_word' id='word_1_216' title='bbox 2870 1630 3036 1683; x_wconf 86' lang='lat' dir='ltr'><strong>Hilari</strong></span> <span class='ocrx_word' id='word_1_217' title='bbox 3081 1626 3422 1687; x_wconf 87' lang='lat' dir='ltr'><strong>charissime,</strong></span> <span class='ocrx_word' id='word_1_218' title='bbox 3453 1624 3693 1679; x_wconf 88' lang='lat' dir='ltr'><strong>redditus</strong></span> <span class='ocrx_word' id='word_1_219' title='bbox 3721 1625 3802 1678; x_wconf 83' lang='lat' dir='ltr'><strong>in-</strong></span> 
     </span>
    </p>
   </div>
   <div class='ocr_carea' id='block_1_33' title="bbox 537 1719 3801 1797">
    <p class='ocr_par' dir='ltr' id='par_1_33' title="bbox 537 1719 3801 1797">
     <span class='ocr_line' id='line_1_33' title="bbox 537 1719 3801 1797; baseline -0.004 -14"><span class='ocrx_word' id='word_1_220' title='bbox 537 1730 735 1784; x_wconf 89' lang='lat' dir='ltr'><strong>meruit</strong></span> <span class='ocrx_word' id='word_1_221' title='bbox 757 1729 974 1782; x_wconf 91' lang='lat' dir='ltr'><strong>adsciri.</strong></span> <span class='ocrx_word' id='word_1_222' title='bbox 1011 1727 1134 1780; x_wconf 74' lang='lat' dir='ltr'><strong>Haec</strong></span> <span class='ocrx_word' id='word_1_223' title='bbox 1173 1726 1453 1780; x_wconf 88' lang='lat' dir='ltr'><strong>reverendi</strong></span> <span class='ocrx_word' id='word_1_224' title='bbox 1500 1725 1737 1779; x_wconf 90' lang='lat' dir='ltr'><strong>nominis</strong></span> <span class='ocrx_word' id='word_1_225' title='bbox 1768 1728 1997 1793; x_wconf 87' lang='lat' dir='ltr'><strong>Lupum,</strong></span> <span class='ocrx_word' id='word_1_226' title='bbox 2025 1724 2115 1795; x_wconf 91' lang='lat' dir='ltr'><strong>qui</strong></span> <span class='ocrx_word' id='word_1_227' title='bbox 2146 1729 2193 1788; x_wconf 88' lang='lat' dir='ltr'><strong>B</strong></span> <span class='ocrx_word' id='word_1_228' title='bbox 2220 1738 2504 1797; x_wconf 71' lang='lat' dir='ltr'><strong>genusque</strong></span> <span class='ocrx_word' id='word_1_229' title='bbox 2534 1724 2831 1787; x_wconf 86' lang='lat' dir='ltr'><strong>consortio,</strong></span> <span class='ocrx_word' id='word_1_230' title='bbox 2856 1721 3144 1791; x_wconf 91' lang='lat' dir='ltr'><strong>plurimum</strong></span> <span class='ocrx_word' id='word_1_231' title='bbox 3172 1719 3289 1784; x_wconf 86' lang='lat' dir='ltr'><strong>tibi,</strong></span> <span class='ocrx_word' id='word_1_232' title='bbox 3317 1719 3611 1786; x_wconf 88' lang='lat' dir='ltr'><strong>plurimum</strong></span> <span class='ocrx_word' id='word_1_233' title='bbox 3639 1719 3801 1771; x_wconf 89' lang='lat' dir='ltr'><strong>etiam</strong></span> 
     </span>
    </p>
   </div>
   <div class='ocr_carea' id='block_1_34' title="bbox 534 1814 2113 1885">
    <p class='ocr_par' dir='ltr' id='par_1_34' title="bbox 534 1814 2113 1885">
     <span class='ocr_line' id='line_1_34' title="bbox 534 1814 2113 1885; baseline -0.006 -9"><span class='ocrx_word' id='word_1_234' title='bbox 534 1822 695 1876; x_wconf 93' lang='lat' dir='ltr'><strong>nobis</strong></span> <span class='ocrx_word' id='word_1_235' title='bbox 725 1822 869 1874; x_wconf 92' lang='lat' dir='ltr'><strong>illum</strong></span> <span class='ocrx_word' id='word_1_236' title='bbox 906 1836 972 1874; x_wconf 81' lang='lat' dir='ltr'><strong>ex</strong></span> <span class='ocrx_word' id='word_1_237' title='bbox 1003 1820 1144 1872; x_wconf 93' lang='lat' dir='ltr'><strong>tribu</strong></span> <span class='ocrx_word' id='word_1_238' title='bbox 1191 1818 1468 1885; x_wconf 86' lang='lat' dir='ltr'><strong>Benjamin</strong></span> <span class='ocrx_word' id='word_1_239' title='bbox 1509 1816 1692 1884; x_wconf 91' lang='lat' dir='ltr'><strong>lupum</strong></span> <span class='ocrx_word' id='word_1_240' title='bbox 1741 1817 1942 1870; x_wconf 90' lang='lat' dir='ltr'><strong>retulit.</strong></span> <span class='ocrx_word' id='word_1_241' title='bbox 1989 1814 2113 1868; x_wconf 80' lang='lat' dir='ltr'><strong>Haec</strong></span> 
     </span>
    </p>
   </div>
   <div class='ocr_carea' id='block_1_35' title="bbox 535 1909 2112 1983">
    <p class='ocr_par' dir='ltr' id='par_1_35' title="bbox 535 1909 2112 1983">
     <span class='ocr_line' id='line_1_35' title="bbox 535 1909 2112 1983; baseline -0.006 -16"><span class='ocrx_word' id='word_1_242' title='bbox 535 1915 724 1968; x_wconf 91' lang='lat' dir='ltr'><strong>habuit</strong></span> <span class='ocrx_word' id='word_1_243' title='bbox 750 1927 1064 1983; x_wconf 86' lang='lat' dir='ltr'><strong>germanum</strong></span> <span class='ocrx_word' id='word_1_244' title='bbox 1089 1910 1209 1978; x_wconf 89' lang='lat' dir='ltr'><strong>ejus</strong></span> <span class='ocrx_word' id='word_1_245' title='bbox 1231 1909 1593 1974; x_wconf 86' lang='lat' dir='ltr'><strong>Vincentium,</strong></span> <span class='ocrx_word' id='word_1_246' title='bbox 1614 1910 1829 1962; x_wconf 87' lang='lat' dir='ltr'><strong>interno</strong></span> <span class='ocrx_word' id='word_1_247' title='bbox 1849 1921 2112 1976; x_wconf 87' lang='lat' dir='ltr'><strong>gemmam</strong></span> 
     </span>
    </p>
   </div>
   <div class='ocr_carea' id='block_1_36' title="bbox 533 1997 2115 2072">
    <p class='ocr_par' dir='ltr' id='par_1_36' title="bbox 533 1997 2115 2072">
     <span class='ocr_line' id='line_1_36' title="bbox 533 1997 2115 2072; baseline -0.006 -13"><span class='ocrx_word' id='word_1_248' title='bbox 533 2003 821 2072; x_wconf 75' lang='lat' dir='ltr'><strong>splendore</strong></span> <span class='ocrx_word' id='word_1_249' title='bbox 869 2000 1234 2071; x_wconf 89' lang='lat' dir='ltr'><strong>perspicuam.</strong></span> <span class='ocrx_word' id='word_1_250' title='bbox 1287 2001 1411 2053; x_wconf 66' lang='lat' dir='ltr'><strong>Haec</strong></span> <span class='ocrx_word' id='word_1_251' title='bbox 1461 1999 1703 2067; x_wconf 90' lang='lat' dir='ltr'><strong>possidet</strong></span> <span class='ocrx_word' id='word_1_252' title='bbox 1749 1997 2115 2052; x_wconf 81' lang='lat' dir='ltr'><strong>venerabilem</strong></span> 
     </span>
    </p>
   </div>
   <div class='ocr_carea' id='block_1_37' title="bbox 533 2090 2116 2164">
    <p class='ocr_par' dir='ltr' id='par_1_37' title="bbox 533 2090 2116 2164">
     <span class='ocr_line' id='line_1_37' title="bbox 533 2090 2116 2164; baseline -0.004 -16"><span class='ocrx_word' id='word_1_253' title='bbox 533 2097 797 2164; x_wconf 85' lang='lat' dir='ltr'><strong>gravitate</strong></span> <span class='ocrx_word' id='word_1_254' title='bbox 827 2091 1171 2162; x_wconf 90' lang='lat' dir='ltr'><strong>Caprasium,</strong></span> <span class='ocrx_word' id='word_1_255' title='bbox 1200 2093 1476 2146; x_wconf 80' lang='lat' dir='ltr'><strong>veteribus</strong></span> <span class='ocrx_word' id='word_1_256' title='bbox 1506 2091 1709 2144; x_wconf 90' lang='lat' dir='ltr'><strong>sanctis</strong></span> <span class='ocrx_word' id='word_1_257' title='bbox 1749 2105 1955 2159; x_wconf 90' lang='lat' dir='ltr'><strong>parem.</strong></span> <span class='ocrx_word' id='word_1_258' title='bbox 1991 2090 2116 2142; x_wconf 81' lang='lat' dir='ltr'><strong>Haec</strong></span> 
     </span>
    </p>
   </div>
   <div class='ocr_carea' id='block_1_38' title="bbox 537 2181 2118 2251">
    <p class='ocr_par' dir='ltr' id='par_1_38' title="bbox 537 2181 2118 2251">
     <span class='ocr_line' id='line_1_38' title="bbox 537 2181 2118 2251; baseline -0.003 -13"><span class='ocrx_word' id='word_1_259' title='bbox 537 2201 677 2238; x_wconf 90' lang='lat' dir='ltr'><strong>nunc</strong></span> <span class='ocrx_word' id='word_1_260' title='bbox 721 2186 882 2239; x_wconf 89' lang='lat' dir='ltr'><strong>habet</strong></span> <span class='ocrx_word' id='word_1_261' title='bbox 920 2194 1138 2238; x_wconf 89' lang='lat' dir='ltr'><strong>sanctos</strong></span> <span class='ocrx_word' id='word_1_262' title='bbox 1169 2197 1329 2237; x_wconf 88' lang='lat' dir='ltr'><strong>senes</strong></span> <span class='ocrx_word' id='word_1_263' title='bbox 1363 2184 1504 2247; x_wconf 89' lang='lat' dir='ltr'><strong>illos,</strong></span> <span class='ocrx_word' id='word_1_264' title='bbox 1558 2186 1647 2251; x_wconf 91' lang='lat' dir='ltr'><strong>qui</strong></span> <span class='ocrx_word' id='word_1_265' title='bbox 1693 2181 1883 2234; x_wconf 88' lang='lat' dir='ltr'><strong>divisis</strong></span> <span class='ocrx_word' id='word_1_266' title='bbox 1909 2182 2118 2235; x_wconf 88' lang='lat' dir='ltr'><strong>cellulis</strong></span> 
     </span>
    </p>
   </div>
   <div class='ocr_carea' id='block_1_39' title="bbox 537 2275 1818 2348">
    <p class='ocr_par' dir='ltr' id='par_1_39' title="bbox 537 2275 1818 2348">
     <span class='ocr_line' id='line_1_39' title="bbox 537 2275 1818 2348; baseline -0.005 -16"><span class='ocrx_word' id='word_1_267' title='bbox 537 2278 816 2348; x_wconf 57' lang='lat' dir='ltr'><strong>{Egyptios</strong></span> <span class='ocrx_word' id='word_1_268' title='bbox 847 2277 1036 2331; x_wconf 86' lang='lat' dir='ltr'><strong>Patres</strong></span> <span class='ocrx_word' id='word_1_269' title='bbox 1068 2276 1237 2331; x_wconf 88' lang='lat' dir='ltr'><strong>Gallis</strong></span> <span class='ocrx_word' id='word_1_270' title='bbox 1265 2277 1468 2328; x_wconf 90' lang='lat' dir='ltr'><strong>nostris</strong></span> <span class='ocrx_word' id='word_1_271' title='bbox 1498 2275 1818 2327; x_wconf 90' lang='lat' dir='ltr'><strong>intulerunt.</strong></span> 
     </span>
    </p>
   </div>
   <div class='ocr_carea' id='block_1_40' title="bbox 607 2366 2117 2436">
    <p class='ocr_par' dir='ltr' id='par_1_40' title="bbox 607 2366 2117 2436">
     <span class='ocr_line' id='line_1_40' title="bbox 607 2366 2117 2436; baseline -0.001 -17"><span class='ocrx_word' id='word_1_272' title='bbox 607 2369 698 2422; x_wconf 72' lang='grc'><strong>45.</strong></span> <span class='ocrx_word' id='word_1_273' title='bbox 731 2369 878 2434; x_wconf 88' lang='lat' dir='ltr'><strong>Quos</strong></span> <span class='ocrx_word' id='word_1_274' title='bbox 918 2383 1018 2436; x_wconf 85' lang='lat' dir='ltr'><strong>ego</strong></span> <span class='ocrx_word' id='word_1_275' title='bbox 1058 2368 1185 2432; x_wconf 93' lang='lat' dir='ltr'><strong>illic,</strong></span> <span class='ocrx_word' id='word_1_276' title='bbox 1223 2366 1351 2419; x_wconf 87' lang='lat' dir='ltr'><strong>Jesu</strong></span> <span class='ocrx_word' id='word_1_277' title='bbox 1387 2367 1546 2429; x_wconf 92' lang='lat' dir='ltr'><strong>bone,</strong></span> <span class='ocrx_word' id='word_1_278' title='bbox 1580 2374 1890 2419; x_wconf 89' lang='lat' dir='ltr'><strong>sanctorum</strong></span> <span class='ocrx_word' id='word_1_279' title='bbox 1913 2374 2117 2429; x_wconf 72' lang='lat' dir='ltr'><strong>ccetus,</strong></span> 
     </span>
    </p>
   </div>
   <div class='ocr_carea' id='block_1_41' title="bbox 538 2457 2118 2527">
    <p class='ocr_par' dir='ltr' id='par_1_41' title="bbox 538 2457 2118 2527">
     <span class='ocr_line' id='line_1_41' title="bbox 538 2457 2118 2527; baseline 0.001 -17"><span class='ocrx_word' id='word_1_280' title='bbox 538 2467 948 2524; x_wconf 89' lang='lat' dir='ltr'><strong>conventusque</strong></span> <span class='ocrx_word' id='word_1_281' title='bbox 969 2457 1076 2510; x_wconf 92' lang='lat' dir='ltr'><strong>vidi</strong></span> <span class='ocrx_word' id='word_1_282' title='bbox 1101 2460 1114 2511; x_wconf 89' lang='lat'><strong>!</strong></span> <span class='ocrx_word' id='word_1_283' title='bbox 1166 2457 1406 2511; x_wconf 87' lang='lat' dir='ltr'><strong>Pretiosa</strong></span> <span class='ocrx_word' id='word_1_284' title='bbox 1440 2457 1493 2510; x_wconf 90' lang='lat' dir='ltr'><strong>in</strong></span> <span class='ocrx_word' id='word_1_285' title='bbox 1521 2457 1605 2511; x_wconf 89' lang='lat' dir='ltr'><strong>his</strong></span> <span class='ocrx_word' id='word_1_286' title='bbox 1634 2459 1786 2511; x_wconf 86' lang='lat' dir='ltr'><strong>suavi</strong></span> <span class='ocrx_word' id='word_1_287' title='bbox 1817 2459 2118 2527; x_wconf 89' lang='lat' dir='ltr'><strong>unguedine</strong></span> 
     </span>
    </p>
   </div>
   <div class='ocr_carea' id='block_1_42' title="bbox 537 2547 2116 2617">
    <p class='ocr_par' dir='ltr' id='par_1_42' title="bbox 537 2547 2116 2617">
     <span class='ocr_line' id='line_1_42' title="bbox 537 2547 2116 2617; baseline 0.001 -16"><span class='ocrx_word' id='word_1_288' title='bbox 537 2548 866 2601; x_wconf 89' lang='lat' dir='ltr'><strong>alabastrum</strong></span> <span class='ocrx_word' id='word_1_289' title='bbox 898 2547 1212 2615; x_wconf 80' lang='lat' dir='ltr'><strong>fragrabant</strong></span> <span class='ocrx_word' id='word_1_290' title='bbox 1241 2565 1253 2598; x_wconf 92' lang='lat'>:</span> <span class='ocrx_word' id='word_1_291' title='bbox 1300 2547 1544 2615; x_wconf 87' lang='lat' dir='ltr'><strong>spirabat</strong></span> <span class='ocrx_word' id='word_1_292' title='bbox 1574 2549 1774 2617; x_wconf 86' lang='lat' dir='ltr'><strong>passim</strong></span> <span class='ocrx_word' id='word_1_293' title='bbox 1810 2549 1946 2602; x_wconf 89' lang='lat' dir='ltr'><strong>odor</strong></span> <span class='ocrx_word' id='word_1_294' title='bbox 1975 2549 2116 2603; x_wconf 72' lang='lat' dir='ltr'><strong>vitze.</strong></span> 
     </span>
    </p>
   </div>
   <div class='ocr_carea' id='block_1_43' title="bbox 538 2638 2119 2709">
    <p class='ocr_par' dir='ltr' id='par_1_43' title="bbox 538 2638 2119 2709">
     <span class='ocr_line' id='line_1_43' title="bbox 538 2638 2119 2709; baseline 0 -15"><span class='ocrx_word' id='word_1_295' title='bbox 538 2639 818 2694; x_wconf 90' lang='lat' dir='ltr'><strong>lnterioris</strong></span> <span class='ocrx_word' id='word_1_296' title='bbox 851 2638 1083 2692; x_wconf 90' lang='lat' dir='ltr'><strong>hominis</strong></span> <span class='ocrx_word' id='word_1_297' title='bbox 1113 2639 1332 2705; x_wconf 83' lang='lat' dir='ltr'><strong>faciem,</strong></span> <span class='ocrx_word' id='word_1_298' title='bbox 1365 2640 1651 2694; x_wconf 80' lang='lat' dir='ltr'><strong>exterioris</strong></span> <span class='ocrx_word' id='word_1_299' title='bbox 1691 2638 1874 2694; x_wconf 89' lang='lat' dir='ltr'><strong>habitu</strong></span> <span class='ocrx_word' id='word_1_300' title='bbox 1919 2640 2119 2709; x_wconf 68' lang='lat' dir='ltr'><strong>prmfe-</strong></span> 
     </span>
    </p>
   </div>
   <div class='ocr_carea' id='block_1_44' title="bbox 537 2730 2120 2801">
    <p class='ocr_par' dir='ltr' id='par_1_44' title="bbox 537 2730 2120 2801">
     <span class='ocr_line' id='line_1_44' title="bbox 537 2730 2120 2801; baseline -0.001 -16"><span class='ocrx_word' id='word_1_301' title='bbox 537 2731 762 2786; x_wconf 88' lang='lat' dir='ltr'><strong>rcbant:</strong></span> <span class='ocrx_word' id='word_1_302' title='bbox 794 2730 1073 2784; x_wconf 90' lang='lat' dir='ltr'><strong>constricti</strong></span> <span class='ocrx_word' id='word_1_303' title='bbox 1096 2731 1384 2799; x_wconf 86' lang='lat' dir='ltr'><strong>charitate,</strong></span> <span class='ocrx_word' id='word_1_304' title='bbox 1419 2731 1720 2785; x_wconf 90' lang='lat' dir='ltr'><strong>humilitate</strong></span> <span class='ocrx_word' id='word_1_305' title='bbox 1739 2731 1954 2801; x_wconf 89' lang='lat' dir='ltr'><strong>dejecti,</strong></span> <span class='ocrx_word' id='word_1_306' title='bbox 1986 2733 2120 2784; x_wconf 92' lang='lat' dir='ltr'><strong>mol-</strong></span> 
     </span>
    </p>
   </div>
   <div class='ocr_carea' id='block_1_45' title="bbox 539 2822 2119 2891">
    <p class='ocr_par' dir='ltr' id='par_1_45' title="bbox 539 2822 2119 2891">
     <span class='ocr_line' id='line_1_45' title="bbox 539 2822 2119 2891; baseline -0.001 -14"><span class='ocrx_word' id='word_1_307' title='bbox 539 2823 726 2877; x_wconf 90' lang='lat' dir='ltr'><strong>lissimi</strong></span> <span class='ocrx_word' id='word_1_308' title='bbox 772 2823 996 2891; x_wconf 91' lang='lat' dir='ltr'><strong>pietate,</strong></span> <span class='ocrx_word' id='word_1_309' title='bbox 1051 2823 1347 2876; x_wconf 90' lang='lat' dir='ltr'><strong>firmissimi</strong></span> <span class='ocrx_word' id='word_1_310' title='bbox 1375 2822 1426 2875; x_wconf 93' lang='lat' dir='ltr'><strong>in</strong></span> <span class='ocrx_word' id='word_1_311' title='bbox 1457 2837 1575 2890; x_wconf 91' lang='lat' dir='ltr'><strong>spe,</strong></span> <span class='ocrx_word' id='word_1_312' title='bbox 1608 2824 1823 2876; x_wconf 90' lang='lat' dir='ltr'><strong>incessu</strong></span> <span class='ocrx_word' id='word_1_313' title='bbox 1865 2823 2119 2886; x_wconf 86' lang='lat' dir='ltr'><strong>modesti,</strong></span> 
     </span>
    </p>
   </div>
   <div class='ocr_carea' id='block_1_46' title="bbox 536 2915 2121 2985">
    <p class='ocr_par' dir='ltr' id='par_1_46' title="bbox 536 2915 2121 2985">
     <span class='ocr_line' id='line_1_46' title="bbox 536 2915 2121 2985; baseline 0.001 -17"><span class='ocrx_word' id='word_1_314' title='bbox 536 2915 840 2970; x_wconf 87' lang='lat' dir='ltr'><strong>obedientia</strong></span> <span class='ocrx_word' id='word_1_315' title='bbox 868 2916 984 2981; x_wconf 92' lang='lat' dir='ltr'><strong>citi,</strong></span> <span class='ocrx_word' id='word_1_316' title='bbox 1014 2930 1246 2970; x_wconf 90' lang='lat' dir='ltr'><strong>occursu</strong></span> <span class='ocrx_word' id='word_1_317' title='bbox 1278 2915 1447 2979; x_wconf 90' lang='lat' dir='ltr'><strong>taciti,</strong></span> <span class='ocrx_word' id='word_1_318' title='bbox 1482 2915 1631 2968; x_wconf 89' lang='lat' dir='ltr'><strong>vultu</strong></span> <span class='ocrx_word' id='word_1_319' title='bbox 1658 2917 1865 2980; x_wconf 87' lang='lat' dir='ltr'><strong>sereni;</strong></span> <span class='ocrx_word' id='word_1_320' title='bbox 1899 2930 2121 2985; x_wconf 89' lang='lat' dir='ltr'><strong>prorsus</strong></span> 
     </span>
    </p>
   </div>
   <div class='ocr_carea' id='block_1_47' title="bbox 535 3008 2117 3077">
    <p class='ocr_par' dir='ltr' id='par_1_47' title="bbox 535 3008 2117 3077">
     <span class='ocr_line' id='line_1_47' title="bbox 535 3008 2117 3077; baseline -0.001 -14"><span class='ocrx_word' id='word_1_321' title='bbox 535 3010 648 3077; x_wconf 90' lang='lat' dir='ltr'><strong>ipsa</strong></span> <span class='ocrx_word' id='word_1_322' title='bbox 675 3009 917 3076; x_wconf 88' lang='lat' dir='ltr'><strong>protinus</strong></span> <span class='ocrx_word' id='word_1_323' title='bbox 947 3008 1405 3077; x_wconf 91' lang='lat' dir='ltr'><strong>contemplatione</strong></span> <span class='ocrx_word' id='word_1_324' title='bbox 1427 3009 1682 3076; x_wconf 64' lang='lat' dir='ltr'><strong>angelicae</strong></span> <span class='ocrx_word' id='word_1_325' title='bbox 1705 3008 1905 3077; x_wconf 88' lang='lat' dir='ltr'><strong>quietis</strong></span> <span class='ocrx_word' id='word_1_326' title='bbox 1928 3024 2117 3077; x_wconf 89' lang='lat' dir='ltr'><strong>agmen</strong></span> 
     </span>
    </p>
   </div>
   <div class='ocr_carea' id='block_1_48' title="bbox 2219 1811 3806 1886">
    <p class='ocr_par' dir='ltr' id='par_1_48' title="bbox 2219 1811 3806 1886">
     <span class='ocr_line' id='line_1_48' title="bbox 2219 1811 3806 1886; baseline -0.008 -9"><span class='ocrx_word' id='word_1_327' title='bbox 2219 1823 2327 1878; x_wconf 90' lang='lat' dir='ltr'><strong>illis</strong></span> <span class='ocrx_word' id='word_1_328' title='bbox 2355 1820 2657 1884; x_wconf 90' lang='lat' dir='ltr'><strong>contulisti,</strong></span> <span class='ocrx_word' id='word_1_329' title='bbox 2695 1819 2787 1886; x_wconf 92' lang='lat' dir='ltr'><strong>qui</strong></span> <span class='ocrx_word' id='word_1_330' title='bbox 2814 1831 2954 1870; x_wconf 92' lang='lat' dir='ltr'><strong>nunc</strong></span> <span class='ocrx_word' id='word_1_331' title='bbox 2985 1829 3080 1883; x_wconf 90' lang='lat' dir='ltr'><strong>pro</strong></span> <span class='ocrx_word' id='word_1_332' title='bbox 3101 1813 3276 1868; x_wconf 83' lang='lat' dir='ltr'><strong>reditu</strong></span> <span class='ocrx_word' id='word_1_333' title='bbox 3303 1821 3394 1866; x_wconf 90' lang='lat' dir='ltr'><strong>tuo</strong></span> <span class='ocrx_word' id='word_1_334' title='bbox 3437 1812 3601 1864; x_wconf 88' lang='lat' dir='ltr'><strong>alacri</strong></span> <span class='ocrx_word' id='word_1_335' title='bbox 3627 1811 3806 1865; x_wconf 85' lang='lat' dir='ltr'><strong>exsul-</strong></span> 
     </span>
    </p>
   </div>
   <div class='ocr_carea' id='block_1_49' title="bbox 2220 1905 3805 1979">
    <p class='ocr_par' dir='ltr' id='par_1_49' title="bbox 2220 1905 3805 1979">
     <span class='ocr_line' id='line_1_49' title="bbox 2220 1905 3805 1979; baseline -0.006 -13"><span class='ocrx_word' id='word_1_336' title='bbox 2220 1914 2421 1966; x_wconf 86' lang='lat' dir='ltr'><strong>tatione</strong></span> <span class='ocrx_word' id='word_1_337' title='bbox 2465 1913 2734 1965; x_wconf 80' lang='lat' dir='ltr'><strong>laetantur.</strong></span> <span class='ocrx_word' id='word_1_338' title='bbox 2795 1909 2931 1962; x_wconf 90' lang='lat' dir='ltr'><strong>Cum</strong></span> <span class='ocrx_word' id='word_1_339' title='bbox 2984 1905 3094 1979; x_wconf 51' lang='lat' dir='ltr'><strong>his,</strong></span> <span class='ocrx_word' id='word_1_340' title='bbox 3147 1905 3407 1967; x_wconf 90' lang='lat' dir='ltr'><strong>obsecro,</strong></span> <span class='ocrx_word' id='word_1_341' title='bbox 3461 1913 3805 1970; x_wconf 88' lang='lat' dir='ltr'><strong>peccatorum</strong></span> 
     </span>
    </p>
   </div>
   <div class='ocr_carea' id='block_1_50' title="bbox 2221 1996 3808 2068">
    <p class='ocr_par' dir='ltr' id='par_1_50' title="bbox 2221 1996 3808 2068">
     <span class='ocr_line' id='line_1_50' title="bbox 2221 1996 3808 2068; baseline -0.007 -10"><span class='ocrx_word' id='word_1_342' title='bbox 2221 2019 2490 2067; x_wconf 87' lang='lat' dir='ltr'><strong>meorum,</strong></span> <span class='ocrx_word' id='word_1_343' title='bbox 2524 2000 3038 2068; x_wconf 86' lang='lat' dir='ltr'><strong>intercessionisque</strong></span> <span class='ocrx_word' id='word_1_344' title='bbox 3072 1998 3385 2052; x_wconf 88' lang='lat' dir='ltr'><strong>memoriam</strong></span> <span class='ocrx_word' id='word_1_345' title='bbox 3431 2011 3495 2050; x_wconf 93' lang='lat' dir='ltr'><strong>ne</strong></span> <span class='ocrx_word' id='word_1_346' title='bbox 3524 1996 3808 2049; x_wconf 88' lang='lat' dir='ltr'><strong>oblittera-</strong></span> 
     </span>
    </p>
   </div>
   <div class='ocr_carea' id='block_1_51' title="bbox 2223 2085 3805 2161">
    <p class='ocr_par' dir='ltr' id='par_1_51' title="bbox 2223 2085 3805 2161">
     <span class='ocr_line' id='line_1_51' title="bbox 2223 2085 3805 2161; baseline -0.008 -10"><span class='ocrx_word' id='word_1_347' title='bbox 2223 2098 2395 2161; x_wconf 88' lang='lat' dir='ltr'><strong>veris;</strong></span> <span class='ocrx_word' id='word_1_348' title='bbox 2427 2111 2548 2149; x_wconf 90' lang='lat' dir='ltr'><strong>cum</strong></span> <span class='ocrx_word' id='word_1_349' title='bbox 2579 2093 2682 2156; x_wconf 90' lang='lat' dir='ltr'><strong>his,</strong></span> <span class='ocrx_word' id='word_1_350' title='bbox 2710 2091 2947 2159; x_wconf 88' lang='lat' dir='ltr'><strong>inquam,</strong></span> <span class='ocrx_word' id='word_1_351' title='bbox 2974 2089 3173 2156; x_wconf 87' lang='lat' dir='ltr'><strong>quibus</strong></span> <span class='ocrx_word' id='word_1_352' title='bbox 3220 2087 3398 2141; x_wconf 82' lang='lat' dir='ltr'><strong>nescio</strong></span> <span class='ocrx_word' id='word_1_353' title='bbox 3429 2103 3492 2140; x_wconf 91' lang='lat' dir='ltr'><strong>an</strong></span> <span class='ocrx_word' id='word_1_354' title='bbox 3523 2085 3637 2155; x_wconf 90' lang='lat' dir='ltr'><strong>ipse</strong></span> <span class='ocrx_word' id='word_1_355' title='bbox 3669 2101 3805 2154; x_wconf 83' lang='lat' dir='ltr'><strong>gau-</strong></span> 
     </span>
    </p>
   </div>
   <div class='ocr_carea' id='block_1_52' title="bbox 2223 2180 3807 2258">
    <p class='ocr_par' dir='ltr' id='par_1_52' title="bbox 2223 2180 3807 2258">
     <span class='ocr_line' id='line_1_52' title="bbox 2223 2180 3807 2258; baseline -0.008 -13"><span class='ocrx_word' id='word_1_356' title='bbox 2223 2192 2294 2245; x_wconf 90' lang='lat' dir='ltr'><strong>dii</strong></span> <span class='ocrx_word' id='word_1_357' title='bbox 2326 2191 2446 2258; x_wconf 89' lang='lat' dir='ltr'><strong>plus</strong></span> <span class='ocrx_word' id='word_1_358' title='bbox 2476 2187 2740 2252; x_wconf 89' lang='lat' dir='ltr'><strong>attnleris,</strong></span> <span class='ocrx_word' id='word_1_359' title='bbox 2782 2202 2849 2239; x_wconf 92' lang='lat' dir='ltr'><strong>an</strong></span> <span class='ocrx_word' id='word_1_360' title='bbox 2882 2185 3054 2251; x_wconf 90' lang='lat' dir='ltr'><strong>majus</strong></span> <span class='ocrx_word' id='word_1_361' title='bbox 3102 2182 3390 2237; x_wconf 88' lang='lat' dir='ltr'><strong>inveneris.</strong></span> <span class='ocrx_word' id='word_1_362' title='bbox 3420 2180 3503 2234; x_wconf 88' lang='lat' dir='ltr'><strong>Tu</strong></span> <span class='ocrx_word' id='word_1_363' title='bbox 3535 2195 3681 2234; x_wconf 90' lang='lat' dir='ltr'><strong>nunc</strong></span> <span class='ocrx_word' id='word_1_364' title='bbox 3709 2195 3807 2233; x_wconf 84' lang='lat' dir='ltr'><strong>ve-</strong></span> 
     </span>
    </p>
   </div>
   <div class='ocr_carea' id='block_1_53' title="bbox 2222 2270 3811 2346">
    <p class='ocr_par' dir='ltr' id='par_1_53' title="bbox 2222 2270 3811 2346">
     <span class='ocr_line' id='line_1_53' title="bbox 2222 2270 3811 2346; baseline -0.009 -10"><span class='ocrx_word' id='word_1_365' title='bbox 2222 2283 2336 2336; x_wconf 91' lang='lat' dir='ltr'><strong>rior</strong></span> <span class='ocrx_word' id='word_1_366' title='bbox 2363 2279 2546 2342; x_wconf 91' lang='lat' dir='ltr'><strong>Israel,</strong></span> <span class='ocrx_word' id='word_1_367' title='bbox 2577 2279 2668 2346; x_wconf 94' lang='lat' dir='ltr'><strong>qui</strong></span> <span class='ocrx_word' id='word_1_368' title='bbox 2698 2278 2862 2330; x_wconf 88' lang='lat' dir='ltr'><strong>corde</strong></span> <span class='ocrx_word' id='word_1_369' title='bbox 2886 2276 3051 2329; x_wconf 91' lang='lat' dir='ltr'><strong>Deum</strong></span> <span class='ocrx_word' id='word_1_370' title='bbox 3084 2273 3405 2343; x_wconf 86' lang='lat' dir='ltr'><strong>conspicari,</strong></span> <span class='ocrx_word' id='word_1_371' title='bbox 3434 2272 3500 2324; x_wconf 88' lang='lat' dir='ltr'><strong>ab</strong></span> <span class='ocrx_word' id='word_1_372' title='bbox 3532 2270 3811 2340; x_wconf 64' lang='lat' dir='ltr'><strong>Egyptiiz</strong></span> 
     </span>
    </p>
   </div>
   <div class='ocr_carea' id='block_1_54' title="bbox 2224 2362 3812 2434">
    <p class='ocr_par' dir='ltr' id='par_1_54' title="bbox 2224 2362 3812 2434">
     <span class='ocr_line' id='line_1_54' title="bbox 2224 2362 3812 2434; baseline -0.008 -8"><span class='ocrx_word' id='word_1_373' title='bbox 2224 2372 2408 2426; x_wconf 56' lang='lat' dir='ltr'><strong>saeculi</strong></span> <span class='ocrx_word' id='word_1_374' title='bbox 2439 2369 2676 2424; x_wconf 91' lang='lat' dir='ltr'><strong>tenebris</strong></span> <span class='ocrx_word' id='word_1_375' title='bbox 2707 2367 2908 2421; x_wconf 92' lang='lat' dir='ltr'><strong>dudum</strong></span> <span class='ocrx_word' id='word_1_376' title='bbox 2954 2366 3260 2434; x_wconf 82' lang='lat' dir='ltr'><strong>expeditus,</strong></span> <span class='ocrx_word' id='word_1_377' title='bbox 3301 2362 3607 2416; x_wconf 78' lang='lat' dir='ltr'><strong>salutiferas</strong></span> <span class='ocrx_word' id='word_1_378' title='bbox 3641 2376 3812 2431; x_wconf 83' lang='lat' dir='ltr'><strong>aquas</strong></span> 
     </span>
    </p>
   </div>
   <div class='ocr_carea' id='block_1_55' title="bbox 2224 2455 3807 2526">
    <p class='ocr_par' dir='ltr' id='par_1_55' title="bbox 2224 2455 3807 2526">
     <span class='ocr_line' id='line_1_55' title="bbox 2224 2455 3807 2526; baseline -0.006 -11"><span class='ocrx_word' id='word_1_379' title='bbox 2224 2462 2510 2515; x_wconf 90' lang='lat' dir='ltr'><strong>submerso</strong></span> <span class='ocrx_word' id='word_1_380' title='bbox 2535 2460 2689 2511; x_wconf 89' lang='lat' dir='ltr'><strong>hoste</strong></span> <span class='ocrx_word' id='word_1_381' title='bbox 2715 2468 3107 2526; x_wconf 87' lang='lat' dir='ltr'><strong>transgressus,</strong></span> <span class='ocrx_word' id='word_1_382' title='bbox 3159 2458 3210 2508; x_wconf 89' lang='lat' dir='ltr'><strong>in</strong></span> <span class='ocrx_word' id='word_1_383' title='bbox 3257 2455 3474 2509; x_wconf 84' lang='lat' dir='ltr'><strong>deserto</strong></span> <span class='ocrx_word' id='word_1_384' title='bbox 3512 2468 3807 2507; x_wconf 85' lang='lat' dir='ltr'><strong>accensum</strong></span> 
     </span>
    </p>
   </div>
   <div class='ocr_carea' id='block_1_56' title="bbox 2225 2547 3814 2622">
    <p class='ocr_par' dir='ltr' id='par_1_56' title="bbox 2225 2547 3814 2622">
     <span class='ocr_line' id='line_1_56' title="bbox 2225 2547 3814 2622; baseline -0.007 -13"><span class='ocrx_word' id='word_1_385' title='bbox 2225 2556 2347 2609; x_wconf 84' lang='lat' dir='ltr'><strong>fidei</strong></span> <span class='ocrx_word' id='word_1_386' title='bbox 2399 2555 2576 2622; x_wconf 88' lang='lat' dir='ltr'><strong>ignem</strong></span> <span class='ocrx_word' id='word_1_387' title='bbox 2607 2560 2852 2614; x_wconf 82' lang='lat' dir='ltr'><strong>secutus,</strong></span> <span class='ocrx_word' id='word_1_388' title='bbox 2897 2564 3075 2604; x_wconf 89' lang='lat' dir='ltr'><strong>amara</strong></span> <span class='ocrx_word' id='word_1_389' title='bbox 3121 2549 3415 2617; x_wconf 85' lang='lat' dir='ltr'><strong>quondam,</strong></span> <span class='ocrx_word' id='word_1_390' title='bbox 3466 2563 3561 2616; x_wconf 90' lang='lat' dir='ltr'><strong>per</strong></span> <span class='ocrx_word' id='word_1_391' title='bbox 3608 2547 3814 2615; x_wconf 82' lang='lat' dir='ltr'><strong>lignum</strong></span> 
     </span>
    </p>
   </div>
   <div class='ocr_carea' id='block_1_57' title="bbox 2224 2639 3814 2709">
    <p class='ocr_par' dir='ltr' id='par_1_57' title="bbox 2224 2639 3814 2709">
     <span class='ocr_line' id='line_1_57' title="bbox 2224 2639 3814 2709; baseline -0.008 -6"><span class='ocrx_word' id='word_1_392' title='bbox 2224 2647 2402 2703; x_wconf 89' lang='lat' dir='ltr'><strong>crucis</strong></span> <span class='ocrx_word' id='word_1_393' title='bbox 2457 2644 2633 2698; x_wconf 93' lang='lat' dir='ltr'><strong>dulcia</strong></span> <span class='ocrx_word' id='word_1_394' title='bbox 2677 2657 2818 2696; x_wconf 83' lang='lat' dir='ltr'><strong>nunt.</strong></span> <span class='ocrx_word' id='word_1_395' title='bbox 2867 2641 3177 2709; x_wconf 82' lang='lat' dir='ltr'><strong>experiris:</strong></span> <span class='ocrx_word' id='word_1_396' title='bbox 3234 2640 3491 2694; x_wconf 81' lang='lat' dir='ltr'><strong>salientes</strong></span> <span class='ocrx_word' id='word_1_397' title='bbox 3541 2639 3594 2691; x_wconf 90' lang='lat' dir='ltr'><strong>in</strong></span> <span class='ocrx_word' id='word_1_398' title='bbox 3647 2639 3814 2690; x_wconf 88' lang='lat' dir='ltr'><strong>vitam</strong></span> 
     </span>
    </p>
   </div>
   <div class='ocr_carea' id='block_1_58' title="bbox 2225 2730 3816 2804">
    <p class='ocr_par' dir='ltr' id='par_1_58' title="bbox 2225 2730 3816 2804">
     <span class='ocr_line' id='line_1_58' title="bbox 2225 2730 3816 2804; baseline -0.007 -11"><span class='ocrx_word' id='word_1_399' title='bbox 2225 2748 2482 2793; x_wconf 66' lang='lat' dir='ltr'><strong>aeternam</strong></span> <span class='ocrx_word' id='word_1_400' title='bbox 2510 2749 2677 2804; x_wconf 86' lang='lat' dir='ltr'><strong>aquas</strong></span> <span class='ocrx_word' id='word_1_401' title='bbox 2701 2750 2728 2786; x_wconf 92' lang='lat' dir='ltr'><strong>a</strong></span> <span class='ocrx_word' id='word_1_402' title='bbox 2756 2733 2978 2787; x_wconf 87' lang='lat' dir='ltr'><strong>Christo</strong></span> <span class='ocrx_word' id='word_1_403' title='bbox 3006 2731 3197 2798; x_wconf 89' lang='lat' dir='ltr'><strong>trahis,</strong></span> <span class='ocrx_word' id='word_1_404' title='bbox 3231 2733 3500 2785; x_wconf 90' lang='lat' dir='ltr'><strong>internum</strong></span> <span class='ocrx_word' id='word_1_405' title='bbox 3534 2730 3816 2783; x_wconf 89' lang='lat' dir='ltr'><strong>hominem</strong></span> 
     </span>
    </p>
   </div>
   <div class='ocr_carea' id='block_1_59' title="bbox 2227 2820 3820 2898">
    <p class='ocr_par' dir='ltr' id='par_1_59' title="bbox 2227 2820 3820 2898">
     <span class='ocr_line' id='line_1_59' title="bbox 2227 2820 3820 2898; baseline -0.005 -16"><span class='ocrx_word' id='word_1_406' title='bbox 2227 2844 2463 2898; x_wconf 84' lang='lat' dir='ltr'><strong>superno</strong></span> <span class='ocrx_word' id='word_1_407' title='bbox 2493 2841 2630 2894; x_wconf 91' lang='lat' dir='ltr'><strong>pane</strong></span> <span class='ocrx_word' id='word_1_408' title='bbox 2661 2826 2875 2893; x_wconf 90' lang='lat' dir='ltr'><strong>pascis;</strong></span> <span class='ocrx_word' id='word_1_409' title='bbox 2921 2823 2973 2876; x_wconf 94' lang='lat' dir='ltr'><strong>in</strong></span> <span class='ocrx_word' id='word_1_410' title='bbox 3007 2823 3300 2889; x_wconf 85' lang='lat' dir='ltr'><strong>Evangelio</strong></span> <span class='ocrx_word' id='word_1_411' title='bbox 3344 2820 3522 2874; x_wconf 88' lang='lat' dir='ltr'><strong>throni</strong></span> <span class='ocrx_word' id='word_1_412' title='bbox 3555 2822 3632 2874; x_wconf 88' lang='lat' dir='ltr'><strong>tui</strong></span> <span class='ocrx_word' id='word_1_413' title='bbox 3678 2820 3820 2874; x_wconf 89' lang='lat' dir='ltr'><strong>divi-</strong></span> 
     </span>
    </p>
   </div>
   <div class='ocr_carea' id='block_1_60' title="bbox 2226 2914 3820 2988">
    <p class='ocr_par' dir='ltr' id='par_1_60' title="bbox 2226 2914 3820 2988">
     <span class='ocr_line' id='line_1_60' title="bbox 2226 2914 3820 2988; baseline -0.004 -13"><span class='ocrx_word' id='word_1_414' title='bbox 2226 2937 2348 2976; x_wconf 92' lang='lat' dir='ltr'><strong>nam</strong></span> <span class='ocrx_word' id='word_1_415' title='bbox 2375 2920 2577 2988; x_wconf 91' lang='lat' dir='ltr'><strong>accipis</strong></span> <span class='ocrx_word' id='word_1_416' title='bbox 2596 2933 2784 2972; x_wconf 89' lang='lat' dir='ltr'><strong>vocem</strong></span> <span class='ocrx_word' id='word_1_417' title='bbox 2809 2917 3023 2988; x_wconf 80' lang='lat' dir='ltr'><strong>(Matth.</strong></span> <span class='ocrx_word' id='word_1_418' title='bbox 3049 2932 3162 2981; x_wconf 71' lang='lat' dir='ltr'><strong>xxx,</strong></span> <span class='ocrx_word' id='word_1_419' title='bbox 3195 2915 3311 2985; x_wconf 63' lang='grc' dir='ltr'><strong>ΞΒ).</strong></span> <span class='ocrx_word' id='word_1_420' title='bbox 3342 2915 3445 2980; x_wconf 79' lang='lat' dir='ltr'><strong>Qui</strong></span> <span class='ocrx_word' id='word_1_421' title='bbox 3474 2929 3591 2968; x_wconf 91' lang='lat' dir='ltr'><strong>cum</strong></span> <span class='ocrx_word' id='word_1_422' title='bbox 3645 2914 3820 2968; x_wconf 89' lang='lat' dir='ltr'><strong>Israel</strong></span> 
     </span>
    </p>
   </div>
   <div class='ocr_carea' id='block_1_61' title="bbox 2227 3005 3820 3073">
    <p class='ocr_par' dir='ltr' id='par_1_61' title="bbox 2227 3005 3820 3073">
     <span class='ocr_line' id='line_1_61' title="bbox 2227 3005 3820 3073; baseline -0.006 -6"><span class='ocrx_word' id='word_1_423' title='bbox 2227 3014 2279 3068; x_wconf 93' lang='lat' dir='ltr'><strong>in</strong></span> <span class='ocrx_word' id='word_1_424' title='bbox 2312 3025 2496 3065; x_wconf 89' lang='lat' dir='ltr'><strong>eremo</strong></span> <span class='ocrx_word' id='word_1_425' title='bbox 2524 3010 2898 3073; x_wconf 89' lang='lat' dir='ltr'><strong>commoraris,</strong></span> <span class='ocrx_word' id='word_1_426' title='bbox 2928 3022 3050 3060; x_wconf 93' lang='lat' dir='ltr'><strong>cum</strong></span> <span class='ocrx_word' id='word_1_427' title='bbox 3095 3005 3222 3060; x_wconf 86' lang='lat' dir='ltr'><strong>Jesu</strong></span> <span class='ocrx_word' id='word_1_428' title='bbox 3269 3015 3468 3059; x_wconf 89' lang='lat' dir='ltr'><strong>terram</strong></span> <span class='ocrx_word' id='word_1_429' title='bbox 3513 3005 3820 3071; x_wconf 88' lang='lat' dir='ltr'><strong>repromis-</strong></span> 
     </span>
    </p>
   </div>
   <div class='ocr_carea' id='block_1_62' title="bbox 536 3096 3820 3170">
    <p class='ocr_par' dir='ltr' id='par_1_62' title="bbox 536 3096 3820 3170">
     <span class='ocr_line' id='line_1_62' title="bbox 536 3096 3820 3170; baseline -0.001 -16"><span class='ocrx_word' id='word_1_430' title='bbox 536 3101 844 3154; x_wconf 90' lang='lat' dir='ltr'><strong>ostendunt.</strong></span> <span class='ocrx_word' id='word_1_431' title='bbox 877 3098 1019 3155; x_wconf 84' lang='lat' dir='ltr'><strong>Nihil</strong></span> <span class='ocrx_word' id='word_1_432' title='bbox 1043 3100 1456 3170; x_wconf 88' lang='lat' dir='ltr'><strong>concupiscunt,</strong></span> <span class='ocrx_word' id='word_1_433' title='bbox 1491 3101 1625 3156; x_wconf 89' lang='lat' dir='ltr'><strong>nihil</strong></span> <span class='ocrx_word' id='word_1_434' title='bbox 1671 3101 1980 3156; x_wconf 87' lang='lat' dir='ltr'><strong>desiderant</strong></span> <span class='ocrx_word' id='word_1_435' title='bbox 2013 3104 2118 3156; x_wconf 90' lang='lat' dir='ltr'><strong>nisi</strong></span> <span class='ocrx_word' id='word_1_436' title='bbox 2144 3097 2190 3160; x_wconf 90' lang='lat' dir='ltr'><strong>C</strong></span> <span class='ocrx_word' id='word_1_437' title='bbox 2224 3107 2394 3161; x_wconf 89' lang='lat' dir='ltr'><strong>sionis</strong></span> <span class='ocrx_word' id='word_1_438' title='bbox 2425 3103 2679 3158; x_wconf 71' lang='lat' dir='ltr'><strong>intrabis.</strong></span> <span class='ocrx_word' id='word_1_439' title='bbox 2711 3101 2841 3156; x_wconf 76' lang='lat' dir='ltr'><strong>Vale</strong></span> <span class='ocrx_word' id='word_1_440' title='bbox 2865 3101 2918 3154; x_wconf 90' lang='lat' dir='ltr'><strong>in</strong></span> <span class='ocrx_word' id='word_1_441' title='bbox 2948 3099 3166 3154; x_wconf 90' lang='lat' dir='ltr'><strong>Christo</strong></span> <span class='ocrx_word' id='word_1_442' title='bbox 3189 3098 3314 3153; x_wconf 86' lang='lat' dir='ltr'><strong>Jesu</strong></span> <span class='ocrx_word' id='word_1_443' title='bbox 3339 3096 3569 3151; x_wconf 85' lang='lat' dir='ltr'><strong>Domino</strong></span> <span class='ocrx_word' id='word_1_444' title='bbox 3601 3105 3820 3152; x_wconf 82' lang='lat' dir='ltr'><strong>nostro.</strong></span> 
     </span>
    </p>
   </div>
   <div class='ocr_carea' id='block_1_63' title="bbox 1366 3226 2985 3409">
    <p class='ocr_par' dir='ltr' id='par_1_63' title="bbox 1366 3226 2985 3409">
     <span class='ocr_line' id='line_1_63' title="bbox 1366 3226 2985 3409; baseline -0.002 -3"><span class='ocrx_word' id='word_1_445' title='bbox 1366 3226 2028 3408; x_wconf 48' lang='lat' dir='ltr'><strong>sic“</strong></span> <span class='ocrx_word' id='word_1_446' title='bbox 2061 3299 2064 3302; x_wconf 90' lang='grc'><strong>·</strong></span> <span class='ocrx_word' id='word_1_447' title='bbox 2103 3226 2985 3409; x_wconf 64' lang='grc' dir='ltr'><strong>Επειπῇ</strong></span> 
     </span>
    </p>
   </div>
   <div class='ocr_carea' id='block_1_64' title="bbox 1702 3485 2640 3549">
    <p class='ocr_par' dir='ltr' id='par_1_64' title="bbox 1702 3485 2640 3549">
     <span class='ocr_line' id='line_1_64' title="bbox 1702 3485 2640 3549; baseline -0.002 -4"><span class='ocrx_word' id='word_1_448' title='bbox 1702 3487 2245 3549; x_wconf 82' lang='lat' dir='ltr'><strong>LUGDUNENSIS</strong></span> <span class='ocrx_word' id='word_1_449' title='bbox 2288 3485 2640 3547; x_wconf 80' lang='lat' dir='ltr'><strong>EPISCOPI</strong></span> 
     </span>
    </p>
   </div>
   <div class='ocr_carea' id='block_1_65' title="bbox 985 3636 3360 3794">
    <p class='ocr_par' dir='ltr' id='par_1_65' title="bbox 985 3636 3360 3794">
     <span class='ocr_line' id='line_1_65' title="bbox 985 3636 3360 3794; baseline -0.001 -12"><span class='ocrx_word' id='word_1_450' title='bbox 985 3637 1947 3794; x_wconf 75' lang='lat' dir='ltr'><strong>EPISTULA</strong></span> <span class='ocrx_word' id='word_1_451' title='bbox 2046 3648 2436 3788; x_wconf 77' lang='lat' dir='ltr'><strong>PAR</strong></span> <span class='ocrx_word' id='word_1_452' title='bbox 2459 3636 3360 3787; x_wconf 56' lang='lat' dir='ltr'><strong>[ENETIFCA</strong></span> 
     </span>
    </p>
   </div>
   <div class='ocr_carea' id='block_1_66' title="bbox 1281 3879 3049 3966">
    <p class='ocr_par' dir='ltr' id='par_1_66' title="bbox 1281 3879 3049 3966">
     <span class='ocr_line' id='line_1_66' title="bbox 1281 3879 3049 3966; baseline 0 -5"><span class='ocrx_word' id='word_1_453' title='bbox 1281 3881 1438 3961; x_wconf 88' lang='lat' dir='ltr'><strong>AD</strong></span> <span class='ocrx_word' id='word_1_454' title='bbox 1513 3881 2298 3966; x_wconf 78' lang='lat' dir='ltr'><strong>VALERIANUM</strong></span> <span class='ocrx_word' id='word_1_455' title='bbox 2375 3879 3049 3962; x_wconf 85' lang='lat' dir='ltr'><strong>COGNATUM</strong></span> 
     </span>
    </p>
   </div>
   <div class='ocr_carea' id='block_1_67' title="bbox 545 4052 3663 4127">
    <p class='ocr_par' dir='ltr' id='par_1_67' title="bbox 545 4052 3663 4127">
     <span class='ocr_line' id='line_1_67' title="bbox 545 4052 3663 4127; baseline -0.001 0"><span class='ocrx_word' id='word_1_456' title='bbox 545 4055 690 4127; x_wconf 88' lang='lat' dir='ltr'><strong>DE</strong></span> <span class='ocrx_word' id='word_1_457' title='bbox 768 4052 1443 4124; x_wconf 86' lang='lat' dir='ltr'><strong>CONTEMPTU</strong></span> <span class='ocrx_word' id='word_1_458' title='bbox 1517 4054 1874 4127; x_wconf 84' lang='lat' dir='ltr'><strong>MUNDI</strong></span> <span class='ocrx_word' id='word_1_459' title='bbox 1952 4058 2094 4126; x_wconf 90' lang='lat' dir='ltr'><strong>ET</strong></span> <span class='ocrx_word' id='word_1_460' title='bbox 2181 4052 2783 4127; x_wconf 75' lang='lat' dir='ltr'><strong>S/ECULARIS</strong></span> <span class='ocrx_word' id='word_1_461' title='bbox 2857 4053 3663 4126; x_wconf 74' lang='lat' dir='ltr'><strong>PHILOSOPHL/B.</strong></span> 
     </span>
    </p>
   </div>
   <div class='ocr_carea' id='block_1_68' title="bbox 610 4291 2116 4362">
    <p class='ocr_par' dir='ltr' id='par_1_68' title="bbox 610 4291 2116 4362">
     <span class='ocr_line' id='line_1_68' title="bbox 610 4291 2116 4362; baseline 0 -14"><span class='ocrx_word' id='word_1_462' title='bbox 610 4295 754 4348; x_wconf 89' lang='lat' dir='ltr'><strong>Bene</strong></span> <span class='ocrx_word' id='word_1_463' title='bbox 809 4292 1096 4362; x_wconf 89' lang='lat' dir='ltr'><strong>alligantur</strong></span> <span class='ocrx_word' id='word_1_464' title='bbox 1153 4291 1364 4347; x_wconf 88' lang='lat' dir='ltr'><strong>vinculo</strong></span> <span class='ocrx_word' id='word_1_465' title='bbox 1414 4293 1708 4361; x_wconf 87' lang='lat' dir='ltr'><strong>sanguinis,</strong></span> <span class='ocrx_word' id='word_1_466' title='bbox 1760 4295 1850 4362; x_wconf 86' lang='lat' dir='ltr'><strong>qui</strong></span> <span class='ocrx_word' id='word_1_467' title='bbox 1903 4294 2116 4348; x_wconf 91' lang='lat' dir='ltr'><strong>vinculo</strong></span> 
     </span>
    </p>
   </div>
   <div class='ocr_carea' id='block_1_69' title="bbox 536 4383 2114 4453">
    <p class='ocr_par' dir='ltr' id='par_1_69' title="bbox 536 4383 2114 4453">
     <span class='ocr_line' id='line_1_69' title="bbox 536 4383 2114 4453; baseline 0 -15"><span class='ocrx_word' id='word_1_468' title='bbox 536 4384 914 4440; x_wconf 79' lang='lat' dir='ltr'><strong>consociantur</strong></span> <span class='ocrx_word' id='word_1_469' title='bbox 945 4384 1164 4437; x_wconf 89' lang='lat' dir='ltr'><strong>amoris.</strong></span> <span class='ocrx_word' id='word_1_470' title='bbox 1195 4384 1284 4437; x_wconf 89' lang='lat' dir='ltr'><strong>Sic</strong></span> <span class='ocrx_word' id='word_1_471' title='bbox 1310 4391 1364 4436; x_wconf 90' lang='lat' dir='ltr'><strong>et</strong></span> <span class='ocrx_word' id='word_1_472' title='bbox 1393 4383 1546 4437; x_wconf 91' lang='lat' dir='ltr'><strong>nobis</strong></span> <span class='ocrx_word' id='word_1_473' title='bbox 1570 4398 1780 4453; x_wconf 87' lang='lat' dir='ltr'><strong>quoque</strong></span> <span class='ocrx_word' id='word_1_474' title='bbox 1830 4384 2114 4438; x_wconf 92' lang='lat' dir='ltr'><strong>admodum</strong></span> 
     </span>
    </p>
   </div>
   <div class='ocr_carea' id='block_1_70' title="bbox 538 4474 2114 4547">
    <p class='ocr_par' dir='ltr' id='par_1_70' title="bbox 538 4474 2114 4547">
     <span class='ocr_line' id='line_1_70' title="bbox 538 4474 2114 4547; baseline 0.001 -17"><span class='ocrx_word' id='word_1_475' title='bbox 538 4475 780 4542; x_wconf 77' lang='lat' dir='ltr'><strong>gloriari,</strong></span> <span class='ocrx_word' id='word_1_476' title='bbox 833 4490 928 4543; x_wconf 90' lang='lat' dir='ltr'><strong>pro</strong></span> <span class='ocrx_word' id='word_1_477' title='bbox 977 4474 1079 4528; x_wconf 91' lang='lat' dir='ltr'><strong>hoc</strong></span> <span class='ocrx_word' id='word_1_478' title='bbox 1132 4475 1249 4544; x_wconf 90' lang='lat' dir='ltr'><strong>ipso</strong></span> <span class='ocrx_word' id='word_1_479' title='bbox 1277 4474 1372 4529; x_wconf 92' lang='lat' dir='ltr'><strong>Dei</strong></span> <span class='ocrx_word' id='word_1_480' title='bbox 1411 4491 1634 4530; x_wconf 88' lang='lat' dir='ltr'><strong>munere</strong></span> <span class='ocrx_word' id='word_1_481' title='bbox 1664 4478 1810 4541; x_wconf 89' lang='lat' dir='ltr'><strong>licet,</strong></span> <span class='ocrx_word' id='word_1_482' title='bbox 1839 4493 1974 4547; x_wconf 90' lang='lat' dir='ltr'><strong>quos</strong></span> <span class='ocrx_word' id='word_1_483' title='bbox 1998 4493 2114 4546; x_wconf 88' lang='lat' dir='ltr'><strong>per-</strong></span> 
     </span>
    </p>
   </div>
   <div class='ocr_carea' id='block_1_71' title="bbox 539 4566 2114 4637">
    <p class='ocr_par' dir='ltr' id='par_1_71' title="bbox 539 4566 2114 4637">
     <span class='ocr_line' id='line_1_71' title="bbox 539 4566 2114 4637; baseline 0.002 -19"><span class='ocrx_word' id='word_1_484' title='bbox 539 4566 663 4619; x_wconf 91' lang='lat' dir='ltr'><strong>inde</strong></span> <span class='ocrx_word' id='word_1_485' title='bbox 691 4566 924 4618; x_wconf 91' lang='lat' dir='ltr'><strong>charitas</strong></span> <span class='ocrx_word' id='word_1_486' title='bbox 947 4575 1002 4619; x_wconf 91' lang='lat' dir='ltr'><strong>ut</strong></span> <span class='ocrx_word' id='word_1_487' title='bbox 1032 4566 1404 4635; x_wconf 89' lang='lat' dir='ltr'><strong>propinquitas</strong></span> <span class='ocrx_word' id='word_1_488' title='bbox 1435 4568 1623 4635; x_wconf 86' lang='lat' dir='ltr'><strong>nectit,</strong></span> <span class='ocrx_word' id='word_1_489' title='bbox 1657 4579 2038 4637; x_wconf 88' lang='lat' dir='ltr'><strong>coarctantque</strong></span> <span class='ocrx_word' id='word_1_490' title='bbox 2065 4569 2114 4621; x_wconf 93' lang='lat' dir='ltr'><strong>in</strong></span> 
     </span>
    </p>
   </div>
   <div class='ocr_carea' id='block_1_72' title="bbox 540 4656 2114 4728">
    <p class='ocr_par' dir='ltr' id='par_1_72' title="bbox 540 4656 2114 4728">
     <span class='ocr_line' id='line_1_72' title="bbox 540 4656 2114 4728; baseline 0.003 -19"><span class='ocrx_word' id='word_1_491' title='bbox 540 4673 701 4710; x_wconf 89' lang='lat' dir='ltr'><strong>unum</strong></span> <span class='ocrx_word' id='word_1_492' title='bbox 724 4656 974 4711; x_wconf 76' lang='lat' dir='ltr'><strong>affectum</strong></span> <span class='ocrx_word' id='word_1_493' title='bbox 1013 4657 1132 4711; x_wconf 69' lang='lat' dir='ltr'><strong>duae</strong></span> <span class='ocrx_word' id='word_1_494' title='bbox 1157 4658 1602 4723; x_wconf 88' lang='lat' dir='ltr'><strong>necessitudines,</strong></span> <span class='ocrx_word' id='word_1_495' title='bbox 1633 4676 1856 4728; x_wconf 90' lang='lat' dir='ltr'><strong>quarum</strong></span> <span class='ocrx_word' id='word_1_496' title='bbox 1891 4661 2114 4713; x_wconf 87' lang='lat' dir='ltr'><strong>alteram</strong></span> 
     </span>
    </p>
   </div>
   <div class='ocr_carea' id='block_1_73' title="bbox 537 4721 2198 4817">
    <p class='ocr_par' dir='ltr' id='par_1_73' title="bbox 537 4721 2198 4817">
     <span class='ocr_line' id='line_1_73' title="bbox 537 4721 2198 4817; baseline 0.002 -17"><span class='ocrx_word' id='word_1_497' title='bbox 537 4763 565 4800; x_wconf 88' lang='lat' dir='ltr'><strong>a</strong></span> <span class='ocrx_word' id='word_1_498' title='bbox 597 4749 904 4816; x_wconf 87' lang='lat' dir='ltr'><strong>parentibus</strong></span> <span class='ocrx_word' id='word_1_499' title='bbox 934 4749 1112 4801; x_wconf 90' lang='lat' dir='ltr'><strong>carnis</strong></span> <span class='ocrx_word' id='word_1_500' title='bbox 1135 4757 1334 4802; x_wconf 75' lang='lat' dir='ltr'><strong>nostra:</strong></span> <span class='ocrx_word' id='word_1_501' title='bbox 1359 4751 1684 4817; x_wconf 89' lang='lat' dir='ltr'><strong>accepimus,</strong></span> <span class='ocrx_word' id='word_1_502' title='bbox 1711 4752 1938 4805; x_wconf 89' lang='lat' dir='ltr'><strong>alteram</strong></span> <span class='ocrx_word' id='word_1_503' title='bbox 1971 4767 1998 4803; x_wconf 91' lang='lat' dir='ltr'><strong>a</strong></span> <span class='ocrx_word' id='word_1_504' title='bbox 2023 4766 2120 4804; x_wconf 89' lang='lat' dir='ltr'><strong>no—</strong></span> <span class='ocrx_word' id='word_1_505' title='bbox 2146 4721 2198 4780; x_wconf 68' lang='grc' dir='ltr'>Β</span> 
     </span>
    </p>
   </div>
   <div class='ocr_carea' id='block_1_74' title="bbox 539 4839 2121 4914">
    <p class='ocr_par' dir='ltr' id='par_1_74' title="bbox 539 4839 2121 4914">
     <span class='ocr_line' id='line_1_74' title="bbox 539 4839 2121 4914; baseline 0.003 -21"><span class='ocrx_word' id='word_1_506' title='bbox 539 4841 621 4894; x_wconf 92' lang='lat' dir='ltr'><strong>bis</strong></span> <span class='ocrx_word' id='word_1_507' title='bbox 647 4841 992 4908; x_wconf 90' lang='lat' dir='ltr'><strong>sumpsimus.</strong></span> <span class='ocrx_word' id='word_1_508' title='bbox 1023 4839 1305 4894; x_wconf 88' lang='lat' dir='ltr'><strong>Geminum</strong></span> <span class='ocrx_word' id='word_1_509' title='bbox 1340 4841 1442 4895; x_wconf 92' lang='lat' dir='ltr'><strong>hoc</strong></span> <span class='ocrx_word' id='word_1_510' title='bbox 1491 4842 1780 4909; x_wconf 90' lang='lat' dir='ltr'><strong>vinculum,</strong></span> <span class='ocrx_word' id='word_1_511' title='bbox 1813 4857 1920 4912; x_wconf 91' lang='lat' dir='ltr'><strong>quo</strong></span> <span class='ocrx_word' id='word_1_512' title='bbox 1968 4843 2121 4914; x_wconf 92' lang='lat' dir='ltr'><strong>(con-</strong></span> 
     </span>
    </p>
   </div>
   <div class='ocr_carea' id='block_1_75' title="bbox 541 4931 2123 5002">
    <p class='ocr_par' dir='ltr' id='par_1_75' title="bbox 541 4931 2123 5002">
     <span class='ocr_line' id='line_1_75' title="bbox 541 4931 2123 5002; baseline 0.001 -17"><span class='ocrx_word' id='word_1_513' title='bbox 541 4931 938 4985; x_wconf 74' lang='lat' dir='ltr'><strong>foederantibus</strong></span> <span class='ocrx_word' id='word_1_514' title='bbox 965 4945 1063 4983; x_wconf 87' lang='lat' dir='ltr'><strong>nos</strong></span> <span class='ocrx_word' id='word_1_515' title='bbox 1090 4931 1215 4984; x_wconf 91' lang='lat' dir='ltr'><strong>hinc</strong></span> <span class='ocrx_word' id='word_1_516' title='bbox 1239 4946 1460 4999; x_wconf 87' lang='lat' dir='ltr'><strong>genere,</strong></span> <span class='ocrx_word' id='word_1_517' title='bbox 1497 4931 1622 4985; x_wconf 90' lang='lat' dir='ltr'><strong>hinc</strong></span> <span class='ocrx_word' id='word_1_518' title='bbox 1651 4933 1962 5002; x_wconf 89' lang='lat' dir='ltr'><strong>dilectione)</strong></span> <span class='ocrx_word' id='word_1_519' title='bbox 1994 4949 2123 4987; x_wconf 91' lang='lat' dir='ltr'><strong>con-</strong></span> 
     </span>
    </p>
   </div>
   <div class='ocr_carea' id='block_1_76' title="bbox 541 5020 2120 5088">
    <p class='ocr_par' dir='ltr' id='par_1_76' title="bbox 541 5020 2120 5088">
     <span class='ocr_line' id='line_1_76' title="bbox 541 5020 2120 5088; baseline 0.002 -12"><span class='ocrx_word' id='word_1_520' title='bbox 541 5024 829 5086; x_wconf 92' lang='lat' dir='ltr'><strong>nectimur,</strong></span> <span class='ocrx_word' id='word_1_521' title='bbox 865 5020 979 5076; x_wconf 72' lang='lat' dir='ltr'><strong>haec</strong></span> <span class='ocrx_word' id='word_1_522' title='bbox 1009 5036 1095 5076; x_wconf 91' lang='lat' dir='ltr'><strong>me</strong></span> <span class='ocrx_word' id='word_1_523' title='bbox 1133 5023 1291 5088; x_wconf 90' lang='lat' dir='ltr'><strong>paulo</strong></span> <span class='ocrx_word' id='word_1_524' title='bbox 1324 5023 1481 5079; x_wconf 90' lang='lat' dir='ltr'><strong>latius</strong></span> <span class='ocrx_word' id='word_1_525' title='bbox 1533 5024 1597 5077; x_wconf 92' lang='lat' dir='ltr'><strong>ad</strong></span> <span class='ocrx_word' id='word_1_526' title='bbox 1647 5035 1697 5079; x_wconf 89' lang='lat' dir='ltr'><strong>te</strong></span> <span class='ocrx_word' id='word_1_527' title='bbox 1725 5041 1950 5080; x_wconf 86' lang='lat' dir='ltr'><strong>exarare</strong></span> <span class='ocrx_word' id='word_1_528' title='bbox 1971 5040 2120 5081; x_wconf 85' lang='lat' dir='ltr'><strong>com-</strong></span> 
     </span>
    </p>
   </div>
   <div class='ocr_carea' id='block_1_77' title="bbox 542 5112 2120 5182">
    <p class='ocr_par' dir='ltr' id='par_1_77' title="bbox 542 5112 2120 5182">
     <span class='ocr_line' id='line_1_77' title="bbox 542 5112 2120 5182; baseline 0.004 -16"><span class='ocrx_word' id='word_1_529' title='bbox 542 5112 694 5182; x_wconf 89' lang='lat' dir='ltr'><strong>pulit,</strong></span> <span class='ocrx_word' id='word_1_530' title='bbox 747 5121 806 5166; x_wconf 89' lang='lat' dir='ltr'><strong>ut</strong></span> <span class='ocrx_word' id='word_1_531' title='bbox 847 5113 1281 5168; x_wconf 88' lang='lat' dir='ltr'><strong>commendarem</strong></span> <span class='ocrx_word' id='word_1_532' title='bbox 1315 5116 1494 5169; x_wconf 89' lang='lat' dir='ltr'><strong>animo</strong></span> <span class='ocrx_word' id='word_1_533' title='bbox 1535 5131 1626 5169; x_wconf 90' lang='lat' dir='ltr'><strong>tuo</strong></span> <span class='ocrx_word' id='word_1_534' title='bbox 1674 5131 1890 5171; x_wconf 88' lang='lat' dir='ltr'><strong>causam</strong></span> <span class='ocrx_word' id='word_1_535' title='bbox 1928 5120 2120 5172; x_wconf 72' lang='lat' dir='ltr'><strong>anima:</strong></span> 
     </span>
    </p>
   </div>
   <div class='ocr_carea' id='block_1_78' title="bbox 541 5206 2116 5274">
    <p class='ocr_par' dir='ltr' id='par_1_78' title="bbox 541 5206 2116 5274">
     <span class='ocr_line' id='line_1_78' title="bbox 541 5206 2116 5274; baseline 0.003 -16"><span class='ocrx_word' id='word_1_536' title='bbox 541 5216 665 5270; x_wconf 72' lang='lat' dir='ltr'><strong>tuae,</strong></span> <span class='ocrx_word' id='word_1_537' title='bbox 699 5220 989 5274; x_wconf 91' lang='lat' dir='ltr'><strong>veramque</strong></span> <span class='ocrx_word' id='word_1_538' title='bbox 1033 5206 1178 5258; x_wconf 88' lang='lat' dir='ltr'><strong>illam</strong></span> <span class='ocrx_word' id='word_1_539' title='bbox 1226 5206 1644 5273; x_wconf 88' lang='lat' dir='ltr'><strong>beatitudinem,</strong></span> <span class='ocrx_word' id='word_1_540' title='bbox 1697 5219 1750 5263; x_wconf 93' lang='lat' dir='ltr'><strong>et</strong></span> <span class='ocrx_word' id='word_1_541' title='bbox 1798 5219 2116 5263; x_wconf 63' lang='lat' dir='ltr'><strong>azternarnm</strong></span> 
     </span>
    </p>
   </div>
   <div class='ocr_carea' id='block_1_79' title="bbox 541 5300 2118 5368">
    <p class='ocr_par' dir='ltr' id='par_1_79' title="bbox 541 5300 2118 5368">
     <span class='ocr_line' id='line_1_79' title="bbox 541 5300 2118 5368; baseline 0.003 -17"><span class='ocrx_word' id='word_1_542' title='bbox 541 5312 726 5352; x_wconf 91' lang='lat' dir='ltr'><strong>rerum</strong></span> <span class='ocrx_word' id='word_1_543' title='bbox 767 5312 1040 5366; x_wconf 88' lang='lat' dir='ltr'><strong>capacem,</strong></span> <span class='ocrx_word' id='word_1_544' title='bbox 1090 5313 1222 5365; x_wconf 84' lang='lat' dir='ltr'><strong>Opus</strong></span> <span class='ocrx_word' id='word_1_545' title='bbox 1270 5309 1466 5354; x_wconf 73' lang='lat' dir='ltr'><strong>nostra:</strong></span> <span class='ocrx_word' id='word_1_546' title='bbox 1510 5300 1858 5368; x_wconf 85' lang='lat' dir='ltr'><strong>professionis</strong></span> <span class='ocrx_word' id='word_1_547' title='bbox 1905 5316 2118 5355; x_wconf 88' lang='lat' dir='ltr'><strong>assere-</strong></span> 
     </span>
    </p>
   </div>
   <div class='ocr_carea' id='block_1_80' title="bbox 543 5388 2124 5458">
    <p class='ocr_par' dir='ltr' id='par_1_80' title="bbox 543 5388 2124 5458">
     <span class='ocr_line' id='line_1_80' title="bbox 543 5388 2124 5458; baseline 0.003 -17"><span class='ocrx_word' id='word_1_548' title='bbox 543 5403 679 5441; x_wconf 92' lang='lat' dir='ltr'><strong>rem.</strong></span> <span class='ocrx_word' id='word_1_549' title='bbox 709 5388 841 5441; x_wconf 81' lang='lat' dir='ltr'><strong>Nam</strong></span> <span class='ocrx_word' id='word_1_550' title='bbox 869 5401 993 5441; x_wconf 85' lang='lat' dir='ltr'><strong>cum</strong></span> <span class='ocrx_word' id='word_1_551' title='bbox 1033 5397 1084 5443; x_wconf 92' lang='lat' dir='ltr'><strong>te</strong></span> <span class='ocrx_word' id='word_1_552' title='bbox 1115 5404 1267 5458; x_wconf 66' lang='lat' dir='ltr'><strong>aeque</strong></span> <span class='ocrx_word' id='word_1_553' title='bbox 1293 5405 1356 5443; x_wconf 92' lang='lat' dir='ltr'><strong>ac</strong></span> <span class='ocrx_word' id='word_1_554' title='bbox 1387 5406 1472 5444; x_wconf 91' lang='lat' dir='ltr'><strong>me</strong></span> <span class='ocrx_word' id='word_1_555' title='bbox 1499 5391 1738 5458; x_wconf 87' lang='lat' dir='ltr'><strong>diligam,</strong></span> <span class='ocrx_word' id='word_1_556' title='bbox 1793 5405 2016 5447; x_wconf 91' lang='lat' dir='ltr'><strong>necesse</strong></span> <span class='ocrx_word' id='word_1_557' title='bbox 2041 5400 2124 5445; x_wconf 88' lang='lat' dir='ltr'><strong>est</strong></span> 
     </span>
    </p>
   </div>
   <div class='ocr_carea' id='block_1_81' title="bbox 543 5483 2119 5552">
    <p class='ocr_par' dir='ltr' id='par_1_81' title="bbox 543 5483 2119 5552">
     <span class='ocr_line' id='line_1_81' title="bbox 543 5483 2119 5552; baseline 0.004 -18"><span class='ocrx_word' id='word_1_558' title='bbox 543 5490 600 5535; x_wconf 91' lang='lat' dir='ltr'><strong>ut</strong></span> <span class='ocrx_word' id='word_1_559' title='bbox 628 5497 898 5536; x_wconf 89' lang='lat' dir='ltr'><strong>summum</strong></span> <span class='ocrx_word' id='word_1_560' title='bbox 923 5483 1120 5536; x_wconf 91' lang='lat' dir='ltr'><strong>bonum</strong></span> <span class='ocrx_word' id='word_1_561' title='bbox 1140 5485 1348 5551; x_wconf 87' lang='lat' dir='ltr'><strong>assequi</strong></span> <span class='ocrx_word' id='word_1_562' title='bbox 1379 5494 1449 5545; x_wconf 91' lang='lat' dir='ltr'><strong>te,</strong></span> <span class='ocrx_word' id='word_1_563' title='bbox 1472 5493 1738 5552; x_wconf 82' lang='lat' dir='ltr'><strong>tamquam</strong></span> <span class='ocrx_word' id='word_1_564' title='bbox 1765 5500 1847 5538; x_wconf 88' lang='lat' dir='ltr'><strong>me</strong></span> <span class='ocrx_word' id='word_1_565' title='bbox 1868 5486 2119 5552; x_wconf 90' lang='lat' dir='ltr'><strong>alterum,</strong></span> 
     </span>
    </p>
   </div>
   <div class='ocr_carea' id='block_1_82' title="bbox 545 5572 2122 5644">
    <p class='ocr_par' dir='ltr' id='par_1_82' title="bbox 545 5572 2122 5644">
     <span class='ocr_line' id='line_1_82' title="bbox 545 5572 2122 5644; baseline 0.004 -18"><span class='ocrx_word' id='word_1_566' title='bbox 545 5573 774 5639; x_wconf 86' lang='lat' dir='ltr'><strong>cupiam.</strong></span> <span class='ocrx_word' id='word_1_567' title='bbox 807 5572 875 5625; x_wconf 85' lang='lat' dir='ltr'><strong>Et</strong></span> <span class='ocrx_word' id='word_1_568' title='bbox 905 5573 1120 5641; x_wconf 88' lang='lat' dir='ltr'><strong>quidem</strong></span> <span class='ocrx_word' id='word_1_569' title='bbox 1167 5590 1193 5625; x_wconf 89' lang='lat' dir='ltr'><strong>a</strong></span> <span class='ocrx_word' id='word_1_570' title='bbox 1235 5574 1566 5642; x_wconf 86' lang='lat' dir='ltr'><strong>professione</strong></span> <span class='ocrx_word' id='word_1_571' title='bbox 1597 5575 1718 5628; x_wconf 81' lang='lat' dir='ltr'><strong>vita:</strong></span> <span class='ocrx_word' id='word_1_572' title='bbox 1762 5587 1979 5643; x_wconf 71' lang='lat' dir='ltr'><strong>sancite,</strong></span> <span class='ocrx_word' id='word_1_573' title='bbox 2035 5580 2122 5644; x_wconf 90' lang='lat' dir='ltr'><strong>pio</strong></span> 
     </span>
    </p>
   </div>
   <div class='ocr_carea' id='block_1_83' title="bbox 548 5661 2126 5735">
    <p class='ocr_par' dir='ltr' id='par_1_83' title="bbox 548 5661 2126 5735">
     <span class='ocr_line' id='line_1_83' title="bbox 548 5661 2126 5735; baseline 0.004 -17"><span class='ocrx_word' id='word_1_574' title='bbox 548 5662 708 5718; x_wconf 84' lang='lat' dir='ltr'><strong>etiam</strong></span> <span class='ocrx_word' id='word_1_575' title='bbox 737 5675 844 5716; x_wconf 92' lang='lat' dir='ltr'><strong>non</strong></span> <span class='ocrx_word' id='word_1_576' title='bbox 867 5663 1126 5719; x_wconf 82' lang='lat' dir='ltr'><strong>abhorres</strong></span> <span class='ocrx_word' id='word_1_577' title='bbox 1154 5661 1392 5733; x_wconf 84' lang='lat' dir='ltr'><strong>ingenio,</strong></span> <span class='ocrx_word' id='word_1_578' title='bbox 1424 5663 1516 5734; x_wconf 81' lang='lat' dir='ltr'><strong>qui</strong></span> <span class='ocrx_word' id='word_1_579' title='bbox 1545 5678 1606 5723; x_wconf 85' lang='lat' dir='ltr'><strong>ea</strong></span> <span class='ocrx_word' id='word_1_580' title='bbox 1634 5679 1753 5735; x_wconf 68' lang='lat' dir='ltr'><strong>quae</strong></span> <span class='ocrx_word' id='word_1_581' title='bbox 1779 5680 1952 5721; x_wconf 76' lang='lat' dir='ltr'><strong>sacrae</strong></span> <span class='ocrx_word' id='word_1_582' title='bbox 1974 5667 2126 5726; x_wconf 83' lang='lat' dir='ltr'><strong>insti-</strong></span> 
     </span>
    </p>
   </div>
   <div class='ocr_carea' id='block_1_84' title="bbox 2227 4292 3820 4366">
    <p class='ocr_par' dir='ltr' id='par_1_84' title="bbox 2227 4292 3820 4366">
     <span class='ocr_line' id='line_1_84' title="bbox 2227 4292 3820 4366; baseline 0.004 -21"><span class='ocrx_word' id='word_1_583' title='bbox 2227 4293 2457 4346; x_wconf 87' lang='lat' dir='ltr'><strong>tutiones</strong></span> <span class='ocrx_word' id='word_1_584' title='bbox 2510 4292 2707 4348; x_wconf 88' lang='lat' dir='ltr'><strong>docent</strong></span> <span class='ocrx_word' id='word_1_585' title='bbox 2761 4295 3069 4363; x_wconf 64' lang='lat' dir='ltr'><strong>prmvenisti</strong></span> <span class='ocrx_word' id='word_1_586' title='bbox 3132 4296 3181 4349; x_wconf 93' lang='lat' dir='ltr'><strong>in</strong></span> <span class='ocrx_word' id='word_1_587' title='bbox 3237 4295 3486 4364; x_wconf 90' lang='lat' dir='ltr'><strong>plurimis</strong></span> <span class='ocrx_word' id='word_1_588' title='bbox 3522 4309 3820 4366; x_wconf 72' lang='lat' dir='ltr'><strong>prmcoqua</strong></span> 
     </span>
    </p>
   </div>
   <div class='ocr_carea' id='block_1_85' title="bbox 2228 4383 3822 4454">
    <p class='ocr_par' dir='ltr' id='par_1_85' title="bbox 2228 4383 3822 4454">
     <span class='ocr_line' id='line_1_85' title="bbox 2228 4383 3822 4454; baseline 0.004 -18"><span class='ocrx_word' id='word_1_589' title='bbox 2228 4399 2434 4437; x_wconf 90' lang='lat' dir='ltr'><strong>morum</strong></span> <span class='ocrx_word' id='word_1_590' title='bbox 2465 4383 2737 4448; x_wconf 86' lang='lat' dir='ltr'><strong>felicitate,</strong></span> <span class='ocrx_word' id='word_1_591' title='bbox 2773 4395 2828 4437; x_wconf 91' lang='lat' dir='ltr'><strong>ut</strong></span> <span class='ocrx_word' id='word_1_592' title='bbox 2853 4385 2981 4437; x_wconf 90' lang='lat' dir='ltr'><strong>mihi</strong></span> <span class='ocrx_word' id='word_1_593' title='bbox 3005 4385 3238 4439; x_wconf 88' lang='lat' dir='ltr'><strong>videaris</strong></span> <span class='ocrx_word' id='word_1_594' title='bbox 3265 4387 3505 4454; x_wconf 65' lang='lat' dir='ltr'><strong>quaedam</strong></span> <span class='ocrx_word' id='word_1_595' title='bbox 3532 4387 3822 4454; x_wconf 74' lang='lat' dir='ltr'><strong>religionis</strong></span> 
     </span>
    </p>
   </div>
   <div class='ocr_carea' id='block_1_86' title="bbox 2226 4473 3822 4545">
    <p class='ocr_par' dir='ltr' id='par_1_86' title="bbox 2226 4473 3822 4545">
     <span class='ocr_line' id='line_1_86' title="bbox 2226 4473 3822 4545; baseline 0.003 -19"><span class='ocrx_word' id='word_1_596' title='bbox 2226 4473 2402 4526; x_wconf 82' lang='lat' dir='ltr'><strong>officia</strong></span> <span class='ocrx_word' id='word_1_597' title='bbox 2431 4475 2580 4542; x_wconf 89' lang='lat' dir='ltr'><strong>quasi</strong></span> <span class='ocrx_word' id='word_1_598' title='bbox 2613 4491 2708 4543; x_wconf 89' lang='lat' dir='ltr'><strong>per</strong></span> <span class='ocrx_word' id='word_1_599' title='bbox 2750 4475 3023 4543; x_wconf 87' lang='lat' dir='ltr'><strong>providam</strong></span> <span class='ocrx_word' id='word_1_600' title='bbox 3053 4491 3344 4545; x_wconf 89' lang='lat' dir='ltr'><strong>occupasse</strong></span> <span class='ocrx_word' id='word_1_601' title='bbox 3377 4485 3648 4539; x_wconf 84' lang='lat' dir='ltr'><strong>naturam,</strong></span> <span class='ocrx_word' id='word_1_602' title='bbox 3706 4478 3822 4530; x_wconf 86' lang='lat' dir='ltr'><strong>Do-</strong></span> 
     </span>
    </p>
   </div>
   <div class='ocr_carea' id='block_1_87' title="bbox 2227 4565 3816 4635">
    <p class='ocr_par' dir='ltr' id='par_1_87' title="bbox 2227 4565 3816 4635">
     <span class='ocr_line' id='line_1_87' title="bbox 2227 4565 3816 4635; baseline 0.004 -19"><span class='ocrx_word' id='word_1_603' title='bbox 2227 4566 2355 4617; x_wconf 90' lang='lat' dir='ltr'><strong>mini</strong></span> <span class='ocrx_word' id='word_1_604' title='bbox 2382 4579 2442 4618; x_wconf 90' lang='lat' dir='ltr'><strong>ac</strong></span> <span class='ocrx_word' id='word_1_605' title='bbox 2466 4565 2557 4620; x_wconf 91' lang='lat' dir='ltr'><strong>Dei</strong></span> <span class='ocrx_word' id='word_1_606' title='bbox 2590 4566 2755 4619; x_wconf 88' lang='lat' dir='ltr'><strong>nostri</strong></span> <span class='ocrx_word' id='word_1_607' title='bbox 2794 4568 2902 4633; x_wconf 89' lang='lat' dir='ltr'><strong>jam</strong></span> <span class='ocrx_word' id='word_1_608' title='bbox 2955 4569 3008 4620; x_wconf 92' lang='lat' dir='ltr'><strong>in</strong></span> <span class='ocrx_word' id='word_1_609' title='bbox 3056 4569 3156 4620; x_wconf 92' lang='lat' dir='ltr'><strong>hoc</strong></span> <span class='ocrx_word' id='word_1_610' title='bbox 3187 4583 3310 4635; x_wconf 88' lang='lat' dir='ltr'><strong>erga</strong></span> <span class='ocrx_word' id='word_1_611' title='bbox 3347 4575 3398 4620; x_wconf 91' lang='lat' dir='ltr'><strong>te</strong></span> <span class='ocrx_word' id='word_1_612' title='bbox 3440 4565 3816 4634; x_wconf 86' lang='lat' dir='ltr'><strong>indulgentia:</strong></span> 
     </span>
    </p>
   </div>
   <div class='ocr_carea' id='block_1_88' title="bbox 2229 4656 3817 4728">
    <p class='ocr_par' dir='ltr' id='par_1_88' title="bbox 2229 4656 3817 4728">
     <span class='ocr_line' id='line_1_88' title="bbox 2229 4656 3817 4728; baseline 0.003 -18"><span class='ocrx_word' id='word_1_613' title='bbox 2229 4656 2382 4725; x_wconf 90' lang='lat' dir='ltr'><strong>cujus</strong></span> <span class='ocrx_word' id='word_1_614' title='bbox 2402 4661 2571 4726; x_wconf 90' lang='lat' dir='ltr'><strong>gratia</strong></span> <span class='ocrx_word' id='word_1_615' title='bbox 2602 4668 2685 4714; x_wconf 93' lang='lat' dir='ltr'><strong>est</strong></span> <span class='ocrx_word' id='word_1_616' title='bbox 2713 4660 2853 4728; x_wconf 92' lang='lat' dir='ltr'><strong>quod</strong></span> <span class='ocrx_word' id='word_1_617' title='bbox 2889 4660 3066 4713; x_wconf 85' lang='lat' dir='ltr'><strong>divina</strong></span> <span class='ocrx_word' id='word_1_618' title='bbox 3094 4661 3144 4713; x_wconf 89' lang='lat' dir='ltr'><strong>in</strong></span> <span class='ocrx_word' id='word_1_619' title='bbox 3172 4670 3226 4714; x_wconf 92' lang='lat' dir='ltr'><strong>te</strong></span> <span class='ocrx_word' id='word_1_620' title='bbox 3257 4660 3498 4715; x_wconf 86' lang='lat' dir='ltr'><strong>doctrina</strong></span> <span class='ocrx_word' id='word_1_621' title='bbox 3540 4662 3681 4714; x_wconf 91' lang='lat' dir='ltr'><strong>bona</strong></span> <span class='ocrx_word' id='word_1_622' title='bbox 3713 4677 3817 4716; x_wconf 86' lang='lat' dir='ltr'><strong>sua</strong></span> 
     </span>
    </p>
   </div>
   <div class='ocr_carea' id='block_1_89' title="bbox 2227 4750 3820 4818">
    <p class='ocr_par' dir='ltr' id='par_1_89' title="bbox 2227 4750 3820 4818">
     <span class='ocr_line' id='line_1_89' title="bbox 2227 4750 3820 4818; baseline 0.004 -18"><span class='ocrx_word' id='word_1_623' title='bbox 2227 4762 2322 4815; x_wconf 92' lang='lat' dir='ltr'><strong>pro</strong></span> <span class='ocrx_word' id='word_1_624' title='bbox 2353 4758 2503 4816; x_wconf 87' lang='lat' dir='ltr'><strong>parte</strong></span> <span class='ocrx_word' id='word_1_625' title='bbox 2527 4750 2765 4804; x_wconf 87' lang='lat' dir='ltr'><strong>invenire</strong></span> <span class='ocrx_word' id='word_1_626' title='bbox 2787 4759 2980 4818; x_wconf 87' lang='lat' dir='ltr'><strong>potest,</strong></span> <span class='ocrx_word' id='word_1_627' title='bbox 3014 4766 3109 4818; x_wconf 91' lang='lat' dir='ltr'><strong>pro</strong></span> <span class='ocrx_word' id='word_1_628' title='bbox 3141 4763 3293 4818; x_wconf 90' lang='lat' dir='ltr'><strong>parte</strong></span> <span class='ocrx_word' id='word_1_629' title='bbox 3311 4750 3585 4805; x_wconf 81' lang='lat' dir='ltr'><strong>conferre.</strong></span> <span class='ocrx_word' id='word_1_630' title='bbox 3614 4752 3820 4818; x_wconf 82' lang='lat' dir='ltr'><strong>Quam—</strong></span> 
     </span>
    </p>
   </div>
   <div class='ocr_carea' id='block_1_90' title="bbox 2225 4840 3819 4912">
    <p class='ocr_par' dir='ltr' id='par_1_90' title="bbox 2225 4840 3819 4912">
     <span class='ocr_line' id='line_1_90' title="bbox 2225 4840 3819 4912; baseline 0.003 -20"><span class='ocrx_word' id='word_1_631' title='bbox 2225 4840 2302 4892; x_wconf 89' lang='lat' dir='ltr'><strong>vis</strong></span> <span class='ocrx_word' id='word_1_632' title='bbox 2334 4849 2512 4895; x_wconf 86' lang='lat' dir='ltr'><strong>autem</strong></span> <span class='ocrx_word' id='word_1_633' title='bbox 2541 4841 2592 4894; x_wconf 92' lang='lat' dir='ltr'><strong>in</strong></span> <span class='ocrx_word' id='word_1_634' title='bbox 2622 4841 2883 4895; x_wconf 81' lang='lat' dir='ltr'><strong>maximos</strong></span> <span class='ocrx_word' id='word_1_635' title='bbox 2910 4841 3094 4894; x_wconf 84' lang='lat' dir='ltr'><strong>saeculi</strong></span> <span class='ocrx_word' id='word_1_636' title='bbox 3122 4843 3302 4911; x_wconf 87' lang='lat' dir='ltr'><strong>apices</strong></span> <span class='ocrx_word' id='word_1_637' title='bbox 3331 4853 3485 4911; x_wconf 88' lang='lat' dir='ltr'><strong>patre</strong></span> <span class='ocrx_word' id='word_1_638' title='bbox 3516 4858 3819 4912; x_wconf 89' lang='lat' dir='ltr'><strong>soceroque</strong></span> 
     </span>
    </p>
   </div>
   <div class='ocr_carea' id='block_1_91' title="bbox 2225 4933 3820 5005">
    <p class='ocr_par' dir='ltr' id='par_1_91' title="bbox 2225 4933 3820 5005">
     <span class='ocr_line' id='line_1_91' title="bbox 2225 4933 3820 5005; baseline 0.001 -20"><span class='ocrx_word' id='word_1_639' title='bbox 2225 4933 2420 4998; x_wconf 90' lang='lat' dir='ltr'><strong>elatus,</strong></span> <span class='ocrx_word' id='word_1_640' title='bbox 2455 4935 2754 4988; x_wconf 90' lang='lat' dir='ltr'><strong>illustribus</strong></span> <span class='ocrx_word' id='word_1_641' title='bbox 2796 4951 2860 4989; x_wconf 88' lang='lat' dir='ltr'><strong>cx</strong></span> <span class='ocrx_word' id='word_1_642' title='bbox 2900 4945 3127 5005; x_wconf 90' lang='lat' dir='ltr'><strong>utroque</strong></span> <span class='ocrx_word' id='word_1_643' title='bbox 3169 4937 3336 4989; x_wconf 84' lang='lat' dir='ltr'><strong>titulis</strong></span> <span class='ocrx_word' id='word_1_644' title='bbox 3369 4937 3656 4998; x_wconf 81' lang='lat' dir='ltr'><strong>ambiaris;</strong></span> <span class='ocrx_word' id='word_1_645' title='bbox 3715 4951 3820 5004; x_wconf 84' lang='lat' dir='ltr'><strong>ego</strong></span> 
     </span>
    </p>
   </div>
   <div class='ocr_carea' id='block_1_92' title="bbox 2226 5028 3820 5097">
    <p class='ocr_par' dir='ltr' id='par_1_92' title="bbox 2226 5028 3820 5097">
     <span class='ocr_line' id='line_1_92' title="bbox 2226 5028 3820 5097; baseline 0 -17"><span class='ocrx_word' id='word_1_646' title='bbox 2226 5036 2406 5081; x_wconf 89' lang='lat' dir='ltr'><strong>tamen</strong></span> <span class='ocrx_word' id='word_1_647' title='bbox 2439 5028 2597 5096; x_wconf 90' lang='lat' dir='ltr'><strong>longe</strong></span> <span class='ocrx_word' id='word_1_648' title='bbox 2629 5029 2924 5096; x_wconf 90' lang='lat' dir='ltr'><strong>superioris</strong></span> <span class='ocrx_word' id='word_1_649' title='bbox 2955 5031 3006 5082; x_wconf 93' lang='lat' dir='ltr'><strong>in</strong></span> <span class='ocrx_word' id='word_1_650' title='bbox 3038 5038 3089 5083; x_wconf 89' lang='lat' dir='ltr'><strong>te</strong></span> <span class='ocrx_word' id='word_1_651' title='bbox 3113 5029 3333 5082; x_wconf 91' lang='lat' dir='ltr'><strong>honoris</strong></span> <span class='ocrx_word' id='word_1_652' title='bbox 3374 5028 3585 5097; x_wconf 72' lang='lat' dir='ltr'><strong>fastigia</strong></span> <span class='ocrx_word' id='word_1_653' title='bbox 3611 5043 3820 5081; x_wconf 73' lang='lat' dir='ltr'><strong>Concu~</strong></span> 
     </span>
    </p>
   </div>
   <div class='ocr_carea' id='block_1_93' title="bbox 2227 5119 3817 5186">
    <p class='ocr_par' dir='ltr' id='par_1_93' title="bbox 2227 5119 3817 5186">
     <span class='ocr_line' id='line_1_93' title="bbox 2227 5119 3817 5186; baseline 0 -16"><span class='ocrx_word' id='word_1_654' title='bbox 2227 5119 2409 5186; x_wconf 84' lang='lat' dir='ltr'><strong>pisco;</strong></span> <span class='ocrx_word' id='word_1_655' title='bbox 2439 5127 2596 5186; x_wconf 90' lang='lat' dir='ltr'><strong>teque</strong></span> <span class='ocrx_word' id='word_1_656' title='bbox 2637 5134 2740 5173; x_wconf 91' lang='lat' dir='ltr'><strong>non</strong></span> <span class='ocrx_word' id='word_1_657' title='bbox 2766 5119 2829 5172; x_wconf 91' lang='lat' dir='ltr'><strong>ad</strong></span> <span class='ocrx_word' id='word_1_658' title='bbox 2858 5128 3217 5186; x_wconf 90' lang='lat' dir='ltr'><strong>terrenarum,</strong></span> <span class='ocrx_word' id='word_1_659' title='bbox 3252 5121 3344 5174; x_wconf 92' lang='lat' dir='ltr'><strong>sed</strong></span> <span class='ocrx_word' id='word_1_660' title='bbox 3378 5121 3442 5173; x_wconf 87' lang='lat' dir='ltr'><strong>ad</strong></span> <span class='ocrx_word' id='word_1_661' title='bbox 3477 5120 3817 5181; x_wconf 84' lang='lat' dir='ltr'><strong>caelestium;</strong></span> 
     </span>
    </p>
   </div>
   <div class='ocr_carea' id='block_1_94' title="bbox 2227 5210 3816 5280">
    <p class='ocr_par' dir='ltr' id='par_1_94' title="bbox 2227 5210 3816 5280">
     <span class='ocr_line' id='line_1_94' title="bbox 2227 5210 3816 5280; baseline 0.001 -18"><span class='ocrx_word' id='word_1_662' title='bbox 2227 5226 2326 5263; x_wconf 90' lang='lat' dir='ltr'><strong>nec</strong></span> <span class='ocrx_word' id='word_1_663' title='bbox 2355 5210 2419 5264; x_wconf 90' lang='lat' dir='ltr'><strong>ad</strong></span> <span class='ocrx_word' id='word_1_664' title='bbox 2454 5212 2656 5278; x_wconf 63' lang='lat' dir='ltr'><strong>saeculi,</strong></span> <span class='ocrx_word' id='word_1_665' title='bbox 2706 5211 2798 5265; x_wconf 91' lang='lat' dir='ltr'><strong>sed</strong></span> <span class='ocrx_word' id='word_1_666' title='bbox 2835 5212 2900 5266; x_wconf 86' lang='lat' dir='ltr'><strong>ad</strong></span> <span class='ocrx_word' id='word_1_667' title='bbox 2934 5214 3255 5266; x_wconf 62' lang='lat' dir='ltr'><strong>saeculorum</strong></span> <span class='ocrx_word' id='word_1_668' title='bbox 3289 5211 3623 5280; x_wconf 82' lang='lat' dir='ltr'><strong>dignitatem,</strong></span> <span class='ocrx_word' id='word_1_669' title='bbox 3655 5224 3816 5264; x_wconf 84' lang='lat' dir='ltr'><strong>voco.</strong></span> 
     </span>
    </p>
   </div>
   <div class='ocr_carea' id='block_1_95' title="bbox 2227 5301 3823 5373">
    <p class='ocr_par' dir='ltr' id='par_1_95' title="bbox 2227 5301 3823 5373">
     <span class='ocr_line' id='line_1_95' title="bbox 2227 5301 3823 5373; baseline 0.001 -19"><span class='ocrx_word' id='word_1_670' title='bbox 2227 5301 2387 5355; x_wconf 86' lang='lat' dir='ltr'><strong>Certa</strong></span> <span class='ocrx_word' id='word_1_671' title='bbox 2418 5303 2613 5371; x_wconf 90' lang='lat' dir='ltr'><strong>quippe</strong></span> <span class='ocrx_word' id='word_1_672' title='bbox 2642 5314 2692 5357; x_wconf 93' lang='lat' dir='ltr'><strong>et</strong></span> <span class='ocrx_word' id='word_1_673' title='bbox 2716 5303 3151 5358; x_wconf 90' lang='lat' dir='ltr'><strong>inoblitterabilis</strong></span> <span class='ocrx_word' id='word_1_674' title='bbox 3183 5305 3297 5358; x_wconf 78' lang='lat' dir='ltr'><strong>btec</strong></span> <span class='ocrx_word' id='word_1_675' title='bbox 3325 5305 3488 5373; x_wconf 89' lang='lat' dir='ltr'><strong>gloria</strong></span> <span class='ocrx_word' id='word_1_676' title='bbox 3519 5313 3621 5369; x_wconf 86' lang='lat' dir='ltr'><strong>est,</strong></span> <span class='ocrx_word' id='word_1_677' title='bbox 3655 5309 3823 5356; x_wconf 74' lang='lat' dir='ltr'><strong>teter-</strong></span> 
     </span>
    </p>
   </div>
   <div class='ocr_carea' id='block_1_96' title="bbox 2229 5392 3816 5465">
    <p class='ocr_par' dir='ltr' id='par_1_96' title="bbox 2229 5392 3816 5465">
     <span class='ocr_line' id='line_1_96' title="bbox 2229 5392 3816 5465; baseline -0.001 -19"><span class='ocrx_word' id='word_1_678' title='bbox 2229 5393 2396 5446; x_wconf 89' lang='lat' dir='ltr'><strong>nitate</strong></span> <span class='ocrx_word' id='word_1_679' title='bbox 2419 5394 2659 5463; x_wconf 86' lang='lat' dir='ltr'><strong>gloriari.</strong></span> <span class='ocrx_word' id='word_1_680' title='bbox 2693 5395 2904 5464; x_wconf 83' lang='lat' dir='ltr'><strong>Loquar</strong></span> <span class='ocrx_word' id='word_1_681' title='bbox 2935 5412 3063 5465; x_wconf 89' lang='lat' dir='ltr'><strong>ergo</strong></span> <span class='ocrx_word' id='word_1_682' title='bbox 3091 5397 3231 5465; x_wconf 89' lang='lat' dir='ltr'><strong>apud</strong></span> <span class='ocrx_word' id='word_1_683' title='bbox 3272 5407 3321 5449; x_wconf 91' lang='lat' dir='ltr'><strong>te</strong></span> <span class='ocrx_word' id='word_1_684' title='bbox 3353 5413 3458 5450; x_wconf 88' lang='lat' dir='ltr'><strong>non</strong></span> <span class='ocrx_word' id='word_1_685' title='bbox 3491 5392 3816 5462; x_wconf 88' lang='lat' dir='ltr'><strong>sapientiam</strong></span> 
     </span>
    </p>
   </div>
   <div class='ocr_carea' id='block_1_97' title="bbox 2229 5486 3821 5558">
    <p class='ocr_par' dir='ltr' id='par_1_97' title="bbox 2229 5486 3821 5558">
     <span class='ocr_line' id='line_1_97' title="bbox 2229 5486 3821 5558; baseline 0.001 -19"><span class='ocrx_word' id='word_1_686' title='bbox 2229 5486 2389 5555; x_wconf 83' lang='lat' dir='ltr'><strong>hujus</strong></span> <span class='ocrx_word' id='word_1_687' title='bbox 2417 5489 2625 5551; x_wconf 69' lang='lat' dir='ltr'><strong>saeculi,</strong></span> <span class='ocrx_word' id='word_1_688' title='bbox 2649 5488 2742 5543; x_wconf 91' lang='lat' dir='ltr'><strong>sed</strong></span> <span class='ocrx_word' id='word_1_689' title='bbox 2769 5489 2913 5542; x_wconf 89' lang='lat' dir='ltr'><strong>illam</strong></span> <span class='ocrx_word' id='word_1_690' title='bbox 2943 5490 3258 5558; x_wconf 88' lang='lat' dir='ltr'><strong>sapientiam</strong></span> <span class='ocrx_word' id='word_1_691' title='bbox 3279 5503 3554 5554; x_wconf 90' lang='lat' dir='ltr'><strong>arcanam,</strong></span> <span class='ocrx_word' id='word_1_692' title='bbox 3589 5488 3821 5541; x_wconf 76' lang='lat' dir='ltr'><strong>abscon-</strong></span> 
     </span>
    </p>
   </div>
   <div class='ocr_carea' id='block_1_98' title="bbox 2230 5578 3823 5649">
    <p class='ocr_par' dir='ltr' id='par_1_98' title="bbox 2230 5578 3823 5649">
     <span class='ocr_line' id='line_1_98' title="bbox 2230 5578 3823 5649; baseline -0.001 -16"><span class='ocrx_word' id='word_1_693' title='bbox 2230 5578 2420 5644; x_wconf 88' lang='lat' dir='ltr'><strong>ditam,</strong></span> <span class='ocrx_word' id='word_1_694' title='bbox 2453 5596 2611 5649; x_wconf 91' lang='lat' dir='ltr'><strong>quam</strong></span> <span class='ocrx_word' id='word_1_695' title='bbox 2644 5581 3051 5649; x_wconf 63' lang='lat' dir='ltr'><strong>praedestinavit</strong></span> <span class='ocrx_word' id='word_1_696' title='bbox 3083 5584 3217 5635; x_wconf 91' lang='lat' dir='ltr'><strong>Deus</strong></span> <span class='ocrx_word' id='word_1_697' title='bbox 3245 5590 3369 5634; x_wconf 89' lang='lat' dir='ltr'><strong>ante</strong></span> <span class='ocrx_word' id='word_1_698' title='bbox 3392 5581 3586 5634; x_wconf 73' lang='lat' dir='ltr'><strong>smcula</strong></span> <span class='ocrx_word' id='word_1_699' title='bbox 3622 5583 3670 5633; x_wconf 92' lang='lat' dir='ltr'><strong>in</strong></span> <span class='ocrx_word' id='word_1_700' title='bbox 3700 5579 3823 5648; x_wconf 85' lang='lat' dir='ltr'><strong>glo-</strong></span> 
     </span>
    </p>
   </div>
   <div class='ocr_carea' id='block_1_99' title="bbox 2232 5671 3826 5748">
    <p class='ocr_par' dir='ltr' id='par_1_99' title="bbox 2232 5671 3826 5748">
     <span class='ocr_line' id='line_1_99' title="bbox 2232 5671 3826 5748; baseline -0.002 -21"><span class='ocrx_word' id='word_1_701' title='bbox 2232 5671 2367 5727; x_wconf 88' lang='lat' dir='ltr'><strong>riam</strong></span> <span class='ocrx_word' id='word_1_702' title='bbox 2394 5683 2634 5729; x_wconf 87' lang='lat' dir='ltr'><strong>uostram</strong></span> <span class='ocrx_word' id='word_1_703' title='bbox 2665 5672 2710 5745; x_wconf 88' lang='grc' dir='ltr'>(ι</span> <span class='ocrx_word' id='word_1_704' title='bbox 2742 5673 2860 5729; x_wconf 90' lang='lat' dir='ltr'><strong>Cor.</strong></span> <span class='ocrx_word' id='word_1_705' title='bbox 2889 5674 2972 5745; x_wconf 83' lang='grc' dir='ltr'>ιι).</span> <span class='ocrx_word' id='word_1_706' title='bbox 2997 5673 3208 5748; x_wconf 86' lang='lat' dir='ltr'><strong>Loquar</strong></span> <span class='ocrx_word' id='word_1_707' title='bbox 3237 5682 3410 5728; x_wconf 88' lang='lat' dir='ltr'><strong>tecum</strong></span> <span class='ocrx_word' id='word_1_708' title='bbox 3441 5673 3613 5730; x_wconf 93' lang='lat' dir='ltr'><strong>multo</strong></span> <span class='ocrx_word' id='word_1_709' title='bbox 3638 5671 3826 5734; x_wconf 75' lang='lat' dir='ltr'><strong>studio</strong></span> 
     </span>
    </p>
   </div>
  </div>
