4028 6184
225 236 309 297 713

884 228 1221 287 EPISTOLA
1258 221 1725 281 PABAENETICA
1767 221 1860 276 AD
1899 218 2355 277 YALERIANUM
2396 218 2795 277 COGNATUM.

3356 229 3464 288 τη

223 350 302 417 tui,
331 347 437 402 mei
462 344 757 400 admodum
804 356 992 411 parum
1040 338 1319 409 providus,
1352 337 1443 407 qui
1482 335 1601 405 plus
1640 334 1693 388 in
1737 342 1790 388 te
1815 341 1867 395 Α
1892 332 2055 386 modo
2084 334 2347 387 interesse
2393 343 2548 403 putet
2579 333 2920 400 beatitudini,
2974 349 3096 389 cum
3142 335 3284 389 desit
3323 357 3484 392 et”...

223 443 332 512 quid
360 440 545 505 velim,
576 452 734 507 quam
764 435 819 489 in
842 451 928 489 me
950 434 1078 503 quid
1108 434 1331 501 possim,
1360 428 1719 484 consideravi.

286 534 517 589 Primum
550 529 777 584 instituti
808 537 968 597 atque
999 526 1054 580 in
1086 526 1261 581 lucem
1291 523 1420 578 editi
1450 521 1680 576 hominis
1719 520 1799 575 of-

223 627 514 680 ﬁciumest.
550 622 620 673 mi
665 618 953 674 Valeriane
1000 616 1343 680 charissime,
1395 613 1667 685 proprium
1701 627 1795 667 co-

221 730 469 789 gnoscere
495 723 792 775 auctorem,
822 708 1208 778 cognitumque
1252 707 1567 773 suscipere;
1610 704 1799 758 vitam-

222 826 338 880 quc,
369 808 420 862 id
450 815 555 872 cst,
587 804 829 859 divinum
880 802 1114 866 donum,
1173 799 1227 853 in
1276 799 1517 853 divinum
1561 796 1799 851 ofﬁcium

222 905 525 971 cultumque
546 899 814 955 conferre.
835 895 901 951 Ut
931 896 1067 965 quod
1089 893 1185 948 Dei
1208 909 1415 947 munere
1444 892 1681 960 sumpsit,
1708 889 1803 942 Dei

223 996 477 1051 devmione
500 1000 913 1056 consummatur,
945 1000 1106 1057 atque
1135 987 1187 1041 id
1216 986 1358 1055 quod
1399 985 1467 1039 ab
1496 983 1688 1038 eodem
1723 983 1803 1037 in-

223 1090 410 1159 dignus
431 1088 593 1157 cepit,
622 1086 796 1140 eidem
820 1082 1093 1154 subjectus
1114 1078 1414 1149 impendat.
1443 1077 1584 1133 Sana
1608 1076 1805 1146 quippe

222 1181 472 1251 opinione
503 1180 732 1249 agimur,
765 1184 824 1230 ut
870 1174 1093 1230 eductos
1143 1187 1242 1225 nos
1283 1169 1519 1224 sicutab
1549 1169 1690 1236 ipso,
1732 1167 1804 1221 ita

224 1270 327 1340 ipsi
351 1271 692 1325 arbitremur.
725 1266 881 1324 Unde
922 1265 1014 1319 ille
1045 1264 1204 1332 plane
1244 1262 1640 1330 magnificeque
1686 1273 1808 1328 per-

223 1364 377 1433 spicit
397 1361 667 1418 Creatoris
696 1358 867 1414 nostri
908 1358 959 1411 in
1006 1353 1313 1424 effingendo
1346 1352 1567 1406 homine
1592 1359 1809 1404 senten-

224 1457 371 1521 tiam,
403 1453 649 1524 quisquis
678 1453 749 1506 ita
779 1449 1053 1518 intelligit,
1084 1446 1226 1516 quod
1258 1459 1356 1499 nos
1386 1454 1438 1499 et
1469 1445 1583 1513 ipse
1608 1452 1663 1498 et
1707 1442 1808 1497 sibi

222 1547 367 1603 fecit.
393 1545 671 1613 Optimum
702 1540 899 1597 deinde
919 1549 1001 1594 est
1031 1553 1212 1593 curam
1245 1535 1592 1605 principalem
1616 1532 1808 1587 anima:

221 1640 538 1709 impendere
563 1645 620 1691 ut
643 1650 763 1705 quae
786 1633 1021 1688 utilitate
1040 1631 1191 1702 prior
1210 1642 1315 1696 εει,
1341 1645 1449 1684 non
1473 1629 1541 1683 sit
1563 1627 1806 1683 conside.

1898 424 2099 479 saluti?
2128 423 2383 494 Indigens
2412 427 2559 486 vitae,
2593 425 2733 481 unde
2763 426 3039 480 abundare
3090 426 3229 482 felici
3258 439 3365 483 vita
3398 445 3490 498 ρος

1899 516 2049 572 test?
2079 520 2186 572 Aut
2213 517 2340 587 quid
2366 519 2606 586 prodest,
2639 521 2681 572 si
2716 519 2935 589 adjiciat
2957 522 3115 586 cibis,
3149 537 3254 576 non
3288 524 3493 581 habens

1899 608 2046 663 unde
2074 610 2465 664 consulendum
2502 621 2587 665 est
2616 611 2844 666 animus?
2885 612 2961 666 De
2999 628 3103 681 qua
3136 624 3192 668 et
3240 615 3495 671 Dominus

1902 710 2089 754 noster
2108 700 2264 755 Jesus
2285 700 2533 755 Christus
2569 704 2675 755 ait:
2703 703 2841 766 Quid
2880 707 3012 757 enim
3047 707 3251 773 prodest
3275 707 3493 776 homini,

1903 796 1948 849 si
1975 797 2225 849 mundum
2250 798 2539 850 universum
2572 799 2816 865 lucretur,
2850 802 3035 856 anima:
3059 818 3176 856 vero
3199 820 3306 857 suae
3335 804 3497 858 detri-

1904 898 2129 941 mentum
2151 891 2377 957 patiatur
2400 888 2617 963 (Matth.
2644 892 2783 961 XVI)?
2806 890 3037 947 Proinde
3054 909 3161 948 non
3195 906 3372 965 potest
3392 896 3496 950 ulla

1904 981 2210 1051 compendii
2238 997 2399 1037 causa
2442 986 2764 1053 consistere,
2795 986 2839 1041 si
2869 998 3080 1043 constet
3108 990 3302 1044 animm
3334 993 3499 1046 inter-

1905 1075 2092 1128 venire
2118 1074 2478 1144 dispendium;
2498 1077 2599 1132 Ubi
2632 1079 2822 1133 salutis
2841 1080 3094 1137 damnum
3120 1095 3223 1150 est,
3260 1084 3368 1139 illic
3397 1086 3498 1138 uti-

1906 1165 2141 1234 quejam
2174 1166 2378 1221 lucrum
2398 1169 2608 1224 nullum
2640 1182 2753 1236 est;
2787 1187 2893 1241 quo
2920 1175 3060 1228 enim
3084 1176 3295 1230 lucrum
3323 1178 3502 1246 capia-

1908 1263 2018 1322 tur,
2052 1256 2153 1309 nisi
2176 1258 2423 1325 capiendi
2450 1260 2612 1314 sedes
2643 1261 2962 1317 inccncussa
2990 1266 3279 1321 servetur?
3322 1270 3503 1336 Atquc

1907 1348 2108 1403 idcirco
2128 1350 2196 1404 ad
2225 1350 2358 1405 illud
2388 1353 2592 1407 lucrum
2638 1370 2850 1421 verum,
2880 1358 2947 1411 ad
2981 1358 3110 1412 illud
3135 1369 3383 1417 sanctum
3410 1376 3501 1414 ex-

1908 1444 2312 1514 petendumque
2356 1450 2743 1503 commercium
2784 1450 3169 1523 dum,tempus
3212 1464 3325 1517 est,
3372 1470 3503 1523 pro-

1908 1546 2163 1603 peremus
2195 1533 2340 1607 (Gal.
2375 1539 2471 1607 γι).

1983 1624 2184 1681 Parere
2209 1639 2434 1695 possunt
2460 1638 2718 1685 asternam
2750 1632 2915 1686 vitam
2942 1636 3098 1703 pauci
3127 1636 3276 1699 dies;
3307 1636 3399 1706 qui
3430 1646 3509 1692 ta-

220 1732 437 1787 ratione
469 1726 754 1796 posterior.
772 1726 981 1780 Primas
997 1723 1136 1793 apud
1162 1738 1261 1779 nos
1288 1737 1466 1786 curas,
1494 1736 1613 1790 quae
1642 1721 1814 1788 prima
1842 1713 1891 1773 Β
1916 1716 2194 1787 mendies,
2220 1720 2433 1774 etiamsi
2455 1722 2677 1777 illaesum
2701 1733 2863 1794 atque
2885 1727 3359 1783 incontaminatam
3388 1731 3510 1785 vita:

220 1820 519 1886 habentur,
548 1818 859 1882 obtineant,
909 1829 1252 1884 summasque
1281 1814 1388 1869 sibi
1436 1813 1813 1868 sollicitudinis

219 1924 408 1985 partes
431 1912 597 1977 salus,
630 1926 749 1981 quae
773 1923 984 1964 summa
1008 1916 1111 1973 est,
1140 1906 1406 1962 vendicel.
1442 1907 1570 1961 Haec
1600 1920 1699 1959 nos
1724 1919 1815 1958 oc-

220 2011 387 2074 cupet
416 2003 469 2057 in
501 2002 808 2073 praesidium
847 2016 911 2055 ac
938 2000 1161 2054 tutelam
1190 1999 1296 2067 sui,
1351 1999 1461 2068 jam
1503 2012 1611 2052 non
1659 1997 1818 2066 plane

222 2097 421 2168 prima,
443 2097 539 2153 sed
563 2097 698 2151 sola.
728 2094 920 2150 Omnia
954 2094 1136 2150 vincat
1155 2107 1221 2147 eo
1251 2093 1451 2158 studio,
1482 2107 1587 2162 quo
1617 2105 1817 2161 praece-

220 2187 299 2244 dit
329 2189 527 2244 omnia.
583 2187 861 2243 Summam
916 2186 1177 2241 debemus
1220 2184 1619 2239 observantiam
1682 2182 1814 2251 Deo,

222 2284 423 2337 anima:
449 2280 647 2338 deinde
687 2281 977 2336 maximam
1004 2298 1018 2334 :
1044 2288 1206 2350 atque
1232 2277 1303 2332 ita
1335 2287 1512 2332 tamen
1545 2274 1685 2331 istud
1714 2286 1816 2341 est,

221 2386 280 2432 ut
306 2392 435 2432 cum
464 2386 752 2444 utrumque
780 2374 1106 2444 przecipuum
1132 2372 1223 2435 sit,
1268 2370 1547 2426 observari
1588 2369 1817 2426 alterum

216 2470 345 2526 sine
394 2468 566 2526 altero
591 2479 929 2536 nequaquam
960 2478 1123 2533 posse
1172 2461 1440 2518 videatur.
1470 2462 1546 2517 Ita
1575 2461 1820 2532 quisquis

218 2561 346 2619 Deo
377 2557 721 2627 satisfecerit,
746 2559 940 2613 animae
968 2570 1191 2611 necesse
1215 2565 1300 2611 est
1322 2556 1431 2626 jam
1455 2556 1817 2620 consuluerit;

214 2664 277 2711 et
309 2666 525 2717 rursus,
558 2651 648 2721 qui
699 2650 892 2705 anima:
922 2648 1297 2714 consuluerit,
1329 2662 1555 2704 necesse
1584 2657 1667 2703 est
1712 2649 1822 2703 Deo

219 2748 338 2818 jam
366 2744 711 2799 satisfecerit.
743 2741 832 2798 Sic
857 2740 924 2797 de
945 2756 1157 2796 summo
1186 2740 1327 2810 apud
1360 2756 1456 2795 nos
1485 2749 1713 2810 utroque
1736 2753 1822 2794 res

221 2837 551 2906 transigitur
575 2836 689 2890 utili
714 2844 905 2889 coacta
933 2833 1287 2904 compendio;
1331 2843 1389 2888 ut
1418 2834 1463 2888 si
1510 2833 1632 2904 quis
1657 2848 1822 2887 unum

220 2929 421 2986 sedulo
439 2928 767 2998 impleverit,
784 2934 1073 2995 utrumque
1095 2924 1406 2989 contulerit,
1428 2923 1549 2995 quia
1566 2924 1823 2980 ineffabili

218 3024 564 3093 benignitate
606 3021 809 3085 divina,
858 3021 973 3089 ipsa
1005 3021 1209 3074 utilitas
1239 3019 1299 3073 fit
1335 3018 1431 3074 Dei
1472 3018 1820 3073 sacrificium.

1918 1806 2306 1862 beatitudinem
2334 1810 2712 1879 possiderent;
2740 1827 2938 1881 tamen,
2966 1821 3091 1887 quia
3122 1821 3276 1889 pauci
3303 1831 3507 1891 essent,

1922 1912 2089 1966 parvo
2118 1900 2424 1954 aestimandi
2453 1911 2628 1955 erant.
2657 1902 2804 1958 Nihil
2832 1906 2975 1961 enim
3006 1918 3091 1963 est
3134 1925 3385 1981 magnum
3426 1929 3508 1983 re,

1919 1991 2063 2059 quod
2096 2007 2321 2059 parvum
2368 2002 2650 2063 tempore;
2682 2012 2782 2051 nec
2804 1998 2977 2069 longis
3006 2000 3260 2058 dilatatur
3278 2007 3509 2074 gaudiis,

1919 2083 2178 2153 quidquid
2212 2095 2360 2143 arcto
2390 2088 2497 2143 fine
2534 2090 2892 2146 concluditur.
2951 2094 3177 2150 Brevem
3224 2098 3511 2157 utilitatem

1920 2178 2107 2233 smculi
2153 2179 2309 2234 istius
2339 2181 2523 2237 brevia
2565 2182 2767 2240 habent
2819 2189 3123 2243 commoda.
3180 2189 3348 2246 Recte
3383 2208 3513 2262 ergo

1920 2271 2082 2326 etiam
2109 2272 2251 2328 bono
2278 2273 2461 2331 brevis
2502 2277 2628 2332 vitae
2679 2289 2949 2349 perpetuac
2988 2283 3111 2339 vita:
3163 2286 3513 2341 connnodum

1920 2366 2343 2434 praeponendum
2375 2369 2681 2437 videretur;
2725 2373 2847 2441 quia
2880 2373 2969 2428 illa
3001 2386 3146 2431 esset
3176 2378 3511 2447 temporalis,

1922 2455 2039 2511 haec
2068 2468 2271 2514 (eterna
2300 2460 2570 2528 felicitas;
2603 2465 2727 2533 quia
2758 2465 2945 2534 fragile
2973 2478 3115 2521 esset
3143 2467 3394 2524 brevibus
3423 2469 3517 2523 bo-

1930 2546 2006 2603 nis
2058 2550 2293 2620 perfrui,
2338 2561 2511 2607 tntum
2576 2554 2811 2624 gaudere
2860 2560 3154 2628 perpetuis.
3200 2560 3352 2617 Nunc
3392 2579 3520 2618 vero

1922 2651 2123 2697 aeterna
2151 2644 2260 2699 vita
2292 2645 2607 2702 beatissima
2635 2659 2738 2704 est.
2770 2649 2903 2704 Nam
2933 2653 3058 2721 quid
3078 2652 3287 2709 felicius
3315 2666 3519 2711 :cterna

1922 2733 2030 2787 vita
2062 2734 2168 2790 dici
2201 2738 2417 2806 potest?
2446 2738 2573 2793 {hcc
2604 2755 2733 2794 vero
2766 2741 2962 2812 brevis,
2998 2745 3067 2797 ita
3087 2744 3428 2812 brevissima,
3464 2759 3522 2803 ut

1925 2826 2421 2895 mrumnosissima;
2454 2845 2573 2898 quae
2600 2830 2836 2901 undique
2867 2834 3332 2890 circumstantium
3369 2837 3521 2893 dolo-

1924 2928 2044 2969 rum
2070 2926 2293 2986 urgetur
2318 2921 2707 2988 incommodis;
2752 2933 2807 2977 et
2854 2923 3231 2981 deficientibus
3268 2927 3523 2999 fatigatur

1927 3008 2108 3075 malis,
2142 3008 2269 3063 dum
2300 3012 2662 3067 accidentium
2688 3012 2923 3082 jactatur
2952 3018 3182 3086 injuriis.
3213 3019 3349 3085 Quid
3376 3023 3520 3077 enim

218 3087 433 3171 Multiis
459 3112 674 3181 corpori
695 3087 1034 3167 curationum
1063 3108 1569 3176 ususimpenditur;
1600 3106 1825 3159 multum
1855 3087 1903 3152 C
1934 3104 2040 3150 lam
2074 3098 2317 3165 inlidutn,
2361 3109 2468 3154 tam
2516 3103 2743 3170 varium,
2798 3114 2905 3159 tam
2938 3107 3332 3178 calamitosum,
3361 3127 3522 3179 quam

217 3208 363 3264 huic
391 3219 570 3273 operm
598 3203 653 3256 in
678 3216 829 3271 spem
853 3200 1079 3255 medelas
1102 3198 1274 3270 [Fort.
1301 3199 1354 3252 in
1377 3198 1610 3268 speciem
1642 3194 1828 3252 mede-

215 3298 325 3372 lze]
356 3298 537 3352 datur.
557 3293 829 3363 Numquid
862 3291 1184 3347 medicinam
1214 3290 1391 3345 anima
1423 3304 1531 3344 non
1560 3289 1830 3345 meretur?

217 3392 302 3448 Et
339 3390 384 3443 si
425 3386 572 3441 varia
620 3384 838 3455 corpori
875 3382 1074 3437 auxilia
1116 3379 1295 3436 studio
1346 3380 1558 3436 tuendae
1587 3380 1831 3435 sanitatis

219 3480 589 3545 adhibentur,
623 3478 701 3532 fas
729 3490 838 3531 non
866 3482 950 3530 est
979 3483 1160 3528 tamen
1192 3473 1427 3527 animant
1469 3473 1615 3528 velut
1642 3471 1830 3527 exclu-

218 3573 584 3643 samjacere,
614 3580 667 3626 ct
696 3568 851 3640 quasi
886 3566 1188 3638 neglectam
1221 3566 1424 3622 morbis
1463 3565 1576 3621 suis
1618 3564 1829 3621 intabe-

216 3681 419 3729 scere,
446 3674 607 3735 atque
634 3678 792 3718 unam
823 3676 854 3714 a
885 3658 1118 3730 pr0priis
1146 3658 1399 3714 remediis
1428 3658 1697 3726 exsulare,
1735 3658 1834 3712 im-

217 3776 328 3816 mo
360 3773 494 3814 vere
532 3758 684 3828 plura
727 3754 921 3810 animae
959 3750 1286 3809 conferenda
1323 3761 1470 3819 sunt,
1519 3753 1565 3809 si
1618 3752 1832 3823 corpori

215 3864 327 3909 tan
337 3861 391 3903 ω
421 3858 762 3919 praestantur.

300 3941 472 4006 Nam,
506 3941 554 3997 si
583 3950 728 3997 recte
756 3940 974 4011 quidam
1013 3954 1229 3994 carnem
1253 3938 1393 3995 hanc
1418 3938 1699 4005 famulam,
1722 3940 1838 3993 ani-

218 4051 388 4094 mam
418 4048 547 4089 vero
571 4033 846 4089 dominam
876 4048 997 4088 esse
1027 4032 1317 4098 dixerunt;
1350 4047 1455 4088 non
1487 4043 1703 4102 oportet
1743 4049 1837 4103 po-

222 4130 480 4186 steriore
508 4127 629 4181 loco
657 4141 757 4181 nos
785 4125 1065 4181 dominam
1093 4140 1319 4194 ponere,
1352 4140 1415 4179 ac
1454 4125 1705 4181 famulam
1734 4125 1839 4180 ini-

218 4240 351 4295 quo
380 4221 503 4291 jure
531 4220 807 4290 praeferre.
829 4219 1022 4275 Merito
1050 4218 1226 4287 poscit
1249 4218 1425 4273 studia
1467 4219 1669 4288 majora
1712 4233 1836 4288 pars

219 4314 464 4377 melior,
492 4310 615 4381 quia
641 4310 789 4366 omni
818 4308 974 4364 nobis
1002 4324 1133 4364 cura
1164 4309 1291 4364 illuc
1317 4310 1706 4378 respiciendum
1730 4319 1833 4375 est,

220 4409 332 4466 ubi
358 4405 676 4462 substantiae
698 4414 895 4460 nostra!
918 4404 1283 4458 abundantior
1310 4402 1543 4472 dignitas
1572 4403 1835 4459 constitit.

1932 3187 2057 3243 vitae
2078 3188 2233 3243 istius
2261 3205 2452 3247 cursus
2480 3193 2596 3248 eSt?
2624 3193 2756 3261 Quae
2784 3196 2941 3265 plena
2980 3198 3187 3254 laboris
3224 3211 3326 3269 est,
3360 3203 3520 3274 plena

1931 3279 2333 3351 sollicitudinis,
2365 3283 2524 3353 plena
2553 3300 2828 3354 curarum,
2856 3287 3093 3359 ipsorum
3120 3307 3335 3364 quoque
3368 3297 3525 3365 plena

1932 3370 2336 3441 discriminum;
2355 3384 2409 3430 et
2439 3392 2534 3447 per
2553 3379 2817 3448 ancipites
2839 3380 3097 3438 distracta
3120 3399 3297 3454 casus,
3321 3387 3379 3442 fit
3409 3404 3524 3445 cor-

1933 3466 2082 3535 poris
2109 3469 2488 3526 vexationibus
2530 3471 2790 3544 inquieta,
2818 3476 2982 3532 animi
3021 3481 3310 3551 angoribus
3335 3484 3518 3553 anxia,

1934 3558 2301 3629 periculorum
2336 3564 2638 3621 turbinibus
2662 3567 2886 3625 incerta.
2916 3571 3045 3639 Quae
3073 3575 3257 3645 utique
3296 3578 3521 3645 utilitas,

1934 3663 2054 3719 quae
2080 3652 2241 3721 ratio,
2276 3668 2381 3708 non
2412 3658 2588 3725 expeti
2619 3658 2757 3713 bona
2796 3670 3020 3725 (eterna,
3053 3667 3203 3734 sequi
3241 3676 3516 3739 tempora-

1935 3741 2026 3809 lia,
2054 3744 2215 3799 ctiam
2264 3748 2438 3802 mala?
2480 3749 2671 3806 Nonne
2699 3752 2870 3820 vides,
2907 3763 2965 3808 ut
3011 3756 3174 3811 etiam
3209 3759 3264 3812 in
3291 3760 3393 3817 hac
3418 3764 3527 3821 vita

1936 3838 2164 3909 quisque
2194 3840 2474 3911 providus,
2492 3842 2670 3898 locum
2688 3854 2780 3899 aut
2802 3860 3011 3914 agrum,
3035 3849 3085 3900 in
3110 3864 3217 3917 quo
3246 3850 3442 3906 diutius
3468 3869 3527 3910 se

1937 3942 2396 3989 commoraturum
2430 3944 2602 4005 putat,
2644 3938 2877 4007 copiosis
2904 3938 2959 3993 in
3007 3954 3161 3994 usum
3191 3944 3388 3997 sarciat
3426 3948 3525 4000 im-

1941 4026 2185 4093 pendiis?
2208 4038 2263 4082 et
2291 4028 2379 4083 ubi
2408 4044 2577 4099 parvo
2600 4031 2720 4099 quis
2745 4032 2847 4086 erit
2875 4041 3139 4102 tempore,
3190 4050 3349 4104 parva
3395 4053 3525 4107 pro-

1939 4119 2126 4185 videt;
2154 4122 2241 4177 ubi
2268 4123 2504 4193 majore,
2537 4124 2743 4195 majora
2775 4128 3062 4197 procurat?
3095 4127 3256 4184 Nobis
3288 4145 3525 4201 quoque,

1941 4212 2066 4280 quia
2098 4212 2151 4266 in
2199 4215 2603 4283 praesentiarum
2652 4218 3028 4275 brevissimum
3071 4222 3330 4292 angustiis
3376 4238 3529 4278 coar-

1943 4306 2212 4361 ctantibus
2232 4317 2446 4378 tempus
2465 4319 2569 4376 est,
2594 4310 2647 4365 in
2672 4311 2853 4367 futuro
2877 4313 3076 4369 saecula
3102 4323 3285 4379 erunt,
3309 4329 3500 4384 compe

1945 4400 2181 4454 tentibus
2206 4402 2375 4470 copiis
2406 4404 2571 4458 vitam
2600 4419 2962 4474 exaugeamus
2995 4415 3277 4477 aeternam,
3298 4422 3523 4478 compe-

219 4504 561 4572 Congruum
578 4515 681 4554 non
704 4509 807 4565 est,
823 4498 877 4551 in
894 4498 994 4551 hoc
1013 4496 1219 4551 honore
1242 4506 1439 4551 nostra:
1461 4494 1840 4549 sollicitudinis
1866 4472 1922 4534 Ι)
1949 4493 2185 4547 tentibus
2207 4494 2536 4549 instruamus
2559 4498 2808 4565 exiguam
2834 4539 2848 4562 ,
2880 4513 2949 4553 ne
2972 4501 3283 4568 provisione
3315 4517 3530 4571 perver-

216 4610 370 4652 eam
407 4606 505 4646 nos
526 4588 792 4657 subjicere
824 4587 1010 4656 pejori.
1047 4587 1187 4641 Caro
1214 4586 1479 4654 siquidem
1508 4586 1763 4652 proclivis
1786 4586 1838 4639 in

218 4684 405 4747 vitia,
428 4682 492 4735 ad
520 4692 716 4735 terram
743 4691 865 4743 nos,
894 4686 1168 4745 tamquam
1192 4676 1244 4730 in
1276 4674 1538 4746 originem
1556 4691 1730 4737 suam,
1756 4690 1841 4730 re-

216 4786 416 4834 vocat
438 4770 597 4834 (Cen.
620 4774 767 4839 vttt):
802 4769 916 4823 haec
935 4784 1067 4824 vero
1088 4769 1311 4824 veniens
1328 4782 1361 4822 a
1382 4778 1531 4839 patre
1553 4768 1837 4833 luminum,

214 4873 397 4929 sicut
429 4866 552 4919 ferri
578 4863 787 4934 ignibus
809 4877 925 4917 mos
949 4871 1053 4927 est,
1079 4863 1133 4917 in
1163 4863 1443 4932 superiora
1474 4862 1680 4917 nititur.
1714 4861 1842 4917 Bazc

212 4966 279 5021 in
324 4958 502 5017 nobis
533 4957 710 5025 imago
737 4955 853 5018 Dei,
889 4955 991 5009 hoc
1018 4955 1312 5024 pretiosum
1346 4964 1428 5010 est
1457 4954 1623 5010 divini
1650 4956 1847 5025 :mune-

213 5059 311 5112 ris
389 5049 601 5121 pignus.
656 5048 806 5102 Hanc
835 5046 981 5102 omni
1023 5061 1147 5117 ope,
1196 5046 1337 5100 hanc
1373 5047 1598 5100 summis
1642 5047 1848 5102 viribus

216 5159 542 5209 tueamur;
576 5142 715 5197 hanc
742 5140 787 5195 si
818 5141 1078 5211 regimus,
1110 5150 1163 5196 et
1191 5153 1596 5207 conservemus,
1631 5140 1726 5195 Dei
1754 5140 1847 5196 de—

214 5241 493 5315 positum
525 5244 739 5291 tuemur
767 5234 786 5305 (
812 5233 854 5288 ll
905 5232 1041 5289 Tim.
1072 5249 1089 5288 ι
1120 5232 1160 5304 ).
1207 5232 1340 5302 Quis
1369 5235 1702 5300 exstruendi,
1745 5233 1849 5289 nisi

216 5349 377 5394 cum
411 5329 755 5385 fundamenta
782 5328 1000 5397 jeceris,
1045 5328 1196 5382 locus
1239 5327 1364 5381 est?
1404 5327 1851 5397 Superazdificare

218 5433 490 5484 caeteras
510 5423 769 5477 utilitates
794 5419 1087 5474 destinanti
1124 5418 1270 5474 salus
1297 5419 1700 5474 fundamentum
1745 5428 1846 5475 est.

217 5518 529 5576 Caeterum
557 5514 830 5586 quomodo
858 5514 1123 5583 quispiam
1154 5514 1431 5584 sequentia
1464 5514 1645 5580 addat,
1678 5516 1721 5569 si
1752 5530 1853 5571 nec

220 5610 437 5683 prima
466 5605 806 5677 possederit?
837 5604 991 5660 Unde
1016 5606 1422 5661 succedentium
1449 5606 1733 5677 augebitur
1775 5607 1855 5661 in-

219 5697 580 5762 crementis,
610 5697 654 5750 si
684 5695 1017 5750 anteriurum
1068 5694 1348 5753 deﬁciatur
1387 5697 1665 5756 exordiis?
1708 5695 1858 5769 ρηο-

552 5787 830 5866 Pax-nox.
859 5787 935 5853 ι..

1944 4598 2026 4650 sa,
2055 4585 2430 4653 impendamus
2458 4586 2606 4641 brevi
2636 4590 2868 4657 tempori
2901 4606 3083 4645 curam
3129 4595 3442 4661 maximam,
3479 4607 3533 4652 et

1946 4676 2184 4729 maximo
2209 4677 2435 4745 tempori
2470 4692 2654 4733 curam
2685 4679 2927 4735 brevem.

2017 4768 2194 4836 Atque
2220 4766 2361 4822 haud
2388 4770 2500 4824 scio
2520 4770 2587 4824 ad
2618 4770 2757 4826 hanc
2788 4771 3153 4829 beatissimam
3187 4777 3349 4830 vitam
3389 4777 3533 4845 quod

1947 4858 2277 4926 compellere
2304 4875 2403 4915 nos
2424 4859 2573 4917 ocius
2604 4872 2696 4919 aut
2726 4863 2998 4921 efficacius
3024 4865 3249 4934 debeat;
3298 4883 3365 4922 an
3419 4868 3535 4938 ipsa

1952 4949 2146 5006 futurae
2175 4953 2299 5008 vita:
2324 4956 2630 5022 commoda,
2661 4972 2781 5027 quae
2815 4959 3235 5026 promittuntur;
3288 4977 3356 5015 an
3400 4977 3536 5030 prte-

1952 5045 2121 5100 sentis
2147 5045 2648 5115 vitreincommoda,
2682 5064 2803 5119 qua:
2832 5050 3134 5105 videantur.
3169 5051 3300 5106 Inde
3326 5069 3425 5109 nos
3448 5053 3536 5106 illa

1952 5139 2303 5195 blandissime
2331 5151 2644 5210 provocant,
2668 5142 2795 5197 hinc
2820 5146 2919 5198 ista
2952 5144 3307 5200 vehementer
3356 5156 3539 5200 extur-

1952 5231 2103 5287 bant.
2136 5231 2391 5299 Proinde,
2421 5248 2542 5288 cum
2574 5234 2627 5288 in
2653 5234 2936 5289 meliorem
2970 5246 3179 5304 partem
3210 5236 3373 5291 etiam
3416 5251 3539 5306 pes-

1952 5327 2088 5381 sima
2113 5325 2498 5396 suﬂ'ragentur,
2530 5327 2575 5382 si
2598 5328 2755 5383 bonis
2800 5343 2907 5384 non
2938 5329 3212 5396 illicimur,
3249 5329 3402 5385 malis
3441 5346 3540 5383 ex-

1955 5417 2260 5473 trudamur.
2295 5418 2375 5472 Ad
2402 5417 2804 5475 incitamentum
2832 5420 3137 5489 meliorum,
3171 5423 3372 5491 optima
3395 5421 3542 5476 dete-

1957 5510 2193 5566 rioribus
2222 5510 2536 5578 concinunt,
2562 5522 2617 5566 et
2654 5514 2709 5567 in
2738 5513 2982 5568 eamdem
3015 5514 3298 5567 utilitatem
3332 5513 3545 5569 diversa

1960 5614 2309 5658 concurrunt.
2336 5603 2491 5670 Nam,
2517 5604 2643 5658 dum
2673 5606 2774 5659 alia
2800 5620 2899 5659 nos
2929 5605 3176 5671 invitant,
3201 5605 3304 5660 alia
3342 5606 3543 5673 fugant,

1962 5700 2017 5756 in
2047 5698 2243 5754 melius
2273 5708 2496 5771 utraque
2519 5714 2617 5756 nos
2660 5698 2977 5756 sollicitant.
3028 5697 3162 5753 Nam
3184 5699 3230 5755 si
3269 5696 3549 5755 hominum

2983 5791 3063 5854 εδ
