4028 6184
496 194 593 261 715

1474 181 1531 237 S.
1573 177 1898 237 EUCHERII
1941 174 2250 235 EPISCOPI
2286 172 2763 237 LUGDUNENSIS

3664 171 3770 232 7m

489 305 752 377 quispiam
778 300 956 355 clarus
984 312 1045 352 ac
1090 293 1335 363 locuples
1382 290 1438 345 in
1472 290 1653 345 locum
1702 290 1999 347 liberorum
2031 299 2086 343 te
2113 289 2167 351 Δ
2190 294 2349 357 atque
2380 286 2598 340 humilia
2628 300 2814 357 parum
2844 290 2955 338 tuta
2983 290 3131 377 sunt.
3169 280 3501 339 Obteruntur
3542 283 3766 341 humili-

486 400 838 463 adoptaturus
869 392 1085 455 acciret,
1120 390 1229 442 ires
1272 400 1367 454 per
1406 384 1682 454 oppositas
1719 398 1901 437 rerum
1934 380 2075 437 diffi-

484 494 733 559 cultates,
760 499 812 543 et
846 503 939 556 per
962 483 1207 555 quamvis
1236 480 1381 549 longi
1410 492 1654 534 recessus
1684 479 1787 531 iter
1831 484 2074 533 vectatus

485 582 842 639 accurreres?
870 580 1012 633 Deus
1036 571 1404 631 universitatis
1448 584 1747 639 rerumque
1791 568 2070 635 Dominus,

483 689 535 733 te
560 680 610 730 in
643 674 990 743 ad0ptionem
1017 666 1347 734 vncat,illud
1372 665 1441 733 (si
1482 664 1637 730 velis)
1681 663 1773 717 tibi
1818 662 2073 721 blandum

479 767 577 822 lilii
609 781 806 820 nomen
832 762 1168 832 impartiens,
1199 774 1306 829 quo
1346 757 1511 811 Deum
1564 765 1831 823 nostrum,
1861 754 2074 809 unicum

477 876 632 916 suum
663 865 935 927 nuncupat
977 853 1158 925 (Rom.
1192 866 1307 915 vui,
1336 848 1459 902 Gal.
1491 864 1566 915 tv,
1602 846 1741 915 Eph.
1765 848 1831 916 1),
1882 856 1935 901 et
1966 860 2074 899 non

479 968 740 1009 accensus
768 951 998 1021 raperis,
1023 964 1128 1002 non
1160 960 1421 1016 properus
1448 944 1678 1013 urgeris,
1712 958 1780 997 ne
1808 940 2075 997 conditio-

477 1062 600 1103 nem
635 1056 837 1100 tantam
866 1042 1028 1096 celeri
1071 1053 1305 1093 occursu
1339 1050 1485 1089 mors
1514 1034 1707 1089 festina
1757 1032 2075 1103 prmt‘ipiat?

477 1142 655 1209 Atque
682 1138 749 1191 ad
782 1135 919 1188 hanc
944 1130 1321 1194 obtinendam,
1351 1138 1403 1181 tu
1450 1142 1555 1181 non
1586 1124 1758 1179 invias
1792 1134 1949 1178 terra:
1981 1140 2071 1179 so-

476 1232 750 1297 litudines,
806 1243 903 1281 nec
931 1222 1213 1294 longinqui
1255 1220 1419 1275 maris
1463 1218 1672 1273 incerta
1724 1216 2075 1287 penetrabis?

474 1325 607 1381 Cum
636 1324 887 1387 volucris,
927 1322 1041 1373 lucc
1082 1315 1301 1385 adoptio
1330 1314 1405 1367 tui
1431 1323 1607 1369 tecum
1648 1318 1751 1364 est.
1778 1308 2075 1377 Numquid-

473 1434 595 1473 nam
622 1429 814 1484 segnes
846 1428 906 1465 ac
934 1408 1153 1464 desides
1178 1421 1277 1461 nos
1314 1421 1399 1459 res
1430 1405 1533 1458 ista
1566 1400 1808 1468 habebit,
1846 1400 2069 1465 idcirco,

472 1508 595 1577 quia
616 1515 720 1558 tam
744 1513 983 1572 prompta
1006 1514 1163 1568 quam
1183 1497 1576 1564 maxima?quo
1599 1494 1786 1547 durius
1808 1492 2076 1549 conditio—

471 1614 594 1654 nem
622 1597 759 1649 hanc
779 1592 1210 1647 dissimulatores
1234 1590 1603 1659 experientur.
1620 1585 1792 1639 Tanto
1818 1584 1963 1638 enim
1980 1598 2073 1638 no-

2181 390 2293 434 tate
2310 381 2591 450 depressa,
2623 386 2813 434 nutant
2837 379 2975 431 celsa
3021 376 3251 445 fastigio.
3290 377 3441 431 Pone
3488 393 3647 444 quem
3676 394 3767 435 vo-

2177 472 2345 531 lneris
2374 482 2599 539 statum,
2630 488 2741 525 non
2773 472 2910 537 apud
2936 468 3116 521 inlima
3143 467 3284 530 istic,
3322 483 3427 521 non
3450 472 3591 537 apud
3620 486 3765 524 sum-

2178 580 2266 621 ma
2316 566 2709 635 requiescitur:
2754 577 2970 630 gravem
3022 559 3249 615 turbinis
3288 570 3494 613 sortem
3543 573 3767 632 utraque

2178 658 2418 714 conditio
2476 673 2581 712 non
2621 655 2825 726 ell'ugit.
2872 654 3124 723 Subjacet
3162 652 3509 709 contumelia:
3565 655 3764 722 minor,

2175 750 2349 818 major
2378 749 2610 803 invidiae.

2248 841 2377 894 Diue
2409 856 2497 895 res
2529 842 2814 909 praecipua:
2838 849 2985 905 sunt,
3012 848 3070 895 ut
3096 839 3348 907 arbitror,
3375 857 3496 912 qua:
3524 843 3763 901 maxime

2177 932 2425 987 homines
2450 932 2502 987 in
2533 936 2760 1004 negotiis
2787 933 2973 989 smculi
3020 934 3230 989 vinctos
3265 943 3462 1002 tenent,
3497 949 3550 992 et
3572 937 3763 993 eblan-

2177 1024 2303 1080 ditis
2342 1023 2592 1079 sensibus
2643 1035 2852 1094 captos,
2910 1025 3232 1081 illecebroso
3263 1041 3446 1087 amore
3492 1032 3761 1085 constrin-

2176 1126 2309 1188 gunt
2334 1135 2346 1170 :
2378 1134 2537 1187 opum
2566 1118 2840 1187 voluptas,
2869 1128 2920 1173 et
2949 1118 3212 1173 honorum
3245 1120 3497 1190 dignitas.
3524 1122 3761 1188 Quarum

2178 1210 2348 1276 prior,
2379 1226 2487 1264 non
2518 1210 2784 1279 voluptas,
2826 1210 2922 1264 sed
2964 1224 3175 1280 egestas
3203 1229 3215 1264 :
3260 1227 3512 1283 sequens,
3550 1230 3656 1267 non
3688 1215 3765 1269 di-

2177 1304 2373 1372 gnitas,
2418 1306 2514 1360 sed
2561 1306 2768 1360 vanitas
2807 1307 3160 1375 nuncupanda
3206 1319 3310 1360 e51.
3355 1307 3477 1361 Haec
3517 1317 3761 1376 uti-aque,

2177 1394 2403 1451 alternis
2436 1397 2592 1451 nodis
2632 1398 2878 1464 irretitis,
2911 1413 3096 1467 gressu
3139 1399 3384 1466 impedit,
3424 1399 3582 1453 lallax
3616 1414 3765 1454 com-

2180 1488 2332 1556 plexa
2364 1488 2670 1557 collegium.
2704 1489 2829 1543 Haec
2854 1491 3105 1558 pestilere
3143 1492 3452 1560 pectoribus
3484 1491 3759 1557 humanis,

2180 1578 2376 1633 blanda
2404 1580 2689 1635 desideriis
2712 1584 2835 1636 vitia
2860 1584 3153 1649 insilirant;
3173 1583 3592 1653 defatigatasque
3610 1600 3759 1639 men-

472 1689 705 1744 lentibus
722 1686 1099 1757 perniciosior,
1124 1691 1323 1754 quanto
1345 1679 1738 1736 estvolcntibus
1754 1678 2072 1750 promptior.
2107 1666 2155 1728 Β
2185 1681 2266 1727 tes
2316 1676 2643 1741 mortalium,
2684 1676 2827 1730 facili
2875 1677 3211 1744 jucunditate
3247 1678 3563 1732 sollicitant.
3606 1678 3758 1745 Nam,

450 1818 454 1831 ν
539 1783 697 1837 Certe
724 1779 989 1851 cupiditas
1016 1779 1140 1832 vim
1180 1789 1261 1832 est
1294 1775 1437 1831 istud
1476 1774 1623 1845 quod
1673 1788 1772 1828 nos
1822 1772 2065 1828 delecta-

470 1876 620 1930 tione
669 1876 747 1928 rei
798 1872 1079 1944 praesentis
1121 1870 1390 1926 innexuit.
1422 1869 1568 1938 Ergo
1599 1877 1845 1923 amantes
1872 1866 2065 1931 vitam,

467 1968 750 2022 hortamur
775 1965 839 2018 ad
865 1964 1048 2018 vitam.
1081 1963 1219 2018 Vera
1243 1960 1378 2017 ratio
1404 1972 1483 2015 est
1509 1959 1891 2029 persuadendi,
1940 1974 2064 2014 cum

466 2058 521 2114 id
549 2058 815 2129 poscitur,
850 2067 907 2110 ut
938 2056 1290 2123 impetremus
1319 2070 1347 2109 a
1379 2052 1532 2107 vobis
1558 2052 1698 2122 quod
1724 2051 2068 2121 concupisci-

467 2152 557 2206 tis.
596 2155 697 2206 l‘ro
727 2152 855 2217 vita,
889 2166 1045 2219 quam
1078 2150 1321 2216 diligitis,
1348 2147 1619 2217 legatione
1650 2147 1789 2213 apud
1821 2159 1915 2201 vos
1940 2144 2064 2199 luu-

466 2246 640 2314 gimur
674 2244 737 2313 (Il
766 2243 884 2297 Cor.
915 2258 963 2304 v,
993 2242 1097 2305 20;
1138 2238 1278 2307 Eph.
1312 2254 1387 2304 γι,
1440 2238 1567 2306 20);
1616 2246 1670 2292 et
1695 2236 1856 2297 hanc,
1901 2252 2062 2305 quam

466 2354 653 2391 omnes
680 2337 924 2404 exiguam
956 2334 1147 2385 amatis
1180 2332 1537 2395 iusinuamus,
1573 2338 1631 2382 ut
1670 2330 1863 2384 ametis
1904 2337 2065 2383 a‘ter—

463 2444 611 2482 nam.
642 2428 810 2492 Quam
837 2440 943 2493 quo
979 2432 1134 2493 pacto
1167 2436 1415 2475 amemus
1447 2421 1652 2484 nescio,
1687 2422 1730 2475 si
1761 2437 1865 2475 non
1896 2420 2057 2487 hanc,

465 2533 625 2590 quam
660 2531 930 2580 amamus,
957 2530 1076 2569 esse
1108 2530 1265 2582 quam
1302 2513 1761 2582 speciosissimam
1788 2513 2056 2582 cupimus.

460 2610 646 2679 Itaque
670 2607 833 2671 istud,
865 2606 1006 2677 quod
1040 2614 1093 2660 et
1122 2620 1243 2660 cum
1276 2616 1494 2664 arctum
1516 2608 1586 2659 sit
1614 2604 1819 2675 placet;
1846 2605 2060 2671 placeat

461 2702 654 2772 magis,
689 2700 733 2756 si
766 2709 941 2770 potest
967 2713 1090 2753 esse
1122 2709 1470 2769 perpetuum;
1518 2708 1572 2753 et
1615 2697 1760 2768 quod
1790 2697 1927 2765 apud
1960 2712 2058 2753 nos

459 2795 694 2867 pretium
727 2794 909 2859 habet,
938 2807 1060 2847 eum
1095 2791 1256 2845 linem
1297 2789 1492 2844 habent
1514 2830 1529 2854 ,
1564 2788 1636 2844 sit
1692 2789 1848 2843 nobis
1893 2804 2055 2857 supra

457 2890 716 2961 pretium,
745 2889 788 2941 si
822 2895 998 2956 potest
1029 2900 1151 2940 esse
1180 2886 1298 2939 sine
1328 2883 1451 2937 line.
1479 2882 1705 2938 Rectum
1732 2882 1803 2937 sit
1828 2884 2055 2952 proinde

458 2984 723 3039 minorem
768 2981 929 3035 vitam
967 2978 1311 3049 prospexisse
1354 2976 1568 3046 majori,
1612 2984 1673 3031 ut
1719 2976 1786 3031 ad
1819 2978 2049 3031 alteram

2175 1768 2301 1837 quid
2333 1768 2449 1821 istis
2472 1771 2665 1837 Opibus
2694 1770 2778 1839 (ut
2803 1770 2868 1824 de
2892 1770 2973 1823 his
3004 1772 3236 1838 primum
3257 1770 3459 1840 dicam)
3496 1773 3759 1839 pernicio-

2171 1860 2308 1926 sius,
2341 1877 2459 1930 qute
2484 1877 2629 1926 raro,
2675 1863 2777 1917 nisi
2805 1878 2929 1916 cum
2958 1863 3165 1931 justitia
3203 1866 3614 1934 congeruntur?
3648 1866 3759 1923 'l'ali

2171 1952 2609 2009 adminismitore
2652 1970 2736 2009 res
2775 1955 2877 2009 ista
2908 1956 3139 2023 capitur,
3182 1956 3272 2009 tali
3310 1957 3530 2011 custode
3567 1973 3756 2010 serva-

2172 2056 2275 2100 tnr.
2312 2044 2484 2100 Radix
2525 2048 2677 2115 enim,
2727 2048 2915 2115 inquit.
2959 2050 3189 2103 omnium
3215 2036 3465 2102 malorum
3496 2050 3754 2119 cupiditas

2174 2140 2215 2212 (l
2248 2140 2381 2194 Tim.
2409 2156 2481 2204 vn,
2512 2140 2615 2207 ιιι).
2644 2142 2795 2196 Adeo
2815 2142 3059 2210 quaedam
3080 2144 3305 2196 societas
3327 2156 3403 2195 est
3431 2158 3563 2209 pene
3585 2146 3753 2197 etiam

2170 2236 2422 2299 nominis,
2444 2235 2652 2289 duabus
2678 2237 2758 2289 liis
2780 2239 2961 2301 rebus,
2987 2237 3127 2291 vitiis
3142 2236 3425 2291 etdivitiis.
3452 2237 3756 2308 Numquid-

2168 2340 2291 2379 nam
2322 2343 2428 2380 non
2459 2343 2590 2395 opes
2622 2329 2757 2393 istu',
2778 2334 3023 2397 quaedam
3052 2330 3272 2384 materia
3300 2330 3757 2385 contumeliarum

2164 2418 2327 2474 sunt?
2360 2420 2511 2474 Unde
2541 2420 2700 2474 etiam
2735 2420 2951 2487 quidam
2976 2429 3279 2476 nostrorqu
3311 2422 3384 2474 ait
3414 2438 3426 2472 :
3466 2422 3545 2487 Qu
3567 2420 3601 2472 ά
3624 2422 3758 2475 enim

2164 2513 2309 2566 aliud
2335 2522 2452 2565 sunt
2475 2514 2685 2573 divitiaz,
2710 2513 2807 2564 nisi
2832 2515 3046 2583 pignora
3070 2514 3596 2585 injuriw?Nutuquid
3624 2531 3752 2581 non,

2163 2606 2308 2658 velut
2339 2608 2587 2672 exposita
2619 2606 2877 2673 improbis
2902 2611 3145 2674 praemia,
3180 2606 3527 2661 factioswutn
3566 2611 3755 2664 oculos

2162 2698 2480 2765 animosque
2524 2710 2835 2767 provocant,
2882 2699 3423 2769 proscriptionesque
3453 2703 3597 2768 ipsas
3619 2718 3758 2770 quo-

2162 2788 2453 2842 daminodo
2502 2799 2795 2852 ostentant,
2855 2798 2911 2844 et
2950 2791 3214 2845 invitant?
3243 2791 3353 2846 Sed
3402 2796 3503 2857 lac,
3545 2804 3603 2847 ut
3650 2794 3758 2850 ista

2160 2895 2268 2935 non
2300 2882 2566 2948 accidant,
2603 2886 2861 2954 numquid
2899 2900 3005 2954 quo
3047 2894 3168 2951 post
3205 2902 3305 2940 nos
3336 2897 3597 2952 errantes,
3664 2887 3757 2943 {uo

2157 2976 2478 3044 gienteSque
2515 2980 2894 3048 commigrent,
2936 2983 3071 3035 certi
3109 2996 3233 3036 esse
3261 2985 3577 3050 possumus?
3606 2980 3760 3037 The-

458 3079 636 3144 nobis,
686 3075 779 3131 scd
822 3092 915 3145 per
964 3076 1125 3141 hanc,
1162 3072 1419 3127 transitus
1470 3080 1857 3126 construatur:
1891 3084 2050 3140 quam
2078 3050 2124 3112 C
2156 3070 3755 3145 saurizat,inquit,etignorat,cuicongrrgetea(Ps.xxxviii,

458 3170 641 3240 utique
673 3185 777 3223 non
804 3168 1060 3222 convenit
1090 3165 1255 3221 sociae
1284 3164 1588 3220 commodis
1619 3164 1853 3234 obliquis
1886 3166 2055 3219 inter-

457 3262 644 3317 venire
668 3261 929 3314 consiliis.
956 3259 1075 3313 Non
1108 3274 1167 3314 se
1194 3267 1457 3329 opponat,
1486 3266 1546 3313 ut
1568 3259 1732 3325 obsit,
1759 3270 1815 3313 ut
1838 3267 2049 3313 noceat.

455 3354 764 3412 Absurdutn
796 3355 992 3423 quippe
1023 3361 1184 3422 atque
1222 3352 1559 3408 contrarium
1607 3362 1689 3407 est
1722 3361 1778 3407 ut
1808 3353 1929 3408 vitae
1955 3351 2053 3407 de-

456 3448 773 3502 trimentum
796 3447 986 3499 atterat
1010 3461 1160 3498 amor
1182 3447 1325 3501 vitae.
1363 3446 1533 3515 Igitur
1569 3446 1687 3501 sive
1714 3449 1882 3501 vitam
1914 3446 2050 3501 hanc

454 3534 908 3591 contemnendam
941 3546 1117 3604 putas,
1154 3537 1265 3591 sive
1288 3538 1778 3607 complectendam,
1809 3539 1862 3593 in
1905 3546 2052 3594 utro-

454 3644 561 3700 que
587 3628 758 3683 facilis
783 3628 982 3697 negotii
1013 3642 1129 3682 mea
1152 3642 1312 3684 causa
1339 3638 1440 3685 est.
1473 3629 1629 3693 Nam,
1659 3631 1705 3684 si
1745 3633 2046 3701 spernitur,

453 3736 561 3775 una
591 3727 674 3774 est
698 3719 985 3789 spernendi
1017 3720 1176 3787 ratio,
1212 3730 1266 3787 ut
1315 3722 1503 3781 melior
1548 3731 1852 3793 appetatur.
1900 3725 1966 3780 Et
2000 3725 2049 3779 si

452 3813 720 3883 diligitur,
749 3821 897 3866 tanto
929 3813 1097 3883 magis
1130 3823 1213 3869 est
1245 3812 1538 3885 diligenda,
1580 3832 1701 3885 quze
1742 3817 1915 3884 major
1938 3824 2044 3870 est.

449 3905 563 3977 Ego
596 3914 771 3960 tamen
797 3904 1221 3961 desideraverim
1243 3916 1302 3963 ut
1347 3908 1484 3962 hanc
1513 3922 1609 3977 pro
1648 3909 2044 3976 experimentis

448 3998 538 4055 sui
569 3998 788 4063 habeas,
818 4008 874 4051 ut
905 3999 1343 4053 molestissimam
1375 4008 1538 4069 atque
1588 4000 1810 4053 incertis
1848 3999 2044 4070 fatiga-

449 4094 689 4151 tionibus
712 4093 1003 4160 inquietam
1030 4093 1211 4161 (sicuti
1240 4090 1345 4161 est)
1390 4091 1621 4160 iudices,
1664 4108 1893 4163 eamque
1916 4110 2042 4151 cum

449 4185 894 4257 occupationibus
919 4198 1143 4253 spernas
1172 4199 1236 4237 ac
1262 4198 1511 4252 respuas.

430 4268 433 4271 ’
518 4280 882 4347 Abrumpatur
915 4276 1007 4331 illa
1049 4274 1465 4332 interminabilis
1502 4277 1841 4341 saecularium
1872 4295 2041 4350 nego-

447 4368 641 4424 tiorum
667 4376 881 4432 catena,
913 4376 967 4421 et
997 4366 1089 4420 ille
1115 4366 1183 4422 de
1222 4367 1645 4429 necessitatibus
1678 4370 1867 4427 multis
1900 4387 2039 4427 unus

2159 3160 2238 3231 7).
2269 3161 2374 3215 Sed
2402 3162 2481 3216 lac
2508 3174 2564 3216 ut
2602 3164 2782 3217 veniat
2830 3164 3009 3218 haeres
3043 3180 3108 3219 ex
3142 3177 3288 3229 voto,
3332 3165 3589 3234 numquid
3636 3181 3753 3221 non

2156 3267 2304 3322 sepe
2328 3268 2547 3308 censum
2568 3256 2742 3309 haeres
2771 3256 3068 3325 intercipit,
3090 3271 3327 3325 cpesque
3346 3267 3633 3327 congestas
3656 3267 3757 3313 aut

2156 3344 2299 3399 ﬁlius
2322 3347 2464 3401 male
2486 3347 2769 3412 educatus,
2791 3359 2882 3402 aut
2900 3364 3067 3418 gener
3091 3350 3228 3403 male
3252 3352 3456 3404 electus
3480 3351 3756 3405 absumit?

2156 3439 2293 3507 Quid
2321 3441 2520 3496 divitia:
2546 3442 2663 3496 ista;
2704 3444 2757 3496 in
2803 3458 2862 3497 se
2903 3445 3199 3512 voluptatis
3237 3444 3455 3511 habent,
3507 3462 3753 3514 quarum

2155 3540 2241 3588 est
2265 3542 2321 3587 et
2351 3532 2553 3588 misera
2586 3535 2877 3601 possessio,
2902 3546 2955 3588 et.
2985 3535 3189 3590 incerta
3220 3536 3597 3590 transmissio?
3624 3536 3755 3604 Quo

2155 3625 2346 3689 devius
2376 3640 2439 3681 ac
2465 3642 2705 3695 praeceps
2741 3626 3021 3681 hominum
3055 3644 3207 3683 amor
3238 3630 3483 3698 raperis?
3505 3628 3624 3683 Scis
3653 3645 3749 3697 ea,

2152 3734 2273 3789 quae
2298 3720 2394 3775 tibi
2422 3721 2719 3775 obveniuut
2745 3721 2991 3791 diligere,
3017 3732 3071 3777 et
3100 3724 3273 3792 ipsum
3304 3731 3357 3777 te
3390 3724 3615 3793 diligere
3644 3740 3753 3780 ne-

2151 3816 2294 3868 scis?
2328 3816 2482 3869 Foris
2512 3825 2614 3883 est,
2640 3815 2781 3884 quod
2810 3830 2959 3870 amas
2986 3834 2998 3868 :
3030 3826 3179 3871 extra
3212 3828 3271 3872 te
3296 3828 3397 3883 est,
3430 3818 3573 3887 quod
3604 3832 3751 3874 con-

2149 3905 2721 3975 cupiSttis.Revertere
2744 3907 2923 3976 potius
2949 3908 3003 3962 in
3026 3916 3101 3973 te,
3128 3918 3183 3963 ut
3203 3909 3276 3963 sis
3309 3910 3401 3963 tibi
3433 3920 3487 3963 tu
3521 3909 3748 3965 charior

2149 4015 2308 4068 quam
2343 4009 2453 4054 tua.
2504 3999 2686 4066 Certe,
2745 4002 2792 4056 si
2840 4002 2909 4057 ad
2948 4014 3000 4057 te
3044 4003 3311 4073 quispiam
3362 4019 3541 4060 rerum
3589 4005 3746 4062 haud

2148 4092 2370 4163 ignarus
2400 4093 2649 4160 accedat,
2685 4095 2839 4150 malis
2887 4097 3061 4167 ipsum
3099 4106 3152 4151 te
3192 4108 3355 4164 amet,
3405 4114 3562 4169 quam
3605 4101 3743 4171 iSta,

2146 4203 2265 4257 qua:
2292 4201 2465 4243 tecum
2494 4200 2618 4244 sunt
2652 4207 2664 4241 :
2716 4190 2878 4259 idque
2909 4191 3098 4261 eliges,
3130 4201 3185 4245 ut
3210 4192 3303 4246 ille
3333 4192 3455 4247 vitae
3489 4205 3595 4247 tua:
3637 4210 3745 4263 po-

2144 4279 2276 4344 tius,
2308 4298 2467 4350 quam
2494 4282 2687 4351 opibus
2727 4283 2835 4337 tuis
2864 4284 3117 4339 allectum
3147 4298 3302 4338 suum
3340 4285 3604 4340 conlerat.
3637 4286 3743 4345 Vis

2146 4370 2288 4425 hunc
2319 4373 2518 4426 homini
2545 4373 2705 4428 lidetn
2729 4390 2970 4441 servare,
2997 4390 3102 4430 non
3126 4376 3306 4431 rebus.
3330 4378 3482 4442 Quod
3515 4379 3609 4432 tibi
3632 4382 3742 4436 tri-

446 4475 544 4529 per
574 4469 743 4515 totam
776 4461 939 4513 vitam
970 4459 1142 4514 labor.
1170 4458 1584 4532 Disrumpamus
1608 4463 1849 4519 inanium
1883 4481 2037 4522 cura—
2062 4436 2117 4497 D
2144 4465 2309 4520 buere
2348 4466 2486 4519 velis
2516 4466 2705 4533 alium,
2749 4469 2863 4537 ipse
2906 4468 3006 4524 hoc
3032 4469 3145 4538 tibi,
3188 4471 3276 4539 qui
3312 4484 3368 4524 es
3399 4468 3495 4523 tibi
3527 4470 3741 4528 ﬁdissi-

445 4570 564 4608 rum
597 4554 826 4619 vincula,
857 4568 1085 4624 quorum
1114 4554 1529 4611 succedentibus
1548 4558 1649 4614 sibi
1679 4558 1902 4614 nexibus
1928 4559 2035 4615 im-

443 4648 676 4717 plicatis,
706 4649 758 4701 in
789 4648 986 4716 quibus
1006 4661 1221 4716 semper
1252 4649 1537 4719 occupatio
1567 4659 1751 4706 nostra
1778 4654 1931 4722 quasi
1953 4653 2036 4708 in-

443 4740 590 4809 cipit.
625 4739 1028 4795 Removeantur
1053 4740 1158 4795 illa:
1187 4748 1294 4795 tam
1328 4756 1512 4799 vacutc
1544 4758 1703 4813 quam
1750 4746 2031 4803 coharen-

446 4842 527 4886 tes
567 4832 668 4887 sibi
698 4847 894 4899 causa,
942 4832 997 4887 in
1050 4833 1265 4903 quibus,
1309 4836 1487 4904 quoad
1528 4837 1747 4906 vivitur,
1791 4840 2031 4897 studium

443 4919 777 4994 mortalium,
824 4926 948 4981 dum
1000 4927 1231 4984 subinde
1267 4931 1502 5003 negotiis
1536 4932 1840 5005 inchoatur,
1874 4952 2030 4991 num-

442 5033 603 5089 quam
657 5021 857 5077 linitur.
891 5021 1124 5087 Quarum
1176 5037 1354 5083 rerum
1404 5024 1750 5095 infatigabilis
1798 5029 2028 5085 intentio

438 5112 549 5183 jam
573 5113 789 5168 brevem
811 5120 868 5168 et
888 5120 1090 5171 arctam
1122 5128 1217 5185 per
1242 5130 1299 5170 se
1321 5116 1507 5184 vitam,
1548 5118 1685 5175 hanc
1733 5122 1896 5175 etiam
1938 5136 2029 5177 ar-

439 5206 734 5261 ctissimam
763 5206 1011 5261 reddidit.
1038 5207 1140 5262 Per
1160 5224 1279 5279 quae
1304 5214 1463 5269 etiam
1496 5227 1637 5271 nunc
1654 5229 1785 5268 vana
1810 5215 2024 5283 gaudia,

439 5312 587 5354 nunc
609 5299 785 5354 acerbi
804 5314 1088 5366 marores,
1113 5316 1256 5363 nunc
1276 5303 1433 5357 anxia
1456 5313 1600 5373 vota,
1630 5321 1769 5362 nunc
1790 5309 2025 5377 suspecti

438 5402 618 5447 metus
676 5395 917 5451 veniunt.
977 5393 1313 5463 Abjiciantur
1354 5407 1629 5466 postremo
1677 5402 1767 5457 illa
1812 5405 2025 5472 omnia,

441 5497 560 5553 qua:
586 5496 907 5554 praesentem
938 5483 1077 5541 hanc
1115 5485 1279 5542 vitam
1307 5487 1511 5545 faciunt
1536 5492 1759 5550 brevem
1798 5510 2027 5566 occupa-

440 5574 596 5641 tioni,
628 5578 836 5646 IOngam
866 5578 1062 5633 dolori.
1105 5580 1466 5651 Repudiemus
1494 5589 1681 5642 mundi
1713 5605 1899 5658 parum
1933 5591 2024 5646 lidi

422 5664 607 5746 ﬁtam
630 5673 915 5745 utrobique
940 5685 1267 5744 suspectam,
1296 5679 1437 5750 apud
1468 5696 1625 5753 quam
1658 5687 1879 5751 perinde
1912 5688 2020 5744 alta

2146 4573 2285 4626 mus,
2321 4560 2517 4615 tribue.
2552 4561 2658 4615 Nos
2693 4562 2869 4630 potius
2901 4578 2999 4617 nos
3038 4579 3284 4619 amemus
3316 4579 3473 4632 quam
3510 4573 3733 4623 nostra.

2144 4653 2210 4707 Et
2237 4653 2352 4708 lucc
2375 4653 2595 4723 quidem
2626 4656 2883 4711 adversus
2905 4656 3187 4713 facultates
3217 4658 3357 4713 dicta
3382 4658 3509 4713 sint.

2212 4745 2269 4799 ln
2303 4747 2597 4802 honoribus
2626 4763 2756 4803 vero
2780 4748 2939 4819 hujus
2962 4750 3170 4814 mundi,
3206 4758 3262 4803 ut
3280 4758 3475 4805 etetcra
3500 4761 3732 4821 taceam,

2140 4853 2259 4909 quae
2306 4840 2558 4894 aestimari
2586 4840 2823 4911 dignitas
2870 4852 3048 4911 potest
3075 4857 3281 4906 rerum,
3320 4859 3443 4897 cum
3483 4844 3549 4897 ad
3588 4844 3732 4900 hanc

2141 4934 2448 5001 promiscue
2478 4949 2600 4988 cum
2634 4934 2790 4988 bonis
2827 4935 2954 4988 mali
3005 4934 3301 4989 ambitione
3334 4940 3725 5004 conscendant,

2138 5034 2320 5080 etnon
2345 5027 2502 5081 unius
2528 5026 2707 5081 meriti
2727 5028 2870 5082 viros
2892 5044 3028 5083 unus
3052 5029 3224 5082 honor
3254 5028 3475 5094 ambiat,
3505 5031 3732 5101 dignos-

2137 5131 2243 5186 que
2286 5126 2343 5172 et
2398 5118 2647 5187 indignos
2691 5134 2798 5174 non
2828 5120 2937 5188 jam
2966 5120 3243 5175 discernat
3305 5121 3572 5191 dignitas,
3624 5122 3727 5178 sed

2136 5209 2462 5265 confundat?
2490 5211 2584 5278 Ita,
2621 5227 2739 5281 qua:
2777 5213 3030 5269 meliores
3065 5213 3429 5271 deterioribus
3464 5214 3725 5283 praeferre

2134 5305 2379 5373 debebat,
2426 5322 2639 5376 arquare
2678 5309 2887 5377 coepit:
2931 5323 3183 5377 novoque
3232 5310 3392 5366 modo
3426 5309 3613 5379 optimi
3656 5324 3725 5364 ac

2132 5398 2353 5467 pessimi
2406 5398 2506 5453 viri
2552 5414 2815 5469 nusquam
2874 5399 2988 5456 fere
3042 5402 3223 5457 minus
3271 5404 3562 5458 discrimen
3610 5411 3719 5470 est,

2130 5507 2289 5562 quam
2319 5492 2371 5547 in
2406 5493 2633 5549 honore.
2664 5494 2855 5549 Nonne
2878 5495 3051 5551 honor
3075 5498 3251 5567 major
3275 5506 3380 5561 est,
3411 5495 3723 5568 hujusmodi

2130 5584 2337 5641 honore
2366 5588 2686 5643 inhonorum
2717 5604 2840 5645 esse
2877 5592 3068 5657 malle;
3097 5607 3161 5647 ac
3198 5592 3310 5647 suis
3345 5597 3517 5663 magis
3555 5589 3726 5648 mori-

2129 5679 2233 5739 bus
2274 5697 2434 5752 quam
2478 5683 2805 5754 promiscuis
2857 5685 3159 5743 honoribus
3195 5687 3489 5744 aestimari?
3542 5686 3728 5756 Atque
