4028 6184
253 213 353 273 717

925 213 1253 271 EPISTOLA
1296 210 1767 270 PARENETICA
1804 212 1895 269 AD
1932 211 2385 269 VALERIANUM
2422 213 2825 273 COGNATUM.

3407 220 3519 287 718

253 331 361 385 haec
386 327 502 397 ipsa
533 326 851 397 (utcumque
876 344 934 383 se
965 328 1187 401 habent)
1216 346 1373 401 quam
1410 331 1823 394 transvolantia,
1854 332 1907 390 Α
1932 329 2146 399 quando
2177 331 2363 386 iiniant
2397 335 2804 404 temporariam,
2839 334 2930 404 qui
2958 343 3239 393 transeunt
3273 342 3329 394 in
3355 350 3515 399 teter-

250 436 404 492 quam
427 422 623 474 caduca
646 425 810 475 sunt?
836 421 1079 477 Vidimus
1107 440 1276 492 nuper
1302 425 1445 478 viros
1474 423 1684 479 honore
1701 440 1827 479 cou-

250 515 482 584 spicuos,
514 515 785 567 celsarum
831 515 1150 584 dignitatum
1196 517 1459 572 insedisse
1493 516 1741 587 fastigiis,
1772 524 1829 571 et

249 606 439 662 diﬂttso
486 621 867 675 usquequaque
913 623 1079 663 censu
1127 624 1223 677 per
1267 609 1455 664 orbem
1500 609 1824 680 patrimonia

249 701 554 755 tetendisse.
586 700 922 767 Cupiditates
964 703 1315 756 successibus
1356 702 1618 767 vicerant,
1664 702 1825 755 rebus

247 804 361 849 vota
391 793 862 849 transcenderant.
900 794 1005 849 Sed
1049 795 1281 863 privatas
1305 804 1509 849 tantum
1540 793 1824 848 felicitates

244 888 478 942 revolvo.
514 886 685 956 Reges
714 887 816 954 ipsi
845 902 1039 957 magno
1068 888 1337 943 sublimes
1375 888 1630 955 imperio,
1668 901 1820 954 gem-

243 980 448 1049 misque
507 978 773 1033 fulserunt
820 977 1012 1033 horum
1062 981 1327 1048 tegmina;
1398 980 1590 1033 mirum
1648 978 1819 1043 dictu,

244 1073 402 1126 textis
431 1070 758 1125 irradiahant
796 1071 1047 1136 metallis,
1080 1070 1328 1125 diadema
1371 1068 1545 1143 [Fort.
1596 1069 1824 1123 irradia-

241 1162 331 1219 bat
356 1164 587 1217 metallis
608 1160 875 1235 diadema]
907 1163 1178 1217 distinctis
1208 1162 1628 1216 intermicabant
1665 1160 1824 1215 arbo-

241 1255 389 1310 ribus
420 1252 590 1327 [Forl.
618 1256 808 1311 domus
834 1252 1168 1325 arboribus],
1198 1253 1522 1323 splendebat
1560 1254 1820 1307 instructa

240 1348 494 1418 palatinis
517 1349 637 1403 aula
659 1348 915 1413 cultibus,
951 1346 1259 1414 auratisque
1282 1344 1519 1398 trabibus
1554 1352 1690 1398 tecta
1734 1360 1823 1398 ru-

239 1442 724 1497 tilabant:eorutn
776 1440 1085 1494 voluntates
1130 1438 1248 1506 jura
1290 1437 1586 1499 hominum,
1632 1449 1820 1490 eorum

238 1534 399 1588 verba
434 1534 580 1602 leges
609 1531 1039 1602 appellabantur.
1064 1530 1192 1596 Quis
1219 1544 1380 1597 supra
1404 1527 1676 1580 hominum
1702 1541 1821 1581 ver-

241 1624 403 1680 ticem
442 1634 623 1693 potest
665 1614 990 1690 temporaria
1033 1619 1288 1675 felicitate
1317 1618 1651 1688 confugere?
1682 1618 1823 1672 Ecce

1931 437 2076 475 nam.

2000 513 2079 567 Ad
2110 514 2490 585 negligentiam
2520 518 2665 583 vitae,
2692 533 2798 572 non
2829 532 2925 572 nos
2949 519 3330 592 negligentium
3355 523 3508 581 turba

1926 606 2267 674 persuadeat,
2304 622 2401 661 nec
2434 607 2498 661 ad
2528 608 2781 662 damnum
2810 613 3040 679 propria:
3073 614 3283 678 salutis,
3315 613 3508 670 alienis

1926 698 2190 753 ducamur
2225 701 2519 755 erroribus.
2549 701 2685 769 Quid
2738 704 2892 759 nobis
2939 706 2990 760 itt
3034 707 3126 760 illo
3160 708 3251 761 Dei
3300 709 3508 777 judicio

1926 790 2168 860 proderit
2192 791 2506 859 multitudo;
2531 794 2620 847 ubi
2645 795 2835 863 singuli
2855 796 3257 867 judicahuntur,
3284 800 3370 853 uhi
3396 802 3506 855 sola

1926 883 2251 937 examinatio
2278 886 2608 951 meritorum,
2644 894 2795 939 actus
2818 902 3105 958 quemque,
3137 904 3241 943 n0u
3277 891 3507 960 populus

1923 975 2244 1030 absolvent?
2272 976 2518 1045 Cessent,
2541 988 2753 1031 cessent
2776 979 2963 1034 solatia
2983 982 3286 1035 malesuada
3318 982 3507 1036 discri-

1926 1067 2106 1121 minis.
2136 1066 2395 1122 Nimirum
2429 1077 2648 1136 przestat
2674 1070 2835 1123 vitam
2869 1084 3191 1141 propagasse
3223 1088 3344 1127 cum
3378 1088 3505 1141 pau-

1923 1161 2158 1216 cioribus
2183 1178 2340 1232 quam
2372 1162 2671 1230 perdidisse
2699 1177 2820 1217 cum
2856 1165 3114 1233 pluribus.
3148 1166 3320 1234 Atque
3344 1167 3500 1234 adeo,

1922 1266 2032 1306 non
2064 1267 2162 1305 nos
2192 1254 2256 1306 ad
2304 1254 2566 1308 incuriam
2602 1265 2963 1324 peccatorum,
3012 1256 3121 1311 sola
3168 1259 3501 1325 peccantium

1924 1343 2284 1397 numerositas
2328 1343 2629 1412 pertrahat,
2679 1360 2855 1414 neque
2895 1348 3015 1410 hoc,
3076 1347 3216 1413 quod
3267 1348 3367 1403 sibi
3411 1347 3504 1403 alii

1922 1447 2109 1502 parum
2134 1436 2444 1502 consulunt,
2465 1436 2712 1506 quaedam
2734 1438 2888 1493 nobis
2902 1438 3167 1493 efﬁciatur
3190 1442 3499 1497 auctoritas.

1923 1528 2165 1585 Obsecro
2194 1538 2266 1597 te,
2301 1530 2553 1586 delictum
2576 1533 2810 1587 alienum
2834 1548 3050 1601 semper
3072 1545 3129 1587 ut
3156 1535 3503 1603 opprobrium

1922 1624 2151 1691 respice,
2186 1639 2478 1694 numquam
2503 1633 2560 1678 ut
2589 1626 2911 1692 exemplum.
2947 1625 3102 1693 Quod
3135 1626 3179 1679 si
3213 1626 3343 1681 libet
3371 1640 3501 1681 ocu-

235 1731 426 1773 eorutn
459 1716 547 1770 ille
577 1716 806 1770 ambitus
835 1728 1091 1783 nusquam
1115 1723 1218 1777 est,
1243 1710 1665 1766 aiﬂuentissimze
1688 1725 1820 1781 quo-
1851 1714 1899 1775 B
1926 1714 2009 1769 los
2035 1716 2100 1770 ad
2130 1717 2369 1785 exempla
2398 1717 2665 1782 conierre,
2693 1719 2745 1771 in
2769 1717 2913 1771 illam
2944 1720 3121 1788 potius
3145 1720 3359 1774 intende
3381 1734 3503 1790 par-

234 1825 344 1881 que
374 1824 508 1877 opes
538 1809 807 1873 abierunt,
842 1807 1174 1862 transierunt
1211 1805 1315 1877 ipsi
1348 1814 1616 1860 tantarum
1659 1819 1820 1874 opum

236 1902 448 1959 domini
472 1899 611 1973 (Job.
640 1916 750 1963 xrv.
788 1899 917 1971 Sap.
948 1898 1025 1970 ν).

308 1995 625 2050 Recentium
650 1994 1083 2062 inclytorumque
1110 2007 1405 2063 regnorum
1429 1992 1568 2061 apud
1593 2007 1691 2046 nos
1707 1992 1820 2061 jam

233 2089 481 2158 quaedam
504 2088 677 2143 fabula
701 2099 806 2145 cst.
829 2088 1016 2142 Omnia
1044 2087 1156 2153 illa,
1181 2101 1303 2156 quae
1329 2085 1419 2141 hic
1436 2095 1591 2141 erant
1609 2100 1819 2155 magna,

235 2186 398 2238 modo
422 2182 530 2251 jam
564 2184 704 2236 nulla
735 2191 878 2236 sunt.
906 2182 1066 2243 Nihil,
1096 2188 1156 2234 ttt
1186 2188 1337 2249 puto,
1377 2180 1565 2247 immo,
1590 2189 1647 2232 ut
1672 2188 1823 2232 certo

234 2278 371 2340 scio,
396 2292 460 2332 ex
486 2277 590 2329 illis
610 2276 823 2345 opibus,
853 2275 1166 2338 honoribus,
1196 2273 1396 2343 regnis,
1426 2287 1609 2327 secum
1640 2272 1822 2325 abstu~

236 2378 441 2429 lerunt.
472 2370 573 2422 nisi
610 2373 673 2437 (si
704 2370 881 2435 quain
914 2369 997 2423 his
1025 2367 1163 2439 fuit)
1194 2366 1316 2423 fidei
1346 2366 1668 2435 pietatisque
1697 2363 1823 2419 sub-

228 2460 515 2515 stantiam.
544 2459 669 2514 Sola
701 2458 817 2512 haec
844 2458 988 2524 illos,
1018 2470 1342 2512 caeterarum
1375 2471 1556 2511 rerum
1598 2470 1819 2525 egenos,

231 2552 355 2607 sola
424 2552 765 2620 prosi-quitur
805 2569 816 2603 :
862 2550 981 2604 haec
1037 2551 1294 2605 abeuntes
1345 2548 1721 2617 inseparabilis
1770 2556 1825 2603 et

231 2644 393 2715 quasi
428 2643 529 2698 lida
569 2646 877 2698 comitatur.
918 2644 1011 2699 illa
1041 2660 1183 2699 nunc
1216 2660 1317 2713 ope
1350 2643 1588 2707 aluntur,
1634 2644 1685 2696 in
1720 2642 1820 2694 illis

233 2752 385 2792 nunc
414 2736 636 2800 divitiis,
673 2738 722 2791 in
754 2737 861 2790 illis
892 2746 1092 2790 tantum
1127 2737 1421 2791 honoribus
1451 2735 1818 2805 acquiescunt.

236 2830 368 2885 Haec
396 2830 533 2884 bona
565 2845 706 2884 nunc
738 2836 787 2884 in
823 2831 1099 2886 beneiiciis
1130 2831 1351 2885 habent.
1387 2830 1745 2898 QttaprOpter,
1776 2830 1820 2883 si

235 2919 536 2975 honoribus
578 2921 876 2991 opibusque
915 2924 1190 2991 capimur,
1235 2924 1378 2975 veris
1416 2922 1633 2989 opibus,
1680 2921 1822 2973 veris

232 3013 536 3069 honoribus
568 3015 886 3068 excitemur.
928 3015 1174 3083 Optimus
1210 3013 1441 3081 quisque
1472 3014 1524 3065 in
1566 3012 1821 3067 cmlcstes

1925 1816 2033 1862 tem
2062 1809 2316 1877 qua,licet
2336 1811 2616 1876 pauciores
2645 1810 2775 1874 sint,
2796 1822 2973 1864 tamen
3004 1823 3127 1865 sunt
3159 1814 3209 1866 in
3233 1827 3325 1867 sua
3351 1821 3504 1882 parte

1923 1898 2155 1966 copiosi,
2185 1898 2359 1963 Illam,
2388 1899 2629 1968 inquam,
2654 1902 2887 1969 respice,
2912 1901 2964 1954 in
2987 1917 3090 1972 qua
3122 1912 3267 1969 sunt,
3296 1905 3387 1974 qui
3420 1920 3504 1959 sa-

1925 1989 2132 2058 pienter
2159 1990 2480 2058 intelligunt,
2524 2004 2854 2060 quapropter
2881 1994 2991 2047 nati
3031 1994 3172 2048 sint?
3213 2004 3269 2049 et
3295 1996 3498 2066 utique,

1924 2080 2048 2134 dum
2079 2080 2142 2133 ad
2172 2078 2303 2151 [Pro
2333 2080 2531 2153 quoad]
2559 2082 2764 2146 vivunt,
2793 2086 2917 2138 vita:
2939 2099 3049 2139 sua:
3078 2101 3294 2141 causam
3317 2096 3499 2158 agunt.

1924 2171 2024 2240 Qui
2058 2173 2169 2226 utili
2198 2187 2363 2243 opere
2392 2174 2647 2242 insignes,
2681 2186 2839 2244 atque
2876 2177 3088 2247 egregia
3130 2177 3330 2232 virtute
3366 2194 3504 2247 pra:-

1924 2272 2148 2329 stantes,
2184 2276 2503 2333 praesentem
2533 2265 2692 2319 vitam
2719 2268 2993 2334 excolunt,
3025 2267 3253 2321 futuram
3291 2277 3500 2323 serunt.

1923 2353 2037 2410 Nec
2092 2356 2267 2410 solum
2320 2358 2536 2425 copiosa
2593 2357 2782 2412 horum
2829 2360 3094 2428 exempla,
3144 2361 3505 2415 verumetiam

1926 2462 2121 2516 magna
2162 2464 2264 2501 non
2297 2448 2513 2503 desunt.
2546 2449 2678 2503 Nam
2726 2465 2846 2519 qua:
2873 2452 3057 2505 muttdi
3104 2451 3382 2517 nobilitas,
3415 2453 3506 2520 qui

1926 2538 2181 2603 honores,
2211 2555 2330 2610 quae
2351 2540 2605 2610 dignitas,
2628 2556 2748 2611 quae
2778 2542 3062 2611 sapientia,
3086 2558 3203 2611 quae
3231 2542 3504 2609 facundia,

1925 2648 2045 2702 qum
2078 2633 2271 2687 littera:
2302 2650 2405 2686 non
2430 2648 2488 2686 se
2513 2633 2621 2700 jam
2653 2634 2719 2687 ad
2750 2633 2886 2687 hanc
2911 2637 3147 2689 caelestis
3182 2637 3329 2705 regni
3364 2636 3507 2689 mili-

1925 2726 2054 2780 tiam
2087 2727 2428 2781 contulerunt
2456 2725 2671 2795 (Matth.
2704 2742 2788 2791 XI,
2822 2727 2955 2797 30)?
2990 2727 3121 2793 Quae
3180 2726 3505 2793 sublimitas,

1926 2834 2033 2873 non
2069 2820 2178 2888 jam
2212 2835 2269 2874 se
2311 2822 2376 2873 ad
2408 2820 2548 2873 istud
2574 2821 2692 2874 leve
2719 2822 2937 2874 caeleste
2961 2820 3165 2889 jngum,
3199 2833 3317 2872 cum
3352 2819 3505 2873 dedi-

1929 2913 2075 2967 tione
2098 2915 2396 2966 submittit?
2424 2915 2488 2967 Et
2511 2930 2639 2967 sane
2660 2929 2825 2981 supra
2847 2930 3057 2967 omnem
3082 2930 3319 2969 errorem
3347 2923 3508 2983 atque

1928 3005 2285 3072 ignorantiam
2316 3015 2416 3068 est,
2448 3006 2787 3059 dissimulare
2824 3021 3089 3075 quemque
3122 3007 3392 3075 negmium
3420 3024 3505 3062 sa-

228 3102 496 3168 honores,
527 3104 581 3157 in
608 3106 861 3159 caelestes
889 3120 1041 3172 opes,
1077 3116 1322 3157 terrenos
1354 3104 1612 3165 honores,
1650 3112 1817 3154 terre-
1850 3085 1896 3149 C
1929 3100 2055 3153 Iutis
2085 3115 2217 3151 suat.
2244 3101 2463 3153 Possem
2498 3100 2680 3166 etiam,
2717 3101 2818 3154 nisi
2849 3102 3063 3169 longum
3107 3111 3273 3173 esset,
3306 3103 3506 3160 multos

227 3209 333 3252 nas
364 3209 495 3263 opes
524 3196 803 3249 transfert:
833 3196 959 3247 illuc
986 3196 1186 3261 utique,
1216 3192 1307 3246 ubi
1329 3194 1593 3248 bonorum
1624 3207 1686 3246 ac
1709 3208 1819 3245 ma-

227 3286 412 3342 lorum
441 3300 649 3339 summa
694 3296 747 3341 et
781 3284 1059 3339 inconfusa
1092 3285 1346 3339 discretio
1376 3296 1492 3341 est:
1529 3285 1638 3351 ubi,
1675 3284 1819 3355 quod

226 3377 409 3435 semei
444 3376 814 3445 adipiscimur,
861 3392 1074 3445 semper
1118 3385 1396 3432 tenemus:
1437 3377 1523 3432 ubi
1580 3378 1624 3432 si
1667 3378 1821 3433 locus

227 3470 519 3529 obtinendi
550 3471 687 3527 ullus
716 3471 897 3533 fuerit,
922 3471 1201 3526 amittendi
1231 3472 1410 3525 nullus
1440 3472 1563 3527 erit.

303 3562 415 3620 Sed
438 3563 673 3634 quando,
705 3564 772 3619 de
800 3564 969 3633 fragili
994 3564 1365 3633 temporalium
1396 3566 1658 3618 honorum
1690 3579 1817 3632 pos-

227 3657 483 3713 sessione
511 3657 763 3724 diximus,
797 3656 997 3724 aliquid
1021 3656 1181 3710 etiam
1212 3656 1371 3710 nobis
1396 3656 1465 3711 de
1497 3655 1668 3725 ipsius
1698 3656 1820 3711 bre-

225 3750 315 3806 vis
345 3752 469 3803 vitae
491 3751 799 3805 conditione
830 3749 1117 3803 dicendum
1149 3758 1249 3802 est.
1275 3750 1412 3815 Quid
1445 3750 1585 3803 istud
1610 3764 1819 3820 quaeso,

224 3839 364 3911 quid
391 3839 532 3893 istud
559 3840 685 3893 est?
716 3840 858 3895 Nihil
898 3843 964 3894 ita
998 3840 1235 3910 quotidie
1261 3840 1527 3907 homines,
1575 3850 1633 3896 ut
1676 3856 1821 3896 mor-

226 3941 343 3987 tem
376 3931 595 3985 vident:
626 3932 758 3985 nihil
792 3935 860 3987 ita
890 3932 1301 3999 obliviscuntur,
1326 3943 1383 3987 ut
1406 3942 1655 3988 mortem.
1690 3936 1818 4003 Λεία

226 4033 320 4081 tur
371 4024 665 4079 humanum
695 4042 868 4096 genus
906 4028 1093 4096 rapida
1139 4029 1190 4081 in
1229 4042 1424 4081 occasu
1466 4028 1819 4095 mortalitate,

227 4119 521 4189 omnisque
562 4121 848 4189 posteritas
894 4122 1298 4176 succedentium
1342 4124 1661 4177 saeculorum
1702 4124 1821 4193 lege

225 4210 495 4268 decurrit.
528 4213 718 4269 Patres
747 4216 916 4270 nostri
948 4217 1348 4285 praeterierunt,
1397 4232 1497 4271 nos
1528 4218 1816 4283 abibimus,

225 4308 442 4378 posteri
492 4318 821 4378 sequentur:
868 4310 1015 4364 velut
1054 4326 1121 4365 ex
1164 4311 1272 4363 alto
1318 4312 1582 4365 undarum
1619 4313 1815 4380 jactus,

225 4400 356 4454 aliis
386 4410 546 4469 atque
576 4402 698 4455 aliis
724 4402 1251 4471 supervenientibus,
1272 4404 1323 4455 in
1346 4404 1541 4456 littoris
1572 4414 1815 4457 extrema

1927 3208 1991 3247 ex
2025 3192 2323 3246 innumeris
2352 3193 2670 3246 nominatim
2707 3204 2967 3259 retexere,
3003 3195 3184 3264 quanti
3218 3198 3268 3250 in
3308 3198 3507 3253 saeculo

1924 3284 2206 3339 illustrium
2234 3288 2472 3339 virorum
2508 3286 2643 3342 hanc
2681 3288 2969 3343 arctiorem
3002 3288 3168 3343 divini
3206 3291 3381 3345 cultus
3410 3292 3508 3347 ob-

1923 3380 2274 3448 servantiam,
2310 3380 2581 3449 vitamque
2624 3380 2815 3435 sectati
2859 3392 3268 3453 suntzquorum
3323 3394 3503 3439 tamen

1922 3471 2191 3539 exempla,
2224 3487 2291 3527 ne
2320 3482 2509 3527 cuncta
2540 3474 2754 3542 penitus
2791 3474 3055 3542 omittam,
3098 3480 3294 3530 cursim
3335 3490 3504 3547 pauca

1923 3564 2256 3619 subuectant.

1995 3654 2245 3711 Clemens
2272 3666 2485 3712 vetusta
2518 3662 2763 3728 prosapia
2796 3670 3128 3729 senatorum,
3163 3672 3323 3733 atque
3344 3666 3504 3720 etiam

1924 3762 1991 3801 ex
2012 3750 2177 3817 stirpe
2208 3749 2503 3816 Caesarum,
2534 3752 2679 3805 omni
2712 3751 2935 3806 scientia
2958 3755 3211 3822 refertus,
3237 3756 3507 3811 omnium-

1924 3854 2028 3909 que
2068 3840 2367 3895 liberalium
2407 3842 2603 3897 artium
2636 3843 3017 3912 peritissimus,
3052 3846 3118 3898 ad
3168 3846 3305 3899 hanc
3331 3848 3506 3915 justo-

1925 3948 2042 3987 rum
2077 3934 2217 3987 viam
2260 3935 2499 4001 transiit;
2552 3936 2732 4005 itaque
2756 3936 2918 3989 etiam
2966 3937 3019 3989 in
3066 3949 3131 3990 ea
3179 3939 3506 3995 excellenter

1924 4023 2181 4093 efﬂoruit,
2213 4035 2270 4080 ttt
2298 4028 2527 4097 principi
2553 4043 2767 4098 quoque
2815 4028 3180 4099 apostolorum
3222 4044 3505 4088 successor

1924 4125 2209 4178 exstiterit.
2244 4123 2533 4193 Gregorius
2570 4140 2601 4179 e
2645 4124 2815 4180 Ponto
2843 4126 3125 4191 sacerdos,
3165 4125 3505 4197 philosophia

1923 4219 2130 4289 primus
2166 4219 2305 4287 apud
2351 4219 2606 4274 mundum
2644 4229 2699 4275 et
2727 4220 3033 4290 eloquentia
3078 4230 3366 4288 prmstatts;
3408 4221 3503 4275 sed

1925 4322 2109 4379 postea
2156 4313 2330 4379 major
2380 4313 2826 4381 prtestantiorque
2879 4314 3195 4379 virtutibus,
3254 4313 3389 4367 adeo
3448 4326 3507 4369 ut

1924 4403 2098 4475 (sicut
2130 4404 2194 4457 de
2232 4405 2333 4457 hoc
2364 4405 2607 4457 historia:
2652 4412 2850 4456 nostrae
2893 4402 3026 4456 fides
3066 4403 3329 4474 loquitur)
3367 4405 3507 4460 inter

223 4491 584 4562 franguntur;
616 4495 686 4547 ita
723 4496 775 4548 in
822 4499 1113 4550 terminum
1162 4497 1353 4549 mortis
1392 4496 1664 4551 succidua:
1698 4496 1819 4549 alli-
1846 4470 1903 4531 D
1928 4498 2133 4562 reliqua
2164 4496 2552 4548 admirabilium
2581 4496 2729 4563 signa
2758 4494 3095 4561 meritorum,
3133 4496 3380 4563 precibus
3408 4496 3506 4551 hu-

224 4584 438 4640 duntur
465 4597 671 4641 aetates.
708 4587 833 4640 llaec
861 4603 958 4641 nos
1003 4588 1369 4642 consideratio
1414 4589 1603 4642 diebus
1633 4604 1696 4642 ac
1725 4604 1820 4643 no-

221 4679 434 4742 ctibus,
468 4680 585 4731 haec
608 4692 705 4731 nos
726 4678 1049 4732 conditionis
1074 4688 1273 4733 nostra:
1296 4682 1553 4733 memoria
1583 4680 1821 4734 circum-

221 4779 464 4837 strepat.
495 4770 742 4824 Debitum
772 4771 897 4825 vitm
931 4772 1089 4825 linem
1134 4773 1244 4843 jam
1272 4773 1494 4842 jamque
1525 4774 1818 4827 affuturum

216 4873 523 4935 putemus;
571 4862 662 4931 qui
710 4862 867 4916 nobis
922 4872 1070 4916 tanto
1132 4864 1301 4934 magis
1346 4865 1818 4933 apprcpinquabit,

219 4967 439 5029 quanto
466 4956 632 5027 magis
652 4956 880 5011 distulit.
919 4957 1163 5012 Vicinum
1194 4973 1476 5026 speremus
1507 4956 1679 5022 diem,
1704 4958 1821 5012 lon-

219 5052 490 5120 ginquum
539 5064 662 5104 esse
699 5052 989 5105 nescimus.
1028 5050 1407 5119 Prwparemus,
1455 5059 1514 5104 ut
1560 5050 1819 5117 scriptum

224 5152 332 5207 est,
368 5142 438 5193 ad
466 5143 658 5196 exitum
699 5143 806 5196 vias
854 5153 1054 5197 nostras
1088 5142 1249 5213 (Mal.
1282 5158 1362 5211 ut,
1406 5143 1483 5213 i).
1525 5141 1582 5198 Si
1622 5142 1823 5211 cogita-

225 5251 351 5292 mus
396 5238 520 5302 ista,
565 5238 609 5292 si
649 5238 748 5292 ista
794 5238 1139 5305 meditemur,
1177 5254 1284 5294 non
1321 5239 1634 5294 timebimus
1675 5253 1823 5293 mor-

225 5338 363 5395 tem,
390 5330 648 5385 timendo.
679 5328 850 5397 Beati,
880 5333 969 5402 qui
996 5348 1093 5386 vos
1111 5334 1218 5401 jam
1242 5330 1635 5387 recottciliastis
1662 5328 1788 5383 Cltri
1806 5359 1820 5371 -

226 5429 339 5479 sto.
374 5420 489 5475 Non
524 5438 745 5492 magnus
770 5425 963 5479 mortis
986 5426 1122 5480 istos
1152 5426 1309 5479 timor
1334 5424 1573 5489 infestat,
1601 5424 1690 5493 qui
1710 5423 1821 5493 jam

236 5511 459 5571 dissolvi
492 5525 686 5586 aptant,
737 5526 786 5570 et
832 5536 937 5572 esse
983 5536 1101 5573 cum
1126 5516 1331 5571 Christo
1384 5516 1579 5588 (Pltil.,
1615 5516 1692 5583 I);
1730 5519 1821 5584 qui

227 5620 505 5666 lummum
536 5609 660 5664 vitae
700 5612 853 5666 istius
883 5612 1046 5675 diem,
1076 5611 1188 5679 jam
1234 5611 1426 5679 parati,
1477 5611 1585 5680 jam
1632 5609 1826 5679 quieti,

217 5701 297 5780 (in
335 5695 562 5761 silentio
603 5712 942 5773 exspectant.
985 5702 1107 5761 Non
1157 5701 1307 5762 enim
1353 5701 1591 5761 multum
1635 5701 1833 5773 refert,

220 5826 244 5849 ἱ

1919 4589 2008 4657 jus
2034 4600 2193 4656 atque
2221 4588 2554 4641 orationibus
2578 4601 2730 4639 mons
2760 4587 3027 4640 referatur
3059 4589 3382 4653 secessisse,
3423 4590 3502 4643 la-

1924 4694 2018 4733 cus
2046 4680 2343 4732 exaruisse.
2375 4678 2527 4731 Alius
2550 4677 2674 4730 item
2699 4688 2935 4743 sanctus,
2960 4686 3119 4746 atque
3141 4678 3383 4747 ejusdem
3408 4695 3505 4735 no-

1925 4775 2084 4828 minis
2115 4773 2431 4842 Gregorius,
2460 4790 2612 4844 acque
2646 4774 2841 4828 litteris
2872 4789 2934 4827 ac
2966 4774 3321 4845 philosophia:
3354 4777 3508 4831 dedi-

1927 4879 2033 4939 tus,
2067 4870 2342 4924 ccclestem
2378 4868 2514 4924 hanc
2545 4869 2944 4939 philosophiam
2980 4871 3307 4937 concupivit.
3341 4870 3504 4938 Cujus

1927 4960 2113 5024 etiam,
2143 4958 2283 5026 quod
2317 4959 2379 5011 ad
2413 4975 2525 5012 rem
2560 4959 2810 5027 pertinet,
2860 4973 3197 5027 nequaquam
3237 4958 3505 5016 silendum

1929 5053 2167 5118 videtur;
2203 5052 2341 5122 quod
2371 5051 2624 5107 Basiliuut
2657 5052 2848 5106 studiis
2878 5054 3023 5120 prius
3055 5054 3407 5109 saecularibus
3430 5054 3508 5109 [τις

1926 5145 2193 5201 miliarem
2229 5144 2351 5209 sibi,
2403 5153 2456 5198 et
2495 5144 2794 5199 rhetorices
2843 5143 3017 5198 adhuc
3058 5144 3380 5213 professioni
3418 5158 3485 5199 va

1926 5248 2163 5304 cantem,
2197 5237 2520 5291 auditorium
2544 5237 2663 5306 ejus
2694 5238 2989 5307 ingressus,
3023 5252 3183 5291 manu
3224 5237 3364 5291 hunc
3412 5251 3512 5305 ap~

1929 5332 2254 5403 prehensum
2286 5330 2470 5385 schola
2501 5330 2745 5395 abduxit,
2776 5329 2995 5383 dicens:
3032 5328 3224 5382 Omitte
3251 5329 3348 5381 ista
3374 5336 3421 5382 et
3444 5327 3513 5381 da

1926 5423 2083 5477 saluti
2102 5437 2329 5491 operam.
2364 5422 2429 5475 Et
2456 5430 2641 5491 postea
2673 5431 2899 5491 uterque
2930 5420 3292 5475 memorabilis
3330 5434 3513 5474 sacer-

1928 5516 2027 5570 dos
2052 5514 2266 5581 reliquit
2305 5513 2491 5581 utique
2531 5514 2585 5566 in
2617 5512 2871 5567 Ecclesia:
2897 5521 3093 5565 nostra:
3122 5510 3271 5566 libris
3306 5510 3513 5581 ingenii

1926 5609 2007 5664 sui
2033 5607 2290 5678 praeclara
2336 5606 2691 5659 monimenta.
2712 5604 2976 5660 Paulinus
3005 5618 3240 5675 quoque,
3275 5602 3518 5657 Nolanus

1928 5702 2239 5773 episcopus,
2268 5698 2545 5771 peculiare
2571 5707 2623 5755 et
2640 5697 2857 5757 beatum
2881 5695 3076 5758 Galliae
3105 5706 3308 5756 nostrae
3326 5706 3531 5753 exemi»
