4028 6184
469 213 574 277 719
1468 204 1528 259 S.
1571 197 1899 258 EUCllERll
1941 193 2241 253 EPISCOPI
2284 190 2763 251 LUGDUNENSIS
3660 193 3779 250 720

470 340 641 410 plum,
676 328 875 400 ingenti
906 321 1177 394 quondam
1222 320 1536 376 divitiarum
1579 330 1745 371 censu
1798 312 2073 367 uberrimo
2098 313 2151 370 Α
2180 310 2416 361 trahunt.
2460 307 2541 363 llli
2570 306 2784 377 quidem
2816 304 3018 410 allectu
3064 304 3285 410 absunt,
3458 303 3554 363 ille
3598 306 3779 365 domi.

466 422 787 493 eloquentia:
820 418 1005 481 fonte;
1039 417 1109 469 ita
1142 415 1195 467 in
1222 412 1547 466 sententiam
1593 417 1833 461 nostram
1864 418 2061 473 propo-

466 518 740 583 situmque
792 510 1059 579 migravit,
1116 516 1174 559 ut
1235 505 1401 560 etiam
1474 513 1700 557 cunctas
1764 496 2061 552 admodum

466 610 653 667 mundi
684 616 863 676 partes
891 601 1108 672 eloquio
1133 599 1495 668 operibusque
1534 593 1879 663 resperserit.
1912 589 2064 643 llila-

467 705 583 758 rius
629 715 821 769 nuper,
865 708 919 751 et
968 699 1017 750 in
1063 695 1212 749 Italia
1272 708 1416 747 nunc
1463 691 1692 743 antistes
1749 684 2065 748 Petronius,

468 796 628 851 ambo
658 810 722 848 ex
756 793 845 846 illa
867 789 1200 861 plenissima,
1227 796 1284 840 ut
1314 788 1486 849 aiunt,
1513 782 1799 837 mundana:
1832 787 2069 849 potesta-

472 892 539 947 tis
566 891 714 954 sede,
745 902 883 942 unus
910 885 959 939 in
988 882 1286 953 religionis,
1309 881 1445 934 alios
1468 877 1522 932 in
1546 876 1837 932 sacerdotii
1871 885 2071 925 nomen

469 982 738 1040 ascendit.
783 980 846 1033 Et
891 974 1105 1047 quando
1146 972 1479 1027 clarissimos
1520 967 1789 1030 facundia,
1840 964 2073 1018 Firmia-

473 1093 625 1140 num,
658 1072 960 1135 Miuutium,
992 1066 1361 1139 Cyprianum,
1408 1062 1667 1117 llilarium
1711 1059 1841 1131 [Pro
1874 1056 2077 1111 llilario

470 1170 821 1243 reponendum
845 1166 1050 1219 Erasm.
1080 1172 1249 1217 censet
1281 1155 1592 1229 Evagrium]
1621 1156 1882 1210 Joannem
1913 1152 2079 1225 [Sane

479 1258 977 1337 Chrysostomum],
1013 1255 1387 1318 Ambrosium,
1420 1269 1485 1307 ex
1532 1252 1626 1305 illo
1662 1249 1933 1302 volumine
1976 1262 2078 1298 nu-

480 1335 813 1415 merositatis
836 1350 1121 1409 evolvam?
1141 1348 1420 1411 Dixeram,
1442 1344 1628 1407 credo,
1646 1354 1699 1396 et
1723 1342 1773 1393 hi
1798 1341 1921 1405 sibi,
1941 1335 2082 1406 quod

480 1453 699 1523 quidam
735 1456 981 1502 nostrum
1012 1445 1109 1509 ait,
1144 1457 1266 1497 cum
1298 1456 1358 1494 sc
1402 1456 1429 1491 a
1463 1438 1665 1492 smculo
1699 1436 1752 1488 in
1786 1434 1925 1486 hanc
1957 1431 2084 1485 bea—

476 1545 675 1599 tiorem
717 1542 915 1602 vitam,
965 1540 1067 1591 hoc
1114 1535 1257 1589 velut
1288 1532 1509 1586 stimulo
1553 1529 1893 1583 concitaret:
1927 1525 2083 1577 dixe-

490 1647 633 1701 rant,
667 1633 852 1697 credo,
878 1628 1018 1695 Quid
1051 1627 1153 1681 hoc
1181 1628 1295 1679 est?
1327 1624 1561 1693 Surgunt
1592 1618 1808 1681 indocti,
1837 1628 1881 1668 et
1905 1615 2086 1667 (telum

2170 414 2300 458 natu
2338 403 2529 456 adest:
2574 402 2649 456 lta
2692 401 2832 470 quod
2874 400 3235 469 improvidum
3278 409 3333 453 et
3374 401 3778 457 inconsultissi-

2172 513 2317 552 mum
2347 505 2450 562 est,
2480 504 2730 550 errantes
2756 495 2943 561 clausi,
2974 496 3160 548 vivunt
3191 504 3343 547 extra
3375 497 3776 551 consideratio-

2173 608 2295 645 nem
2325 590 2557 654 Domiui,
2582 600 2634 644 et
2656 590 2795 643 intra
2833 599 3175 658 potestatem.
3212 588 3279 642 Et
3308 590 3355 642 si
3399 591 3777 662 unusquisque

2172 683 2242 738 de
2273 682 2397 751 fuga
2430 682 2684 735 famulum
2719 680 2914 735 minaci
2943 680 3195 749 indagine
3233 691 3493 746 sectatur,
3538 699 3777 754 eumque

2174 775 2539 829 declinantem
2567 790 2624 829 se
2647 774 2788 844 juris
2810 774 2893 827 sui
2918 784 3158 827 assertor
3182 774 3508 844 insequitur;
3544 792 3643 829 cur
3666 793 3780 832 non

2177 869 2243 923 de
2274 870 2565 937 semetipso
2594 867 2809 923 caelesti
2858 867 3088 921 Domino
3113 867 3199 935 jus
3235 882 3385 921 suum
3419 869 3624 934 reddit,
3660 886 3782 925 ser-

2176 962 2437 1032 vitutiqne
2464 963 2861 1031 quamprimum
2889 976 2949 1015 se
2982 961 3034 1014 in
3072 958 3381 1015 famulatum
3424 962 3542 1029 ejus
3571 964 3784 1017 volun-

2181 1056 2315 1109 taria
2347 1054 2622 1109 oblatione
2654 1053 2824 1119 dedit,
2862 1068 3049 1123 aequus
3080 1055 3263 1123 utique
3294 1063 3403 1107 tam
3439 1055 3566 1121 sibi,
3612 1072 3783 1126 quam

2182 1149 2235 1203 in
2265 1164 2323 1201 se
2355 1149 2589 1202 arbiter?
2620 1148 2730 1201 Cur
2767 1149 2820 1202 in
2860 1148 3210 1217 prmsentium
3252 1164 3433 1202 rerum
3472 1149 3785 1207 oblectabili

2184 1240 2467 1311 defigimur
2502 1242 2755 1312 aspectu?
2803 1242 2911 1295 Cur
2953 1242 3018 1295 iis
3075 1242 3419 1296 tantumlibet
3486 1242 3781 1313 incubare,

2185 1352 2305 1405 quin
2337 1335 2646 1389 cernimus?
2677 1334 2947 1403 Numquid
2979 1335 3274 1389 luminibus
3314 1335 3432 1389 istis
3466 1345 3669 1391 tantum
3702 1340 3784 1392 vi-

2187 1432 2382 1495 vimus,
2405 1429 2651 1483 autsolos
2666 1426 2840 1499 [Fort.
2859 1427 3009 1499 solis]
3030 1430 3081 1483 in
3100 1444 3257 1483 usum
3273 1438 3544 1499 gestamus
3557 1432 3784 1487 oculos?

2259 1524 2502 1577 Vivimus
2534 1538 2749 1591 quoque
2788 1532 2841 1577 et
2870 1523 3111 1587 auribus,
3158 1532 3213 1576 ut
3260 1524 3528 1592 possimus
3569 1524 3786 1581 inhiare

2191 1616 2489 1685 promissis.
2523 1614 2696 1683 Magni
2726 1630 2847 1682 nos,
2872 1630 2968 1683 per
2994 1614 3132 1670 hanc
3156 1631 3374 1685 quoque
3400 1621 3639 1689 cnrporis
3658 1634 3786 1690 par-

476 1730 721 1794 rapiunt,
747 1735 792 1780 et
818 1740 909 1777 nos
932 1738 1048 1774 cum
1076 1719 1324 1772 doctrinis
1352 1719 1562 1782 nostris,
1593 1729 1705 1767 ecce
1738 1710 1823 1763 ubi
1858 1710 1910 1762 in
1938 1722 2092 1760 carne
2123 1700 2166 1759 Β
2198 1716 2326 1770 tem,
2358 1705 2583 1759 allectus
2617 1706 2859 1759 trahunt.
2891 1705 3021 1773 Quae
3045 1707 3403 1775 spondentur,
3437 1727 3554 1781 quae
3587 1712 3785 1782 praedi-

480 1820 775 1876 volutantur
821 1825 869 1868 et
915 1812 1164 1883 sanguine
1192 1807 1408 1880 (Matth.
1444 1806 1557 1877 XI)?
1600 1804 1862 1858 Dixeram
1898 1796 2088 1853 istud?

484 1923 542 1969 et
570 1912 771 1967 idcirco
801 1906 901 1977 ipsi
933 1914 1117 1974 postea
1143 1903 1251 1955 vim
1280 1900 1581 1953 intulerunt
1612 1910 1801 1965 regno.

560 2002 792 2059 Prolatis
822 2015 888 2055 ex
920 2009 1091 2067 parte,
1131 2009 1267 2064 quos
1300 1992 1471 2061 major
1503 1990 1624 2045 fidei
1678 1997 1878 2041 nostra:
1911 1984 2089 2038 fervor

488 2097 696 2157 habuit.
728 2092 912 2149 seculi
940 2086 1304 2160 philosophia,
1326 2083 1660 2152 eloquentia,
1686 2078 2091 2144 honoribusque

487 2190 820 2261 perfunctos,
857 2184 923 2239 ad
954 2188 1097 2253 ipsos
1124 2180 1232 2249 jam
1281 2192 1436 2247 reges
1467 2189 1519 2230 et
1552 2172 1687 2227 illttd
1715 2183 1875 2241 caput
1906 2166 2090 2222 mundi

485 2285 726 2341 veniam.
768 2279 951 2349 Neque
1002 2289 1146 2330 nunc
1191 2265 1699 2327 commemorandos
1740 2262 1936 2334 putabo
1976 2276 2093 2313 om-

484 2392 585 2432 nes
614 2374 923 2442 superiores
953 2370 1077 2423 illos
1099 2362 1347 2435 religioni
1382 2361 1627 2423 devotos,
1652 2370 1705 2412 et
1728 2356 1890 2427 regia:
1916 2354 2090 2423 digni-

490 2472 617 2526 tatis
646 2472 825 2523 viros:
858 2466 1030 2519 solum
1064 2460 1197 2516 mihi
1229 2459 1489 2527 insignes,
1538 2452 1703 2508 David
1746 2453 1968 2521 pietate,
2001 2450 2094 2504 Jo-

488 2564 602 2617 sias
634 2560 755 2624 fide,
792 2555 1053 2611 Ezechias
1084 2550 1411 2617 humilitate,
1445 2563 1508 2602 ex
1546 2544 1803 2599 memoria
1831 2557 2095 2596 veneran-

490 2654 685 2708 dorum
737 2654 1053 2718 promentur
1112 2640 1410 2695 annalium.
1471 2636 1723 2692 Nonnulli
1773 2647 1983 2704 qucque
2027 2647 2096 2686 ex

490 2742 885 2803 recentioribus
924 2737 1271 2800 exstiterunt,
1311 2746 1473 2802 atque
1515 2731 1617 2784 hac
1654 2742 1835 2783 nosua
1882 2734 2092 2793 tempe-

490 2849 630 2897 state
658 2836 945 2908 principes,
974 2831 1068 2902 qui
1099 2830 1167 2884 ad
1186 2828 1527 2895 agnitionem
1560 2823 1675 2879 veri
1706 2823 1847 2891 regis
1875 2821 2097 2889 prepius

491 2937 877 2995 accesserunt,
936 2936 1315 2990 summumque
1370 2920 1518 2974 illum
1590 2915 1935 2971 dominorum
1993 2914 2099 2965 Do-

495 3026 701 3081 minum
730 3035 939 3077 summa
968 3016 1149 3073 cordis
1186 3012 1514 3069 contritione
1545 3007 1782 3064 confessi
1821 3015 1976 3070 sunt;
2011 3013 2092 3057 at-

2191 1809 2403 1860 cantur,
2436 1797 2774 1852 ferventibus
2803 1798 2966 1861 votis,
3010 1799 3341 1855 instantibus
3379 1803 3666 1859 desideriis
3691 1819 3787 1860 ex-

2191 1899 2517 1961 spectemus.
2552 1890 2740 1945 Fidem
2776 1890 3164 1959 promissorum
3199 1892 3375 1947 fidelis
3410 1894 3522 1960 ille,
3558 1896 3648 1951 ille
3687 1911 3787 1949 au-

2191 1992 2310 2039 ctor
2337 1982 2590 2036 inculcat.
2626 1982 2943 2037 Ambiamus
2968 1984 3036 2037 ad
3074 1984 3276 2053 optima
3299 2002 3417 2055 quae
3439 1987 3788 2055 pollicentur.

2192 2076 2526 2144 Quamquam
2555 2076 2599 2129 si
2633 2076 2732 2143 ipsi
2758 2092 2971 2146 quoque
3001 2077 3195 2142 oculis,
3222 2078 3361 2133 bene
3386 2090 3439 2133 et
3471 2080 3673 2135 utiliter
3706 2082 3793 2136 uti

2194 2167 2463 2235 volumus,
2498 2183 2593 2237 per
2624 2169 2756 2221 istos
2787 2170 2948 2222 etiam
2984 2169 3037 2223 in
3068 2169 3297 2225 futurum
3322 2170 3619 2241 cupiditate
3652 2189 3793 2227 ma-

2191 2277 2299 2331 gna
2326 2278 2392 2315 ex
2427 2270 2579 2331 parte
2619 2272 2927 2331 raptamur:
2961 2263 3007 2317 si
3038 2263 3472 2333 admirationem,
3518 2282 3683 2337 quam
3719 2283 3792 2323 ex

2196 2356 2379 2411 mundi
2432 2357 2893 2427 contemplatione
2939 2359 3218 2427 capimus,
3262 2369 3679 2429 retorqueamus
3734 2363 3790 2417 in

2196 2449 2369 2517 ipsum
2405 2457 2567 2502 tantte
2599 2449 2865 2503 machina:
2895 2459 3191 2505 auctorem.
3226 2454 3333 2506 Aut
3376 2454 3420 2506 si
3460 2453 3786 2522 cogitemus,

2196 2551 2428 2609 quantus
2470 2541 2522 2593 in
2574 2550 2847 2609 posterum
2881 2542 3140 2612 splendor
3172 2544 3329 2610 lucis,
3376 2546 3543 2613 possit
3572 2547 3791 2600 lumini-

2199 2638 2301 2691 bus
2332 2651 2655 2702 occurrere;
2688 2653 2809 2693 cum
2835 2654 2893 2693 se
2920 2655 3061 2694 nunc
3092 2648 3274 2695 tantus
3306 2641 3584 2697 insinuet:
3615 2642 3788 2709 Quam

2201 2730 2482 2800 magnifica
2524 2729 2747 2800 fulgebit
2801 2734 3073 2801 perpetuis
3112 2732 3282 2787 forma
3328 2736 3519 2801 rebus,
3560 2751 3677 2789 cum
3718 2736 3791 2791 sit

2200 2838 2341 2876 nunc
2392 2833 2497 2877 tam
2544 2826 2787 2892 speciosa
2834 2826 3109 2894 perituris.
3141 2826 3255 2881 Non
3306 2843 3437 2898 ergo
3477 2839 3682 2898 oportet
3737 2831 3793 2885 in

2200 2914 2525 2969 deteriorem
2571 2932 2669 2970 nos
2698 2927 2925 2987 partem,
2962 2917 3142 2973 ofticia
3192 2920 3485 2975 sollicitare
3520 2921 3794 2976 membro-

2201 3023 2349 3073 rum,
2382 3010 2666 3064 commode
2696 3011 2876 3079 potius
2904 3012 2958 3064 in
2988 3020 3281 3083 utramque
3319 3023 3681 3083 temperentur
3713 3015 3796 3069 vi-

494 3128 696 3177 teutam
721 3116 918 3171 divina:
946 3109 1217 3180 majeStati
1239 3105 1625 3165 reverentiam,
1661 3100 1829 3157 etiam
1858 3110 2090 3167 uterque
2119 3078 2166 3142 (ἶ
2198 3111 2336 3167 tam;
2361 3104 2545 3173 sicque
2575 3105 2880 3160 custodiant
2912 3109 3248 3175 temporaria:
3270 3124 3450 3173 usum,
3483 3119 3542 3163 ut
3570 3119 3793 3164 :eterna:

494 3228 657 3270 sexus
678 3226 745 3267 ex
767 3208 891 3264 aula
920 3205 1184 3262 exhibuit.
1220 3201 1283 3256 lli
1308 3200 1487 3270 potius
1517 3196 1720 3263 idonei,
1754 3203 1813 3248 ut
1835 3192 2091 3255 arbitror,

495 3306 562 3360 ad
588 3302 950 3361 :emulandum
991 3303 1383 3367 proponantur,
1420 3305 1648 3363 quorum
1683 3285 1933 3354 exempla
1973 3298 2096 3337 cum

496 3399 731 3452 habeant
764 3394 833 3449 de
862 3391 1057 3447 futuris
1097 3388 1352 3453 salutem,
1389 3385 1593 3440 habent
1638 3381 1706 3436 de
1738 3376 2097 3449 przesentibus

498 3488 896 3543 auctoritatem.

574 3576 763 3632 Cernis
793 3584 850 3628 ut
892 3572 1053 3626 etiam
1084 3571 1201 3625 dies
1238 3580 1403 3638 atque
1445 3568 1597 3634 anni,
1647 3574 1703 3623 et
1740 3575 1932 3620 cuncta
1984 3563 2101 3618 haec

500 3674 817 3729 ornamenta
839 3664 983 3728 εαξη,
1017 3664 1109 3717 Dei
1140 3660 1361 3717 verbum
1394 3661 1815 3728 mandatumque
1848 3656 2102 3724 infatiga-

500 3759 596 3815 bili
628 3754 1005 3811 observatione
1046 3762 1403 3819 conservent,
1439 3760 1954 3821 przeceptorumque
1983 3746 2101 3815 ejus

501 3850 806 3910 custodiant
835 3850 1106 3905 irremissa
1142 3849 1263 3918 lege
1292 3848 1631 3903 famulatum.
1667 3842 1944 3913 Numquid
1978 3857 2099 3909 nos,

502 3958 729 4016 quorum
764 3943 866 3998 ista
897 3944 1078 3998 usibus
1115 3941 1369 3997 fabricata
1415 3950 1573 4005 sunt,
1608 3952 1838 4008 quorum
1878 3935 2100 3989 lumini-

500 4039 602 4092 bus
630 4036 833 4106 ingesta
866 4046 1015 4101 sunt,
1039 4034 1342 4090 caelestium
1374 4031 1750 4085 mandatorum
1776 4044 1882 4083 non
1908 4028 2099 4095 nescii,

501 4144 603 4185 nec
631 4128 826 4183 divina:
855 4127 1149 4181 voluntatis
1187 4125 1398 4193 ignari,
1434 4131 1766 4191 prmceptum
1810 4122 1904 4176 Dei
1939 4121 2101 4175 surda

502 4236 633 4277 aure
663 4217 1051 4274 transibimus?
1089 4216 1155 4270 Et
1207 4216 1291 4268 his
1328 4214 1548 4284 quidem
1598 4213 1873 4283 praedictis
1917 4212 2105 4268 mundi

503 4311 870 4376 adminiculis,
903 4309 1030 4380 quid
1054 4310 1106 4363 in
1138 4308 1335 4362 srecula
1378 4306 1753 4373 observarent,
1785 4309 1956 4362 semel
1990 4307 2107 4377 jus-

506 4421 627 4462 sum
676 4412 797 4459 est:
831 4403 986 4458 nobis
1018 4415 1148 4456 vero
1192 4408 1274 4455 tot
1312 4400 1676 4455 voluminibus
1723 4400 1921 4455 divinae
1970 4400 2106 4469 legis

507 4501 772 4555 iterantur
803 4496 1052 4566 imperia,
1086 4494 1151 4549 ad
1178 4494 1292 4549 haec
1322 4495 1541 4558 saltem,
1569 4494 1716 4563 quod
1750 4494 1956 4548 homini
2002 4494 2104 4563 ipsi

508 4591 827 4647 attributum
866 4599 970 4654 est,
1023 4588 1282 4643 voluntati
1325 4588 1561 4643 auctoris
1601 4602 1810 4657 parere,
1859 4602 2102 4657 prmcep-

511 4687 686 4755 tisque
713 4685 828 4753 ejus
855 4698 1047 4738 vacare
1069 4682 1239 4738 discat
1256 4682 1421 4753 :unia
1440 4698 1601 4736 omne
1632 4683 1797 4747 istud,
1820 4700 1948 4737 cum
1971 4699 2107 4752 pra:-

508 4779 609 4835 bet
649 4777 1033 4840 ministerium,
1080 4785 1304 4847 prmstat
1346 4778 1678 4845 exetnplum.
1721 4777 1789 4831 Et
1819 4786 2026 4843 tamen,
2060 4777 2105 4831 si

509 4871 603 4943 qui
634 4872 699 4925 ad
751 4882 1027 4925 auctorem
1066 4885 1224 4924 suum
1260 4870 1440 4923 redire
1472 4870 1682 4934 nolunt,
1734 4887 1858 4925 num
1906 4871 2106 4925 idcirco

510 4964 799 5020 Dominum
829 4977 987 5018 suum
1016 4963 1187 5017 vitare
1218 4963 1461 5031 possint?
1489 4964 1597 5017 Aut
1625 4980 1730 5032 quo
1756 4964 2014 5033 suppetit,
2046 4971 2107 5017 ut

512 5055 736 5125 fugiant,
785 5056 878 5127 qui
925 5072 956 5111 a
1010 5056 1122 5111 Deo
1163 5072 1223 5110 se
1274 5056 1573 5111 avertunt?
1615 5057 1868 5121 Audiant,
1921 5068 2107 5114 sancte

510 5147 705 5214 David,
738 5149 963 5204 audiant
1000 5156 1052 5203 te
1093 5148 1362 5204 dicentem
1388 5167 1403 5203 :
1433 5150 1545 5214 Quo
1572 5150 1657 5203 ibo
1687 5166 1718 5202 α
1750 5148 1952 5216 Spiritu
1991 5158 2101 5218 tuo,

511 5256 559 5298 et
581 5259 614 5296 a
642 5243 778 5313 {acie
806 5251 895 5296 tua
921 5258 1022 5312 quo
1054 5242 1291 5311 fugiam?
1322 5241 1382 5296 Si
1411 5242 1689 5296 ascendere
1726 5242 1779 5294 in
1804 5240 2007 5307 caelum,
2049 5251 2106 5295 tu

511 5334 622 5390 illic
650 5350 743 5389 es:
770 5335 817 5389 si
836 5334 1145 5389 descendere
1175 5335 1228 5387 in
1258 5334 1535 5405 infernum,
1567 5334 1691 5388 ades
1716 5350 1734 5389 :
1759 5335 1802 5387 si
1842 5350 2104 5406 sumpsero

511 5442 710 5499 pennas
725 5443 865 5481 meas
887 5426 1141 5493 diluculo,
1161 5436 1206 5480 et
1228 5427 1573 5481 inhabitavero
1596 5428 1648 5481 in
1666 5427 1904 5482 extremis
1925 5429 2100 5495 maris,

513 5518 669 5573 etiam
688 5518 754 5571 ibi
773 5534 953 5571 manus
976 5526 1063 5569 tua
1086 5516 1302 5571 deducet
1316 5534 1414 5584 me,
1433 5520 1675 5573 ettenebit
1694 5536 1770 5573 me
1782 5521 1991 5574 dextera
2016 5530 2105 5572 tua

518 5605 639 5680 (Ps.
673 5608 955 5680 cxxxvtlt).
992 5608 1134 5679 Ergo
1179 5609 1255 5662 illi
1303 5609 1472 5664 velint
1525 5609 1716 5674 nolint,
1770 5625 1829 5665 se
1875 5609 2104 5663 Domino

518 5699 908 5763 universitatis.
935 5709 990 5757 et
1017 5701 1062 5755 si
1094 5700 1372 5757 voluntate
1397 5701 1666 5769 auferunt,
1692 5700 1815 5768 jure
1838 5715 1946 5757 non
1976 5698 2105 5759 sub-

2198 3213 2305 3253 non
2337 3198 2593 3268 abjiciant
2619 3200 3001 3255 ministerium.
3028 3200 3180 3268 Quod
3207 3204 3253 3256 si
3286 3216 3385 3257 nos
3408 3204 3509 3258 ista
3542 3205 3795 3258 avocatio

2198 3300 2359 3359 atque
2387 3305 2541 3345 amor
2564 3294 2733 3359 juvat.
2770 3302 2823 3346 et
2851 3294 3025 3360 ipsum
3062 3307 3283 3348 sensum
3313 3294 3603 3350 obleCIatio
3640 3296 3795 3351 solli-

2199 3381 2348 3445 citat,
2386 3391 2469 3436 est
2498 3382 2657 3451 plane
2683 3383 2772 3440 hic
2796 3399 2949 3438 amor
2978 3399 3202 3439 summa:
3232 3386 3553 3457 voluptatis;
3586 3398 3793 3444 estnon

2201 3473 2396 3541 solum,
2426 3474 2568 3543 quod
2609 3475 2778 3528 amari
2805 3474 3143 3542 effusissime
3177 3477 3371 3547 possit,
3418 3481 3511 3533 sed
3551 3488 3606 3534 et
3646 3480 3795 3550 quod

2204 3567 2459 3632 maxime,
2510 3567 2727 3635 debeat,
2783 3568 3109 3637 jucundum,
3151 3570 3507 3640 praeclarum,
3554 3573 3796 3643 unicum,

2203 3667 2463 3714 teternum
2498 3660 2720 3715 bonum.

2275 3752 2440 3818 Deus,
2476 3752 2719 3821 inquam,
2746 3762 2951 3820 noster,
2980 3756 3067 3809 cui
3090 3758 3265 3828 possis
3288 3766 3395 3812 tam
3425 3773 3619 3828 magno
3634 3773 3798 3829 quam

2204 3844 2293 3913 pio
2325 3845 2445 3914 igne
2479 3845 2734 3915 flagrare;
2768 3846 2814 3900 si
2849 3849 2900 3901 in
2932 3848 3109 3903 locum
3155 3852 3485 3906 anteriorum
3531 3852 3799 3921 cupidita-

2206 3945 2319 3990 tum
2340 3978 2353 3998 ,
2392 3938 2627 4005 pretiosa
2654 3951 2867 3992 rursum
2910 3938 3179 3995 desideria
3219 3944 3535 3997 succedunt.
3568 3943 3624 3999 Si
3657 3954 3705 3998 te
3741 3944 3797 3999 in

2207 4027 2387 4097 aliquo
2412 4026 2660 4096 capiebat
2684 4038 2789 4083 tam
2816 4032 3116 4101 magnificae
3147 4036 3219 4087 rei
3248 4034 3497 4104 dignitas,
3535 4035 3665 4089 nihil
3700 4036 3799 4091 illo

2208 4118 2661 4188 magnificentius.
2693 4121 2749 4176 Si
2789 4131 2841 4177 te
2867 4122 3069 4190 aliquid
3097 4125 3241 4178 velut
3272 4136 3453 4195 aptum
3499 4127 3681 4197 gloria:
3707 4143 3800 4183 ac-

2207 4214 2717 4285 commodatumque
2746 4215 3010 4285 rapiebat,
3048 4219 3178 4271 nihil
3208 4219 3298 4272 illo
3319 4220 3625 4288 gloriosius.
3655 4220 3708 4275 Si
3729 4221 3798 4275 ad

2211 4308 2489 4376 splendida
2522 4308 2837 4379 fulgentium
2863 4325 3041 4364 rerum
3061 4310 3348 4365 ducebaris
3372 4313 3511 4376 visu,
3537 4314 3627 4366 illo
3659 4312 3800 4368 nihil

2212 4402 2427 4457 clarius.
2460 4402 2514 4457 Si
2568 4404 2633 4457 ad
2675 4404 2919 4474 speciosa
2952 4404 3255 4460 trahebaris
3285 4407 3496 4470 intuitu,
3533 4409 3624 4461 illo
3665 4408 3801 4466 nihil

2214 4496 2509 4567 pulchrius.
2543 4496 2599 4553 Si
2631 4498 2683 4552 in
2727 4498 2905 4567 aliquo
2952 4507 3004 4554 te
3039 4500 3285 4569 amplecti
3332 4500 3557 4568 putabas
3597 4503 3801 4558 verita-

2215 4599 2346 4658 tem,
2383 4592 2471 4647 illo
2504 4592 2637 4646 nihil
2671 4592 2869 4646 verius.
2917 4591 2975 4647 Si
3006 4594 3055 4645 in
3090 4609 3355 4663 quoquam
3400 4593 3802 4661 su5piciendam

2214 4684 2512 4753 largitatem
2535 4685 2815 4749 credebas,
2844 4685 2942 4739 illo
2965 4685 3093 4739 nihil
3119 4688 3538 4741 munificentius.
3564 4688 3799 4751 Miraris,

2214 4774 2361 4845 quod
2402 4790 2592 4843 purum
2640 4784 2724 4830 est
2755 4784 2915 4844 atque
2960 4776 3221 4846 simplex?
3256 4777 3389 4830 nihil
3435 4778 3519 4831 llll
3562 4778 3804 4835 bonitate

2215 4871 2499 4926 sincerius.
2530 4870 2847 4925 Sollicitaris
2876 4870 3209 4925 aiﬂuentium
3238 4887 3415 4926 rerum
3451 4873 3642 4942 copia?
3668 4872 3802 4927 nihil

2215 4961 2305 5016 illa
2338 4961 2661 5015 abundantia
2704 4961 2999 5031 copiosius.
3048 4962 3235 5033 Diligis
3279 4963 3483 5033 aliquid
3530 4973 3803 5033 tamquam

2214 5052 2413 5106 ﬁdum?
2445 5053 2579 5107 nihil
2616 5053 2772 5122 hujus
2802 5054 3011 5108 firmius
3035 5064 3118 5109 est
3152 5054 3273 5108 fide.
3315 5055 3484 5110 Amas
3512 5056 3711 5124 aliquid
3746 5067 3806 5111 ut

2213 5144 2592 5201 commodum?
2610 5145 2740 5198 nihil
2765 5144 3097 5201 commodius
3120 5156 3201 5201 est
3224 5146 3384 5216 hujus
3412 5147 3577 5216 ipsius
3592 5162 3803 5203 amore.

2216 5240 2313 5294 Est
2351 5240 2569 5308 aliquid,
2604 5239 2748 5308 quod
2788 5249 2840 5294 te
2884 5240 2966 5293 vel
2999 5242 3303 5296 severitatis
3339 5241 3421 5297 vel
3447 5240 3808 5310 jucunditatis

2216 5335 2395 5401 specie
2423 5334 2631 5388 trahat?
2664 5349 2769 5389 non
2815 5344 2899 5389 est
2933 5336 3303 5403 magnitudine
3341 5335 3457 5402 illa,
3491 5334 3807 5404 dignatione

2214 5426 2329 5493 illa,
2358 5426 2647 5496 quidquam
2682 5438 2773 5481 aut
2806 5427 3100 5483 terribilius
3129 5437 3220 5483 aut
3242 5428 3513 5482 blandius.
3548 5425 3805 5494 Requiri-

2214 5526 2301 5570 tur
2336 5518 2386 5571 in
2436 5519 2678 5574 adversis
2727 5520 3047 5588 benignitas,
3101 5521 3154 5573 in
3197 5522 3473 5589 prosperis
3524 5520 3804 5573 suavitas:

2212 5610 2431 5664 unicum
2457 5620 2541 5664 est
2568 5625 2634 5666 ex
2660 5612 2772 5679 illo,
2805 5623 2897 5667 aut
2927 5614 2978 5667 in
3010 5612 3147 5667 lmtis
3165 5611 3437 5683 gaudium,
3468 5620 3561 5666 aut
3588 5612 3640 5665 in
3671 5623 3809 5666 tntn~

2211 5700 2308 5758 stis
2364 5700 2627 5759 solamen.
2687 5702 2870 5777 Itaque
2921 5706 3130 5767 ratione
3177 5703 3556 5779 plenissimum
3591 5712 3700 5775 est,
3748 5712 3826 5793 ιξ
