4028 6184
228 226 326 287 721

908 218 1239 277 EPISTOLA
1276 213 1744 276 PAREINETICA
1787 212 1878 268 AD
1916 212 2376 271 VALERIANUM
2420 214 2821 273 COGNATUM.

3409 225 3523 289 72!

231 342 372 397 illum
400 337 454 392 in
478 350 586 408 quo
612 334 815 390 habeas
839 333 1040 398 omnia,
1068 347 1250 387 amare
1279 348 1391 402 praz
1420 330 1691 385 omnibus.
1719 327 1817 381 Di-
1843 324 1897 386 Δ
1922 326 2135 380 Caesare
2165 326 2410 395 Octavio,
2442 343 2564 383 cum
2597 330 2780 399 utique
2820 327 3062 386 Romana
3092 333 3363 400 possessio
3389 351 3518 396 ver.

235 433 390 498 vitim,
425 438 481 485 et
511 441 863 500 quaecumque
885 426 977 480 illa
1006 436 1152 493 sunt,
1178 442 1298 496 quae
1327 428 1549 479 te’nunc
1581 424 1813 478 animui-

236 526 425 580 tatibus
456 524 569 578 suis
598 522 865 586 obtinent,
914 535 1020 575 non
1065 521 1241 575 solum
1287 521 1423 574 intra
1473 521 1670 588 ipsum,
1721 517 1814 572 sed

233 620 388 672 etiam
416 618 483 671 ab
514 617 630 685 ipso
666 614 951 668 habentur.
988 613 1144 668 Malle
1180 616 1437 669 hactenus
1477 629 1630 667 amor
1664 628 1818 681 spar-

232 725 341 773 sus,
376 708 569 763 divinis
593 706 851 775 deinceps
879 704 1136 759 reddatur
1166 707 1432 760 excubiis.
1466 705 1609 773 Vaga
1642 704 1817 760 adhuc

231 802 503 857 affectibus
532 800 665 865 suis,
710 800 764 853 in
808 812 993 853 sacros
1021 797 1311 853 reducatur
1351 813 1482 853 usus
1526 797 1635 866 jam
1668 806 1814 851 casta

232 894 459 950 charitas
485 912 500 948 :
530 892 984 959 dilectionemque
1013 892 1357 960 opinionibus
1388 890 1623 958 deviam,
1658 890 1814 944 cohi-

233 988 336 1041 bito
381 1000 590 1053 errore,
630 985 900 1055 castigans
940 984 1132 1055 dirige,
1166 994 1328 1055 atque
1360 987 1413 1040 in
1456 987 1623 1040 Deum
1665 999 1815 1039 amo-

230 1095 337 1134 rem
363 1077 551 1134 conl‘er
579 1087 762 1132 tuum:
787 1078 910 1147 quia
940 1086 993 1132 et
1018 1078 1275 1147 quidquid
1301 1092 1442 1131 nunc
1464 1091 1634 1137 amas,
1659 1090 1815 1130 suum

228 1179 336 1234 est;
368 1184 549 1231 suum,
578 1168 818 1239 inquam,
852 1184 1007 1223 suum
1039 1180 1139 1223 est.
1179 1168 1276 1222 Est
1309 1169 1450 1222 enim
1493 1176 1673 1220 tantus
1704 1166 1813 1232 ille,

228 1270 283 1314 ut
310 1260 399 1329 qui
433 1275 535 1313 non
575 1269 757 1314 amant
806 1276 953 1325 eum,
998 1260 1180 1328 inique
1221 1259 1461 1327 quidem,
1508 1257 1602 1313 sed
1635 1267 1816 1312 tamen

223 1367 326 1407 non
359 1352 462 1406 nisi
488 1354 605 1420 ejus
635 1353 930 1423 quidquam
955 1367 1140 1407 amare
1172 1352 1398 1420 possint.

287 1445 392 1501 Sed
412 1456 587 1501 tamen
604 1448 914 1504 consideret
927 1447 1085 1500 velim
1101 1446 1516 1513 arbiterjustus,
1533 1461 1818 1515 aequumne

221 1537 286 1592 sit
314 1538 540 1606 diligere
570 1554 728 1607 opus,
776 1538 971 1606 opiﬁce
1000 1538 1245 1606 neglecto
1294 1537 1665 1608 derelictoque
1697 1554 1817 1592 om-

216 1629 359 1683 nium
412 1637 660 1683 creatore
710 1643 923 1691 rerum;
961 1627 1011 1681 in
1063 1644 1175 1683 rem
1221 1627 1381 1696 hujus
1428 1629 1811 1697 cupiditatibus

1922 422 2079 475 ticcm
2112 424 2305 485 tenuit,
2336 432 2461 476 tunc
2482 437 2539 475 se
2572 424 2711 477 Deus
2735 424 2896 478 terris
2924 424 3093 479 dedit.
3122 426 3306 494 Itaque
3338 436 3394 482 ut
3420 439 3512 489 tua

1917 512 2056 579 apud
2091 521 2143 567 te
2179 512 2467 580 proferam,
2502 530 2622 567 cum
2647 515 2715 568 ab
2745 528 2867 569 ortu
2899 518 3050 584 regni
3092 516 3250 587 hujus
3280 522 3513 576 centesi-

1919 619 2037 656 mus
2065 613 2119 657 et
2142 605 2506 674 octogesimus
2546 606 2766 673 quintus
2798 609 2913 660 iere
2949 622 3111 676 supra
3164 608 3513 668 millesimum

1918 705 2160 750 vertatur
2185 711 2390 760 anuus;
2424 697 2683 765 quidquid
2718 697 2806 751 vel
2857 698 2959 751 sub
3002 699 3095 752 illa
3143 700 3514 762 dominatione

1918 803 2105 857 regum
2144 798 2387 854 vetusta;
2414 790 2502 843 vel
2549 792 2648 842 sub
2677 791 2764 844 illa
2803 791 2999 848 deinde
3028 796 3238 864 gemina
3282 796 3515 851 admini-

1918 883 2179 935 stratione
2210 882 2490 936 consulum
2522 882 2765 938 Romano
2795 886 3022 940 accessit
3048 887 3298 958 imperio,
3330 892 3514 947 omnia

1917 972 2117 1028 Christi
2148 974 2401 1029 adventui
2438 988 2736 1045 prazparata
2777 988 2831 1032 et
2859 978 3221 1037 dilfundendm
3244 983 3366 1039 tidei
3396 1000 3515 1055 pro-

1916 1067 2029 1121 visa
2055 1078 2255 1136 potest,
2281 1070 2326 1123 si
2356 1070 2477 1139 quis
2517 1070 2742 1125 idoneus
2781 1083 2863 1126 est
2891 1086 3165 1141 assertor,
3196 1080 3509 1138 ostendere.

1989 1159 2099 1214 Nos
2139 1160 2204 1213 ad
2260 1160 2599 1230 propmitum
2651 1174 3011 1220 revertemur.
3066 1167 3276 1236 Nolite,
3314 1172 3511 1239 inquit,

1916 1251 2136 1325 diligere
2158 1254 2405 1305 mundum
2423 1295 2436 1316 ,
2467 1270 2627 1322 neque
2647 1270 2707 1308 ea
2734 1272 2848 1320 qua:
2864 1258 2917 1310 in
2942 1260 3133 1312 mundo
3155 1272 3275 1316 sunt
3295 1263 3333 1333 (Ι
3349 1261 3509 1318 Joan.

1916 1344 2016 1415 tt),
2050 1347 2173 1415 quia
2225 1347 2409 1400 omnia
2466 1345 2585 1403 haec
2625 1351 2943 1417 conspectui
2991 1360 3178 1407 nostro
3228 1354 3512 1412 insidiosis

1916 1438 2194 1492 coloribus
2236 1440 2638 1495 lenocinantur.
2672 1441 2763 1495 Vis
2804 1442 2894 1495 illa
2931 1444 3210 1498 oculorum
3250 1448 3512 1505 attributa

1914 1528 2128 1595 lumini,
2165 1546 2271 1585 non
2316 1533 2626 1601 applicetur
2666 1534 2880 1588 errori:
2911 1544 2965 1589 et
3002 1550 3124 1589 cum
3156 1538 3281 1591 vitae
3321 1539 3512 1594 usibus

1918 1629 2121 1689 pateat,
2152 1638 2259 1675 non
2285 1623 2541 1676 admittat
2571 1638 2764 1679 causas
2778 1626 2988 1680 mortis.
3016 1626 3199 1681 Carnis
3227 1628 3508 1698 desideria,

213 1721 325 1776 suis
358 1723 559 1789 passim
593 1730 752 1789 atque
786 1721 1156 1777 indill‘erenter
1186 1722 1465 1777 incurrere
1495 1740 1509 1778 :
1552 1739 1672 1779 cum
1705 1725 1812 1777 uti-
1841 1696 1890 1756 Β
1919 1722 1978 1767 υἱ
2013 1716 2228 1784 egregie
2263 1718 2561 1785 Apostolus
2590 1718 2694 1781 ait,
2730 1720 2953 1773 militant
2993 1722 3244 1776 adversus
3282 1725 3511 1779 animum

210 1828 317 1884 que
354 1816 524 1869 Deum
564 1816 889 1884 Oportuisset
932 1816 1135 1870 illicere
1163 1816 1232 1870 ad
1283 1832 1522 1870 amorem
1581 1817 1686 1885 sui,
1722 1818 1810 1873 vel

209 1921 309 1977 per
343 1908 489 1962 hunc
522 1908 695 1978 ipsum
727 1908 980 1963 allectum
1020 1923 1242 1963 suorum
1274 1924 1519 1978 operum.
1558 1910 1622 1963 Et
1667 1924 1810 1965 nunc

212 1999 375 2053 homo
407 2000 670 2054 adversus
708 2000 759 2053 in
812 2000 1150 2066 indignorum
1182 2008 1387 2053 tantum
1432 1999 1808 2067 ﬁgmentorum

212 2091 479 2146 desideria
510 2101 672 2161 atque
694 2092 868 2146 ollicia
900 2091 1259 2159 convertitur,
1293 2091 1600 2160 animisque
1623 2092 1811 2145 incon-

213 2200 341 2253 grue
369 2185 764 2239 dissidentibus
795 2186 1067 2255 appetitor
1097 2185 1252 2249 artis,
1290 2185 1539 2240 desertor
1560 2186 1806 2254 artiﬁcis,

210 2278 697 2347 ('Otnplectiturquc
726 2279 992 2345 speciem,
1025 2278 1180 2345 cujus
1210 2292 1316 2331 non
1362 2278 1591 2332 miratur
1626 2287 1811 2332 aucto-

208 2382 345 2423 rem.
380 2368 449 2423 Et
480 2369 606 2438 quid
635 2369 702 2423 de
743 2370 832 2422 illa
878 2378 985 2422 tam
1019 2386 1209 2439 magna
1249 2370 1591 2425 multitudine
1620 2371 1805 2427 dulce-

208 2459 350 2513 dinis
382 2475 499 2513 sua:
530 2460 811 2514 diximus?
844 2462 949 2513 Aut
972 2460 1097 2529 quid
1128 2461 1195 2515 de
1228 2473 1370 2514 tanta
1403 2472 1455 2517 et
1489 2473 1594 2516 tam
1619 2464 1807 2518 ineﬂ'a-

208 2552 333 2606 bilis
372 2552 500 2607 b0ni
544 2551 833 2618 suavitate,
877 2561 1065 2606 sancto
1106 2562 1162 2607 et
1210 2555 1478 2623 profundo
1525 2556 1805 2611 charitatis

206 2643 328 2713 ejus
371 2645 648 2710 thesauro,
682 2644 879 2698 elocuti
915 2645 1135 2699 sumus?
1176 2650 1281 2699 Aut
1314 2649 1527 2714 quando
1574 2650 1624 2703 in
1674 2664 1808 2720 quo-

206 2751 368 2805 quam
394 2735 461 2789 de
494 2736 611 2799 illo,
635 2737 920 2806 quisquam
954 2738 1095 2791 Valet
1122 2739 1199 2793 rei
1224 2739 1392 2806 ipsius
1421 2739 1583 2793 fando
1613 2757 1801 2797 conse-

205 2827 295 2895 qui
330 2828 687 2896 dignitatent?
727 2832 925 2882 Amare
961 2844 1091 2898 ergo
1122 2846 1243 2885 eum
1270 2832 1380 2899 jam
1414 2848 1521 2885 non
1556 2836 1807 2904 volupta-

205 2920 345 2975 rium
378 2931 608 2984 tantum,
641 2923 734 2978 sed
763 2926 925 2977 etiam
970 2927 1336 2979 necessarium
1370 2942 1491 2981 esse
1521 2928 1799 2995 ducamus.

204 3011 441 3084 Impittm
472 3018 670 3085 quippe
702 3027 785 3070 est
814 3018 952 3070 hunc
983 3034 1088 3070 non
1115 3019 1360 3086 diligere,
1387 3021 1471 3072 cui
1504 3022 1802 3089 rependere

205 3120 313 3157 non
364 3121 531 3173 queas
565 3108 728 3159 etiam
767 3124 888 3162 enm
931 3108 1206 3163 dilexeris.
1257 3109 1673 3174 lnjustissimum
1722 3118 1806 3165 est

202 3204 263 3250 ut
293 3197 373 3261 ei,
404 3211 521 3263 qua:
569 3198 740 3263 possis
772 3199 1027 3260 tribuere,
1062 3199 1221 3264 nolis,
1256 3200 1343 3253 cui
1376 3200 1537 3253 etiam
1569 3201 1616 3254 si
1648 3202 1804 3270 velis,

199 3305 503 3360 repensare
522 3306 627 3344 non
653 3290 850 3358 possis.
866 3291 1018 3365 Quid
1038 3293 1171 3344 enim
1194 3292 1532 3348 retribuemns
1554 3294 1801 3364 Domino,

202 3400 299 3451 pro
332 3385 568 3437 omnibus
589 3399 704 3454 qua:
730 3383 963 3435 retribuit
987 3385 1129 3437 nobis
1147 3383 1266 3454 (Ps.
1295 3386 1458 3452 cxv)?
1481 3386 1615 3455 Quid
1648 3390 1807 3442 retri-

201 3478 461 3541 buemus,
496 3478 578 3532 vel
613 3493 708 3545 pro
741 3476 844 3529 hoc
867 3486 1091 3541 tantum,
1118 3478 1259 3546 quod
1288 3494 1383 3547 per
1410 3480 1569 3533 ﬁdem
1598 3482 1803 3536 homini

198 3574 441 3626 salutem
472 3572 641 3637 dedit,
672 3574 992 3640 statuitque,
1028 3581 1083 3625 ut
1111 3588 1268 3641 quam
1313 3573 1624 3627 facillimum
1662 3574 1803 3628 factu

197 3673 377 3730 esset,
412 3679 507 3733 per
528 3666 670 3733 quod
708 3679 861 3733 Spem
899 3665 1017 3720 orbi
1054 3674 1211 3720 terra:
1260 3681 1323 3720 ac
1359 3667 1521 3719 vitam
1561 3666 1805 3720 mortali-

197 3755 304 3810 bus
335 3764 680 3822 propagaret.

273 3847 345 3900 Et
380 3854 437 3897 ut
469 3845 534 3898 ad
576 3845 678 3899 ista
717 3846 1067 3909 descendam,
1108 3848 1196 3902 illa
1245 3849 1532 3919 aliquando
1575 3856 1799 3903 externa

198 3938 413 3999 omnia,
446 3936 496 3991 id
528 3946 613 3991 est
640 3939 886 3993 nationes
919 3950 971 3994 et
1006 3957 1189 4011 regna.
1226 3953 1451 4009 putasne
1474 3942 1543 3993 ob
1571 3942 1714 3994 aliud
1748 3943 1799 3996 in

199 4030 467 4084 ditionem
493 4045 556 4084 ac
584 4031 671 4099 jus
700 4034 932 4087 cessisse
965 4033 1290 4098 Romanum,
1323 4046 1377 4089 et
1408 4034 1478 4088 ob
1508 4035 1651 4088 aliud
1681 4049 1798 4088 ma-

198 4139 361 4192 gnam
416 4135 619 4192 partem
661 4128 878 4194 generis
925 4125 1170 4194 humani,
1224 4128 1278 4181 in
1326 4144 1490 4181 unum
1540 4129 1801 4183 transisse

200 4219 460 4287 populutn
481 4235 494 4282 ;
513 4219 612 4272 nisi
635 4230 693 4273 ttt
716 4220 925 4275 facilius
946 4230 1217 4292 tamquam
1235 4224 1683 4277 medicamentum
1705 4239 1802 4292 per

197 4324 402 4376 corpus
430 4327 615 4375 unum,
648 4311 718 4364 ita
752 4329 845 4376 per
878 4329 1035 4366 unam
1074 4325 1288 4381 gentem
1324 4315 1455 4369 ﬁdes
1500 4314 1671 4368 infusa
1707 4331 1798 4383 pe-

1917 1807 1961 1877 (l
1999 1808 2140 1862 Petr.
2172 1824 2231 1875 tt,
2266 1808 2380 1878 ll);
2403 1811 2690 1879 omnisque
2718 1811 2829 1865 illis
2855 1813 2906 1865 in
2934 1816 3231 1882 perniciem
3268 1828 3512 1873 nostram

1914 1900 2235 1969 clademque
2264 1901 2574 1969 procinctus
2596 1910 2697 1968 est,
2724 1903 3045 1973 pervigilem
3072 1921 3193 1960 cum
3219 1908 3511 1979 insurgunt

1913 1992 2184 2046 adversus
2229 2008 2333 2047 nos
2373 1994 2664 2049 stationem
2711 2003 2920 2063 tenent,
2955 2006 3306 2055 externorum
3348 2003 3510 2073 plane

1915 2084 2151 2138 hostium
2182 2099 2366 2150 more;
2404 2084 2531 2139 dum
2561 2086 2663 2140 sibi
2708 2096 2918 2143 tantum
2958 2089 3156 2143 virium
3202 2095 3505 2162 acquirunt,

1913 2186 2177 2246 quantum
2210 2178 2368 2232 nobis
2399 2178 2748 2233 subtrahunt.
2780 2180 2854 2233 lta
2897 2196 2997 2250 ego
3030 2181 3289 2237 hactenus
3324 2184 3391 2239 de
3421 2186 3505 2239 in-

1913 2271 2327 2327 extricabilibus
2356 2274 2541 2328 saeculi
2575 2275 2883 2331 insidiantis
2916 2276 3212 2343 illecebris,
3244 2277 3313 2332 de
3335 2278 3505 2334 bonoc

1912 2363 2066 2418 ribus
2108 2365 2411 2435 Opibusque
2439 2367 2842 2422 sermocinatus
2871 2383 3012 2431 sum,
3044 2378 3313 2436 tamquam
3344 2372 3389 2426 si
3418 2372 3504 2441 ju-

1911 2456 2122 2510 cundus
2146 2456 2529 2513 blandimentis
2559 2459 2673 2514 suis
2706 2460 2939 2515 mundus
2968 2461 3195 2531 vigeret.
3228 2462 3501 2534 Quidquid

1911 2561 1997 2607 est
2024 2551 2241 2605 illarum
2277 2568 2455 2608 rerum
2483 2552 2669 2621 iacies,
2700 2554 3038 2610 adumbratis
3069 2557 3339 2626 quondam
3364 2560 3501 2613 nito-

1909 2645 2062 2699 ribus
2128 2647 2385 2715 expolita,
2428 2646 2542 2716 jam
2583 2646 2871 2713 obsolevit,
2931 2650 3215 2717 omnisque
3285 2649 3500 2706 fucatus

1910 2736 2173 2805 splendor
2203 2738 2497 2793 intercidit.
2526 2737 2626 2793 Vix
2652 2739 2763 2808 jam
2811 2740 2912 2795 hoc
2956 2740 3117 2795 habet
3156 2743 3410 2808 mundus,
3443 2749 3502 2795 ut

1910 2829 2077 2884 fallat.
2114 2831 2281 2886 Periit
2310 2834 2487 2901 imago
2527 2831 2619 2886 illa
2664 2848 2873 2897 rerum,
2903 2831 2970 2885 ad
3002 2833 3381 2902 decipiendum
3409 2847 3501 2888 uso

1908 2937 2014 2991 que
2044 2922 2265 2977 decora.
2302 2923 2459 2976 Prius
2492 2936 2590 2975 nos
2634 2923 2897 2978 seducere
2926 2938 3059 2977 vero
3097 2925 3369 2993 Cogitabat
3396 2924 3498 2980 ful-

1910 3026 2062 3078 gore,
2088 3026 2193 3063 non
2236 3022 2475 3077 poterat,
2510 3026 2679 3079 prope
2716 3014 2827 3080 jam
2861 3029 2966 3066 non
2998 3014 3143 3067 valet
3171 3024 3225 3068 et
3252 3016 3368 3084 ipsa
3400 3029 3502 3071 nos

1912 3104 2044 3159 falsa
2068 3107 2435 3161 ostentatione
2456 3123 2832 3177 corrumpere.
2856 3108 3055 3163 Solidis
3078 3108 3232 3163 bonis
3260 3110 3499 3179 carebat,

1913 3214 2042 3254 ecce
2069 3198 2252 3253 deﬁcit
2281 3200 2445 3254 etiam
2475 3199 2718 3255 caducis.
2752 3199 2867 3254 Non
2900 3200 3065 3267 hunc,
3089 3212 3179 3255 aut
3202 3202 3267 3255 ad
3293 3213 3502 3273 tempus

1913 3293 2160 3361 speciosa
2208 3303 2425 3359 ornant,
2453 3303 2545 3346 aut
2590 3293 2641 3347 in
2701 3304 2974 3361 posterum
3023 3309 3276 3349 mansura
3306 3296 3499 3352 conﬁr-

1910 3400 2092 3451 mant;
2126 3389 2225 3440 nisi
2257 3387 2573 3453 nosmetipsi
2606 3387 2925 3456 decipimus,
2956 3403 3095 3458 pene
3139 3390 3374 3446 mundus
3402 3390 3500 3447 de-

1908 3481 2091 3549 cipere
2115 3494 2215 3533 nos
2247 3494 2352 3532 non
2389 3485 2588 3545 potest.

1978 3574 2226 3643 Sedquid
2247 3574 2650 3627 dissimulamus
2675 3588 2735 3628 ea
2770 3587 3098 3643 expromere
3128 3589 3247 3643 quae
3272 3575 3495 3631 fortiora

1905 3668 2067 3721 sunt?
2092 3667 2384 3734 Dissipatas
2412 3666 2682 3730 loquimur
2705 3680 2836 3733 opes
2871 3666 3078 3733 mundi,
3098 3682 3220 3741 cum
3241 3668 3351 3736 jam
3384 3670 3497 3740 ipse

1904 3759 2135 3813 mundus
2168 3759 2218 3811 in
2256 3757 2416 3811 ﬁnem
2446 3772 2605 3809 suum
2631 3770 2861 3825 vergens
2892 3758 3083 3824 spatiis
3108 3768 3299 3826 agatur
3317 3770 3496 3813 extre-

1904 3854 2028 3907 mis.
2061 3852 2278 3918 Quanto
2309 3850 2451 3904 istud
2503 3850 2678 3917 majus
2728 3857 2781 3902 et
2820 3849 3035 3917 gravius
3075 3858 3180 3913 est,
3213 3851 3357 3918 quod
3381 3852 3494 3919 jam

1904 3948 2019 4016 ipse
2062 3963 2165 4001 non
2207 3947 2259 4000 in
2293 3947 2508 4014 longum
2551 3942 2690 3998 erit?
2717 3942 2855 4010 Quid
2891 3956 3383 3997 commemoramus
3413 3953 3491 3995 at-

1902 4042 2085 4095 tritam
2114 4041 2232 4109 ejus
2260 4055 2372 4095 rem
2413 4053 2475 4092 ac
2517 4036 2949 4105 supellectilem?
2989 4034 3098 4090 Nec
3139 4034 3411 4090 immerito
3440 4038 3494 4094 in

1903 4137 2172 4191 defectum
2210 4135 2416 4188 viribus
2460 4148 2577 4187 aevo
2614 4131 2948 4199 consumptis
2987 4139 3231 4200 urgetur,
3264 4128 3490 4184 admini.

1902 4228 2149 4297 culisque
2176 4228 2288 4280 suis
2317 4225 2649 4284 destituitur,
2673 4238 2794 4278 cum
2822 4222 2933 4291 jam
2958 4222 3010 4274 in
3042 4222 3249 4275 senium
3279 4221 3492 4276 nutanti

1903 4336 2069 4374 onere
2100 4317 2437 4372 succumbat.
2465 4317 2747 4370 Postrema
2786 4313 2971 4368 mundi
3006 4322 3138 4366 :rtas
3180 4311 3381 4366 referta
3408 4319 3496 4367 est

199 4413 465 4467 netraret,
488 4414 540 4458 et
564 4417 617 4458 nt
644 4407 803 4473 capiti
835 4407 1040 4474 ingesta
1070 4409 1330 4463 velociter
1351 4424 1410 4463 se
1436 4425 1531 4477 per
1554 4412 1794 4462 membra
1822 4446 1875 4506 υ
1909 4413 2063 4465 malis
2108 4422 2377 4477 tamquam
2425 4408 2628 4460 morbis
2672 4414 2945 4459 senectus.
2982 4404 3106 4457 Visa
3134 4410 3277 4466 sunt,
3304 4402 3493 4457 viden.

196 4494 553 4550 diffunderet?
572 4498 805 4565 Alioqui,
829 4516 932 4551 non
950 4502 1019 4551 ita
1038 4501 1404 4554 Concurrisset
1426 4502 1797 4555 interrrebras

195 4588 639 4657 etdiscrepantcs
654 4589 844 4643 ritibus
866 4590 1163 4660 linguisque
1176 4602 1383 4659 gentes,
1402 4600 1616 4646 nectam
1637 4594 1796 4663 longe

195 4693 291 4743 pcr
334 4695 601 4733 novorum
656 4694 872 4747 semper
913 4682 1175 4749 graduum
1223 4681 1432 4748 objecta
1485 4684 1790 4740 transisset.

193 4769 443 4838 Denique
477 4771 537 4824 Β.
568 4770 790 4834 Paulus,
825 4786 922 4839 per
952 4772 1097 4827 hunc
1128 4774 1376 4827 eumdem
1425 4775 1675 4842 populum
1713 4776 1795 4830 di-

190 4864 530 4921 sterminans
563 4863 744 4926 ﬁdem,
776 4864 964 4918 scribit
1011 4880 1071 4919 se
1114 4867 1176 4919 ab
1224 4864 1603 4935 Hierosolymis
1631 4884 1793 4937 usque

189 4963 257 5015 ad
289 4958 593 5027 Illyricum,
629 4956 910 5030 Evangelia
937 4957 1127 5014 Christi
1155 4971 1338 5015 cuncta
1364 4961 1585 5033 replesse
1608 4962 1789 5031 (Rom.

190 5069 279 5121 xv,
320 5049 438 5122 l9).
463 5050 691 5119 Quando
714 5063 892 5106 autem
924 5053 1063 5108 istud
1090 5054 1229 5109 inter
1249 5056 1520 5119 nationes,
1552 5058 1793 5111 antmul-

192 5147 431 5202 titndine
461 5146 773 5201 innumeras
808 5145 994 5217 (Cicer.
1026 5163 1118 5214 pro
1143 5148 1219 5202 Μ.
1255 5146 1547 5220 Marcello),
1574 5158 1667 5203 aut
1689 5149 1793 5204 im-

193 5240 457 5295 manitate
493 5239 749 5295 barbaras
778 5242 1112 5296 exstitisset?
1156 5241 1283 5296 Inde
1322 5250 1424 5308 est,
1470 5243 1611 5311 quod
1648 5258 1791 5298 nunc

192 5338 360 5399 terra,
405 5345 435 5384 a
480 5332 611 5386 solis
641 5343 764 5386 ortu
791 5343 843 5386 et
877 5347 1097 5399 occasu,
1144 5334 1212 5388 ab
1256 5334 1507 5403 aquilone
1546 5344 1601 5391 et
1630 5338 1787 5404 mari,

192 5424 469 5482 Christum
512 5434 760 5491 resonat;
794 5428 936 5497 quod
981 5428 1048 5482 ad
1084 5428 1251 5484 vitam
1281 5429 1462 5483 omnia
1504 5430 1690 5485 mundi
1720 5431 1793 5485 la-

193 5524 304 5573 tera
335 5528 699 5585 concurrunt;
727 5519 853 5574 dum
883 5518 1044 5574 ﬁdem
1069 5520 1273 5584 Thrax,
1317 5522 1475 5578 ﬁdem
1506 5522 1693 5594 Libys,
1727 5523 1787 5577 ﬁ-

192 5608 316 5667 dem
351 5611 543 5682 Syrus,
574 5612 734 5667 ﬁdem
776 5620 1021 5681 receptat
1061 5612 1345 5682 Hispanus.
1384 5614 1628 5683 Magnum
1660 5629 1789 5684 ergo

192 5714 259 5758 ex
289 5704 394 5760 hoc
417 5703 612 5759 divinae
675 5706 894 5773 pietatis
934 5714 1309 5773 argumentum
1350 5714 1455 5771 est,
1496 5706 1636 5769 quod
1683 5706 1785 5759 sub

1908 4517 2103 4575 turque
2129 4502 2444 4569 jamdudum
2472 4501 2571 4553 ista
2603 4513 2740 4550 cano
2762 4498 2981 4559 strculo,
3006 4496 3196 4562 fames,
3226 4496 3489 4565 pestilen-

1901 4599 1997 4662 tia,
2027 4596 2271 4653 vastitas.
2298 4592 2461 4654 bella,
2499 4601 2756 4643 terrores.
2789 4588 2852 4640 lli
2890 4595 3015 4641 sunt
3051 4586 3104 4639 in
3133 4586 3340 4641 ultimis
3375 4586 3487 4657 jam

1900 4690 2056 4742 annis
2104 4689 2391 4753 languores
2434 4683 2538 4737 sui.
2570 4681 2705 4735 Hinc
2736 4694 2879 4749 smpe
2912 4680 3004 4734 illa
3034 4680 3157 4736 coeli
3191 4689 3490 4736 cernuntur

1899 4782 2074 4850 signa,
2092 4788 2380 4844 motusque
2409 4782 2704 4837 terrarum,
2731 4780 3052 4841 permutata:
3074 4780 3377 4842 temporum
3404 4772 3489 4827 vi-

1898 4885 2010 4939 ces,
2041 4877 2362 4923 monstrosae
2392 4863 2743 4919 animantium
2774 4862 3130 4917 fecunditates
3174 4879 3190 4918 :
3228 4878 3349 4931 quae
3377 4878 3487 4918 om-

1898 4965 1987 5018 nia
2044 4962 2223 5017 adhuc
2264 4958 2609 5030 procedentis
2643 4955 2882 5025 prodigia
2912 4964 3041 5010 sunt
3083 4955 3361 5022 temporis,
3386 4955 3488 5010 sed

1896 5056 2003 5123 iam
2049 5052 2373 5109 deﬁcientis.
2404 5052 2579 5118 Atque
2616 5047 2719 5102 hoc
2765 5061 2870 5099 non
2910 5044 3242 5099 inﬁrmitatis
3279 5055 3484 5101 nostra:

1895 5147 2101 5211 verbis,
2123 5144 2217 5199 sed
2245 5144 2411 5199 etiam
2437 5139 2753 5210 apostolica:
2774 5135 3109 5191 auctoritatis
3131 5136 3485 5191 conﬁrmatur

1895 5240 2147 5309 eloquiis.
2181 5237 2296 5290 lllic
2329 5233 2475 5289 enim
2520 5232 2717 5302 legitur
2750 5246 2764 5284 :
2799 5228 2868 5282 In
2894 5244 2988 5281 nos
3018 5227 3145 5295 ﬁnes
3171 5225 3486 5281 saeculorum

1892 5334 2206 5387 devenerunt
2235 5326 2281 5396 (l
2309 5324 2429 5380 Cor.
2455 5321 2533 5395 x).
2563 5320 2718 5390 Quod
2761 5316 3239 5388 cum‘jamdudum
3278 5318 3485 5373 dictum

1894 5426 1986 5491 sit,
2017 5422 2147 5494 quid
2186 5428 2523 5483 cunctamur,
2559 5414 2686 5486 quid
2718 5413 3141 5483 exspectamus?
3172 5410 3341 5481 Urget
3379 5424 3482 5466 nos

1892 5520 2012 5575 dies
2037 5518 2151 5582 ille,
2182 5515 2292 5583 jam
2324 5528 2431 5568 non
2453 5520 2641 5567 noster
2666 5516 2895 5574 tantum,
2928 5505 3023 5562 sed
3044 5514 3100 5561 et
3126 5503 3329 5561 szeculi.
3354 5503 3484 5559 0m-

1892 5612 1976 5669 nis
2014 5611 2144 5665 hora
2174 5607 2305 5662 illud
2341 5605 2540 5661 debitas
2574 5600 2929 5659 resolutionis
2969 5597 3224 5655 admonet
3260 5604 3479 5667 tempus

1896 5705 2125 5760 instare.
2155 5714 2276 5754 cum
2306 5697 2525 5767 ancipiti
2551 5693 2798 5765 periculo
2825 5691 2949 5748 ﬁnis
2991 5692 3258 5759 alternus,
3290 5696 3347 5745 et
3371 5687 3480 5744 dis-
