4028 6184
451 253 562 320 πε
680 241 743 253 ”
1005 259 1035 269 ⁷·
1430 251 1491 312 s.
1530 251 1858 311 EUCHERII
1893 244 2198 310 EPISCOPI
2237 253 2718 314 LUGDUNENSIS
3627 260 3735 319 72;

453 357 663 438 crimen
688 376 964 450 geminum
987 387 1154 431 unam
1203 370 1458 428 omnibus
1499 380 1732 427 mortem
1782 371 2289 435 minatur.Amine
2340 372 2590 434 absolvit.
2619 372 2806 444 Itaque
2858 371 3235 429 manifestatus
3293 379 3379 431 est
3425 371 3485 431 in
3538 391 3730 448 carne,

452 470 722 528 Incumbit
767 469 899 525 mihi
940 469 1140 523 misero
1165 467 1276 536 jam
1310 465 1496 521 mundi
1549 466 1872 531 mortalitas,
1903 475 2042 520 tam-

451 581 614 638 quam
644 565 774 620 mihi
803 580 906 618 non
935 562 1169 619 sufficiat
1193 562 1259 616 ad
1284 570 1552 616 terrorem
1585 576 1727 620 mea.
1759 561 1898 630 Quid
1927 562 2042 633 pal-

451 676 641 728 pamus
687 666 864 715 metus
923 657 1176 713 nostros?
1230 655 1522 713 Securitati
1571 656 1719 712 locus
1776 673 1885 712 non
1936 667 2043 725 est,

450 753 667 826 quando
719 750 988 810 terminus
1037 751 1092 805 in
1148 765 1248 804 nos
1304 748 1585 817 impendet
1641 749 2040 817 indifferenter,

448 847 784 917 singulorum
834 845 967 902 hinc
1011 844 1274 899 omnium.
1308 841 1427 910 Quo
1474 843 1644 912 magis
1675 851 1756 897 est
1813 844 1864 898 in
1914 844 2042 910 hoc,

447 953 556 996 non
581 938 694 1008 jam
724 938 898 992 dicam
931 935 1113 992 saeculi
1161 935 1331 998 exitu,
1363 933 1461 989 sed
1504 935 1588 989 vel
1631 935 1682 988 in
1717 934 1817 990 hoc
1857 950 2036 989 rerum

451 1031 568 1102 ejus
589 1031 827 1092 defectu,
863 1029 1139 1083 hominum
1174 1026 1475 1082 miseranda
1509 1026 1784 1092 conditio;
1818 1027 1910 1096 qui
1933 1026 2037 1082 sibi

447 1139 551 1179 nec
582 1122 890 1178 futurorum
920 1135 1071 1188 spem
1101 1118 1421 1189 gaudiorum
1461 1128 1757 1186 reponunt,
1786 1134 1906 1173 cum
1947 1119 2037 1188 ju-

444 1217 722 1275 cunditate
790 1214 1137 1287 praesentium
1196 1226 1306 1265 non
1364 1209 1629 1266 fruantur.
1691 1210 2038 1280 Voluptatem

444 1308 567 1364 vita:
595 1307 862 1364 brevioris
904 1320 1009 1360 non
1064 1304 1305 1370 capiunt,
1340 1313 1614 1372 perpetuae
1659 1316 1883 1371 sperare
1928 1318 2037 1356 non

444 1411 690 1473 possunt.
728 1400 894 1453 Bonis
928 1397 1317 1466 temporalibus
1349 1410 1453 1450 non
1481 1405 1730 1464 utuntur,
1764 1412 1894 1464 non,
1927 1412 2037 1454 non

445 1500 665 1548 utentur
691 1490 930 1545 aeternis.
966 1489 1063 1543 llic
1098 1488 1176 1544 rei
1209 1503 1423 1556 parum,
1455 1487 1568 1544 illic
1594 1488 1712 1556 Spei
1744 1487 1896 1540 nihil.
1927 1488 2033 1544 Do-

441 1582 633 1639 lendus
666 1596 888 1651 prorsus
914 1589 1076 1648 atque
1105 1579 1445 1634 miserandus
1470 1579 1704 1634 hominis
1735 1589 1906 1633 status
1933 1580 2038 1636 iste

443 1683 558 1739 est;
585 1675 682 1727 nisi
715 1672 850 1726 forte
882 1672 1042 1725 faciat
1069 1671 1138 1728 de
1177 1671 1530 1726 acerbissima
1561 1672 1874 1728 conditione
1905 1688 2035 1727 con-

2146 468 2471 537 justificatus
2511 477 2592 524 est
2633 469 2842 536 spiritu,
2868 468 3110 538 apparuit
3140 469 3371 539 angelis,
3392 457 3738 538 praedicatus

2147 574 2230 617 est
2263 563 2536 632 gentibus,
2565 560 2802 617 creditus
2831 571 2913 614 est
2961 562 3185 628 mundo,
3221 574 3532 633 assumptus
3563 577 3647 620 est
3678 568 3732 624 in

2146 656 2313 726 gloria
2349 670 2363 711 :
2396 668 2616 727 propter
2645 655 2787 725 quod
2823 654 2962 708 Deus
2997 670 3121 708 eum
3151 655 3430 720 exaltavit,
3464 669 3520 710 ut
3548 663 3729 716 omnia

2145 749 2507 804 confiteantur
2537 765 2681 808 nunc
2713 749 2761 802 in
2787 750 2946 811 caelo,
2978 749 3110 804 etin
3145 758 3309 814 terra,
3343 750 3392 803 in
3424 754 3561 806 mari
3590 763 3648 810 et
3676 756 3727 811 in

2145 844 2374 915 abyssis,
2408 844 2532 913 quia
2588 843 2845 898 Dominus
2889 841 3049 896 Jesus
3092 843 3144 895 in
3183 841 3354 913 gloria
3391 853 3490 911 est,
3525 846 3643 903 Rex
3675 857 3732 904 et

2145 938 2287 993 Deus
2315 949 2438 994 ante
2463 940 2659 993 sarcula
2691 938 2860 1011 (Phil.
2893 939 2980 1006 ιι).

2213 1030 2350 1096 Quin
2379 1039 2434 1084 tu
2466 1028 2763 1098 repudiatis
2801 1028 2910 1084 illis
2946 1026 3391 1100 philosotihorum
3439 1032 3729 1100 prmeeptis

2141 1137 2366 1192 quorum
2399 1122 2615 1176 lectioni
2645 1137 2866 1187 operam
2909 1137 2972 1173 ac
3005 1123 3277 1192 ingenium
3321 1124 3726 1195 accommodas,

2139 1217 2206 1280 ad
2253 1217 2556 1270 imbibenda
2602 1215 2893 1269 Christiani
2945 1214 3212 1280 d0giriatis
3257 1215 3435 1269 studia
3486 1218 3728 1273 animum

2139 1310 2350 1378 adjicis.
2386 1309 2497 1364 Illic
2528 1325 2761 1379 quoque,
2796 1325 2902 1377 quo
2941 1309 3191 1364 facundia
3237 1315 3324 1363 tua
3365 1319 3531 1379 atque
3576 1311 3728 1377 inge-

2139 1402 2288 1456 nium
2330 1411 2672 1464 exerceatur,
2709 1401 2989 1467 invenies;
3038 1402 3297 1472 brevique
3348 1401 3442 1454 tibi
3493 1399 3728 1471 liquebit

2139 1503 2342 1566 quanto
2376 1495 2488 1547 haec
2519 1491 2721 1564 [Forte,
2757 1509 2913 1561 quam
2957 1508 3060 1546 non
3111 1491 3254 1563 hac]
3287 1503 3487 1557 nostra,
3517 1493 3570 1548 id
3614 1502 3727 1560 est,

2137 1586 2352 1656 pietatis
2395 1587 2750 1654 veritatisque
2793 1595 3082 1655 praecepta,
3124 1585 3231 1639 illis
3280 1584 3722 1656 philosophorum

2139 1678 2426 1748 praeceptis
2451 1679 2701 1732 debeant.
2729 1678 2786 1732 In
2816 1678 2920 1732 illis
2945 1693 3175 1748 namque
3202 1694 3388 1733 eorum
3416 1679 3720 1749 przeceptis,

441 1783 628 1838 gruam
670 1765 1082 1830 necessitatem;
1117 1765 1225 1820 nisi
1253 1766 1322 1820 ob
1354 1766 1456 1819 hoc
1490 1767 1688 1836 ipsum,
1723 1766 1789 1819 ad
1821 1767 2030 1835 potiora
2061 1762 2106 1821 Β
2137 1772 2222 1825 vel
2253 1770 2570 1823 adumbrata
2603 1769 2792 1834 virtus,
2824 1769 2912 1823 vel
2939 1767 3071 1824 falsa
3096 1770 3402 1838 sapientia;
3435 1772 3488 1824 in
3523 1771 3610 1825 his
3634 1787 3722 1825 ve-

443 1862 688 1918 utilitatis
720 1877 833 1914 sua:
877 1860 1115 1916 remedia
1156 1875 1218 1917 se
1246 1859 1506 1928 eorrigat,
1529 1860 1935 1930 contendatque
1965 1861 2037 1917 ad

441 1954 536 2010 illa
581 1953 902 2008 salubrioris
960 1962 1085 2006 vota
1129 1950 1377 2017 consilii;
1410 1952 1738 2021 prasertim,
1787 1967 1909 2006 cum
1962 1954 2036 2010 ita

440 2049 733 2106 dilacerata
784 2045 1068 2116 przescntis
1119 2048 1376 2118 temporis
1405 2063 1493 2104 res
1532 2049 1623 2116 sit,
1656 2057 1714 2102 ut
1743 2049 1836 2118 qui
1875 2051 2037 2106 unius

441 2139 608 2195 futuri
663 2138 851 2196 saeculi
901 2137 1248 2194 commodum
1298 2139 1496 2210 perdit,
1520 2140 1805 2211 utriusque
1845 2142 2032 2212 perdi-

441 2232 602 2289 derit.

513 2321 806 2394 Dirigenda
841 2332 926 2380 est
955 2323 1132 2379 omnis
1157 2323 1326 2378 animi
1355 2323 1583 2379 intentio
1611 2323 1665 2378 in
1697 2338 1852 2394 spem
1883 2325 2032 2382 futu-

439 2417 489 2474 ri
516 2435 533 2476 :
568 2433 731 2485 quam
763 2433 915 2486 spem
939 2426 997 2472 ut
1023 2417 1236 2486 plenius
1263 2431 1327 2470 ac
1358 2416 1696 2472 manifestius
1727 2432 2031 2488 consequa-

437 2509 542 2577 ris,
569 2507 782 2578 aperire
813 2522 931 2562 eam
962 2508 1122 2564 etiam
1156 2507 1256 2562 sub
1293 2507 1519 2578 alicujus
1560 2508 1796 2577 exempli
1842 2509 2032 2564 condi-

440 2603 591 2658 tione
621 2616 728 2656 non
769 2601 1025 2656 abnuam.
1058 2601 1115 2655 Si
1143 2601 1228 2658 cui
1263 2600 1458 2668 aliquis
1493 2601 1732 2670 quinque
1771 2601 1934 2656 hodie
1961 2616 2030 2658 ex

439 2711 548 2752 tere
591 2693 845 2750 denarios
902 2694 1121 2760 oderat,
1173 2693 1496 2766 quingentos
1552 2709 1683 2751 vero
1733 2709 1930 2750 aureos
1975 2695 2028 2750 in

440 2790 739 2846 crastinum
771 2787 1062 2860 spondeat,
1091 2787 1478 2859 cptionemque
1521 2787 1713 2845 oli'erat
1744 2797 1925 2844 utrum
1955 2801 2032 2844 ass

438 2881 506 2936 ad
539 2897 778 2951 praesens
805 2894 1046 2946 sumere,
1074 2894 1142 2936 an
1175 2895 1365 2936 aurum
1399 2879 1585 2938 mallet
1613 2879 1666 2934 in
1697 2888 1976 2950 posterum
2011 2897 2025 2934 :

443 2973 734 3028 dubiumne
760 2985 866 3042 est,
896 2974 1032 3046 quin
1066 2979 1334 3043 prasoptet
1371 2973 1600 3044 grandia
1639 2973 1729 3027 illa
1777 2987 2028 3040 munera,

437 3081 556 3122 cum
589 3083 753 3137 parva
803 3067 988 3122 mora?
1017 3065 1104 3122 Tu
1147 3081 1363 3137 quoque
1414 3065 1596 3122 brevis
1647 3066 1808 3134 hujus
1860 3076 2024 3136 atque

2141 1877 2204 1916 ro
2242 1870 2612 1916 consummata
2647 1861 2883 1930 justitia,
2926 1859 3097 1914 solida
3139 1862 3342 1916 veritas
3391 1862 3718 1916 eontinetur.

2140 1953 2293 2010 Unde
2325 1955 2451 2009 licet
2479 1953 2661 2008 dicere
2695 1953 3050 2023 philosophia:
3079 1955 3213 2008 alios
3237 1970 3431 2010 nomen
3465 1971 3722 2024 usurpas-

2137 2061 2222 2115 se,
2251 2063 2350 2100 nos
2380 2048 2565 2100 vitam.
2603 2045 2815 2099 Etenim
2856 2045 3036 2114 qualia
3082 2046 3149 2098 ab
3201 2045 3282 2100 his
3329 2047 3444 2100 dari
3495 2054 3719 2114 possunt

2137 2148 2406 2210 praecepta
2465 2138 2722 2192 vivendi?
2775 2138 3005 2193 Causam
3075 2139 3334 2192 nesciunt.
3395 2137 3715 2207 lgnorautes

2136 2235 2278 2289 enim
2302 2233 2497 2296 Deum,
2525 2243 2578 2287 et
2606 2231 2786 2287 statim
2827 2233 2892 2285 ab
2931 2231 3154 2286 exordio
3187 2232 3406 2299 iustitia:
3437 2232 3719 2287 declinau-

2138 2336 2240 2389 tes,
2269 2323 2627 2392 consequenti
2653 2323 2706 2378 in
2749 2333 2947 2378 caetera
2997 2322 3240 2378 feruntur
3285 2338 3498 2378 errore.
3528 2322 3623 2378 Sic
3659 2323 3718 2377 fit

2135 2425 2323 2486 postea
2356 2424 2413 2469 ut
2455 2415 2754 2469 studiorum
2805 2415 2988 2468 talium
3026 2413 3145 2468 finis
3179 2415 3249 2468 sit
3274 2415 3500 2467 vanitas.
3532 2414 3587 2469 Si
3621 2413 3718 2482 qui

2133 2507 2274 2578 apud
2318 2507 2439 2561 illus
2482 2506 2795 2561 honestiora
2844 2506 3126 2572 definiunt,
3161 2507 3285 2561 huic
3319 2506 3592 2574 iactantia:
3618 2507 3717 2560 de-

2133 2602 2399 2665 serviunt,
2431 2601 2556 2654 huic
2597 2599 2879 2653 laborant:
2908 2602 2978 2653 ita
3023 2598 3161 2669 apud
3178 2614 3271 2654 eos
3300 2615 3405 2654 non
3437 2612 3519 2654 est
3548 2614 3717 2654 vacua

2134 2695 2278 2749 vitiis
2325 2694 2650 2749 abstinentia
2703 2695 2980 2748 vitiorum.
3039 2694 3100 2748 lli
3156 2696 3337 2765 itaque
3385 2704 3532 2759 sunt,
3574 2695 3716 2749 sicut

2133 2789 2394 2856 scriptum
2425 2785 2634 2857 εει,ᾳυὶ
2652 2797 2855 2841 terrena
2885 2787 3093 2856 sapiunt
3115 2786 3286 2856 (Phil.
3315 2803 3393 2854 tu,
3422 2788 3530 2858 19).
3562 2787 3717 2843 [Inde

2132 2879 2747 2935 manifesteosteuditnr
2768 2894 2948 2933 veram
2987 2881 3383 2948 eosjustitiam,
3417 2896 3594 2936 veram
3624 2895 3713 2935 sao

2132 2974 2389 3044 pientiam
2443 2990 2548 3026 non
2586 2975 2795 3028 videre.
2827 2974 2980 3028 Anne
3011 2974 3202 3042 aliqnis
3233 2990 3298 3028 ex
3333 2974 3420 3028 illa
3450 2974 3710 3044 Aristippi

2132 3066 2321 3122 schola
2351 3067 2634 3120 veritatem
2669 3065 2892 3133 videbit,
2923 3066 3018 3134 qui
3047 3067 3262 3136 ingenio
3307 3083 3404 3122 suo
3442 3083 3474 3123 a
3518 3068 3711 3122 suibus

438 3169 662 3216 aeterna
687 3161 812 3216 vita:
835 3159 1148 3216 conditione
1180 3169 1487 3229 perspecta,
1510 3173 1614 3213 non
1641 3159 1810 3230 eligas
1832 3173 2028 3227 capere
2055 3141 2101 3204 Ο
2133 3168 2226 3216 aut
2249 3175 2447 3231 pecore
2475 3160 2609 3214 nihil
2640 3159 2844 3228 differt,
2868 3174 2989 3214 cum
3023 3160 3412 3215 beatitudinem
3445 3163 3496 3216 iu
3524 3176 3715 3228 corpo-

436 3255 586 3320 vilia,
618 3269 742 3310 cum
795 3270 1014 3322 sperare
1057 3253 1230 3321 possis
1283 3253 1539 3322 pretiosa.
1585 3251 1704 3310 Non
1760 3245 1845 3308 est
1896 3255 2029 3309 tanti

437 3349 734 3417 sumpsisse
761 3364 943 3416 parva,
977 3348 1161 3418 quanti
1197 3355 1281 3402 est
1316 3355 1656 3416 exspectare,
1681 3361 1805 3413 quae
1834 3363 2031 3420 magna

438 3450 582 3492 sunt.
614 3439 766 3504 Quod
799 3439 844 3492 si
871 3454 1034 3492 omne
1057 3439 1157 3492 hoc
1189 3437 1395 3506 fragile,
1431 3438 1574 3507 quod
1606 3439 1656 3493 in
1692 3440 1895 3494 mundo
1921 3448 2026 3506 est,

438 3541 494 3586 et
523 3530 790 3596 videmus,
817 3541 871 3584 et
898 3531 1140 3600 capimus
1163 3530 1313 3600 (spei
1352 3547 1480 3586 vero
1510 3546 1540 3585 a
1573 3533 1846 3602 sperando
1886 3534 2029 3590 indi-

438 3631 552 3679 tum
581 3637 776 3676 nomen
806 3620 940 3693 est),
979 3621 1322 3676 manifestum
1353 3632 1436 3678 est
1478 3639 1815 3694 nequaquam
1845 3626 1898 3679 in
1927 3627 2029 3681 hoc

437 3715 642 3772 sarculo
680 3729 831 3785 spem
884 3715 1171 3784 possideri,
1204 3715 1258 3769 in
1301 3731 1408 3785 quo
1457 3716 1542 3772 bis
1584 3732 1706 3785 qum
1756 3719 2028 3772 intuemur

434 3809 690 3864 fruimur.
725 3808 859 3877 Spes
879 3809 1016 3863 enim
1056 3825 1172 3880 qua
1224 3808 1426 3863 videtur
1470 3826 1574 3864 non
1617 3820 1692 3864 est
1721 3827 1855 3880 spes.
1887 3810 2028 3864 Nam

433 3902 549 3971 quis
595 3901 730 3971 quod
777 3902 914 3956 videt
961 3900 1086 3972 quid
1130 3911 1300 3974 sperat
1331 3901 1511 3971 (Rom.
1561 3917 1675 3968 VIII,
1708 3903 1837 3969 2-6)?
1884 3903 2026 3970 Ergo

433 4009 790 4063 quaecumque
820 3995 910 4048 illa
940 4007 1066 4062 spes
1089 3994 1254 4048 rebus
1283 3992 1538 4047 miscetur
1570 3991 1843 4055 humanis,
1877 4008 2026 4062 quae-

433 4085 601 4139 renda
627 4094 712 4138 est
757 4084 809 4138 in
860 4084 1100 4138 futurum
1135 4101 1150 4136 :
1177 4083 1439 4154 alioquin,
1472 4098 1573 4138 nec
1603 4098 1728 4152 spes
1758 4085 2024 4156 appellari

433 4182 631 4244 poteSI,
660 4173 708 4230 si
733 4189 840 4227 non
874 4186 1144 4243 speratur.

502 4267 688 4335 Itaque
719 4264 1153 4325 manifestiorem
1185 4266 1236 4322 in
1269 4264 1512 4322 futurum
1554 4281 1668 4322 rem
1700 4271 1815 4338 spei
1845 4271 2024 4340 sequi-

431 4375 747 4430 mur,quam
773 4373 923 4428 spem
949 4358 1027 4413 rei
1055 4358 1106 4414 in
1131 4358 1488 4428 praesentibus
1519 4361 1854 4430 experimur.
1881 4362 2023 4417 Ecce

345 4479 348 4482 ·
430 4468 495 4509 ea
539 4467 661 4525 qua
692 4452 847 4507 nobis
887 4453 940 4507 in
971 4453 1116 4522 ipsos
1146 4453 1438 4508 oculorum
1473 4453 1828 4508 admoventur
1857 4455 2017 4509 obtu-

431 4555 539 4612 tus,
573 4563 680 4602 non
707 4547 954 4603 absolute
982 4546 1135 4615 quasi
1163 4545 1442 4616 Oppressis
1464 4546 1670 4600 visibus
1693 4547 2008 4613 intuemur;

432 4641 601 4696 multo
643 4655 774 4696 vero
819 4641 1026 4697 certius
1066 4640 1122 4694 in
1165 4654 1228 4694 ea
1274 4653 1394 4708 qum
1443 4639 1656 4694 eminus
1688 4637 2011 4708 offeruntur,

428 4732 578 4790 velut
607 4732 876 4801 expeditis
898 4730 1195 4786 luminibus
1222 4729 1555 4785 intendimus
1589 4747 1603 4782 :
1635 4732 1707 4784 ita
1737 4730 1852 4786 fere
1882 4747 2016 4786 eve-

429 4825 578 4882 nisse
602 4827 669 4881 de
701 4825 1059 4895 praesentibus
1100 4822 1406 4891 futurisque
1453 4839 1561 4878 non
1607 4833 1692 4878 est
1736 4826 2015 4896 ambigen-

427 4920 574 4977 dum.
607 4919 742 4976 Nam
786 4919 1073 4990 praesentia
1119 4926 1395 4986 tamquam
1436 4918 1491 4972 in
1547 4920 1732 4972 oculos
1785 4920 2010 4985 ingesta,

425 5025 534 5066 non
573 5022 716 5068 recte
756 5019 1089 5074 cernuntur;
1116 5009 1296 5064 futura
1332 5004 1704 5078 tamquam'ab
1733 5010 1902 5064 oculis
1929 5025 2016 5064 re-

425 5104 606 5172 ducta,
653 5104 1096 5160 manifestissime
1157 5103 1581 5173 perspiciuntur.
1637 5103 1824 5172 Neque
1874 5103 2012 5157 hanc

423 5196 684 5254 ﬁduciam
709 5196 1050 5262 futurorum,
1079 5197 1291 5251 incerto
1335 5204 1558 5251 auctore
1611 5197 2008 5266 praesumimus,

421 5291 520 5348 sed
549 5291 779 5350 Domino
807 5300 996 5348 nostro
1016 5291 1142 5346 Iesu
1165 5287 1406 5356 Christo,
1427 5288 1714 5346 verissimo
1744 5305 2009 5360 sponsore

420 5383 693 5453 veritatis,
717 5384 809 5453 qui
835 5383 997 5453 justis
1040 5381 1440 5438 interminabile
1478 5397 1703 5453 regnum
1749 5389 1804 5440 et
1831 5385 2010 5455 ampla

419 5475 751 5534 beatissima
781 5477 1105 5534 aeternitatis
1137 5476 1356 5544 praemia
1390 5475 1703 5544 pollicetur;
1732 5477 1821 5546 qui
1846 5480 2010 5534 etiam

420 5585 519 5642 per
547 5569 822 5630 ineliabiie
866 5578 1274 5626 sacramentum.
1306 5579 1599 5641 assumpta:
1627 5574 1831 5637 carnis,
1862 5571 2008 5628 idem

418 5664 584 5722 homo
615 5679 668 5722 et
697 5666 868 5729 Deus,
905 5664 1284 5726 reconciliavit.
1321 5663 1596 5720 hominem
1627 5665 1771 5730 Deo;
1805 5680 1868 5720 ac
1899 5682 2012 5721 ma-

419 5770 530 5831 gno
557 5756 979 5824 absconditoque
1017 5755 1280 5828 mysterio
1308 5754 1584 5825 passionis
1620 5755 1881 5810 mundum
1903 5758 2008 5812 cri-

2131 3254 2208 3308 ris
2237 3253 2509 3322 voluptate
2531 3252 2859 3307 constituat:
2882 3253 2966 3306 cui
2996 3251 3134 3306 Deus
3156 3252 3326 3306 venter
3352 3262 3446 3317 est,
3466 3261 3513 3306 et
3542 3252 3714 3324 gloria

2136 3344 2325 3416 (Ibid.)
2359 3346 2414 3400 in
2462 3344 2724 3414 pudendis
2757 3343 2903 3414 ejus?
2934 3344 3032 3399 ilic
3079 3343 3363 3399 honestum
3396 3344 3716 3414 justumque

2132 3439 2431 3508 prazcipiet.
2463 3438 2604 3505 apud
2635 3452 2793 3506 quem
2833 3438 3105 3507 prodigus,
3140 3438 3466 3506 impudicus,
3494 3439 3711 3494 adulter

2135 3531 2590 3600 philosoiihatur?
2620 3529 2724 3582 Sed
2771 3529 2908 3583 alius
2950 3530 3210 3584 adversus
3242 3530 3586 3599 philosophos
3624 3530 3711 3586 di-

2129 3624 2286 3678 cendi
2318 3624 2469 3678 locus
2498 3633 2835 3688 reservetur;
2865 3637 2964 3692 ego
2990 3623 3060 3677 ad
3101 3622 3218 3678 haec
3251 3624 3459 3679 veniam
3485 3635 3713 3694 propter.

2129 3731 2249 3786 quae
2281 3725 2457 3771 tecum
2489 3716 2699 3785 IOquor.

2199 3809 2399 3862 Omitte
2427 3809 2536 3876 jam
2570 3807 2710 3875 illas,
2738 3806 2933 3876 quibus
2974 3805 3290 3872 oblectaris,
3339 3807 3576 3863 maxime
3614 3822 3708 3877 ge-

2129 3901 2341 3954 nerales
2372 3915 2556 3952 eorum
2586 3899 2906 3965 sententias,
2930 3898 3164 3952 breviter
3189 3914 3253 3953 ex
3286 3900 3432 3953 omni
3465 3900 3707 3967 diSputa-

2129 3992 2288 4047 tionis
2308 4005 2508 4060 genere
2535 3991 2813 4056 colleCtas,
2841 3999 3004 4060 atque
3025 3990 3090 4044 ad
3118 3989 3294 4044 studia
3319 3999 3374 4045 te
3399 3999 3708 4047 nostrorum

2125 4093 2182 4140 et
2211 4085 2412 4151 scripta
2458 4093 2735 4136 converte.
2778 4082 2884 4148 Ibi,
2916 4091 2969 4136 tu
3015 4082 3240 4152 Optime,
3285 4094 3468 4152 pectus
3523 4092 3700 4153 tuum,

2125 4177 2415 4232 multifaria
2445 4177 2803 4231 instructione
2827 4177 3066 4231 satiabis.
3099 4177 3198 4244 lbi,
3232 4178 3298 4231 ad
3331 4179 3708 4235 inculcandam

2124 4274 2310 4338 ﬁdem,
2344 4289 2450 4328 non
2480 4273 2561 4327 bis
2588 4273 2809 4343 quidem
2843 4273 3046 4340 verbis,
3070 4271 3165 4326 sed
3193 4284 3370 4327 tamen
3396 4274 3496 4328 ista
3522 4274 3707 4328 dicen-

2124 4378 2212 4423 tur
2242 4369 2338 4423 tibi
2365 4387 2377 4421 :
2414 4368 2647 4423 Verbum
2675 4367 2794 4430 Dei,
2820 4366 2911 4435 qui
2940 4382 3044 4421 non
3078 4365 3274 4434 credit,
3305 4382 3408 4420 non
3433 4367 3704 4436 intelligit.

2124 4459 2224 4526 lbi,
2257 4470 2312 4515 tu
2362 4461 2729 4515 admonebere
2755 4475 2769 4511 :
2804 4459 3110 4524 Dominum,
3140 4460 3264 4526 quia
3295 4457 3574 4512 Dominum
3603 4475 3704 4511 vo-

2124 4570 2237 4619 cas,
2261 4565 2484 4618 metue;
2518 4555 2641 4622 quia
2672 4563 2902 4621 patrem,
2936 4552 3119 4622 dilige.
3155 4551 3263 4618 Ibi,
3306 4562 3360 4605 tu
3402 4566 3561 4605 veras
3603 4551 3703 4605 bo-

2125 4650 2260 4702 stias
2289 4647 2488 4714 disces,
2519 4645 2785 4700 audiendo
2819 4663 2831 4697 :
2872 4645 3253 4712 Acceptissima
3287 4645 3397 4698 Deo
3435 4644 3697 4700 sacrifnia

2123 4751 2271 4807 sunt,
2297 4739 2510 4809 justitia
2537 4747 2593 4793 et
2613 4737 3008 4793 misericordia.
3039 4737 3138 4802 Ibi,
3173 4737 3266 4790 tibi
3297 4737 3436 4790 istud
3468 4737 3688 4792 insinua-

2123 4833 2268 4887 bitur
2300 4851 2311 4884 :
2346 4833 2400 4886 Si
2427 4847 2578 4886 amas
2602 4842 2674 4900 te,
2710 4831 3014 4900 proximum
3038 4830 3230 4899 dilige;
3257 4831 3347 4900 qui
3372 4832 3503 4885 nihil
3535 4833 3700 4899 magis

2121 4924 2422 4978 commodis
2454 4926 2561 4978 tuis
2589 4923 2764 4986 dabis,
2797 4938 2956 4992 quam
2988 4922 3130 4994 quod
3163 4923 3460 4977 contuleris
3487 4924 3697 4978 alienis.

2120 5017 2216 5083 lbi,
2253 5018 2351 5072 tibi
2390 5018 2758 5087 praecipietur,
2805 5017 3004 5071 nullam
3057 5031 3179 5071 esse
3223 5031 3439 5070 causam
3485 5026 3590 5070 tam
3620 5017 3701 5069 di-

2120 5127 2278 5180 gnam
2309 5120 2486 5181 putes,
2515 5125 2616 5178 qua
2664 5109 2757 5164 tibi
2782 5111 2924 5178 jUSla
2967 5109 3057 5163 fiat
3088 5123 3232 5163 mors
3279 5109 3531 5164 hominis.
3563 5109 3696 5176 lllic,

2119 5202 2383 5258 adversus
2424 5203 2607 5257 illicita
2639 5202 2948 5257 moneberis
2984 5219 2996 5253 :
3033 5201 3263 5254 Libidini
3307 5205 3521 5264 resiste,
3556 5210 3698 5256 tam-

2117 5312 2277 5368 quam
2311 5297 2454 5351 hosti
2503 5293 2876 5359 acerbissimo,
2902 5293 2991 5363 qui
3039 5293 3299 5347 insultare
3331 5293 3506 5355 victis,
3533 5292 3698 5348 etiam

2115 5389 2439 5444 contumelia
2471 5389 2737 5458 corporis,
2762 5387 3013 5458 gaudeat.
3053 5385 3188 5452 Illic,
3220 5403 3288 5440 ne
3324 5387 3697 5454 concupiscas,

2119 5481 2261 5535 istud
2294 5479 2613 5534 edoceberis
2638 5497 2652 5536 :
2680 5479 2872 5532 Melius
2905 5486 2985 5532 est
3015 5478 3158 5531 nolle
3185 5493 3306 5546 quae
3339 5493 3444 5530 non
3474 5477 3696 5547 habeas,

2115 5587 2274 5642 quam
2309 5572 2506 5626 habere
2537 5587 2657 5642 quae
2684 5571 2838 5625 velis.
2872 5569 3004 5636 Illic,
3035 5585 3103 5624 ne
3131 5569 3410 5634 irascaris,
3431 5570 3531 5626 hoc
3553 5574 3695 5642 inge-

2128 5663 2262 5722 intur
2299 5681 2314 5723 :
2350 5667 2454 5734 Qui
2500 5676 2820 5736 provocatus
2882 5666 3150 5730 irascitur,
3193 5671 3323 5719 tunc
3363 5665 3540 5720 solum
3592 5679 3696 5721 non

2122 5759 2398 5824 irascitur,
2430 5774 2557 5813 cum
2579 5773 2687 5813 non
2718 5764 3065 5829 provocatur.
3097 5755 3175 5812 Ibi
3201 5758 3387 5825 etiam,
3418 5756 3489 5813 de
3513 5755 3692 5811 inimi-

4003 3379 4010 3422 i

4003 3423 4010 3494 ξ
