4028 6184
279 218 396 279 ’125

969 197 1304 275 E‘PISTOLA
1342 211 1812 274 pamusrtca
1853 215 1946 271 111
1991 214 2435 274 VALERIANUM
2471 202 2868 279 cocuntur.

3466 234 3578 297 ’126

281 339 363 391 eis
423 325 615 391 audies
649 351 662 387 :
694 333 892 389 Amato
935 347 1045 388 non
1097 343 1393 400 amantem,
1427 336 1551 404 quia
1601 341 1868 387 amantem
1897 339 1949 397 Α
1977 333 2121 387 lator
2144 342 2383 399 tuorum,
2409 334 2590 391 inania
2621 337 2964 405 fastidias,et
2984 339 3160 396 solida
3188 347 3568 417 concupiscas.

281 429 376 482 vix
413 429 552 484 ullus
577 441 683 482 non
715 435 884 484 amat.
915 425 1054 493 Illic,
1087 427 1288 498 saepius
1323 427 1378 481 id
1417 427 1512 481 tibi
1545 426 1829 481 iterabitur
1857 443 1872 480 :

281 521 633 576 Tltesaurum
666 521 712 575 is
752 520 893 576 bene
929 520 1198 584 recondit,
1230 521 1318 588 qui
1351 519 1713 589 indigentibus
1740 519 1875 574 divi.

283 613 386 667 dit.
420 613 656 668 Perdere
691 612 834 667 enim
868 611 980 682 jam
1021 629 1130 667 non
1167 612 1389 681 poterit,
1425 610 1568 681 quod
1598 609 1878 681 largiendo

280 705 605 761 collocavit.
641 705 754 759 lllic
787 704 952 759 etiam
986 705 1228 760 feliciora
1261 703 1602 772 suadeberis,
1636 718 1757 757 cum
1791 701 1875 756 di-

280 805 441 853 cetur
465 814 483 851 :
517 797 784 853 Fidelium
813 798 1187 869 coniugiorum
1227 797 1436 854 fruct-us
1473 805 1558 852 est
1585 794 1876 850 continen-

281 892 376 946 tia.
423 891 525 958 lbi,
576 899 633 946 tu
674 891 1029 946 discernenda
1088 906 1409 961 cognosces,
1462 905 1586 946 cum
1639 888 1871 943 audies:

277 984 417 1040 Mala
451 985 632 1038 sa’culi
660 983 820 1054 hujus
841 984 1005 1053 justis
1031 985 1356 1054 iujustisque
1376 979 1698 1053 {communia
1724 991 1869 1034 sunt.

276 1077 385 1144 Ibi,
422 1079 520 1134 tibi
556 1077 694 1132 istud
721 1077 1048 1132 audiendum
1073 1076 1334 1132 offeretur
1365 1094 1379 1130 :
1410 1076 1580 1145 Major
1609 1073 1873 1146 aegritudo

278 1182 366 1228 est
397 1173 660 1239 languere
708 1172 943 1224 animam
994 1170 1160 1230 vitiis,
1193 1185 1353 1238 quam
1398 1184 1596 1236 corpus
1638 1166 1870 1220 morbis.

279 1265 383 1330 111,
416 1264 511 1318 11111
544 1265 607 1316 ad
636 1262 1120 1318 commendandam
1149 1276 1337 1330 pacem
1384 1259 1525 1314 istud
1553 1257 1872 1329 pronuntia-

276 1356 470 1410 bitur:
506 1354 918 1423 [inpatientibus
963 1351 1259 1406 similitudo
1298 1366 1534 1412 morum.
1575 1364 1736 1405 causa
1765 1350 1876 1402 dis-

277 1447 506 1502 cordiae.
538 1447 635 1510 lbi,
673 1461 740 1500 ne
786 1445 1032 1514 sequaris
1070 1444 1260 1507 malos,
1292 1443 1435 1497 istud
1470 1443 1661 1495 audies
1697 1437 1873 1494 :Pru-

276 1541 505 1596 dentem
555 1549 611 1594 et
655 1539 873 1608 sapiens
931 1537 1205 1592 informat.
1240 1546 1291 1590 et
1339 1536 1569 1599 stultus;
1602 1535 1692 1587 ille
1746 1531 1873 1602 quid

274 1634 605 1688 imitandum
656 1631 725 1685 sit
781 1629 979 1694 docet;
1021 1630 1124 1682 iste
1169 1627 1295 1696 quid
1348 1625 1781 1679 vitandum.lllic
1819 1632 1875 1677 et

1980 424 2546 496 lmprudentissimum
2593 440 2710 499 est,
2760 447 2882 488 cum
2931 448 3031 503 pro
3081 435 3239 491 nobis
3293 437 3409 495 fere
3461 449 3573 502 tam

1981 519 2154 573 multa
2185 520 2328 575 Deus
2381 521 2591 593 fecerit,
2623 523 2756 578 nihil
2805 527 3172 596 nosmetipsos
3223 528 3417 585 fecisse
3473 548 3571 602 pro

1981 612 2169 679 nobis;
2201 619 2433 682 cumque
2463 616 2557 670 ille
2594 619 2647 670 in
2700 617 2961 687 operibus
3006 621 3120 674 suis
3173 621 3242 675 ad
3289 625 3573 682 commoda

1979 705 2212 760 humana
2243 709 2574 775 respexerit,
2608 708 2881 772 hominem
2920 711 3070 766 nolle
3106 711 3212 767 sibi
3255 715 3566 772 consulere.

1979 796 2320 853 Consulimus
2352 813 2505 864 vero,
2535 800 2580 853 si
2610 813 2710 855 nos
2745 801 2799 855 in
2829 799 2926 856 Dei
2963 803 3167 858 cultum
3208 803 3571 876 affectumque

1979 889 2283 945 reddimus.
2312 889 2452 945 Vera
2485 890 2686 961 quippe
2726 893 3003 948 beatitudo
3043 903 3149 961 est,
3182 897 3363 950 saeculi
3392 897 3571 952 beati-

1978 982 2220 1038 tudinem
2265 997 2548 1052 spernere,
2584 985 2952 1056 neglectisque
3006 990 3243 1043 terrenis
3292 991 3343 1042 in
3387 990 3571 1048 divina

1976 1074 2224 1146 ﬂagrare.
2259 1076 2650 1147 Proinde,jam
2705 1093 2849 1132 nunc
2902 1079 3080 1132 omnia
3132 1080 3276 1136 dicta
3323 1080 3570 1151 factaque

1977 1173 2069 1221 tua
2093 1167 2161 1221 ad
2185 1168 2353 1222 Deum
2381 1168 2465 1222 vel
2491 1178 2710 1236 prepter
2742 1168 2910 1222 Dettm
2945 1167 3137 1238 dirige.
3163 1170 3361 1225 Obtine
3387 1181 3445 1224 ut
3472 1173 3570 1229 tibi

1975 1275 2162 1315 comes
2200 1275 2417 1329 semper
2445 1263 2515 1314 sit
2544 1261 2653 1326 illa,
2683 1270 2737 1316 et
2783 1263 2876 1316 tibi
2929 1275 3112 1318 custos
3147 1268 3268 1319 erit.
3305 1265 3424 1320 Jam
3456 1266 3565 1322 fida

1977 1363 2062 1408 est
2090 1355 2421 1409 innocentia.
2457 1353 2704 1424 Magnum
2735 1363 2821 1408 est
2856 1356 3110 1410 virtutem
3153 1359 3326 1425 sequi,
3358 1374 3569 1428 uosque

1977 1447 2027 1501 ei
2059 1447 2260 1517 aliquid
2293 1463 2390 1517 pro
2420 1448 2563 1501 virili
2606 1449 2858 1516 portione
2902 1449 3174 1505 conferre.
3203 1450 3314 1506 Nec
3365 1468 3570 1519 paven-

1978 1539 2109 1593 dutn
2138 1549 2222 1594 est
2270 1555 2336 1596 ne
2367 1556 2426 1596 se
2457 1541 2525 1594 ab
2576 1541 2660 1594 bis
2691 1557 2809 1609 quae
2843 1556 2942 1595 usu
2983 1542 3322 1596 inolevcrunt
3357 1545 3570 1601 animus

1981 1648 2075 1701 per
2100 1634 2380 1689 meliorem
2412 1633 2576 1688 vitam
2612 1649 2720 1688 non
2745 1634 2917 1687 valeat
2943 1634 3249 1689 absolvere.
3282 1635 3430 1690 idem
3454 1636 3567 1706 ille,

274 1726 382 1780 ista
413 1723 767 1793 proferuntur
796 1737 811 1775 :
845 1719 1004 1774 Muita
1034 1731 1258 1788 prosunt
1303 1717 1711 1780 nescientibus;
1748 1717 1875 1771 ideo
1906 1719 1952 1778 B
1980 1724 2064 1778 cui
2107 1725 2380 1780 sanandos
2421 1741 2516 1780 nos
2551 1727 2884 1795 tuendosque
2916 1727 3216 1787 ()ﬂ'erimus,
3248 1728 3393 1782 vires
3423 1745 3570 1795 pm;-

277 1830 390 1870 non
439 1817 617 1869 minor
648 1822 732 1867 est
761 1813 854 1867 Dei
887 1813 939 1865 in
971 1819 1161 1880 Operto
1202 1826 1359 1878 quant
1394 1809 1446 1862 in
1497 1817 1683 1878 aperto
1723 1806 1877 1861 beni-

274 1905 484 1977 gnitas.
536 1905 648 1960 Illic
699 1903 1075 1959 admoneheris
1111 1921 1121 1954 :
1151 1900 1368 1957 Gratius
1415 1901 1530 1954 Deo
1565 1917 1671 1952 111111
1707 1898 1876 1967 magis

274 1998 330 2053 in
354 2000 634 2067 prosperis
657 2009 784 2066 agas
810 2012 966 2064 quam
993 1997 1044 2048 iu
1082 1994 1358 2058 adversis;
1385 2001 1578 2046 etcum
1613 2004 1872 2060 prospera

273 2093 406 2155 sint,
446 2103 501 2145 te
531 2107 634 2144 non
663 2090 928 2145 meruisse
958 2089 1196 2142 fatearis.
1230 2087 1368 2156 11110,
1391 2088 1482 2140 tibi
1509 2085 1669 2140 etiam
1700 2099 1880 2140 remo-

274 2183 418 2239 tiora
450 2183 727 2255 patefient,
757 2197 879 2237 cum
907 2183 1009 2236 ista
1044 2179 1482 2251 praedicabuntur
1509 2199 1519 2232 :
1551 2179 1739 2233 Fatum
1769 2193 1876 2233 non

275 2293 427 2345 esse,
463 2281 801 2347 interrogent
842 2288 1030 2347 gentes
1061 2276 1142 2330 vel
1180 2275 1326 2344 leges
1354 2289 1518 2339 suas;
1544 2290 1662 2343 qua:
1694 2274 1878 2342 utique

274 2386 387 2425 non
422 2371 672 2438 puniunt,
703 2371 807 2424 nisi
851 2369 1115 2423 factorum
1157 2367 1511 2421 voluntatem.
1543 2363 1655 2419 lllic
1689 2364 1876 2417 audies

273 2464 342 2518 ad
377 2465 796 2520 custodiendam
847 2465 1134 2532 puritatem
1177 2471 1229 2515 et
1263 2463 1362 2515 ista
1395 2460 1615 2530 praecipi
1647 2477 1660 2514 :
1705 2458 1761 2514 Si
1794 2458 1878 2513 vis

275 2571 404 2612 esse
433 2570 624 2621 verax,
647 2555 896 2622 suspicax
927 2568 1032 2606 non
1056 2553 1184 2606 eris.
1203 2553 1316 2607 Non
1339 2556 1484 2610 enim
1511 2554 1874 2624 suspicamur,

276 2651 384 2705 nisi
440 2647 582 2717 quod
639 2647 926 2702 nescimus.
957 2646 1053 2711 lbi,
1085 2645 1154 2701 dc
1204 2647 1609 2702 sublimioribus
1660 2659 1877 2716 quoque

275 2741 427 2798 istud
453 2740 640 2795 audies
665 2755 681 2795 :
715 2740 822 2795 Deo
849 2752 1029 2796 mente
1051 2739 1281 2806 deﬁxus,
1317 2755 1347 2794 a
1379 2741 1724 2809 passionibus
1749 2755 1874 2794 cum

276 2837 554 2903 titillatur,
584 2836 781 2892 acmlo
825 2838 875 2891 in
931 2848 1128 2891 terram
1180 2835 1510 2890 devolvitur.
1549 2837 1624 2890 lbi
1671 2835 1768 2889 tibi
1818 2842 1876 2889 et

276 2930 400 2986 haec
433 2930 880 2984 memorabuntur
912 2948 924 2982 :
962 2931 1093 2983 Cum
1129 2930 1215 2982 hic
1257 2930 1379 2983 mali
1416 2928 1691 2983 interdum
1732 2927 1875 2982 bona

278 3023 524 3091 capiant,
554 3021 680 3075 boni
731 3021 890 3075 malis
937 3020 1302 3085 afflictentur;
1351 3020 1443 3088 qui
1487 3020 1726 3074 futurum
1777 3016 1874 3071 Dei

1981 1826 2090 1872 stat
2110 1818 2348 1873 afl‘ectui.
2381 1818 2537 1873 Unde
2567 1830 2744 1871 autem
2771 1819 2792 1871 ‘l
2823 1828 2884 1871 ut
2914 1819 2997 1872 vel
3026 1820 3383 1873 aestimatione
3422 1836 3571 1875 com-

1980 1907 2324 1979 prehendere
2345 1909 2518 1962 valeat
2538 1910 2817 1979 quisquam
2843 1909 3145 1963 futurorum
3179 1913 3572 1967 remuneratio-

1981 2017 2103 2056 nem
2135 2001 2423 2054 bonorum.
2461 2002 2596 2055 Ecce
2623 2001 2827 2070 divina,
2858 2011 2912 2054 ut
2934 2003 3227 2068 cernimus,
3250 2004 3571 2059 munificen-

1980 2091 2091 2156 tia,
2148 2092 2358 2146 cunctis
2407 2092 2774 2161 promiscuum
2836 2107 2989 2146 usum
3043 2092 3380 2148 charissima:
3434 2095 3571 2149 lucis

1980 2185 2227 2240 indulsit.
2258 2184 2424 2238 Datur
2475 2185 2564 2254 pio
2611 2196 2666 2240 et
2715 2185 2883 2252 impio
2927 2200 3264 2239 comntuncm
3314 2197 3571 2255 spectare

1980 2276 2181 2340 solem;
2216 2277 2466 2331 omnibus
2496 2284 2746 2330 creatura
2779 2276 3094 2330 famulatum
3128 2291 3283 2330 suum
3314 2276 3565 2344 benignis

1980 2375 2160 2421 servat
2185 2363 2401 2434 officiis,
2447 2365 2717 2421 bonorum
2751 2367 3128 2437 malorumque
3179 2368 3344 2422 totius
3384 2366 3575 2424 mundi

1981 2457 2271 2514 indiscreta
2307 2458 2578 2527 possessio
2607 2466 2710 2513 est.

2051 2548 2184 2605 Cum
2217 2549 2301 2604 1110
2335 2550 2496 2616 igitur
2521 2560 2631 2605 tam
2655 2549 2914 2620 praeclara
2935 2549 3079 2605 Deus
3099 2549 3262 2619 justis
3292 2551 3497 2620 pariter
3517 2557 3576 2608 et

1983 2641 2195 2713 iniustis
2228 2643 2453 2708 tribuat,
2485 2643 2662 2713 qualia
2707 2651 2834 2698 sunt
2884 2643 3118 2711 putanda
3149 2658 3266 2712 qua:
3292 2642 3456 2711 justis
3486 2657 3576 2698 re-

1979 2734 2200 2788 servat?
2230 2733 2674 2800 Consideremus,
2707 2734 2798 2804 qui
2845 2745 2990 2787 tanta
3031 2733 3204 2798 dedit,
3240 2744 3437 2802 quanta
3481 2749 3574 2789 re-

1979 2827 2203 2892 stituet;
2236 2827 2328 2895 qui
2353 2835 2460 2880 tam
2502 2839 2731 2896 magnus
2753 2835 2833 2879 est
2867 2825 2922 2878 111
2948 2825 3127 2890 donis,
3158 2839 3318 2893 quam
3349 2838 3574 2892 magnus

1978 2921 2084 2974 erit
2114 2920 2166 2972 in
2201 2917 2458 2988 praemiis.
2478 2917 2534 2971 Si
2562 2925 2672 2970 tam
2705 2917 3098 2970 inaestimabilis
3123 2925 3206 2968 est
3237 2916 3576 2970 munerantis

1978 3009 2304 3077 benignitas,
2344 3022 2464 3078 quae
2509 3007 2600 3059 illa
2646 3006 3075 3062 remunerantis?
3102 3003 3394 3059 Ineffabilia
3449 3015 3576 3061 sunt

277 3117 543 3186 iudicium
596 3130 702 3167 non
755 3115 1002 3176 credunt,
1035 3114 1272 3181 iniquum
1305 3112 1481 3180 (quod
1515 3111 1678 3179 absit)
1705 3110 1876 3162 Deum
1902 3090 1950 3150 Ο
1981 3117 2100 3172 quae
2146 3100 2466 3168 ρτιιδρειτθνὶι
2511 3098 2653 3153 Deus
2696 3099 2780 3152 his
2822 3101 2912 3169 Qui
2961 3098 3186 3167 diligunt
3229 3112 3376 3162 eum,
3424 3107 3576 3154 recte

279 3206 546 3278 iudicant.
603 3205 717 3259 lllic
767 3205 863 3258 tibi
913 3213 1229 3275 suggeretur
1263 3221 1274 3254 :
1309 3203 1483 3256 Etiam
1539 3201 1592 3255 in
1647 3201 1879 3256 secretis

281 3301 395 3353 tuis
429 3297 571 3366 quod
609 3297 745 3351 velis
780 3297 1024 3350 homines
1083 3297 1292 3350 nescire
1342 3310 1409 3350 ne
1457 3295 1682 3354 feceris;
1735 3294 1879 3363 quod

281 3392 482 3455 Deum,
520 3405 585 3443 ne
615 3388 963 3458 cogitaveris.
998 3387 1078 3442 Ibi
1110 3387 1208 3442 tibi
1254 3397 1442 3442 contra
1480 3402 1697 3444 omnem
1731 3386 1878 3442 frau-

282 3487 411 3542 dem
458 3485 669 3540 dicetur
699 3500 714 3542 ξ
743 3482 1015 3538 lnfelicius
1067 3490 1151 3536 est
1179 3481 1429 3547 decipere
1472 3497 1631 3549 quam
1676 3481 1875 3552 decipi.

283 3581 404 3636 lllic
435 3590 488 3633 et
519 3579 785 3632 adversus
808 3577 1122 3646 jactantiam
1173 3576 1607 3629 consummantia
1637 3574 1732 3629 tibi
1764 3576 1880 3631 haec

286 3675 678 3745 praecipientur
705 3693 717 3725 :
746 3671 1050 3726 Vanitatetn
1099 3681 1247 3725 tanto
1297 3673 1467 3740 magis
1500 3671 1642 3741 fuge,
1674 3679 1879 3742 quanto

286 3769 488 3825 melior
519 3766 794 3820 efﬁcieris.
833 3763 1038 3820 Cmtcra
1072 3765 1216 3820 enim
1259 3764 1385 3818 vitia
1423 3776 1677 3819 crescunt
1709 3765 1875 3834 vitiis,

287 3859 510 3914 vanitas
545 3858 858 3912 virtutibus.
892 3857 959 3911 Et
989 3862 1084 3911 ista
1123 3859 1339 3927 quidem
1369 3873 1535 3928 pauca
1565 3858 1635 3913 de
1660 3857 1875 3924 studiis,

288 3951 524 4020 carptim
557 3965 619 4004 ac
641 3951 880 4005 breviter
907 3950 1181 4019 praelibata
1215 3959 1364 4006 sunt.

360 4043 520 4110 Quod
541 4046 585 4097 si
613 4043 680 4096 ad
708 4042 884 4097 fontes
912 4043 1056 4112 ipsos
1090 4043 1227 4098 sacri
1257 4044 1454 4114 eloquii
1483 4052 1754 4100 scrutator
1783 4058 1876 4099 ac-

288 4134 547 4203 cesseris,
582 4134 655 4186 ibi
691 4143 745 4186 tu
775 4149 885 4187 non
916 4132 1188 4188 exteriora
1211 4135 1384 4204 magis
1409 4150 1570 4204 quam
1612 4135 1880 4190 interiora

289 4226 589 4281 mirabere.
617 4225 692 4280 lla
719 4225 1022 4296 Scriptura,
1047 4225 1174 4280 dum
1207 4226 1535 4282 intrinsecus
1563 4229 1762 4295 radiat,
1793 4243 1880 4282 ve-

292 4319 376 4375 lut
431 4319 826 4388 pretiosis~ima
879 4334 1105 4388 qumque
1163 4333 1405 4387 gemma,
1438 4319 1492 4373 in
1549 4320 1877 4388 profundum

291 4414 558 4484 fulgorem
606 4411 1065 4466 considerantium
1121 4411 1356 4466 demittit
1413 4413 1624 4467 oculos.
1658 4413 1769 4468 Hoc
1821 4422 1876 4466 tu

290 4509 614 4578 caligantem
664 4506 860 4560 mentis
910 4504 1081 4558 aciem
1133 4519 1469 4573 nequaquam
1528 4506 1749 4575 refugus
1799 4506 1882 4559 in-

291 4614 519 4664 suesce;
548 4597 653 4650 hoc
701 4595 914 4648 interno
969 4609 1032 4648 ac
1081 4594 1284 4649 salubri
1319 4596 1441 4650 cibo
1482 4596 1633 4651 disce
1682 4597 1881 4652 animas

293 4688 492 4745 famem
525 4699 768 4755 pascere.
805 4684 908 4739 Per
943 4698 1078 4752 opus
1103 4685 1412 4738 miserantis
1446 4687 1656 4742 Domini
1685 4688 1740 4742 id
1770 4688 1885 4742 fore

291 4794 406 4837 Ion
435 4776 751 4843 diffidimus,
785 4785 844 4831 ut
871 4784 1179 4831 nostrorum
1211 4785 1507 4846 appetens,
1539 4788 1595 4834 et
1619 4779 1880 4834 dissimu-

1982 3194 2140 3264 plaue
2187 3202 2349 3262 atque
2389 3190 2700 3257 manifeste,
2728 3190 2852 3260 quia
2903 3206 3030 3246 vere
3085 3197 3408 3244 immensum
3462 3198 3572 3258 est,

1980 3302 2138 3357 quam
2161 3299 2354 3355 magna
2383 3284 2648 3353 rependet
2677 3284 2834 3339 bouis
2865 3286 2953 3354 qui
2985 3293 3092 3338 tam
3125 3297 3314 3352 magna
3347 3283 3574 3353 largitur

1977 3382 2225 3452 ingratis.
2258 3379 2561 3435 Circumfer
2587 3379 2798 3447 oculos,
2831 3387 2885 3434 et
2913 3378 2980 3434 de
3010 3378 3202 3448 pelago
3232 3376 3576 3445 negotiorum

1984 3486 2220 3543 tuorum,
2255 3473 2400 3528 velut
2431 3473 2482 3528 in
2515 3472 2803 3543 quemdam
2837 3470 3193 3542 professionis
3227 3477 3423 3524 nostrae
3451 3483 3577 3535 por-

1982 3576 2092 3622 tum
2127 3567 2395 3634 prospice,
2429 3579 2757 3634 proramque
2784 3573 3059 3618 converte.
3095 3562 3241 3617 Unus
3270 3560 3357 3615 hic
3383 3569 3575 3630 portus

1980 3669 2084 3725 est,
2105 3660 2157 3713 in
2183 3673 2341 3726 quem
2373 3673 2472 3712 nos
2499 3658 2567 3711 ab
2590 3656 2734 3710 omni
2767 3654 3075 3710 fluctuantis
3106 3653 3286 3709 saeculi
3313 3651 3574 3721 jactatio—

1981 3769 2048 3808 ne
2078 3751 2401 3819 referamur,
2436 3765 2595 3820 quem
2627 3750 2767 3802 inter
2797 3751 3070 3804 irruentes
3098 3747 3284 3801 mundi
3332 3745 3574 3800 turbines

1979 3853 2108 3908 fessi
2156 3858 2434 3920 petamus;
2476 3847 2580 3901 huc
2625 3847 2834 3900 cunctis
2882 3843 3299 3912 confugiendum
3347 3851 3452 3904 est,
3483 3839 3578 3909 qui

1980 3943 2261 4000 frementis
2307 3941 2490 3996 sa‘culi
2534 3944 2850 4007 tempestate
2881 3942 3164 3988 vexantur.
3192 3932 3290 3985 llic
3319 3930 3482 3985 statio
3515 3930 3578 3984 fi.

1979 4039 2226 4104 dissima,
2257 4045 2313 4092 et
2342 4035 2493 4105 quies
2522 4043 2690 4088 certa.
2733 4031 2831 4085 llic
2878 4029 2982 4083 late
3024 4040 3272 4080 recessus
3325 4025 3578 4080 exclusus

1981 4132 2233 4188 ﬂuctibus
2260 4129 2402 4184 silet.
2436 4127 2534 4182 1110
2565 4122 2761 4179 blanda
2784 4119 3168 4190 tranquillitas,
3197 4131 3448 4172 serenum
3491 4131 3577 4170 rc-

1983 4231 2150 4286 nidct.
2188 4228 2302 4283 lluc
2347 4240 2469 4282 cum
2511 4223 2678 4278 fueris
2721 4221 2952 4285 delatus,
2981 4226 3097 4273 tuto
3129 4214 3280 4270 navis
3327 4223 3413 4266 tua
3455 4219 3575 4280 post

1983 4326 2176 4380 inanes
2203 4321 2418 4376 labores
2448 4318 2536 4375 1110
2563 4318 2632 4372 ad
2659 4315 2836 4371 crucis
2868 4312 3161 4368 anchoram
3194 4306 3418 4362 fundata
3448 4305 3575 4357 reti.

1985 4417 2217 4472 nebitur.
2246 4413 2350 4466 Sed
2377 4412 2486 4478 iam
2509 4407 2770 4478 prolixior
2793 4404 3118 4473 scriptorum
3141 4397 3333 4469 pagina
3358 4395 3574 4451 modum

1988 4506 2179 4577 poscit.
2217 4504 2333 4558 Vim
2361 4500 2664 4556 caelestium
2709 4504 3104 4567 praeceptorum
3132 4498 3281 4546 arcte
3309 4487 3574 4543 breviter~
3637 4549 3640 4552 _

1985 4611 2090 4667 que
2116 4593 2404 4650 collectam
2434 4591 2487 4646 in
2515 4603 2782 4646 summam
2810 4586 2995 4655 accipe
3027 4582 3096 4638 ad
3146 4582 3240 4638 Dei
3289 4581 3571 4634 honorem.

1986 4687 2115 4743 Haec
2146 4693 2273 4743 sunt
2299 4682 2550 4740 mandata
2575 4680 2778 4747 omnia,
2808 4679 3053 4750 ignosce,
3083 4688 3277 4745 meque
3318 4684 3570 4742 agnosce.

1681 5256 1799 5437 ’ξίέῖ
1825 5330 1860 5438 ²ἶ
