4028 6184
462 141 562 198 797

1261 244 3535 268 _———__—__w

1422 137 1482 193 S.
1522 134 1845 192 EUCllERll
1886 130 2191 188 EPlSCOPl
2234 127 2713 188 LUGDLNENSIS

3635 125 3761 187 118

1270 354 1948 468 εΔΝοτι
2022 352 2897 466 EUCEEBII

1619 544 2161 609 LUGDUNENSIS
2203 541 2551 607 EPISCOPI

806 696 1588 854 FillllllUIiARUlll
1694 694 2353 849 SPIllI'l‘ALIS
2459 692 3363 848 INTELLIGENTIIE

1604 932 1781 1014 AD
1887 930 2584 1014 URANIUM.

1738 1109 2065 1180 LIBER
2137 1107 2415 1180 UNUS

1755 1324 2433 1499 ἧβτεεῖαίίο.

529 1545 809 1601 Formulas
846 1544 1101 1615 spiritalis
1151 1542 1521 1613 intelligentia:
1569 1540 1888 1597 Latinorum
1937 1554 2037 1592 no-
2064 1544 2114 1601 Α
2143 1542 2420 1612 mysteria,
2445 1541 2817 1612 aenigmatibus
2856 1543 3098 1598 retectis.
3146 1542 3353 1611 Corpus
3410 1557 3536 1614 ergo
3576 1544 3745 1600 Seri-

459 1640 665 1693 minum
696 1637 1125 1708 componendas,
1161 1638 1362 1706 tibique
1399 1636 1687 1692 mittendas
1722 1650 1823 1704 pro
1863 1632 2042 1688 studio

456 1741 695 1801 paternae
753 1746 879 1801 erga
931 1740 985 1786 te
1033 1731 1411 1785 sollicitudinis
1464 1730 1787 1793 existimavi,
1847 1728 2041 1797 quibus

457 1827 749 1897 perceptis,
781 1826 833 1879 in
866 1824 1046 1877 omnia
1077 1825 1275 1891 scripta
1299 1823 1478 1877 divina
1510 1822 1766 1877 facillime
1793 1835 1857 1874 ac
1880 1819 2042 1873 intel-

456 1921 657 1974 Iectum
698 1918 1027 1986 reliquorum
1068 1930 1259 1969 sensus
1309 1914 1702 1970 intenderetur.
1745 1913 1877 1967 Nam
1919 1926 2040 1966 cum

432 2010 634 2062 'littera
658 2007 887 2070 occidat,
918 2006 1143 2074 spiritus
1162 2015 1338 2059 autem
1358 2004 1592 2059 vivilicet
1612 2002 1677 2070 (ll
1706 2004 1823 2057 Cor.
1853 2018 1932 2067 ιιι,
1962 2001 2039 2072 6),

432 2104 680 2152 ‘necesse
718 2106 799 2150 est
834 2095 901 2149 ad
932 2096 1028 2163 ,illa
1070 2096 1394 2164 spiritalium
1439 2096 1695 2149 interiora
1733 2109 2041 2148 sermonum

457 2189 651 2256 spiritu
687 2187 992 2241 viviﬁcante
1021 2188 1316 2256 penetrari.
1352 2184 1666 2241 Universam
1711 2200 1872 2253 porro
1899 2185 2046 2239 Scri-

455 2288 667 2350 pturam
693 2288 802 2333 tam
828 2280 1031 2333 veteris
1054 2279 1399 2334 lustrumenti
1431 2295 1588 2349 quam
1622 2279 1765 2343 novi,
1798 2278 1863 2330 ad
1888 2278 2044 2332 intel-

457 2372 657 2427 lectum
680 2371 1026 2440 allegoricum
1051 2386 1172 2425 esse
1194 2370 1538 2430 sumendum,
1563 2368 1818 2423 admonet
1843 2385 1940 2422 nos
1960 2369 2043 2423 vel

456 2462 585 2517 illud
617 2462 756 2532 quod
797 2463 849 2516 in
888 2464 1057 2515 veteri
1091 2462 1437 2515 Testamento
1472 2461 1700 2530 legimus
1747 2478 1759 2513 :
1805 2462 2044 2531 Aperiunt

456 2556 511 2609 in
551 2555 809 2625 parabolis
853 2571 909 2608 os
952 2570 1153 2617 meum,
1206 2555 1388 2623 loquar
1439 2555 1491 2607 in
1535 2555 1804 2625 wnigziiate
1836 2553 2044 2619 antiqua

456 2649 574 2718 (Ps.
608 2664 806 2714 Lxxvtt,
847 2647 926 2717 Ξ).
963 2646 1059 2702 Vel
1090 2647 1219 2700 illud
1259 2647 1401 2715 quod
1450 2648 1575 2701 item
1611 2650 1661 2700 in
1693 2662 1831 2700 uovo
1859 2647 2045 2700 Tesm-

456 2752 641 2796 mento
669 2740 923 2795 scribitur
955 2756 970 2793 :
1003 2738 1131 2791 Hau:
1162 2741 1330 2792 omnia
1357 2740 1556 2793 locutus
1584 2749 1655 2793 est
1682 2739 1834 2793 Jesus
1864 2741 1915 2791 in
1946 2756 2044 2807 pa-

456 2831 645 2885 rabolis
692 2831 762 2883 ad
811 2831 1005 2892 turbas,
1054 2839 1100 2881 et
1145 2830 1253 2882 sine
1298 2829 1559 2896 parabolis
1604 2845 1705 2882 non
1750 2829 2045 2895 loquebatur

2146 1642 2315 1701 pturae
2345 1648 2539 1697 sacrae,
2572 1635 2711 1688 sicut
2740 1635 2994 1697 traditur,
3028 1634 3079 1687 in
3112 1634 3293 1688 littera
3322 1635 3438 1689 sive
3465 1635 3700 1691 historia
3728 1655 3746 1691 :

2144 1734 2227 1779 est
2252 1727 2426 1781 anima
2468 1727 2520 1780 in
2551 1727 2739 1781 morali
2773 1742 2956 1792 sensu,
2984 1728 3075 1797 qui
3103 1728 3339 1797 tropicus
3364 1728 3593 1795 dicitur;
3629 1730 3751 1800 spi-

2144 1820 2279 1873 ritus
2306 1818 2357 1872 in
2387 1820 2665 1888 superiore
2696 1821 2991 1883 intellectu,
3022 1821 3111 1890 qui
3142 1836 3384 1891 anagoge
3410 1825 3745 1892 appellatur.

2143 1910 2311 1977 Quam
2342 1910 2609 1980 triplicem
2640 1910 3040 1980 Scripturarum
3070 1912 3310 1981 regulam
3343 1917 3741 1971 convenienter

2145 2002 2396 2055 observat
2424 2001 2699 2057 covilessio
2728 2013 2933 2057 sanctae
2964 2002 3266 2067 Trinitatis,
3292 2008 3613 2073 sancti/imus
3638 2024 3741 2061 nos

2144 2108 2234 2161 per
2263 2094 2455 2158 omnia,
2492 2103 2545 2146 ut
2576 2095 2767 2162 inteqer
2802 2096 3014 2162 spiritus
3041 2103 3235 2159 noster,
3265 2104 3312 2148 et
3339 2098 3509 2149 anima
3533 2107 3577 2151 et
3608 2114 3741 2152 cor-

2146 2199 2241 2249 pus
2297 2184 2407 2237 sine
2460 2184 2665 2250 querela
2711 2185 2766 2238 in
2812 2185 3085 2238 adventum
3133 2184 3338 2239 Domini
3389 2190 3548 2240 nostri
3604 2187 3743 2241 Iesu

2146 2272 2338 2328 Christi
2362 2274 2728 2344 judiciumque
2756 2286 2985 2329 servetur
3005 2278 3046 2348 (Ι
3074 2276 3256 2330 Thess.
3284 2294 3336 2342 v,
3366 2278 3483 2346 24).
3508 2277 3747 2347 Sapien-

2147 2365 2215 2419 tia
2259 2375 2439 2419 autem
2483 2366 2667 2419 mundi
2704 2366 2865 2436 hujus
2890 2367 3296 2437 ,pltil050phiam
3336 2372 3492 2422 suam
3536 2370 3591 2423 in
3634 2380 3747 2423 tres

2147 2465 2325 2526 partes
2351 2456 2554 2523 divisit,
2595 2457 2894 2529 physicam,
2938 2460 3195 2524 ethicam,
3237 2459 3488 2529 logicam,
3542 2460 3599 2514 id
3636 2471 3745 2526 est,

2145 2548 2478 2617 naturalem,
2534 2550 2830 2616 moralem,
2884 2550 3225 2605 rationalem.
3280 2551 3383 2607 Sed
3437 2553 3743 2607 naturalem

2147 2638 2289 2692 illam
2324 2640 2680 2707 pertinentem
2717 2640 2783 2693 ad
2828 2655 3019 2696 causas
3050 2654 3276 2709 naturae,
3320 2658 3441 2713 quia:
3482 2644 3746 2699 universa

2148 2733 2418 2797 continet;
2454 2732 2735 2798 moralem,
2766 2748 2887 2801 quas
2927 2733 3183 2803 reSpieiat
3218 2733 3286 2787 ad
3328 2750 3537 2800 mores;
3579 2737 3746 2791 ratio-

2151 2824 2326 2877 nalem
2372 2838 2502 2878 vero
2543 2840 2662 2894 qua:
2689 2824 2757 2879 de
2790 2825 3193 2881 sublimioribus
3234 2828 3532 2896 disputans,
3570 2829 3747 2885 Deum

455 2924 527 2977 cis
552 2920 742 2991 (Marc.
770 2936 847 2985 tv,
884 2920 996 2990 16).
1028 2919 1134 2973 Nec
1171 2920 1473 2973 mirandum
1506 2920 1646 2987 quod
1688 2935 1868 2974 sermo
1909 2920 2045 2975 divi-
2074 2915 2121 2976 Β
2148 2916 2385 2969 omnium
2422 2925 2631 2985 patrem
2681 2932 2803 2972 esse
2850 2916 3155 2972 Conﬁrmet.
3193 2921 3363 2986 Quam
3414 2922 3746 2990 tripertitam

455 3027 579 3078 nus,
621 3012 1006 3081 prophetarum
1038 3010 1517 3081 apostolorumque
1546 3025 1642 3064 ore
1679 3012 1943 3078 prolatus,
1981 3014 2048 3067 ab

456 3105 654 3158 usitato
681 3106 773 3157 illo
801 3103 1111 3157 hominibus
1133 3103 1403 3156 scribendi
1435 3103 1595 3155 modo
1621 3105 1845 3157 multum
1870 3120 2049 3159 reces-

456 3200 606 3263 serit,
654 3199 829 3252 l'aeilia
876 3200 928 3251 in
975 3207 1219 3267 prompttt
1253 3197 1477 3263 habens,
1517 3213 1706 3266 magna
1737 3201 1789 3251 iu
1824 3199 2046 3252 interio-

454 3292 605 3345 ribus
637 3292 747 3345 suis
792 3292 1103 3354 continens;
1137 3290 1259 3359 quia
1297 3299 1354 3345 et
1393 3304 1580 3344 revera
1614 3290 1714 3344 fuit
1749 3304 2045 3359 congruum

455 3392 513 3436 ut
538 3398 690 3436 sacra
716 3385 825 3437 Deo
852 3383 990 3435 dicta
1022 3399 1051 3434 a
1078 3384 1289 3435 cancris
1322 3383 1632 3451 scripturis,
1667 3384 1806 3437 sicut
1829 3385 2043 3449 merito,

455 3475 526 3527 ita
567 3483 621 3527 et
661 3476 863 3541 specie,
908 3474 1363 3535 discernerentur,
1406 3492 1472 3529 ne
1512 3476 1597 3529 illa
1632 3477 1933 3531 caelestium
1962 3492 2048 3530 ar-

454 3579 713 3620 canorum
761 3564 993 3632 dignitas
1043 3568 1243 3633 passim
1290 3578 1450 3634 atque
1497 3567 1790 3622 indiscrete
1836 3569 2045 3623 cunctis

454 3662 776 3726 patesceret,
820 3663 1169 3724 sanctumque
1204 3657 1448 3719 canibus,
1489 3668 1543 3712 et
1573 3668 1891 3729 margaritas
1919 3676 2045 3728 por-

460 3747 541 3800 cis
560 3744 1086 3815 exponeret(.llatth.
1106 3762 1201 3810 vn,
1226 3746 1314 3819 6);
1340 3756 1393 3801 et
1419 3758 1739 3804 consecrata
1763 3766 1889 3804 vasa
1915 3761 2049 3805 tem-

452 3840 530 3909 pli
582 3838 810 3892 involuta
856 3841 1191 3908 promiscuus
1240 3841 1467 3910 populus
1514 3844 1669 3912 ferret
1716 3858 1806 3895 nec
1853 3843 2045 3896 videret

453 3929 641 4000 (Nam.
668 3945 743 3993 tv,
777 3930 862 3995 15,
892 3930 1009 4001 20),
1042 3940 1094 3986 et
1124 3940 1182 3987 ut
1203 3948 1329 3987 vere
1350 3934 1412 3985 ad
1444 3933 1588 3987 illius
1613 3933 1859 3985 columba:
1887 3934 2041 3985 dear-

452 4028 675 4089 gcntata:
704 4018 824 4089 (Ps.
856 4037 1020 4086 cxvu,
1059 4022 1147 4092 14)
1177 4024 1393 4077 modum
1422 4064 1436 4085 ,
1478 4024 1630 4091 cujus
1658 4023 1955 4090 posteriora
1988 4022 2040 4077 iu

450 4109 635 4177 specie
671 4111 785 4163 auri
830 4110 1169 4177 splendentis
1212 4111 1496 4175 irradiant,
1538 4111 1818 4179 scripturae
1848 4112 2041 4166 divinae

452 4203 625 4271 prima
652 4216 876 4271 qumque
905 4210 1127 4270 argento
1159 4200 1449 4269 fulgerent,
1488 4210 1542 4256 et
1585 4216 1715 4255 auro
1743 4202 2036 4257 occultiora

2150 3006 2408 3061 doctrinae
2450 3008 2866 3077 disputationem
2908 3025 3016 3063 non
3063 3009 3199 3065 adeo
3234 3011 3488 3067 abhorret
3518 3013 3613 3067 illa
3650 3029 3748 3068 no-

2149 3108 2382 3153 strorum
2418 3117 2467 3153 ιιι
2500 3100 2864 3168 disputatione
2886 3101 3182 3170 distinctio,
3218 3120 3322 3175 qua
3362 3104 3505 3160 docti
3535 3109 3747 3175 quique

2151 3191 2291 3245 hanc
2328 3191 2605 3247 ctelestem
2650 3192 3049 3261 Scripturarum
3100 3195 3492 3266 philosophiam
3543 3213 3746 3255 secun-

2150 3280 2275 3335 dum
2324 3281 2629 3347 historiam,
2664 3284 2955 3338 secundum
3002 3287 3388 3355 tropolugiam,
3436 3292 3743 3346 secundum

2148 3387 2423 3441 anagogcn
2454 3376 2825 3430 disserendam
2850 3387 3122 3445 putarunt.
3147 3380 3481 3448 QuaprOpter
3510 3382 3744 3439 historia

2150 3464 2428 3519 veritatem
2467 3467 2625 3520 nobis
2660 3466 2918 3521 factorum
2966 3483 3029 3522 ac
3062 3468 3219 3523 [idem
3253 3471 3535 3525 relationis
3567 3474 3745 3529 incul-

2147 3565 2253 3610 cat.
2283 3557 2603 3627 Tropologia
2638 3559 2702 3611 ad
2741 3560 2860 3612 vita:
2896 3561 3325 3615 emendationem
3359 3566 3627 3633 mysticos
3664 3569 3743 3620 in-

2148 3646 2395 3702 tellectus
2436 3650 2618 3704 refert.
2672 3651 2923 3720 Anagoge
2972 3651 3035 3704 ad
3088 3654 3382 3707 sacratiora
3427 3657 3739 3713 (mlestium

2147 3740 2436 3809 ﬁgurarum
2459 3756 2662 3798 secreta
2689 3744 2951 3813 perducit.
2974 3744 3105 3800 Sunt
3127 3747 3287 3800 etiam
3309 3746 3397 3815 qui
3420 3749 3739 3818 allegoriam

2147 3834 2200 3888 in
2233 3837 2334 3891 hoc
2363 3837 2605 3891 scientia:
2651 3852 2850 3907 genere
2889 3850 3076 3903 quarto
3119 3840 3172 3893 in
3214 3840 3332 3896 loco
3374 3842 3736 3911 adjiciendum

2146 3933 2352 3992 putent,
2383 3943 2541 3995 quam
2569 3937 2842 3996 gestorum
2872 3930 3256 3995 narrationem,
3284 3930 3583 3987 futurorum
3617 3951 3736 3989 um-

2144 4018 2293 4073 bram
2336 4022 2641 4088 przetulisse
2672 4024 3012 4076 continuent.
3058 4023 3183 4076 Hmc
3215 4039 3348 4078 vero
3379 4024 3490 4093 ipsa
3526 4038 3579 4080 ut
3604 4028 3735 4082 sub-

2140 4109 2298 4177 jectis
2347 4110 2560 4177 plenius
2618 4112 3032 4167 manilestentur
3072 4115 3364 4179 exemplis,
3409 4117 3608 4173 caelum
3654 4130 3736 4174 est

2145 4204 2437 4257 secnndum
2469 4204 2745 4259 historiam
2782 4206 2883 4261 hoc
2923 4208 3065 4276 quod
3108 4208 3394 4270 intuemur,
3432 4213 3730 4266 semiudum
3762 4220 3769 4227 ’

450 4296 757 4350 rutilarent.
794 4295 957 4349 Recte
991 4295 1172 4362 itaque
1202 4304 1545 4362 procuratum
1590 4303 1671 4346 est
1710 4303 1768 4348 ut
1795 4295 2039 4365 eloquio-
2067 4278 2112 4341 C
2146 4297 2500 4365 tropologiam
2536 4298 2644 4352 vita
2684 4299 2949 4364 catlastis;
2993 4314 3144 4362 aqua!
3181 4301 3477 4355 secundum
3528 4306 3734 4372 allego-

450 4402 573 4442 rum
617 4388 704 4442 illa
745 4388 1019 4442 castitas'a
1046 4386 1369 4458 promiscuis
1407 4395 1723 4440 cunctorum
1751 4387 1918 4440 oculis
1947 4388 2043 4441 ab-

451 4478 563 4534 dito
611 4494 708 4535 suo
751 4464 903 4551 quasi
933 4480 1162 4550 quodam
1190 4479 1459 4534 velamine
1493 4478 1761 4549 pudicitia:
1787 4489 2038 4550 contege-

448 4581 637 4635 retur;
678 4586 743 4626 ac
780 4573 959 4627 divina
989 4573 1190 4643 optime
1219 4572 1623 4640 dispensatione
1654 4573 1924 4639 provisum
1957 4581 2041 4627 est

449 4670 514 4717 ut
543 4664 740 4731 scripta
785 4665 897 4732 ipsa
930 4664 1001 4718 ita
1040 4673 1477 4733 contegerentur,
1510 4663 1822 4719 cmlestibus
1847 4664 2041 4717 obuma

450 4754 602 4808 brata
634 4755 927 4825 mysteriis,
956 4755 1094 4809 sicut
1130 4762 1339 4809 secreto
1379 4755 1495 4824 ipsa
1526 4769 1624 4808 sua
1660 4768 1755 4808 suo
1783 4754 2038 4809 divinitas

449 4847 818 4916 operiebatur.
853 4847 1019 4916 Igitur
1061 4861 1182 4901 cum
1227 4846 1280 4900 in
1320 4845 1471 4900 libris
1504 4846 1709 4899 sanctis
1747 4846 1880 4899 oculi
1926 4845 2038 4898 Do-

449 4938 595 5005 mini,
628 4954 685 4991 os
727 4937 957 5001 Domini,
1004 4946 1178 4990 uterus
1215 4934 1449 5002 Domini,
1492 4950 1696 4999 manus,
1739 4934 1891 5006 pedes
1929 4932 2040 4987 Do-

448 5028 602 5095 mini,
632 5045 777 5083 arnia
806 5032 957 5084 etiam
996 5029 1202 5083 Domini
1231 5029 1429 5099 scripta
1458 5029 1820 5097 reperiantur,
1853 5028 2041 5097 longe-

450 5134 556 5192 que
586 5120 725 5175 absit
753 5136 782 5175 a
812 5120 1078 5176 catholica
1106 5122 1469 5177 Ecclesiarum
1494 5120 1597 5175 [ide
1620 5121 1786 5175 Deum
1808 5135 2038 5188 corpore

450 5212 824 5278 determinari,
863 5214 955 5284 qui
993 5213 1057 5267 sit
1105 5214 1413 5281 invisibilis,
1452 5210 2034 5280 incomprehensibilis,

450 5307 906 5362 incommutabilis
937 5315 991 5361 et
1026 5305 1288 5371 infinitus,
1328 5305 1709 5375 requirendum
1749 5314 1831 5359 est
1868 5303 2039 5371 quali-

450 5406 537 5452 ter
576 5399 679 5453 ista
715 5414 811 5468 per
850 5398 1107 5469 Spiritum
1147 5406 1395 5451 sanctum
1452 5397 1656 5467 ligurali
1702 5396 2037 5464 expositione

453 5498 786 5544 reserentur.
821 5489 917 5543 llic
938 5489 1081 5542 enim
1116 5489 1463 5543 inveniuntur
1491 5490 1581 5542 illa
1614 5487 1875 5541 Dominici
1903 5489 2033 5542 inte-

454 5580 591 5632 riora
625 5582 797 5652 templi
837 5580 1049 5648 (Eucti.
1080 5581 1197 5649 xc);
1231 5582 1317 5637 hic
1357 5582 1446 5637 illa
1495 5590 1681 5635 sancta
1724 5590 2033 5636 sanctorum

2144 4391 2277 4443 riam
2325 4390 2646 4459 baptismus,
2687 4394 2983 4448 secundum
3035 4411 3307 4466 auagogen
3344 4398 3537 4461 angeli,
3581 4400 3728 4453 unde

2142 4491 2225 4536 est
2252 4482 2378 4536 illud
2414 4501 2430 4539 :
2462 4484 2526 4537 Et
2548 4502 2697 4554 aqua:
2721 4502 2834 4551 qua:
2866 4503 3019 4553 super
3054 4489 3204 4542 talos
3243 4499 3361 4543 sunt
3390 4489 3597 4543 laudent
3630 4508 3725 4544 no-

2142 4589 2254 4626 men
2284 4572 2491 4627 Domini
2519 4574 2637 4646 (Ps.
2670 4592 2884 4641 CXLVIII,
2916 4578 2995 4646 4).
3021 4578 3207 4633 Omnis
3234 4591 3410 4634 autem
3440 4581 3719 4649 disciplina

2144 4673 2342 4718 nostrze
2373 4666 2651 4733 religionis
2679 4684 2747 4723 ex
2777 4669 2869 4722 illo
2897 4669 3125 4738 duplicis
3161 4673 3401 4726 scientise
3434 4673 3581 4727 laute
3611 4689 3726 4727 ma-

2143 4756 2289 4809 navit
2321 4772 2335 4809 :
2366 4758 2517 4825 cujus
2548 4760 2774 4825 primam
2806 4763 3100 4829 practicen,
3125 4762 3415 4835 secundam
3448 4764 3722 4820 theoricen

2140 4858 2492 4915 vocaverunt,
2538 4849 2587 4903 id
2637 4860 2719 4904 est
2770 4852 3063 4916 actualem,
3121 4862 3175 4907 et
3224 4856 3721 4924 contemplativam.

2141 4936 2356 5003 Unam,
2399 4955 2518 5008 qum
2563 4942 2826 4996 actualem
2876 4944 3038 4996 vitam
3089 4960 3294 4998 morum
3346 4949 3724 5001 emendatione

2141 5042 2511 5094 consummet;
2559 5033 2742 5095 aliam,
2785 5050 2904 5103 qua:
2951 5036 3002 5088 in
3050 5038 3510 5105 contemplatione
3560 5043 3723 5093 cmic-

2139 5122 2300 5175 ειίιιιιι
2328 5132 2379 5175 et
2400 5122 2698 5177 divinarum
2725 5124 3122 5194 Scripturaruin
3151 5127 3512 5193 disluttatione
3542 5146 3726 5185 verse-

2142 5221 2245 5266 tur.
2279 5214 2417 5283 Ergo
2443 5216 2669 5267 aetualis
2697 5217 2921 5271 scienda
2955 5219 3007 5272 in
3043 5218 3256 5272 diversa
3295 5220 3469 5273 studia
3515 5220 3722 5275 diﬂ'nu—

2140 5305 2303 5371 tlitur,
2334 5307 2752 5375 contemplativa
2780 5308 2834 5362 in
2858 5310 2988 5363 duas
3015 5309 3291 5366 derivatur
3318 5320 3524 5381 partes,
3563 5313 3613 5367 id
3642 5322 3724 5367 est

2138 5396 2192 5450 in
2244 5396 2497 5451 historica
2533 5398 2916 5468 disputatione,
2962 5410 3018 5455 et
3062 5402 3319 5471 spiritalis
3356 5403 3721 5474 intelligentia:

2137 5489 2586 5558 interpretatione
2612 5493 2877 5547 consistit.
2910 5493 3015 5548 Sed
3048 5494 3129 5547 his
3160 5509 3302 5548 nunc
3334 5496 3580 5563 remotis,
3613 5496 3720 5551 for-

2139 5581 2315 5636 mulas
2347 5581 2717 5652 intelligentiai
2744 5585 3003 5656 spiritalis
3023 5600 3154 5657 quas
3178 5587 3566 5659 spopondimus
3590 5601 3719 5659 pro‘
