4028 6184
215 182 314 239 729

954 166 1164 225 LIBER
1202 159 1688 223 FORMULARUM
1728 156 2107 215 SPIIiITALIS
2146 155 2728 215 INTEILIGENTIE.

3388 159 3499 222 730

218 309 487 372 ponamus,
521 298 807 349 currentes
834 301 931 358 per
960 286 1298 357 singulorum
1338 281 1616 337 nominum
1662 278 1796 347 ligu-
1822 279 1872 340 Α
1899 274 2171 332 Excelsior
2200 277 2327 331 calo
2353 286 2426 331 est
2446 319 2461 345 ,
2500 287 2548 331 et
2578 276 2702 345 quid
2730 276 2926 348 facies?
2950 276 3258 349 profundior
3287 279 3494 351 abysso,

219 405 325 455 ras,
357 388 548 460 quibus
577 385 679 439 ista
704 383 755 436 in
789 380 883 435 illo
912 379 1107 435 divinae
1137 376 1386 435 lectionis
1419 376 1623 430 inserta
1651 382 1797 429 textu

217 484 380 555 accipi
422 481 613 537 solent.
664 477 899 531 Oremus
934 473 1115 541 itaque
1166 471 1454 526 Dominum
1496 477 1554 522 ut
1599 467 1801 523 revelet

218 574 527 634 abscondita
582 570 983 638 Scripturarum
1036 580 1299 631 suarum,
1357 574 1412 618 et
1465 562 1801 630 proferamus

214 668 474 742 quomodo
500 664 793 720 secretiora
826 661 1105 716 intellectu
1136 656 1480 714 sentiendum
1511 655 1598 709 sit.

286 763 323 816 I.
455 757 538 812 De
565 756 755 811 divinis
783 753 1091 809 nominibus.

281 853 341 907 ll.
452 848 535 903 De
562 848 641 903 his
667 864 784 918 qua:
820 844 1151 918 appellantur
1179 841 1403 897 membra
1448 837 1683 905 Domini,
1726 836 1805 890 vel

526 957 641 1011 qum
672 940 735 993 de
754 955 813 994 eo
839 937 1223 1008 signiﬁcantur.

273 1039 354 1093 III.
449 1035 537 1089 De
561 1033 793 1106 supernis
821 1029 1091 1085 creaturis.

276 1129 363 1183 IV.
451 1126 541 1180 De
568 1124 803 1179 terrenis.

281 1221 342 1274 V.
460 1218 542 1272 De
572 1214 941 1270 animantibus.

276 1314 363 1368 VI.
452 1312 542 1365 De
578 1312 735 1365 variis
766 1307 1035 1362 nominum
1064 1312 1114 1358 et
1154 1317 1325 1357 rerum
1351 1297 1805 1371 appellationibus.

279 1404 385 1461 VII.
452 1404 536 1458 De
562 1400 798 1457 interiori
826 1400 1052 1453 homine.

280 1497 414 1552 VIII.
456 1495 542 1549 De
568 1494 650 1547 his
670 1508 787 1563 qua:
814 1492 868 1543 in
887 1506 986 1543 usu
1015 1497 1166 1559 atque
1191 1488 1245 1541 in
1267 1486 1435 1540 medio
1463 1484 1732 1538 habentur.

276 1589 369 1645 IX.
457 1586 540 1640 De
570 1584 729 1639 variis
766 1582 1034 1637 verborum
1060 1578 1138 1634 vel
1170 1578 1429 1633 nominum
1464 1576 1802 1647 signiﬁcatio-

541 1676 713 1730 nibus.

279 1774 350 1825 Χ.
470 1769 548 1823 De
584 1764 900 1830 Jerusalem,
935 1763 1014 1817 vel
1042 1762 1265 1816 adversis
1291 1764 1423 1834 ejus.

281 1863 379 1919 XI.
464 1861 543 1915 De
573 1859 821 1926 numeris,
852 1870 1069 1920 quorum
1093 1854 1499 1927 significationes
1528 1853 1581 1906 in
1613 1852 1809 1922 allego-

536 1953 667 2006 riam
708 1949 1005 2005 trahuntur.

280 2049 429 2119 Ergo
470 2048 613 2117 ipsas
662 2045 771 2114 jam
820 2057 964 2097 nunc
1009 2042 1285 2096 nominum
1326 2048 1487 2109 atque
1521 2038 1807 2093 verborum

207 2139 630 2212 significantias,
662 2134 956 2191 secundum
989 2149 1121 2203 quas
1152 2133 1235 2187 vel
1265 2131 1499 2186 maxime
1528 2130 1580 2183 in
1607 2129 1811 2198 allego-

206 2234 343 2289 riam
380 2231 689 2292 trahuntur,
722 2235 885 2298 prout
910 2225 1109 2281 donum
1135 2225 1228 2279 Dei
1258 2223 1611 2294 suggesserit,
1641 2221 1813 2291 expli-

205 2339 420 2381 cemus.

861 2407 1088 2465 CAPUT
1127 2408 1169 2461 I.

692 2544 765 2597 De
806 2542 993 2596 divinis
1036 2543 1345 2598 nominibus.

274 2688 645 2757 Omnipotens
687 2687 825 2741 Deus
857 2686 1019 2740 Pater
1045 2694 1099 2739 et
1128 2683 1301 2738 Filius
1329 2689 1382 2737 et
1410 2680 1645 2750 Spiritus
1685 2693 1809 2734 san-

200 2792 324 2837 ctus
351 2795 499 2835 unus
527 2788 685 2850 atque
716 2781 908 2834 trinus.
942 2777 1091 2832 Unus
1116 2776 1367 2831 videlicet
1398 2782 1585 2829 exstat
1622 2775 1675 2826 in
1714 2787 1811 2826 na-

203 2888 353 2940 tura,
389 2874 570 2930 triuus
603 2873 654 2927 in
682 2872 949 2943 personis.
983 2870 1143 2925 Solus
1170 2867 1480 2934 invisibilis,
1516 2868 1815 2921 immensus

199 2976 371 3038 atque
427 2964 1012 3033 incomprehensibilis.
1069 2961 1229 3017 Solus
1284 2956 1809 3025 incircumscriptus,

1903 377 1947 423 et
1982 370 2116 423 unde
2144 371 2446 439 cognoscis?
2492 370 2691 441 longior
2737 378 2810 424 est
2854 378 2994 424 terra
3035 387 3273 426 mensura
3291 373 3422 442 ejus,
3450 384 3499 430 et

1902 458 2061 515 latior
2091 461 2223 513 mari
2258 459 2382 529 (Job
2432 477 2504 520 χι.
2532 461 2588 531 8)
2617 480 2629 513 :
2659 462 2753 532 qui
2786 463 2931 517 enim
2966 464 3169 519 cmlum
3210 474 3264 519 et
3294 474 3497 521 terram

1904 552 2129 621 implet,
2162 551 2528 622 proculdubio
2561 553 2743 609 nullus
2772 565 2855 609 est
2883 557 3037 610 locus
3064 556 3132 610 ab
3159 557 3276 626 ejus
3308 573 3498 614 essen-

1909 644 1981 698 tia
2008 644 2231 700 absens.
2275 644 2452 716 Super
2488 646 2669 700 omnia
2710 648 2912 718 quippe
2948 658 3030 704 est
3060 650 3301 721 regendo
3336 664 3499 723 atque

1907 735 2257 806 imperando;
2291 737 2489 791 subtus
2511 739 2692 792 omnia
2718 748 2803 795 est
2829 742 3155 797 sustinendo
3179 758 3340 815 atque
3372 762 3500 813 por-

1908 832 2094 899 tando,
2128 847 2233 887 non
2266 833 2512 903 pondere
2536 833 2767 900 laboris,
2800 836 2896 890 sed
2922 837 3239 909 infatigabili
3263 842 3495 896 virtute:

1905 925 2161 995 quoniam
2206 925 2356 980 nulla
2399 934 2648 981 creatura
2695 928 2764 981 ab
2806 943 2874 982 eo
2906 929 3125 984 condita
3159 910 3254 1001 per
3282 946 3340 987 se
3370 932 3499 987 sub-

1906 1020 2106 1075 sistere
2138 1021 2322 1085 valet,
2355 1020 2461 1076 nisi
2492 1022 2561 1075 ab
2589 1038 2656 1078 eo
2684 1032 3042 1093 sustentetur,
3071 1028 3159 1096 qui
3193 1042 3313 1082 eam
3346 1044 3498 1084 crea-

1909 1109 2004 1164 vit.
2042 1110 2207 1165 Extra
2239 1113 2448 1181 omnia,
2480 1113 2577 1169 sed
2606 1129 2714 1169 non
2746 1117 3023 1171 exclusus.

1979 1202 2340 1260 Immutabilis
2359 1214 2463 1269 est,
2488 1206 2612 1276 quia
2639 1207 2708 1261 ab
2731 1222 2799 1263 eo
2825 1209 2967 1277 quod
2993 1219 3075 1265 est
3095 1212 3290 1267 mutari
3323 1214 3498 1269 omni-

1910 1311 1980 1352 no
2012 1313 2118 1352 non
2150 1307 2347 1367 potest,
2379 1299 2501 1368 ipso
2533 1300 2750 1355 dicente
2781 1316 2879 1370 per
2910 1302 3231 1359 Malachiam
3265 1305 3500 1375 pr0plie-

1910 1396 2056 1454 tam,
2113 1388 2224 1460 Ego
2268 1387 2521 1444 Dominus
2567 1400 2615 1444 et
2662 1408 2766 1446 non
2804 1400 2975 1446 mutor
3028 1393 3281 1465 (Malach.
3317 1400 3495 1468 m,6).

1910 1479 2036 1535 Ideo
2087 1480 2228 1536 Deus
2275 1481 2641 1539 immutabilis
2686 1485 2906 1555 dicitur,
2956 1486 3079 1557 quia
3130 1490 3325 1544 animm
3360 1490 3497 1560 ejus,

1910 1573 1986 1625 ira
2014 1614 2029 1640 ,
2063 1572 2236 1637 furor,
2271 1574 2589 1644 poenitentia
2612 1619 2626 1643 ,
2661 1578 2895 1645 oblivio,
2937 1580 3280 1646 recordatio,
3316 1592 3372 1638 et
3400 1584 3501 1639 alia

1837 1664 1884 1723 Β
1912 1664 1996 1719 bis
2027 1667 2225 1722 similia
2256 1683 2365 1722 non
2398 1669 2675 1725 accidunt.
2727 1672 2970 1738 Simplex
3000 1675 3145 1729 enim
3175 1686 3362 1731 natura
3396 1686 3500 1741 est,

1910 1769 1966 1813 et
2015 1759 2381 1815 immutabilis
2427 1770 2481 1815 et
2528 1764 2939 1830 imperturbata.
3000 1766 3187 1837 Neque
3225 1768 3371 1823 aliud
3420 1777 3503 1827 est

1912 1851 2028 1920 ipse
2056 1860 2114 1904 et
2140 1852 2286 1905 aliud
2319 1852 2462 1920 quod
2496 1852 2690 1920 habet,
2726 1855 2821 1909 sed
2855 1854 3027 1923 ipsum
3059 1860 3308 1930 estquod
3342 1862 3506 1918 habet

1911 1952 1967 1996 et
1995 1942 2141 2011 quod
2174 1952 2277 1997 est.

1983 2035 2345 2098 Immortalis,
2382 2037 2506 2105 quia
2556 2038 2694 2093 mori
2734 2054 2885 2095 nmio
2924 2042 3083 2096 modo
3110 2053 3307 2114 potest,
3344 2048 3506 2117 Apo-

1912 2127 2055 2181 stolo
2090 2136 2321 2182 testante
2350 2143 2415 2182 ac
2450 2128 2668 2185 dicente
2698 2149 2709 2183 :
2756 2132 2857 2196 Qui
2886 2133 3028 2187 solus
3059 2134 3208 2189 habet
3237 2138 3506 2193 immorta-

1917 2217 2146 2285 litatem,
2194 2219 2357 2271 lucem
2411 2220 2647 2274 habitans
2691 2222 3124 2289 inaccessibilem,
3157 2243 3301 2295 quem
3331 2228 3507 2285 nullus

1916 2310 2180 2363 hominum
2232 2312 2396 2379 vidit,
2447 2330 2537 2366 nec
2586 2314 2749 2369 videri
2803 2326 2965 2384 potest
3016 2317 3069 2389 (ι
3100 2318 3231 2373 Tim.
3267 2336 3351 2385 vt,
3383 2321 3506 2393 16).

1918 2402 2255 2473 Ubicumque
2284 2413 2466 2461 autem
2497 2421 2651 2461 sacra
2683 2407 2961 2479 Scriptura
2993 2412 3223 2480 sparsim
3251 2427 3348 2482 per
3370 2413 3509 2469 divi-

1918 2511 2021 2550 nos
2053 2496 2229 2552 libros
2260 2498 2313 2551 in
2349 2497 2463 2552 Deo
2494 2508 2674 2554 motus
2713 2503 2914 2557 anima:
2949 2518 3046 2559 seu
3073 2503 3309 2560 humana
3338 2523 3510 2564 mem-

1916 2589 2013 2645 bra
2038 2591 2318 2657 describit,
2352 2591 2405 2649 id
2436 2604 2551 2658 est,
2578 2606 2759 2664 caput,
2792 2596 3039 2665 capillos,
3071 2601 3262 2654 oculos
3284 2639 3297 2661 ,
3334 2602 3509 2669 palpe-

1917 2684 2067 2750 bras,
2113 2700 2275 2741 aures
2325 2694 2380 2741 et
2416 2694 2611 2741 Cretera
2655 2689 2897 2741 membra
2929 2688 3046 2742 sive
3081 2699 3259 2743 motus
3287 2692 3504 2758 animm,

1920 2777 1972 2832 id
2016 2787 2129 2839 est,
2184 2780 2353 2846 iram,
2404 2777 2673 2843 furorem,
2703 2778 3073 2845 oblivionem,
3107 2780 3508 2849 ρωιιίιεηιίειηι,

1919 2873 2381 2936 recordationem,
2431 2883 2484 2928 et
2532 2873 2634 2927 alia
2679 2871 2765 2926 his
2812 2873 3047 2934 similia,
3080 2888 3186 2927 non
3215 2874 3511 2929 carnaliter

1915 2961 2069 3029 juxta
2102 2964 2386 3017 historiam
2415 2981 2442 3017 a
2475 2972 2624 3018 recte
2656 2963 3089 3033 intelligentibus
3116 2964 3332 3018 scienda
3362 2975 3508 3031 sunt,

200 3060 595 3123 immutabilis,
622 3060 975 3126 incorporeus
989 3064 1042 3108 et
1071 3052 1426 3115 immortalis;
1459 3051 1655 3117 ubique
1677 3062 1812 3116 prcc-
1840 3047 1886 3109 C
1918 3050 2059 3105 sicut
2091 3067 2120 3104 a
2150 3052 2355 3106 Juda-is
2396 3062 2449 3106 et
2488 3052 2760 3122 plerisque
2791 3053 3061 3109 haereticis
3091 3056 3386 3109 carnaliter
3416 3071 3504 3109 sa-

195 3170 333 3213 sens
365 3161 425 3207 et
452 3150 653 3214 latens;
689 3149 884 3218 ubique
914 3153 1059 3201 totus
1085 3153 1138 3198 et
1163 3145 1486 3196 immensus.

272 3241 585 3302 Invisibilis
611 3249 720 3306 est,
752 3242 875 3310 quia
903 3238 960 3293 in
990 3236 1225 3291 essentia
1263 3249 1357 3289 sua
1389 3233 1613 3288 omnino
1638 3231 1808 3287 videri

195 3355 311 3397 non
342 3343 558 3409 potest,
591 3333 855 3404 Apostolo
884 3340 1142 3394 testante,
1167 3329 1257 3400 qui
1291 3331 1364 3383 ait
1390 3345 1404 3381 :
1442 3328 1607 3395 Quem
1636 3326 1813 3381 uultus

195 3436 487 3491 hominum
516 3430 670 3497 vidit,
702 3427 791 3481 sed
822 3443 913 3479 nec
951 3424 1114 3479 videri
1142 3426 1310 3495 potest
1348 3421 1390 3494 (I
1419 3422 1554 3476 Tim.
1588 3438 1663 3490 v1,
1696 3421 1809 3485 16).

192 3528 267 3583 Ει
302 3530 365 3580 in
403 3521 749 3593 Evangelio:
800 3519 964 3572 Deum
1004 3532 1153 3570 nemo
1191 3516 1314 3569 vidit
1356 3530 1598 3584 umquam
1631 3512 1808 3585 (Joan.

194 3634 230 3681 ι,
274 3615 402 3685 18).

268 3710 652 3774 Incorpnreus
702 3712 825 3770 est,
859 3702 987 3772 quia
1028 3700 1187 3755 nullis
1230 3700 1597 3755 membrorum
1628 3701 1814 3755 linea-

193 3800 417 3861 mentis
462 3797 797 3864 compositus
840 3794 954 3849 sive
992 3802 1309 3863 compactus
1347 3790 1555 3847 existit.
1605 3791 1695 3847 Sic
1719 3806 1814 3846 ve-

193 3894 339 3949 ritas
364 3889 425 3943 in
464 3886 758 3955 Evangelio
786 3887 955 3941 dicit:
990 3885 1217 3955 Spiritus
1240 3895 1310 3938 est
1340 3883 1508 3949 Deus,
1539 3892 1587 3936 et
1618 3900 1704 3937 eos
1727 3882 1818 3951 qui

195 3989 439 4041 adorant
486 3998 643 4046 eum,
677 3981 730 4034 in
778 3981 966 4050 spiritu
1012 3988 1058 4032 et
1098 3980 1303 4032 veritate
1350 3985 1547 4047 oportet
1592 3977 1817 4030 adorare

196 4081 397 4151 (Joan.
435 4092 513 4138 iv,
536 4073 651 4143 24).

271 4171 600 4226 Immensus
630 4173 733 4231 est,
767 4166 893 4235 quia
920 4163 1197 4233 quantitas
1225 4161 1367 4231 ejus.
1406 4162 1487 4215 vel
1518 4161 1752 4231 qualitas
1786 4175 1815 4214 a

194 4263 362 4319 nullo
419 4274 489 4313 cx
541 4258 810 4313 creaturis
853 4255 1031 4311 metiri
1075 4263 1275 4325 potest.
1341 4255 1440 4308 Cui
1476 4254 1726 4309 Salomon
1761 4253 1815 4306 in

196 4355 317 4410 suis
365 4349 719 4407 orationibus
765 4348 1082 4415 supplicans
1126 4347 1239 4399 ait:
1289 4344 1349 4399 Si
1387 4343 1567 4397 (mlum
1609 4352 1657 4397 et
1705 4343 1818 4397 coeli

1920 3142 2215 3213 pientibus,
2244 3145 2333 3213 qui
2366 3144 2535 3197 Deum
2567 3159 2891 3212 corporeum
2934 3154 3097 3215 atque
3130 3146 3355 3202 localein
3392 3149 3511 3217 opi-

1921 3246 2141 3303 nantur,
2192 3237 2285 3293 sed
2326 3238 2628 3306 spiritualia
2674 3238 2853 3292 omnia
2886 3238 2954 3294 de
2983 3255 3049 3293 eo
3080 3238 3428 3311 intelligenda
3456 3253 3509 3296 et

1919 3326 2229 3382 confitenda
2264 3337 2408 3383 sunt.
2460 3330 2515 3385 Si
2547 3330 2666 3399 quis
2712 3330 2822 3385 Deo
2868 3330 3109 3387 humana
3152 3335 3391 3389 membra
3415 3351 3510 3390 seu

1920 3430 2099 3474 motus
2127 3421 2326 3475 animae
2349 3437 2501 3476 more
2528 3422 2766 3476 humano
2794 3422 2971 3480 inesse
2989 3425 3186 3492 credit,
3220 3428 3511 3497 proculdu-

1922 3510 2009 3565 bio
2039 3510 2180 3566 idola
2208 3512 2442 3566 fabricat
2468 3514 2517 3565 in
2544 3514 2709 3569 corde
2740 3529 2856 3569 suo.

1995 3606 2182 3675 Igitur,
2218 3614 2278 3661 ut
2304 3606 2506 3661 dictum
2534 3616 2637 3668 est.
2666 3608 2970 3677 ﬁguraliter
2998 3610 3047 3665 in
3070 3612 3182 3665 Deo
3209 3623 3362 3682 caput
3390 3630 3511 3671 esse

1921 3699 2170 3770 legimus,
2206 3700 2378 3769 ipsam
2406 3700 2698 3754 essentiam
2728 3700 3028 3757 divinitatis
3051 3706 3188 3771 ejus,
3221 3721 3341 3775 quae
3376 3723 3513 3774 prm-

1921 3793 2097 3860 cedit,
2137 3801 2193 3848 et
2230 3794 2317 3847 cui
2351 3794 2534 3847 omnia
2573 3802 2701 3846 sunt
2730 3793 2971 3861 subjecta
3005 3794 3313 3864 intelligere
3342 3797 3512 3852 debe-

1921 3904 2041 3943 mus
2074 3887 2117 3956 (I
2147 3887 2270 3941 Cor.
2307 3903 2380 3953 χι,
2410 3888 2491 3954 5).

1991 3979 2234 4049 Capillos
2265 3994 2395 4033 vero
2435 3979 2631 4048 capitis
2680 3978 2797 4046 ejus
2843 3985 3065 4031 sanctos
3112 3976 3335 4047 angelos
3362 4022 3376 4042 ,
3417 3993 3513 4034 seu

1921 4076 2197 4129 virtuosos
2241 4074 2445 4128 electos
2488 4073 2667 4145 typice
2716 4070 2890 4141 accipi
2932 4079 3185 4141 oportet;
3226 4071 3291 4125 de
3315 4085 3420 4140 quo
3455 4072 3508 4125 in

1921 4174 2264 4222 sacramento
2298 4166 2419 4220 libri
2477 4165 2713 4219 Danielis
2745 4164 3003 4234 scriptum
3038 4172 3121 4218 est
3146 4182 3160 4219 :
3186 4163 3507 4229 Aspiciebam

1922 4258 2084 4312 donec
2123 4258 2292 4312 throni
2328 4258 2481 4325 positi
2521 4266 2673 4320 sunt,
2724 4268 2769 4310 et
2810 4258 3068 4324 Anfiquus
3112 4256 3311 4307 dierum
3357 4254 3507 4308 sedit.

1937 4352 2298 4407 Vestimentum
2344 4355 2453 4422 ejus
2492 4355 2640 4417 quasi
2681 4350 2771 4402 nia;
2800 4350 3114 4408 candidum,
3143 4357 3189 4400 et
3215 4347 3388 4414 capilli
3432 4364 3515 4401 ca-

197 4448 469 4502 melorum
518 4460 619 4496 non
663 4452 712 4495 te
756 4443 1006 4507 capiunt,
1048 4448 1239 4507 quanto
1283 4439 1447 4506 magis
1491 4438 1672 4489 domus
1698 4437 1812 4497 ista,

1926 4446 2046 4517 pitis
2076 4446 2186 4513 ejus
2213 4442 2363 4512 quasi
2394 4442 2515 4495 lana
2546 4443 2739 4493 munda
2772 4438 2948 4509 (Dan.
2986 4455 3078 4497 vn,
3109 4438 3200 4509 9):
3238 4439 3342 4493 hoc
3372 4438 3513 4492 enim

196 4554 361 4609 quam
398 4534 659 4603 mdiﬁcnvi
683 4532 775 4600 (Ill
809 4533 935 4603 Reg.
968 4545 1093 4592 vm,
1126 4530 1244 4596 27).

273 4622 809 4689 Incircumscriptus
842 4630 925 4675 est
948 4662 961 4684 ,
1010 4620 1131 4686 quia
1163 4616 1553 4673 circumscribi
1577 4632 1685 4672 non
1716 4632 1820 4686 po-

194 4733 337 4780 test.

266 4806 554 4868 Inlncalis
581 4813 697 4868 est,
731 4802 854 4871 quia
882 4800 950 4856 de
990 4800 1113 4856 loco
1146 4800 1213 4854 ad
1254 4800 1438 4855 locum
1474 4814 1816 4870 nequaquam

191 4906 425 4965 transit
448 4940 465 4963 ,
498 4899 593 4953 sed
644 4911 817 4966 neque
855 4896 909 4950 in
943 4894 1064 4948 loco
1092 4894 1344 4963 quolibet
1379 4893 1668 4959 retinetur,
1699 4892 1819 4963 ipso

192 5002 264 5057 de
316 5012 389 5051 se
452 5007 553 5061 per
602 4991 794 5044 Isaiam
844 4988 1225 5042 testimonium
1279 4986 1604 5054 perhibente
1643 5002 1704 5041 ac
1741 4987 1821 5041 di-

194 5106 371 5151 cente
411 5106 426 5143 :
467 5085 661 5141 Caelum
697 5083 825 5137 mihi
864 5082 1007 5137 sedes
1034 5090 1143 5145 est,
1182 5092 1321 5135 terra
1350 5090 1518 5134 autem
1545 5080 1821 5133 scabellum

196 5187 409 5258 pedum
468 5195 694 5234 meorum
749 5174 903 5246 (Isai.
934 5189 1077 5239 LxVi,
1114 5173 1187 5244 I).
1243 5173 1309 5227 Et.
1349 5188 1445 5241 per
1481 5172 1819 5229 Jeremiam:

196 5280 410 5334 Nonne
450 5274 635 5327 coelum
674 5280 723 5325 et
755 5278 944 5323 terram
985 5284 1077 5338 ego
1108 5265 1297 5336 impleo
1326 5265 1457 5338 (Jer.
1494 5281 1649 5333 χχιιι,
1680 5265 1820 5332 24)?

196 5370 390 5441 Cujus
432 5365 863 5421 immensitalem
906 5359 1177 5430 propheta
1216 5358 1271 5411 in
1315 5357 1522 5427 psalmo
1552 5357 1820 5412 conﬁtens

196 5465 273 5519 ad
322 5464 521 5531 ipsum
570 5455 861 5509 Dominum
910 5450 1024 5506 ait:
1056 5450 1115 5506 Si
1163 5450 1437 5504 escendero
1476 5450 1529 5502 in
1561 5451 1742 5504 caelum
1768 5458 1823 5503 ιιι

196 5559 323 5616 illic
356 5573 446 5618 es,
480 5552 521 5604 si
549 5550 854 5603 descendam
875 5547 944 5600 ad
978 5548 1239 5617 infernum
1262 5546 1385 5599 ades
1412 5544 1530 5617 (Ps.
1556 5561 1820 5613 cxxxvm,

197 5652 286 5721 8).
334 5647 432 5704 De
464 5641 583 5713 ejus
610 5642 980 5699 immensitate
1006 5640 1059 5696 in
1088 5639 1236 5695 libro
1263 5639 1367 5696 Job
1396 5639 1667 5708 scriptum
1696 5646 1818 5695 est:

1924 4535 2200 4607 signiﬁcat
2234 4549 2331 4603 per
2370 4533 2689 4587 veSIimenta
2739 4531 2968 4585 candida
3009 4531 3134 4592 Dei,
3172 4531 3311 4601 quod
3337 4541 3391 4585 et
3424 4545 3520 4595 per

1925 4628 2156 4696 capillos
2204 4626 2399 4695 capitis
2441 4625 2593 4694 ejus,
2634 4634 2852 4678 sanctos
2894 4622 3148 4678 videlicet
3192 4624 3412 4689 angelos
3462 4632 3519 4679 ct

1928 4718 2330 4773 multitudinem
2394 4725 2703 4770 sanctorum
2753 4715 3155 4770 dealbatorum.
3230 4715 3324 4771 Vel
3370 4726 3518 4770 certe

1928 4810 2049 4866 ideo
2079 4809 2259 4879 capilli
2292 4810 2429 4863 Ianze
2474 4808 2689 4861 mundie
2739 4820 3126 4878 comparantur
3158 4849 3172 4873 ,
3204 4820 3261 4863 ut
3287 4824 3385 4877 per
3418 4809 3519 4862 hoc

1928 4901 2195 4967 Antiquus
2222 4900 2434 4955 dierum
2461 4900 2715 4954 credatur
2746 4916 2892 4956 esse.

1997 4992 2193 5047 Oculos
2238 4992 2434 5048 dicitur
2463 4992 2606 5046 Dens
2643 4992 2877 5057 habere,
2906 5007 3006 5061 pro
3044 5006 3110 5046 eo
3150 4992 3291 5061 quod
3336 4992 3516 5047 omnia

1924 5088 2105 5149 videt,
2154 5095 2209 5140 et
2240 5087 2371 5141 nihil
2398 5103 2521 5143 cum
2555 5088 2687 5141 latet
2713 5128 2727 5152 ,
2772 5088 2826 5141 in
2854 5088 3003 5158 cujus
3026 5096 3320 5155 conspectu,
3360 5096 3415 5139 ut
3443 5086 3521 5139 ait

1925 5179 2239 5248 Apostolus,
2274 5178 2421 5231 nulla
2453 5189 2687 5233 creatura
2735 5179 3002 5233 invisibilis
3034 5189 3105 5232 est
3129 5194 3148 5231 :
3179 5180 3351 5232 omnia
3380 5177 3516 5231 enim

1925 5275 2067 5325 nuda
2090 5280 2137 5325 et
2168 5281 2347 5342 aperta
2377 5282 2492 5326 sunt
2523 5273 2685 5325 oculis
2724 5274 2833 5343 ejus
2872 5271 3030 5342 (Heb.
3066 5287 3140 5339 tv,
3179 5269 3287 5339 I5).
3347 5268 3522 5324 Aliter

1926 5378 2060 5418 vero
2113 5372 2394 5433 respectus
2447 5364 2632 5433 grati-n
2684 5364 2803 5432 ejus
2866 5362 3285 5434 intelliguntur:
3330 5371 3392 5418 ut
3438 5370 3521 5417 est

1925 5454 2060 5511 illud
2110 5455 2162 5509 in
2213 5456 2420 5525 psalmo
2449 5501 2463 5523 ,
2519 5455 2668 5510 Oculi
2716 5455 2928 5509 Domini
2977 5472 3131 5526 super
3163 5460 3335 5529 justas
3387 5452 3521 5525 (Ps.

1924 5562 2119 5613 χχχιιι,
2153 5546 2264 5617 I6).
2298 5547 2428 5601 Item
2458 5548 2637 5615 aliter,
2676 5546 2827 5600 Oculi
2864 5546 3070 5602 Domini
3095 5556 3350 5618 prterepta
3385 5550 3519 5619 ejus,

1927 5653 2026 5711 per
2047 5655 2169 5714 qua:
2208 5640 2364 5695 nobis
2392 5641 2574 5695 lumen
2606 5640 2854 5696 scientia:
2882 5641 3349 5707 subministratur,
3378 5636 3523 5695 acci-
