4028 6184
506 201 611 264 731

1502 197 1562 259 8.
1601 194 1928 256 EUCIIERII
1967 192 2271 252 EPISCOPI
2309 195 2789 259 LUGDUNENSIS

3680 212 3799 277 ’132

514 322 772 392 piuntur:
804 319 863 371 ut
904 320 989 374 est
1021 312 1153 371 illud
1186 313 1240 369 in
1269 310 1500 385 psalmo,
1534 312 1859 387 Praeceptum
1888 310 2096 365 Domini
2121 311 2177 372 Α
2271 309 2498 367 Dextera
2528 315 2619 369 Dei
2652 316 2828 369 Patris
2858 314 3171 389 unigenitus
3196 314 3368 375 Filius
3398 323 3690 395 accipitur:
3717 328 3795 388 de

515 413 743 467 lucidum
771 408 1074 464 illuminans
1098 408 1274 460 oculos
1299 405 1414 474 (Ps.
1448 422 1575 461 xvm
1595 447 1610 471 ,
1642 406 1719 475 9).

586 503 865 573 Palpebm
913 501 1116 555 Domini
1169 500 1379 554 occulta
1427 508 1482 554 et
1526 496 2096 568 incomprehensibilia

511 596 712 667 judicia
740 596 879 661 ejus,
905 592 1020 646 sive
1048 592 1343 659 spiritualis
1378 592 1429 645 in
1457 592 1657 646 divinis
1689 592 1840 646 libris
1866 592 1983 660 ejus
2012 589 2094 645 lo-

516 692 660 746 cutio
700 688 959 741 innuitur.
1012 686 1089 741 De
1117 687 1311 756 quibus
1339 686 1567 740 occultis
1594 696 1648 741 et
1679 684 2094 755 incomprehen-

514 780 761 838 siiilibus
788 780 1147 834 sacramentis
1175 789 1336 849 atque
1363 779 1580 847 judiciis
1613 780 1664 832 in
1697 778 1932 847 psalmo:
1970 775 2097 831 Pal-

512 876 681 944 pebrte
701 876 813 943 ejus
842 874 1167 944 interrogant
1190 871 1327 941 ﬁlios
1358 872 1626 925 hominum
1654 870 1777 941 (Ps.
1815 884 1872 938 ι,
1906 866 1963 940 5)
1991 911 2005 936 ,
2040 868 2094 924 id

510 977 611 1032 est,
646 967 891 1030 probant.

580 1059 755 1113 Aures
788 1058 987 1111 habere
1018 1055 1217 1111 dicitur
1236 1056 1400 1124 Deus,
1432 1063 1717 1124 propterea
1741 1054 1883 1124 quod
1914 1054 2093 1109 omnia

512 1152 685 1216 audit,
721 1160 774 1204 et
804 1150 938 1204 nihil
972 1164 1093 1203 eum
1123 1149 1174 1203 in
1205 1150 1421 1203 silentio
1451 1149 1584 1201 latet
1612 1167 1622 1200 :
1658 1148 1725 1202 de
1752 1164 1855 1217 quo
1882 1148 1933 1200 in
1960 1147 2094 1201 libro

509 1244 798 1312 Sapientia!
854 1243 1135 1311 scriptum,
1179 1240 1332 1294 Auris
1374 1241 1488 1294 caeli
1524 1241 1669 1294 audit
1708 1241 1897 1305 omnia,
1929 1247 1977 1291 et
2008 1247 2093 1291 tu-

507 1336 701 1389 multus
732 1335 1190 1388 murmurationum
1228 1348 1329 1385 non
1367 1332 1702 1385 abscondetur
1730 1331 1882 1403 (Sap.
1908 1346 1946 1397 ι,
1980 1330 2091 1400 10).

582 1432 748 1484 Nares
782 1428 874 1483 Dei
907 1436 989 1481 est
1031 1428 1313 1496 inspiratio
1356 1428 1478 1495 ejus
1523 1426 1575 1479 in
1617 1426 1781 1479 corda
1824 1424 2091 1493 ﬁdelium:

513 1532 567 1578 ut
592 1523 722 1577 illml
750 1524 801 1576 in
834 1523 966 1576 libro
996 1520 1205 1591 Regum
1234 1538 1249 1575 :
1297 1521 1535 1575 Ascendit
1574 1521 1749 1589 fumus
1790 1520 1853 1573 de
1891 1519 2098 1572 naribus

515 1620 628 1689 ejus
662 1615 729 1682 (II
762 1614 890 1685 Reg.
922 1630 1053 1679 χιιι,
1085 1613 1165 1682 9),
1190 1612 1241 1666 id
1275 1620 1379 1681 est,
1414 1612 1715 1683 lacrymosa
1754 1610 2098 1679 compunctio

516 1709 897 1777 pmnitcntinm
928 1706 1209 1775 inspiratio
1240 1705 1377 1774 ejus.

584 1802 771 1855 Facies
798 1801 891 1855 Dei
924 1800 1161 1870 cognitio
1183 1810 1263 1853 est
1294 1799 1589 1853 divinitatis
1618 1798 1733 1869 ejus
1766 1798 1831 1853 ad
1864 1811 2091 1853 omnes:

514 1894 581 1949 de
610 1912 711 1965 qua
744 1896 1049 1963 cognitione
1083 1895 1133 1948 in
1165 1895 1383 1963 psalmis
1416 1895 1675 1959 scriptum
1704 1901 1786 1946 est
1816 1912 1827 1943 :
1874 1890 2094 1946 Ostende

516 1986 658 2040 nobis
682 1987 864 2055 [aciem
894 1995 1031 2038 tuam
1051 2026 1066 2051 ,
1095 1996 1138 2038 et
1165 1985 1289 2039 salvi
1313 1986 1501 2039 erimus
1525 1984 1641 2056 (Ps.
1675 2000 1855 2049 Lutx,
1886 1985 1963 2055 4),
1997 1984 2097 2037 hoc

512 2086 616 2139 est,
658 2076 796 2129 dona
842 2077 998 2129 nobis
1030 2079 1391 2146 cognitionem
1427 2089 1602 2144 tuam,
1651 2093 1808 2146 quam
1840 2076 2099 2145 cognitio-

516 2184 637 2222 nem
685 2184 780 2237 per
820 2168 1017 2222 Filium
1060 2168 1296 2223 hominis
1338 2168 1646 2223 hominibus
1677 2170 1948 2221 innotuit:
1986 2168 2098 2234 ipso

513 2261 727 2315 dicente
756 2264 806 2314 in
838 2261 1150 2329 Evangc'io,
1186 2260 1354 2314 Nemo
1380 2263 1518 2313 novit
1544 2258 1750 2312 Patrem
1781 2259 1877 2311 nisi
1903 2254 2097 2323 Filius,

513 2361 557 2407 et
590 2354 671 2406 cui
703 2354 916 2405 voluerit
940 2350 1113 2405 Filius
1149 2354 1370 2405 revelare
1403 2351 1616 2419 (Matth.
1654 2366 1731 2416 XI,
1761 2350 1877 2416 27).
1923 2350 2099 2403 Aliter

514 2456 643 2496 vero
676 2443 842 2497 iacies
873 2443 969 2496 Dei
1014 2442 1282 2512 signiﬁcat
1324 2442 1644 2495 invisibilem
1684 2440 1975 2495 essentiam
2004 2439 2101 2494 di—

517 2538 760 2591 vinitatis
790 2536 910 2590 Filii
944 2536 1034 2590 Dei
1064 2553 1079 2603 ;
1132 2536 1200 2589 de
1235 2551 1337 2605 qua
1371 2537 1485 2603 ipse
1527 2535 1783 2589 Dominus
1821 2534 1886 2587 ad
1919 2534 2099 2588 Mosen

517 2648 611 2703 per
644 2632 893 2703 angelum
924 2631 1261 2698 respondens
1286 2631 1360 2684 ait
1384 2646 1396 2683 :
1431 2629 1729 2683 Posteriora
1752 2645 1864 2683 mea
1888 2628 2098 2693 videbis,

518 2728 703 2797 faciem
733 2735 900 2778 autem
933 2739 1100 2777 meam
1131 2724 1301 2776 videre
1322 2739 1423 2775 non
1451 2725 1640 2789 poteris
1668 2719 1862 2792 (Exod.
1894 2733 2096 2786 sunt,

516 2816 644 2886 25);
674 2834 735 2870 ac
786 2818 831 2870 si
874 2818 1108 2883 diceret,
1138 2816 1477 2870 divinitatem
1508 2819 1690 2868 autem
1722 2828 1896 2867 meam
1919 2812 2103 2867 videre

520 2924 625 2964 non
656 2910 879 2978 poteris.

588 3004 659 3058 Os
695 3003 785 3057 Dei
829 3001 996 3057 Filius
1037 3000 1249 3066 Patris,
1293 2997 1346 3055 id
1370 3007 1484 3061 est.
1515 2998 1769 3053 Christus
1794 2997 2097 3064 Dominus;

518 3112 617 3167 pro
656 3112 763 3167 quo
812 3096 978 3151 Isaias
1028 3059 1291 3165 pr0pheia
1330 3108 1396 3149 ex
1428 3059 1657 3163 persona
1688 3092 1997 3148 Judenrum
2023 3059 2103 3146 ei;
2127 3059 2175 3128 ο

519 3190 657 3244 fatus
686 3198 766 3244 est
795 3208 808 3242 :
843 3190 977 3257 Quia
1015 3204 1072 3242 os
1105 3190 1220 3259 ejus
1271 3186 1339 3239 ad
1368 3186 1692 3239 iracundiam
1718 3184 2101 3255 provocavimus

520 3280 674 3354 (Isai.
706 3297 742 3345 ι,
770 3280 887 3351 20).
938 3283 1111 3336 Aliter
1161 3294 1290 3333 vero
1331 3294 1394 3332 os
1446 3278 1562 3345 ejus
1605 3290 1785 3329 sermo
1833 3275 1949 3343 ejus
1991 3275 2103 3328 sive

517 3374 687 3442 jussio
720 3372 1013 3440 accipitur;
1046 3372 1115 3425 de
1144 3386 1252 3439 quo
1280 3384 1544 3424 sermone
1567 3366 1780 3421 Domini
1814 3365 2104 3437 praedictus

520 3465 787 3534 prapheta
822 3465 930 3517 ait:
967 3463 1038 3516 Os
1062 3463 1271 3515 Domini
1294 3463 1520 3514 locutum
1552 3460 1756 3514 esthoc.

592 3553 829 3607 Verbum
876 3554 969 3607 Dei
1016 3554 1188 3607 Filius
1234 3552 1329 3606 Dei
1368 3552 1573 3616 Patris,
1608 3567 1704 3621 per
1738 3565 1895 3621 quem
1927 3549 2105 3604 omnia

520 3645 663 3701 facta
696 3655 839 3711 sunt;
867 3645 935 3699 de
964 3662 1071 3716 quo
1099 3646 1148 3699 in
1182 3645 1412 3712 psalmo,
1453 3645 1617 3699 Verbo
1644 3644 1849 3699 Domini
1869 3645 1977 3698 cali
2008 3645 2104 3713 [ir-

520 3739 782 3792 matisunt
816 3736 944 3810 (Ps.
988 3754 1156 3805 xxx",
1204 3737 1293 3809 6).
1349 3739 1411 3792 Et
1462 3738 1625 3792 alibi:
1680 3736 1825 3791 Misit
1884 3736 2105 3790 Verbum

518 3846 671 3884 suum
695 3871 711 3895 ,
750 3838 798 3884 et
835 3833 1033 3885 sanavit
1078 3848 1164 3885 eos
1209 3831 1325 3901 (Ps.
1359 3847 1465 3897 CVI,
1491 3831 1609 3897 26).
1644 3831 1705 3884 Et
1735 3832 1786 3883 in
1813 3830 2106 3896 Evangelio

519 3923 815 3977 secundum
865 3925 1132 3979 Joannem
1160 3968 1173 3990 ,
1210 3922 1274 3975 In
1308 3924 1561 3993 principio
1608 3927 1718 3973 erat
1768 3919 2025 3983 Verbum,
2057 3927 2107 3973 et

528 4011 748 4068 Verbum
801 4027 910 4070 erat
978 4018 1117 4087 apud
1179 4016 1378 4078 Deum,
1436 4024 1484 4067 et
1536 4012 1679 4067 Deus
1717 4021 1827 4067 erat
1882 4012 2106 4067 Verbum

520 4103 701 4175 (Joan.
730 4120 768 4172 t,
796 4106 868 4175 l).

591 4197 794 4267 Lingua
826 4196 922 4251 Dei
970 4197 1197 4266 mystice
1237 4194 1503 4264 signiﬁcat
1546 4195 1804 4266 Spiritum
1834 4207 2103 4265 sanctum,

518 4304 614 4360 per
643 4305 801 4360 quem
846 4289 989 4345 Deus
1038 4289 1200 4344 Pater
1238 4296 1505 4343 secretum
1546 4303 1701 4344 suum
1746 4290 2107 4346 manifestavit

519 4381 866 4447 hominibus;
898 4383 1038 4436 unde
1091 4381 1145 4435 in
1191 4382 1432 4453 psalmo:
1476 4380 1680 4453 Lingua
1724 4397 1839 4435 mea
1875 4384 2105 4438 calamus

519 4474 786 4529 scribentis
820 4473 938 4547 (Ps.
966 4490 1112 4540 xuv,
1136 4473 1218 4545 2).

583 4566 754 4624 Labia
783 4570 875 4624 Dei
909 4573 1135 4640 mystice
1164 4569 1439 4640 utriusque
1464 4568 1774 4625 testamenti
1801 4584 2107 4627 consonan-

521 4660 594 4715 tia
639 4662 1051 4731 intelliguntur:
1093 4663 1163 4717 de
1193 4662 1386 4733 quibus
1422 4661 1635 4718 duobus
1674 4664 2009 4718 testamentis
2048 4664 2104 4720 in

520 4752 831 4809 Proverbiis
874 4756 1135 4826 scriptum
1183 4764 1311 4812 est:
1361 4754 1429 4809 In
1454 4757 1659 4829 judicio
1704 4773 1807 4811 non
1830 4759 2017 4813 erravit
2048 4775 2102 4813 os

444 4836 452 4841 ’
518 4849 633 4919 ejus
662 4845 841 4919 (Prov.
879 4862 993 4915 xvr,
1017 4846 1130 4920 IO).

591 4938 819 4992 Brachia
860 4940 952 4994 Dei
980 4939 1159 4995 Patris
1195 4939 1366 4996 Filius
1393 4940 1511 5011 ejus
1541 4948 1598 4996 et
1626 4940 1861 5011 Spiritus
1888 4951 2103 4999 sanctus

522 5030 927 5099 intelliguntur;
958 5033 1098 5087 sicut
1115 5041 1199 5089 est
1220 5033 1353 5089 illud
1376 5033 1429 5088 in
1456 5033 1592 5088 Isaia
1619 5050 1634 5087 :
1666 5032 1735 5089 Et
1764 5034 1973 5090 brachia
1992 5053 2105 5091 mea

519 5124 738 5195 populos
770 5124 1083 5194 judicabant
1114 5123 1279 5195 (Isai.
1309 5141 1381 5193 ιι,
1409 5124 1496 5198 5).
1549 5128 1836 5183 Brachium
1868 5130 1965 5185 Dei
1993 5132 2106 5186 sin-

516 5215 775 5285 gulariter
801 5215 970 5275 Filius
994 5217 1295 5289 accipitur:
1320 5218 1389 5274 de
1412 5233 1517 5289 quo
1542 5219 1808 5276 Jcremias
1834 5221 1899 5275 ad
1922 5222 2102 5293 ipsum

517 5309 629 5364 ait:
667 5309 733 5363 Et
796 5326 935 5364 nunc
980 5311 1238 5367 Dominus
1277 5310 1423 5369 Deus
1461 5314 1547 5385 qui
1585 5316 1809 5369 eduxisti
1854 5316 2103 5387 papulum

518 5415 664 5459 tuum
708 5403 770 5459 de
813 5414 949 5459 terra
992 5405 1211 5479 Ερυρή
1254 5407 1308 5463 in
1337 5424 1496 5463 manu
1524 5410 1669 5479 forti,
1700 5409 1754 5463 in
1784 5409 1988 5464 brachio
2016 5423 2106 5464 ea:—

517 5505 657 5553 tento
684 5496 819 5569 (Jer.
848 5511 1037 5568 usu,
1064 5498 1181 5571 2t).
1225 5500 1433 5556 Idcirco
1474 5510 1651 5556 autem
1683 5501 1848 5559 Filius
1873 5504 1968 5561 Dei
1997 5503 2103 5558 Pa-

520 5589 621 5644 tris
660 5590 941 5646 brachium
987 5592 1203 5663 dicitur,
1237 5592 1362 5663 quia
1402 5600 1650 5649 cretura
1690 5594 1859 5653 electa
1888 5597 1958 5652 ab
1985 5597 2104 5667 ipso

519 5681 852 5736 continetur.

2198 420 2305 476 quo
2328 409 2382 462 in
2407 410 2612 478 psalmo
2647 423 2713 465 ex
2761 424 2989 479 persona
3032 413 3266 469 hominis
3314 421 3577 488 assumpti
3607 440 3618 473 :
3651 422 3792 480 Dea:-

2198 508 2307 557 tera
2329 548 2343 573 ,
2395 504 2605 574 inquit,
2653 504 2869 559 Domini
2896 508 3013 577 fecit
3040 510 3280 562 virtutem
3318 511 3437 580 (Ps.
3469 527 3633 581 cxvn,
3672 518 3783 590 l6).

2198 596 2371 651 Aliter
2398 613 2530 652 vero
2565 598 2776 653 Domini
2813 598 3031 654 dextera
3060 600 3286 671 gloriam
3327 603 3502 674 signat
3532 607 3705 664 Patris
3731 619 3787 666 et

2198 702 2454 747 teternam
2489 692 2917 760 beatitudinem;
2968 692 3036 748 de
3085 710 3191 763 quo
3230 695 3284 749 in
3323 697 3532 766 psalmo
3560 716 3625 754 ex
3658 718 3785 769 per—

2196 798 2326 838 sona
2365 784 2543 838 Patris
2585 784 2649 838 ad
2693 784 2887 839 Filium
2913 826 2927 840 .
2962 784 3097 840 Sede
3119 801 3154 839 a
3177 787 3368 843 dextris
3396 793 3519 843 meis
3550 792 3780 859 (Psalm.

2193 889 2301 940 crs,
2332 874 2406 946 l).
2452 875 2657 930 Dicitur
2695 886 2875 931 autem
2925 882 2979 931 et
3018 877 3235 933 dextera
3270 878 3365 935 Dei
3396 884 3571 937 omnis
3597 886 3782 940 electa

2193 980 2438 1022 creatura
2470 969 2522 1022 in
2546 970 2686 1023 ccelo
2708 979 2763 1023 et
2790 968 2842 1024 in
2877 976 3051 1035 terra;
3077 970 3214 1025 sicut
3238 984 3329 1040 per
3355 973 3628 1028 sinistram
3655 978 3784 1043 ejus

2194 1059 2514 1131 intelligitur
2561 1062 2792 1129 reproba
2837 1071 3084 1117 creatura
3112 1104 3126 1129 ,
3169 1063 3223 1118 id
3261 1073 3375 1129 est,
3416 1065 3695 1122 daemones
3728 1074 3788 1122 et

2193 1151 2345 1221 impii
2386 1168 2598 1220 omnes,
2641 1154 2731 1219 qui
2778 1154 2842 1207 ad
2871 1154 3058 1208 lteram
3098 1155 3258 1224 positi
3289 1164 3491 1210 aeterna
3519 1158 3783 1227 supplicia

2195 1244 2537 1298 sustinebunt
2570 1245 2787 1312 (Matth.
2822 1262 2951 1312 xxv,
2983 1244 3097 1316 35).

2267 1335 2455 1391 Manus
2489 1337 2577 1392 Dei
2626 1338 2798 1392 Patris
2842 1338 3007 1393 Filius
3060 1339 3179 1409 ejus
3221 1338 3527 1409 accipitur,
3580 1357 3677 1410 pro
3718 1357 3783 1397 eo

2196 1429 2337 1499 quod
2369 1445 2461 1497 per
2490 1430 2662 1497 ipsum
2696 1432 2829 1484 facta
2861 1440 2984 1484 sunt
3006 1431 3184 1484 omnia
3217 1448 3232 1483 :
3268 1431 3408 1485 sicut
3438 1442 3517 1486 est
3556 1433 3691 1487 illud
3729 1436 3781 1490 in

2197 1520 2353 1574 Isaia.
2390 1520 2578 1574 Omnia
2606 1519 2717 1575 ha’c
2746 1536 2928 1576 manus
2956 1538 3067 1576 mea
3092 1523 3241 1592 fecit,
3284 1533 3332 1576 et
3358 1521 3493 1591 facta
3522 1533 3635 1577 sunt
3662 1540 3784 1578 om~

2199 1612 2285 1665 nia
2314 1609 2467 1683 (Isai.
2504 1628 2647 1679 Lm,
2682 1613 2759 1682 2).
2810 1614 2980 1667 Aliter
3016 1628 3147 1668 vero
3200 1630 3390 1669 manus
3424 1616 3516 1670 llei
3540 1616 3655 1685 ejus
3684 1632 3786 1685 po—

2120 1688 2171 1751 Β
2200 1712 2365 1759 testas
2411 1706 2723 1775 Intelligitur
2754 1707 2819 1761 de
2858 1722 2959 1776 qua
2990 1716 3257 1777 potestate
3285 1710 3341 1761 in
3364 1706 3616 1763 Jcremia:
3644 1709 3787 1765 libro

2199 1798 2474 1867 prophetae
2502 1818 2511 1851 :
2546 1800 2694 1855 Sicut
2725 1797 2889 1851 lutum
2909 1800 2961 1852 in
2989 1816 3143 1853 manu
3177 1800 3341 1871 ﬁguli,
3385 1802 3458 1854 sic
3484 1816 3569 1855 vos
3594 1804 3645 1855 in
3678 1820 3783 1856 ma-

2198 1909 2268 1945 nu
2314 1908 2464 1956 mea,
2512 1894 2693 1947 domus
2738 1892 2906 1947 Israel
2954 1892 3086 1963 (Jer.
3134 1909 3287 1960 xvm,
3320 1894 3398 1965 6).
3428 1895 3560 1949 Item
3591 1910 3783 1951 manus

2198 1985 2408 2038 Domini
2442 1986 2710 2054 ﬂagellum
2750 1986 3045 2054 accipitur;
3077 1985 3145 2041 de
3176 1986 3327 2055 cujus
3348 1989 3693 2056 percussione
3728 1990 3783 2042 in

2198 2076 2477 2145 Sophonia
2505 2078 2766 2146 propheta
2796 2078 3053 2146 scriptum
3091 2085 3208 2132 est:
3255 2077 3533 2131 Extendunt
3566 2094 3785 2131 manum

2199 2184 2365 2222 meam
2394 2186 2545 2239 super
2573 2168 2771 2222 ludam
2796 2179 2841 2222 et
2873 2185 3024 2239 super
3053 2167 3337 2222 habitantes
3368 2167 3563 2234 Israel,
3596 2182 3641 2221 et
3674 2169 3788 2224 dis-

2202 2265 2409 2329 perdam
2439 2261 2501 2314 de
2545 2262 2654 2315 loco
2680 2260 2776 2313 hoc
2807 2262 3047 2329 reliquias
3080 2259 3215 2313 Baal
3251 2259 3437 2330 (Soph.
3474 2278 3511 2323 t,
3536 2261 3614 2328 li),
3645 2269 3786 2327 εις..

2202 2368 2297 2423 pro
2340 2368 2444 2421 qua
2490 2353 2698 2406 Domini
2741 2353 3094 2422 percussione
3132 2353 3317 2407 beatus
3360 2352 3460 2407 Job
3487 2352 3553 2407 de
3582 2359 3787 2407 semet-

2202 2443 2317 2511 ipso
2339 2446 2445 2495 ait:
2479 2441 2668 2495 Manus
2692 2442 2895 2495 Domini
2929 2443 3100 2512 tetigit
3132 2458 3209 2494 me
3235 2441 3378 2512 (Job.
3405 2459 3516 2503 XIX,
3546 2443 3659 2511 ‘21).

2274 2537 2479 2605 Digitus
2512 2534 2606 2589 Dei
2633 2534 2977 2604 singulariter
2999 2534 3232 2604 Spiritus
3259 2546 3476 2588 Sanctus
3501 2535 3783 2603 accipitur,

2204 2644 2231 2681 a
2265 2644 2369 2697 quo
2412 2627 2614 2694 Spiritu
2663 2638 2888 2693 Sancto,
2934 2628 3014 2680 lex
3042 2626 3239 2680 duabus
3270 2628 3322 2679 in
3353 2627 3541 2681 tabulis
3567 2628 3788 2695 lapideis

2204 2722 2257 2773 in
2298 2728 2465 2771 monte
2496 2717 2651 2772 Sinai
2685 2720 2879 2787 scripta
2919 2726 3161 2772 narratur
3202 2717 3396 2790 (Exod.
3446 2734 3617 2773 xxxii.
3668 2719 3787 2787 I6).

2205 2811 2326 2880 Ipse
2355 2810 2573 2877 scripsit
2613 2811 2701 2879 qui
2743 2810 3028 2864 scribenda
3067 2811 3279 2865 dictavit
3308 2853 3322 2875 ,
3361 2810 3411 2865 id
3443 2824 3521 2867 est
3552 2811 3793 2881 Spiritus

2205 2910 2443 2957 sanctus.
2479 2903 2553 2957 De
2593 2919 2697 2972 quo
2730 2902 2989 2957 Dominus
3020 2901 3073 2956 in
3110 2902 3443 2973 Evangelio:
3476 2904 3539 2959 Si
3560 2920 3677 2975 ego,
3708 2905 3792 2957 in-

2206 2998 2342 3066 quit.
2372 2997 2424 3049 in
2456 2997 2619 3069 digito
2648 2996 2739 3050 Dei
2765 2996 2914 3063 ejicio
2944 2995 3198 3049 daemonia
3226 2995 3380 3066 (Luc.
3408 3011 3481 3063 ιι,
3511 2994 3625 3065 20).
3661 2996 3790 3052 Sic-

2209 3096 2268 3143 ut
2308 3087 2448 3143 enim
2500 3088 2694 3156 digitus
2716 3102 2839 3141 cum
2866 3103 3025 3141 manu
3048 3087 3132 3141 vel
3166 3087 3407 3151 brachio,
3435 3102 3622 3141 manus
3654 3102 3789 3142 vero

2206 3184 2291 3238 vel
2317 3182 2599 3237 brachium
2629 3195 2751 3235 cum
2781 3196 3009 3250 corpore
3032 3197 3197 3235 unum
3228 3192 3352 3236 sunt
3380 3182 3430 3235 in
3455 3188 3665 3244 natura,
3714 3182 3789 3236 ita

2208 3274 2391 3341 Pater,
2438 3283 2492 3327 et
2542 3271 2749 3339 Filius,
2783 3282 2837 3327 et
2879 3272 3110 3341 Spiritus
3159 3281 3374 3327 sanctus
3419 3284 3528 3326 tres
3572 3271 3791 3339 quidem

2208 3380 2458 3435 personae
2481 3375 2629 3432 sunt,
2666 3380 2769 3419 una
2796 3374 2973 3419 autem
3005 3365 3306 3419 substantia
3336 3365 3650 3419 divinitatis.

2280 3460 2441 3528 Digiti
2476 3460 2571 3514 Dei
2612 3458 2893 3528 pluraliter
2943 3459 3117 3512 sancti
3157 3457 3535 3527 intelliguntur
3558 3456 3793 3526 prophe.

2210 3559 2297 3616 tas,
2326 3564 2421 3620 per
2444 3564 2580 3620 quos
2606 3550 2839 3619 Spiritus
2866 3559 3083 3604 sanctus
3110 3548 3275 3603 libros
3305 3550 3436 3618 legis
3467 3564 3529 3604 ac
3558 3548 3793 3619 prephec

2211 3654 2380 3699 tarum
2415 3659 2509 3699 sua
2539 3644 2891 3713 inspiratione
2912 3643 3197 3710 describit;
3228 3646 3293 3697 de
3324 3644 3513 3713 quibus
3544 3643 3595 3697 in
3639 3643 3793 3712 psaln

2211 3753 2302 3793 mo
2329 3739 2593 3808 scriptum
2617 3747 2735 3793 est:
2774 3737 2971 3792 Videbo
3001 3736 3151 3791 caelos
3181 3744 3335 3805 opera
3375 3737 3646 3807 digitorum
3672 3744 3795 3790 tuo-

2210 3846 2326 3883 rum
2369 3829 2488 3900 (Ps.
2539 3846 2653 3897 vm,
2695 3828 2791 3901 4):
2841 3844 2939 3900 per
2982 3829 3148 3885 caelos
3190 3828 3333 3883 enim
3372 3828 3537 3884 libros
3563 3828 3692 3896 legis
3724 3843 3793 3893 ac

2212 3920 2593 3989 prophetarum
2624 3963 2638 3986 ,
2682 3935 2782 3989 per
2809 3919 3004 3990 digitos
3042 3934 3169 3973 vero
3204 3928 3421 3973 sanctos
3448 3960 3462 3985 ,
3504 3928 3559 3973 ut
3588 3919 3795 3974 dietum

2210 4023 2312 4078 est,
2342 4014 2657 4083 prOphetas,
2687 4015 2913 4084 mystice
2937 4014 3199 4067 insinuari
3230 4021 3440 4068 certum
3466 4022 3565 4067 est.

2280 4102 2464 4173 Imago
2493 4104 2587 4159 Dei
2614 4105 2789 4158 Patris
2818 4104 3127 4170 invisibilis,
3155 4104 3463 4173 unigenitus
3488 4103 3651 4159 Filius
3671 4103 3794 4172 ejus

2210 4207 2291 4255 est
2318 4216 2333 4254 :
2362 4199 2429 4253 de
2455 4215 2561 4267 quo
2593 4198 2886 4269 Apostolus
2911 4214 2926 4252 :
2958 4196 3139 4267 Imago
3168 4198 3261 4251 Dei
3282 4197 3555 4251 invisibilis
3581 4195 3718 4264 (Col.
3752 4211 3794 4261 ι,

2210 4292 2325 4361 15).
2373 4288 2548 4346 Aliter
2587 4304 2818 4359 namque
2860 4297 2942 4343 est
2992 4289 3166 4357 imago
3219 4288 3312 4342 Dei
3365 4288 3540 4342 Patris
3570 4288 3622 4341 in
3652 4285 3797 4341 Filio

2210 4399 2330 4449 suo,
2363 4398 2521 4453 quem
2554 4398 2660 4437 non
2692 4381 2909 4436 aliunde
2937 4427 2950 4450 ,
2989 4380 3082 4435 sed
3114 4394 3178 4434 ex
3207 4379 3524 4445 semetipso,
3556 4378 3656 4433 hoc
3684 4385 3795 4445 est,

2211 4493 2277 4533 ex
2307 4478 2607 4531 substantia
2657 4491 2751 4529 sua
2784 4489 2882 4543 per
2920 4473 3099 4527 omnia
3134 4473 3237 4534 sibi
3272 4470 3497 4525 similem
3524 4468 3709 4537 genuit
3740 4477 3800 4525 et

2213 4570 2495 4639 aequalem.
2549 4568 2720 4622 Aliter
2768 4580 2894 4619 vero
2935 4564 3113 4617 anima
3167 4562 3426 4626 hominis,
3472 4574 3630 4629 quam
3684 4573 3798 4615 non

2212 4675 2278 4716 ex
2307 4675 2386 4726 se,
2421 4659 2474 4713 id
2501 4666 2613 4724 est,
2646 4657 2713 4712 de
2743 4671 2837 4710 sua
2877 4654 3172 4708 substantia
3195 4697 3208 4719 ,
3244 4656 3384 4707 sicut
3415 4651 3653 4721 plerique
3680 4649 3799 4705 has-

2211 4751 2580 4820 reticiopinati
2612 4757 2757 4811 sunt,
2784 4748 2988 4817 genuit,
3014 4745 3109 4801 sed
3141 4761 3202 4799 ex
3229 4744 3399 4799 nihilo
3419 4743 3643 4800 creavit.
3677 4741 3799 4797 Sic-

2212 4854 2271 4902 ut
2334 4846 2491 4901 aliter
2539 4844 2716 4910 imago
2766 4849 2850 4895 est
2898 4838 3184 4907 cujuslibet
3230 4837 3373 4907 regis
3432 4837 3485 4892 in
3526 4834 3637 4891 ﬁlio
3674 4833 3798 4903 ejus

2210 4956 2369 5012 quem
2394 4956 2459 4996 ex
2486 4938 2781 5004 semetipso
2811 4934 2913 4988 sibi
2938 4933 3168 4988 similem
3191 4931 3396 5003 genuit,
3422 4931 3476 4987 id
3502 4940 3603 4995 est,
3632 4930 3798 4984 homo

2209 5035 2503 5090 hominem.
2553 5030 2726 5086 Aliter
2754 5042 2888 5083 vero
2918 5031 2971 5082 in
2993 5026 3211 5081 annullo
3238 5024 3357 5094 ejus
3382 5065 3397 5091 ,
3430 5024 3567 5078 sicut
3597 5024 3647 5077 in
3668 5035 3803 5076 cera

2210 5130 2388 5197 imago
2432 5126 2551 5196 ejus
2600 5124 2865 5191 impressa
2892 5158 2907 5185 ,
2954 5133 3073 5189 quas
3119 5133 3224 5172 non
3273 5125 3357 5171 est
3386 5114 3528 5186 quod
3556 5124 3609 5170 et
3638 5113 3801 5182 ipsa:

2211 5221 2349 5275 sicut
2379 5219 2515 5273 ﬁlius
2549 5216 2639 5287 qui
2671 5212 2990 5269 naturaliter
3022 5211 3124 5264 hoc
3155 5217 3239 5265 est
3264 5208 3407 5279 quod
3434 5214 3490 5262 et
3518 5217 3681 5276 pater.

2281 5314 2387 5369 Cor
2425 5311 2521 5367 Dei
2562 5307 2741 5362 Patris
2791 5318 3046 5361 arcanum
3093 5300 3374 5373 sapientia
3422 5299 3542 5369 ejus
3571 5296 3805 5368 mystice

2210 5409 2405 5475 innuit,
2433 5387 2498 5463 es
2524 5420 2630 5475 quo
2660 5398 2898 5458 Verbum
2917 5439 2932 5465 ,
2967 5397 3019 5453 id
3040 5405 3152 5461 est,
3187 5395 3384 5450 Filium
3414 5406 3573 5448 suum
3605 5388 3827 5460 impas-‘

2211 5502 2443 5557 sibiliter
2472 5497 2659 5569 genuit
2685 5495 2804 5550 sine
2833 5493 3017 5557 initio;
3052 5489 3172 5559 ipso
3198 5488 3415 5543 dicente
3440 5500 3536 5557 per
3558 5485 3809 5555 prophe-

2208 5605 2366 5652 tam:
2399 5592 2667 5661 Eruetavit
2709 5605 2798 5645 cor
2839 5601 3008 5645 meum
3038 5582 3243 5640 verbum
3282 5582 3472 5636 bonum
3500 5576 3616 5651 (Ps.
3649 5591 3807 5648 mv,

2210 5688 2313 5752 2).
