4028 6184
252 228 354 298 ἐπ

996 228 1202 287 LIBER
1236 228 1720 289 FORMULARUM
1756 228 2135 291 SPIRITALIS
2172 228 2750 299 INTELLIGENTIE.

3403 242 3506 305 734

327 346 441 403 Alas
469 344 674 402 habere
705 343 901 399 dicitur
930 344 1094 408 Deus,
1124 360 1221 415 pro
1251 360 1315 401 eo
1355 346 1499 416 quod
1538 361 1685 401 more
1707 346 1819 400 avis
1847 347 1895 406 Α
1922 348 2139 417 generis
2169 362 2447 405 assumere
2479 350 2729 423 dignatus
2760 360 2864 409 cst.
2900 354 2977 411 De
2999 370 3098 426 qua
3132 356 3509 419 incarnatione

264 444 445 499 electos
475 455 606 495 suos
640 447 911 504 tamquam
954 439 1134 507 pullos
1182 440 1282 493 sub
1318 454 1378 494 se
1422 439 1630 510 colligit
1659 448 1713 493 et
1741 438 1821 493 fo-

260 544 357 594 vet.
386 542 435 587 et
462 533 528 586 ab
553 530 763 584 insidiis
792 530 993 584 diaboli
1016 539 1071 584 et
1098 533 1361 585 malorum
1392 532 1662 585 hominum
1699 545 1819 600 pro.

262 630 399 697 tegit.
465 625 616 682 Unde
662 624 929 695 propheta
980 628 1098 693 ait,
1133 626 1243 681 Sub
1277 626 1455 679 untbra
1478 626 1677 679 alarum
1704 640 1822 698 pro-

254 730 355 790 tege
381 735 453 771 me
479 716 597 786 (Ps.
628 733 738 780 xu,
766 717 843 789 8).

318 810 570 878 Scapulas
600 810 799 862 habere
829 809 1027 863 dicitur
1064 810 1223 876 Dens,
1258 813 1378 880 quia
1409 810 1620 864 inﬁrma
1654 824 1823 865 mem-

253 904 336 959 bra
370 903 661 964 ECt-Icsize,
696 902 850 967 quasi
882 904 931 957 in
962 904 1198 968 scapulis
1230 905 1340 957 suis
1366 915 1561 971 portat.
1612 905 1686 957 De
1716 918 1823 971 quo

252 996 298 1051 in
330 995 536 1064 psalmo
564 1012 575 1046 :
611 993 853 1063 Scapulis
884 995 990 1047 suis
1022 994 1337 1048 obumbrabit
1362 994 1453 1047 tibi
1478 994 1593 1065 (Ps.
1624 1009 1715 1056 xc,
1744 997 1821 1065 4).

313 1086 515 1139 Venter
560 1096 766 1138 secreta
822 1086 973 1154 origo
1020 1086 1336 1139 substantia:
1381 1087 1497 1155 ejus
1538 1086 1820 1153 accipitur.

247 1178 393 1235 Unde
420 1180 477 1230 in
508 1179 715 1245 psalmo
742 1195 754 1229 :
799 1176 879 1230 Ex
923 1188 1067 1231 utero
1096 1188 1216 1230 ante
1250 1180 1412 1230 lucem
1455 1180 1609 1249 genui
1638 1188 1685 1229 te
1706 1176 1824 1248 (Ps.

248 1288 351 1339 CIX,
382 1270 462 1339 5).
499 1272 701 1324 Aliter:
739 1271 939 1326 Uterus
984 1271 1101 1338 ejus
1146 1269 1712 1337 incomprehensibilia
1741 1269 1827 1338 ju-

246 1366 373 1420 dicia
403 1365 526 1435 ejus
552 1405 567 1428 ,
598 1381 716 1433 quae.
740 1364 923 1417 rimari
951 1374 1222 1431 nequeunt
1243 1404 1256 1424 ,
1291 1364 1515 1434 mystice
1553 1364 1825 1417 insinuan-

244 1468 357 1521 tur;
400 1466 473 1511 ite
518 1472 625 1523 quo
669 1458 883 1509 occulto
922 1455 1123 1521 judicio
1153 1457 1268 1523 ejus
1303 1456 1354 1507 in
1384 1456 1528 1509 libro
1553 1456 1695 1508 beati
1724 1455 1828 1509 Job

243 1550 498 1618 scriptum
545 1558 663 1601 est:
703 1546 777 1599 De
825 1550 973 1617 cujus
1013 1556 1153 1599 utero
1201 1528 1399 1618 egressa
1436 1557 1507 1598 est
1538 1548 1749 1615 glacies,
1778 1555 1827 1600 et

240 1642 354 1714 gelu
384 1644 452 1694 de
486 1639 609 1692 caelo
630 1639 743 1708 quis
773 1641 942 1708 genuit
974 1637 1095 1709 (Job
1128 1655 1350 1703 xxxvm,
1385 1640 1521 1705 ‘29)?

1923 454 2017 493 sua
2044 441 2160 509 ipse
2186 456 2283 511 per
2310 442 2627 512 prophetam
2659 446 2709 499 iu
2737 446 2943 515 psalmo
2974 448 3044 502 ait
3072 466 3084 501 :
3126 447 3190 502 In
3222 447 3504 508 Idumaeam

1923 537 2196 589 extendam
2245 536 2478 591 calceum
2527 554 2694 591 meum
2758 540 2873 607 (Ps.
2917 557 3027 607 th,
3078 542 3189 612 10),
3226 543 3277 599 id
3318 556 3421 613 est,
3451 546 3505 603 in

1924 627 2134 696 plebem
2159 629 2436 697 gentilium
2465 632 2823 687 manilestabo
2850 634 3273 691 incarnationem
3307 648 3505 696 meam.

1996 718 2226 773 Gressus
2250 720 2513 775 adventus
2541 723 2660 777 Filii
2692 724 2785 778 Dei
2817 727 2867 779 in
2902 728 3180 794 mundum,
3215 739 3269 783 et
3296 726 3513 798 regiesd

1926 811 2009 865 sio
2036 815 2154 880 ejus
2193 814 2259 867 ad
2299 814 2555 869 Patrem:
2588 816 2657 871 de
2700 817 2893 887 quibus
2935 822 3174 889 psalmus
3223 827 3336 879 ait:
3397 824 3511 884 Viri

1924 913 2042 956 sunt
2071 921 2275 976 gressus
2304 908 2379 960 tui
2409 952 2424 976 ,
2461 907 2631 973 Deus,
2670 926 2873 981 gressus
2912 912 3009 965 Dei
3042 916 3169 978 mei,
3208 915 3358 987 Regis
3412 920 3511 975 mei
3596 934 3599 939 ‘

1924 997 2011 1065 qui
2056 1007 2128 1051 est
2174 998 2227 1051 in
2274 1012 2454 1053 sancto
2488 999 2605 1070 (Ps.
2637 1018 2803 1067 vau,
2833 1003 2948 1074 25).
3008 1006 3079 1062 De
3106 1009 3243 1062 cmlo
3279 1015 3420 1065 venit
3455 1014 3506 1066 in

1926 1097 2145 1143 uterum
2183 1090 2448 1160 Virginis,
2493 1093 2560 1146 de
2592 1102 2747 1149 utero
2776 1112 2904 1150 vero
2937 1101 3205 1155 nascendo
3235 1104 3427 1171 positus
3455 1106 3507 1159 in

1928 1183 2176 1249 praesepio
2205 1182 2353 1250 (an.
2388 1199 2445 1253 ιι,
2480 1185 2555 1255 ‘7).
2587 1185 2876 1256 Postquam
2912 1193 3086 1245 omnia
3120 1192 3380 1259 implevit,
3413 1212 3507 1263 pro

1927 1274 2118 1343 quibus
2150 1291 2180 1330 a
2224 1277 2379 1331 Patre
2420 1280 2617 1333 missus
2651 1292 2903 1350 venerat,
2959 1300 3224 1355 appensus
3256 1299 3337 1343 est
3364 1289 3414 1344 in
3447 1290 3508 1345 li-

1925 1380 2030 1436 gno
2059 1369 2264 1435 crucis;
2294 1370 2361 1424 de
2382 1386 2543 1426 cruce
2575 1384 2752 1427 autem
2782 1374 3055 1445 depositus
3086 1381 3219 1448 (Act.
3248 1396 3363 1455 ξω,
3390 1380 3506 1451 29),

1927 1460 2220 1513 secundum
2253 1475 2449 1531 corpus
2477 1466 2721 1531 sepultus
2751 1475 2870 1533 est,
2913 1469 3206 1523 secundum
3238 1486 3367 1525 vero
3395 1473 3511 1526 ani-

1931 1565 2068 1603 mam
2105 1552 2170 1605 ad
2202 1553 2409 1607 inferna
2442 1555 2758 1620 descendit;
2792 1559 2943 1612 tertia
2978 1572 3153 1614 autem
3178 1560 3262 1616 die
3298 1578 3391 1629 per
3417 1577 3512 1631 po-

1934 1646 2153 1697 tentiam
2196 1660 2307 1699 sute
2349 1646 2647 1702 divinitatis
2691 1665 2908 1705 carnem
2959 1670 3110 1707 suam
3152 1654 3222 1709 de
3262 1655 3513 1723 sepulcro

312 1733 619 1787 Posteriora
666 1729 783 1783 Filii
843 1730 933 1783 Dei
976 1733 1273 1783 incarnatio
1304 1732 1596 1799 accipitur;
1628 1733 1694 1785 de
1722 1748 1825 1799 qua
1856 1722 1904 1780 Β
1932 1738 2301 1802 suscitavit,et
2323 1751 2446 1808 post
2473 1742 2611 1794 diem
2641 1747 3052 1799 resurrectionis
3074 1762 3187 1801 suae
3213 1750 3511 1821 quadrage-

240 1822 532 1894 posteriori
560 1830 710 1888 parte
740 1820 904 1873 Filius
935 1821 986 1872 in
1018 1833 1199 1873 monte
1221 1820 1369 1875 Siuai
1399 1823 1464 1873 ad
1489 1823 1699 1884 Mosen,
1734 1838 1828 1889 per

237 1916 490 1984 angi-lum
517 1916 740 1981 loquens
769 1912 847 1965 ait
879 1930 892 1965 :
931 1912 1232 1966 Posteriora
1262 1930 1375 1966 mea
1405 1914 1613 1978 videbis,
1646 1913 1829 1981 [aciem

237 2023 408 2065 autem
441 2024 603 2061 meam
630 2009 797 2061 uidere
820 2024 917 2059 non
949 2017 1092 2075 potes
1120 2006 1320 2078 (Er-od.
1357 2023 1543 2070 uxr”,
1567 2009 1683 2078 25).

308 2102 487 2157 Pedes
537 2099 630 2153 Dei
690 2099 1116 2153 stabilimentum
1160 2101 1376 2153 virtutis
1414 2101 1558 2169 ejus,
1589 2116 1656 2154 eo
1685 2102 1826 2169 quod

238 2194 437 2261 ubique
468 2206 707 2259 prmsens
728 2232 744 2255 ,
772 2202 827 2243 et
853 2193 1110 2245 universa
1143 2192 1218 2245 illi
1252 2200 1378 2245 sunt
1405 2207 1445 2244 St
1472 2191 1679 2261 ejecta;
1711 2193 1829 2262 ipso

235 2286 455 2341 dicente
484 2300 578 2352 per
601 2284 789 2339 Isaiam
816 2301 829 2337 :
864 2281 1060 2337 Caelum
1100 2284 1227 2335 milii
1266 2285 1423 2336 sedu’
1448 2296 1544 2352 est,
1570 2294 1705 2337 terra
1734 2302 1830 2338 uu-

234 2384 339 2431 tem
368 2374 650 2428 scabellum
677 2374 863 2442 pedum
894 2390 1121 2427 meorum
1159 2372 1315 2441 (Isai.
1347 2390 1488 2440 LXVI,
1529 2374 1604 2445 Ι).
1657 2378 1831 2433 Aliter

234 2468 414 2539 pedes
455 2465 572 2521 Filii
602 2467 695 2521 Dei
719 2467 1018 2519 incarnatin
1048 2466 1388 2534 intelligitur,
1416 2482 1535 2537 qua:
1562 2470 1830 2526 divinitati

235 2558 490 2628 subjecta
522 2570 603 2611 est
635 2570 904 2627 tamquam
930 2559 1089 2627 capiti
1123 2559 1309 2627 pedes.
1367 2559 1520 2615 Sicut
1551 2576 1646 2629 per
1672 2572 1832 2631 caput

234 2652 530 2714 divinitas,
564 2651 635 2705 ita
672 2666 767 2721 per
804 2651 967 2720 pedes
996 2652 1298 2707 humanitas
1328 2654 1442 2723 ejus
1470 2656 1827 2723 exprimitur:

232 2744 305 2801 de
352 2761 460 2812 qua
509 2744 845 2799 humanitate
887 2746 940 2797 in
990 2744 1172 2800 Exodo
1208 2750 1465 2816 scriptum
1489 2758 1607 2803 est:
1652 2748 1834 2803 Videre

233 2835 530 2890 Dominum
567 2834 786 2890 Iesum:
830 2838 911 2890 hic
938 2848 1010 2891 est
1040 2839 1209 2893 Moses
1238 2849 1285 2893 et
1315 2839 1488 2893 Aaron
1510 2882 1526 2904 ,
1574 2840 1761 2895 Nadab
1787 2850 1836 2895 et

232 2927 375 2981 Abiu
398 2966 417 2992 ,
464 2936 510 2979 et
544 2930 867 2997 septuaginta
906 2928 968 2980 de
996 2930 1282 2983 senioribus
1311 2930 1406 2983 sub
1440 2932 1653 2999 pedibus
1689 2931 1837 3001 quasi

233 3019 448 3091 lapides
479 3018 736 3089 sapphiri,
778 3029 825 3072 et
878 3021 1027 3087 quasi
1076 3022 1260 3074 caelum
1308 3037 1423 3073 cum
1477 3036 1706 3073 serenum
1762 3031 1839 3075 est

1932 1828 2119 1881 simam
2167 1831 2452 1883 videntilus
2510 1834 2768 1900 Apostolis
2822 1839 3049 1889 ascendit
3108 1840 3160 1892 in
3216 1841 3427 1908 caelum,
3468 1851 3514 1896 et

1929 1921 2066 1972 sedet
2094 1920 2162 1972 ad
2202 1921 2463 1973 dexteram
2508 1922 2681 1976 Patris
2713 1925 2848 1995 (Act.
2890 1944 2927 1987 ι.
2963 1927 3029 1994 9;
3062 1929 3228 1985 Marc.
3259 1949 3365 1999 xvr,
3400 1934 3511 2001 19),

1931 2008 1983 2062 id
2030 2020 2114 2064 est
2138 2051 2152 2075 ,
2198 2010 2251 2064 in
2285 2014 2453 2080 gloria
2480 2028 2573 2066 sua
2604 2031 2617 2067 :
2668 2024 2790 2068 Sunt
2820 2019 2964 2070 enim
2996 2032 3212 2087 gressus
3244 2020 3363 2076 Filii
3394 2024 3512 2092 Dei,

1933 2102 2033 2155 iste
2058 2113 2139 2155 est
2167 2104 2461 2159 descensus
2511 2116 2565 2161 et
2615 2123 2870 2165 ascensus
2907 2112 3055 2181 ejus,
3084 2117 3173 2182 qui
3205 2115 3515 2186 frequenter

1933 2196 1985 2249 in
2016 2196 2314 2267 Scriptnris
2353 2201 2520 2253 sacris
2550 2202 2762 2270 legitur.

2008 2291 2316 2346 Ascendere
2346 2291 2547 2347 dicitur
2594 2293 2733 2349 Deus
2757 2337 2772 2361 ,
2823 2310 2943 2353 cum
2995 2297 3164 2354 Filius
3193 2313 3414 2356 carnem
3451 2306 3517 2360 ex

1931 2382 2089 2437 nobis
2114 2398 2444 2453 assumptum
2485 2388 2535 2440 in
2568 2390 2761 2443 C(Blum
2785 2389 2945 2444 veluti
2978 2396 3227 2456 captitum
3251 2395 3396 2450 duxit
3426 2412 3517 2450 ca-

1933 2478 2215 2547 ptivitatem
2247 2478 2364 2549 (Ps.
2392 2495 2554 2548 vau,
2592 2479 2705 2551 i9),
2739 2482 2859 2551 quia
2892 2494 3139 2539 naturam
3172 2486 3385 2542 humani
3428 2503 3522 2558 ge-

1934 2569 2082 2625 neris
2112 2614 2124 2633 ,
2171 2586 2290 2642 quae
2319 2573 2538 2628 diabolo
2570 2575 2620 2629 in
2664 2577 2863 2632 mundo
2899 2581 3113 2647 captivo
3160 2581 3519 2648 retinebatur,

1934 2678 2220 2718 assumens
2252 2680 2433 2719 secum
2471 2667 2522 2719 in
2551 2669 2770 2735 coelum,
2801 2670 2887 2722 ubi
2921 2686 3209 2741 numquam
3233 2684 3390 2727 antea
3416 2673 3522 2727 lue-

1936 2764 2041 2823 rat,
2079 2767 2345 2825 tamquam
2378 2760 2644 2826 captivam
2678 2759 3000 2827 deportavit.

2009 2848 2361 2903 Abscondere
2392 2851 2533 2903 Deus
2566 2850 2753 2903 faciem
2788 2852 2981 2920 legitur
3008 2851 3184 2917 (Deut.
3210 2867 3378 2917 xxxn,
3403 2851 3520 2922 9.0),

1938 2956 2060 2995 cum
2112 2942 2434 3010 quibusdam
2487 2957 2673 2996 eorum
2724 2958 2791 2997 ex
2843 2945 3091 3013 gentibus
3120 2944 3527 3015 eulpis,cogni-

1944 3030 2143 3083 tionem
2177 3046 2327 3083 suam
2361 3032 2677 3097 abscondit,
2711 3034 2852 3088 sicut
2883 3036 2933 3088 in
2978 3036 3175 3102 populo
3214 3034 3523 3091 Judarorum

230 3089 448 3181 (Exod.
492 3124 638 3173 xxiv,
678 3110 792 3177 10).
833 3108 984 3164 Sicut
1022 3124 1201 3164 autem
1235 3126 1329 3178 per
1363 3110 1595 3179 lapidem
1622 3110 1839 3179 sapphi-
1866 3089 1915 3154 (ἶ
1948 3136 2087 3174 nunc
2116 3122 2396 3188 impletum
2427 3136 2545 3175 esse
2576 3089 2816 3178 videmus
2838 3167 2851 3190 ,
2884 3089 3007 3193 quia
3040 3089 3297 3195 negantes
3328 3089 3524 3182 Filium

230 3217 367 3258 rum
398 3202 654 3254 caelestes
684 3211 980 3267 creaturas,
1009 3202 1092 3257 vel
1122 3210 1339 3256 sanctos
1366 3204 1610 3271 angelos,
1644 3205 1711 3255 ita
1744 3219 1841 3272 per

228 3296 450 3353 caelum
499 3311 789 3360 serenum,
823 3306 1061 3348 sanctam
1108 3296 1402 3350 Ecclesiam
1444 3297 1743 3352 electorum
1769 3312 1838 3353 ex

231 3385 566 3445 hominibus
612 3396 942 3456 assumptam
985 3388 1263 3457 signaliter
1310 3389 1688 3445 demonstrare
1740 3406 1842 3446 vo-

230 3481 369 3545 luit,
402 3492 571 3547 super
598 3494 733 3549 quas
761 3479 893 3533 duas
923 3489 1203 3533 creaturas
1234 3480 1394 3534 homo
1420 3493 1733 3551 assumptus
1756 3483 1844 3538 Fi-

227 3573 348 3629 lius
399 3571 498 3626 Dei
553 3559 605 3626 in
660 3581 970 3641 perpetuum
1019 3581 1245 3641 regnat:
1289 3572 1357 3627 de
1392 3589 1499 3642 quo
1530 3574 1580 3627 in
1611 3576 1847 3642 psalmo,

229 3667 449 3731 omnia,
475 3664 682 3734 inquit,
716 3664 980 3736 subjecisti
1010 3664 1102 3718 sub
1133 3666 1342 3734 pedibus
1368 3680 1547 3718 eorum
1580 3666 1699 3735 (Ps.
1729 3683 1844 3735 vm,

224 3759 317 3832 8).
363 3756 549 3811 Aliter
579 3768 758 3809 autem
792 3756 953 3825 pedes
986 3757 1221 3821 Domini,
1256 3758 1306 3811 id
1337 3766 1449 3822 est,
1481 3757 1605 3812 Jesu
1639 3759 1847 3818 Christi

227 3850 567 3921 signiticant
593 3859 812 3904 sanctos
847 3851 1233 3920 prmdicatores
1259 3894 1275 3919 ,
1306 3850 1373 3905 de
1399 3852 1594 3920 quibus
1624 3854 1675 3905 in
1711 3854 1848 3909 Deu-

226 3943 566 4002 termiomio
605 3944 864 4013 scriptum
905 3955 987 3999 est
1014 3963 1027 3998 :
1061 3944 1163 4010 Qui
1188 3946 1608 4017 appropinquant
1637 3950 1850 4015 pedibus

239 4048 393 4120 ejus,
436 4044 693 4109 accipient
722 4043 784 4096 de
813 4044 1046 4097 doctrina
1075 4044 1184 4114 ejus
1214 4043 1395 4113 (Deut.
1424 4060 1615 4110 xxxttt,
1643 4045 1722 4118 '5).

316 4138 729 4193 Vestimentum
780 4137 901 4193 Filii
942 4136 1035 4193 Dei
1072 4138 1362 4206 aliquando
1405 4155 1532 4194 caro
1572 4142 1691 4208 ejus
1731 4156 1852 4211 qum

230 4247 264 4287 a
295 4231 599 4289 divinitate
632 4242 907 4299 assumpta
944 4240 1026 4285 est
1061 4246 1091 4285 a
1134 4230 1332 4285 divinis
1375 4232 1527 4286 libris
1556 4233 1852 4302 figuraliter

229 4324 549 4393 accipitur,
574 4322 641 4377 de
672 4339 777 4391 quo
804 4323 1119 4377 indumento
1146 4324 1328 4377 carnis
1361 4323 1523 4377 Isaias
1550 4327 1855 4380 vaticinans

229 4418 313 4474 ait
343 4436 363 4473 :
416 4417 550 4484 Quis
585 4424 659 4469 est
689 4417 811 4484 iste,
846 4416 935 4483 qui
960 4416 1092 4468 venit
1116 4414 1179 4467 de
1208 4414 1397 4477 Edam,
1430 4416 1605 4469 tinctis
1636 4417 1852 4469 vestibus

228 4514 301 4569 de
336 4512 521 4568 Bosra
549 4510 704 4581 (lsai.
738 4526 884 4574 Lxm,
926 4509 1012 4579 l)?
1055 4510 1259 4564 Rursus
1289 4513 1674 4565 vestimentum
1708 4512 1852 4580 ejus-

230 4606 377 4661 dem
426 4602 644 4657 Domini
676 4614 857 4656 sanCIa
894 4602 1161 4668 accipitur
1200 4601 1477 4671 Ecclesia,
1506 4620 1627 4672 qua:
1655 4621 1752 4675 per
1784 4607 1849 4660 li-

225 4696 368 4753 dem
396 4701 461 4748 et
479 4692 822 4747 dilectionem
842 4692 890 4747 ei
909 4694 1192 4762 conjunCIa
1222 4703 1341 4748 est:
1372 4693 1438 4748 de
1454 4710 1561 4765 quo
1578 4696 1627 4750 in
1644 4700 1850 4763 psalmo

223 4791 526 4857 scriptum
560 4794 642 4838 est
669 4799 684 4838 :
716 4784 966 4838 Dominus
986 4787 1237 4857 regnavit,
1264 4787 1498 4842 decorem
1526 4789 1696 4841 induit
1727 4788 1849 4861 (Ps.

223 4896 389 4941 xctt,
432 4874 512 4943 1).
542 4876 609 4930 Ει
631 4877 683 4931 in
707 4878 811 4931 alio
836 4878 1040 4945 psalmo
1070 4878 1134 4931 ad
1166 4879 1337 4949 ipsum
1363 4880 1652 4935 Dominum
1678 4898 1690 4934 :
1722 4880 1855 4935 Con-

222 4970 539 5044 fessionem
582 4975 633 5020 et
680 4967 916 5021 decorem
960 4968 1196 5037 induisti,
1243 4972 1460 5025 amictus
1497 4973 1689 5027 lumine
1720 4973 1855 5027 sicut

221 5062 563 5121 uestimento
587 5056 704 5131 (Ps.
728 5074 843 5124 cui,
875 5060 954 5131 2).

307 5151 565 5210 Pallium
592 5147 792 5205 Christi
817 5151 930 5219 jam
959 5150 1101 5206 dicta
1138 5150 1382 5206 Ecclesia
1414 5152 1751 5222 intelligitur,
1783 5152 1853 5207 de

222 5263 351 5319 quo
394 5244 460 5299 in
488 5244 624 5300 libro
652 5242 850 5299 Genesi
891 5244 1151 5313 scriptum
1182 5252 1266 5299 est
1296 5262 1309 5299 :
1337 5243 1485 5299 Lavit
1520 5247 1574 5299 in
1605 5247 1721 5300 uino
1749 5257 1852 5300 sto-

223 5342 351 5398 lam
386 5352 551 5392 suam
580 5334 735 5405 (Gen.
766 5352 914 5403 xm,
946 5336 1061 5405 11),
1090 5336 1195 5391 hoc
1222 5344 1337 5402 est,
1366 5337 1693 5407 insanguine
1722 5354 1847 5407 pas-

219 5431 427 5489 sionis
476 5444 694 5483 carnem
737 5445 889 5483 suam
921 5474 935 5497 ,
979 5440 1026 5484 et
1069 5430 1125 5482 in
1173 5430 1419 5500 sanguine
1466 5446 1578 5486 ante
1625 5432 1849 5502 pallium

217 5539 431 5584 suum,
469 5520 521 5574 id
552 5529 655 5587 est,
681 5520 975 5576 Ecclesiam
1003 5536 1177 5575 suam.

299 5614 700 5673 Calciamenta
729 5613 941 5670 Domini
970 5612 1097 5669 Jesu
1125 5612 1327 5670 Christi
1368 5614 1596 5686 mystice
1629 5615 1845 5686 signant

206 5705 684 5774 incarnationem
730 5707 889 5778 ejus,
936 5721 1094 5777 quam
1138 5722 1205 5763 ex
1243 5707 1573 5766 mortalitate
1622 5708 1841 5765 humani

1942 3211 2074 3279 Dei,
2108 3212 2392 3265 scientiam
2439 3213 2547 3266 veri
2586 3213 2679 3266 Dei
2722 3214 2797 3267 ita
2825 3214 3199 3284 perdiderunt,
3234 3228 3291 3271 ut
3323 3218 3526 3273 similes

1943 3302 2124 3358 forent
2150 3304 2421 3373 gentibus,
2454 3321 2571 3372 quae
2602 3306 2880 3361 Dominum
2916 3322 3021 3361 non
3050 3317 3334 3363 noverunt.

2014 3396 2315 3452 Ostendere
2360 3398 2555 3452 dicitur
2599 3400 2737 3453 Dens
2775 3398 2964 3455 faciem
3001 3416 3150 3454 suam
3191 3398 3307 3473 (Ps.
3342 3412 3524 3470 um,

1944 3487 2025 3561 4),
2054 3504 2175 3545 cum
2222 3498 2471 3557 resnectu
2518 3493 2703 3561 gratiae
2742 3506 2853 3547 suae
2878 3535 2892 3556 ,
2924 3494 3118 3562 quibus
3144 3497 3289 3557 vult,
3324 3496 3529 3551 scilicet

1946 3582 2137 3637 electis
2162 3585 2275 3636 suis
2304 3584 2540 3652 seipsum
2577 3585 2627 3639 in
2660 3586 2818 3637 corda
2845 3601 3029 3640 eorum
3060 3589 3267 3641 occulta
3303 3588 3529 3657 inspira-

1948 3675 2095 3727 tione
2121 3672 2359 3727 insinuat
2386 3713 2401 3737 ,
2429 3682 2484 3729 et
2533 3674 2600 3729 ad
2640 3674 2967 3745 diligendum
2995 3690 3057 3732 se
3096 3692 3335 3734 amorem
3375 3690 3533 3733 suum

1949 3764 2200 3819 infundit.

2020 3858 2229 3913 Sedere
2271 3857 2472 3913 dicitur
2515 3871 2620 3911 non
2673 3858 3028 3926 corporaliter
3080 3857 3314 3912 humano
3360 3874 3532 3924 more,

1952 3948 2047 4003 sed
2081 3949 2445 4017 potentialiter
2470 3963 2631 4015 super
2660 3963 2875 4001 omnem
2908 3958 3211 4002 creaturam
3244 3950 3534 4003 rationabi—

1953 4040 2075 4095 liter
2117 4040 2449 4109 prmsidere:
2501 4050 2561 4093 ut
2602 4050 2685 4094 est
2732 4039 2865 4094 illud
2912 4040 2963 4093 in
3011 4040 3257 4109 psalmo:
3290 4038 3536 4107 Regnavit

1954 4129 2206 4185 Dominus
2232 4148 2383 4202 super
2408 4148 2581 4185 omnes
2605 4142 2804 4203 gentes,
2842 4131 2984 4185 Deus
3015 4132 3155 4184 sedet
3185 4146 3335 4203 super
3364 4130 3539 4183 sedent

1954 4234 2186 4278 sanctam
2224 4242 2369 4279 suam
2402 4224 2519 4294 (Ps.
2546 4241 2690 4291 XLVI,
2723 4230 2801 4292 9).
2843 4224 3045 4280 Sedere
3077 4226 3239 4279 etiam
3276 4224 3415 4277 Deus
3457 4222 3535 4277 di-

1957 4322 2096 4375 citur
2122 4338 2275 4391 super
2304 4320 2557 4374 Cherubin
2592 4319 2903 4389 (Ps.xcvnt,
2933 4321 3011 4385 1),
3039 4325 3126 4388 qui
3152 4320 3536 4387 interpretatur

1958 4422 2241 4475 multitudo
2258 4436 2351 4475 seu
2378 4419 2649 4487 plenitudo
2666 4418 3055 4487 scientizeffpcr
3076 4418 3213 4488 quod
3232 4418 3537 4487 signiﬁcan-

1958 4522 2044 4567 tur
2069 4514 2241 4567 sancti
2273 4513 2442 4580 angeli
2467 4513 2580 4563 sive
2604 4523 2811 4564 mentes
2834 4512 3187 4577 Spiritualinm
3213 4512 3465 4575 virorum,
3483 4513 3535 4565 in

1958 4605 2152 4674 quibus
2175 4605 2315 4658 Deus
2352 4603 2691 4657 invisibiliter
2732 4603 2977 4671 praesidet
3012 4612 3063 4657 et
3098 4612 3302 4671 regnat.
3346 4603 3399 4657 In
3432 4602 3539 4657 illis

1958 4695 2100 4751 enim
2146 4694 2298 4749 sedet
2341 4695 2429 4761 qui
2481 4695 2702 4748 scientia
2760 4694 2874 4762 ejus
2938 4702 2992 4747 et
3050 4694 3336 4749 dilectione
3394 4695 3535 4763 pleni

1958 4796 2102 4841 sunt.
2134 4785 2187 4839 ln
2218 4786 2522 4840 Proverbiis
2566 4785 2768 4853 quippe
2804 4783 3112 4839 Salomonis
3144 4786 3400 4853 scriptum
3434 4793 3534 4847 est,

1960 4879 2144 4931 Anima
2177 4878 2287 4947 ejus
2327 4876 2471 4930 sedes
2505 4877 2799 4947 sapientia;
2824 4876 3076 4945 sapientia
3102 4890 3219 4929 vero
3246 4874 3339 4929 Dei
3365 4873 3536 4929 Patris

1959 4970 2189 5025 Christus
2217 4980 2290 5023 est
2318 4970 2363 5038 (Ι
2394 4968 2513 5023 Cor.
2544 4984 2579 5033 ι,
2604 4968 2721 5037 24),
2770 4968 2860 5038 qui
2899 4970 2951 5023 in
2999 4969 3191 5023 animis
3229 4977 3535 5025 sanctorum

1954 5060 2151 5115 dicitur
2180 5059 2390 5115 sedere.

2028 5152 2369 5208 Descendere
2406 5152 2546 5207 Deus
2585 5152 2637 5206 in
2670 5150 2927 5207 mundum
2957 5150 3155 5207 dicitur
3185 5149 3401 5220 quando
3432 5149 3531 5202 ali-

1953 5244 2080 5316 quid
2128 5259 2322 5299 novum
2371 5243 2513 5313 quod
2549 5252 2709 5298 antea
2736 5259 2841 5298 non
2873 5241 3050 5298 fuerat
3080 5243 3135 5297 in
3162 5250 3408 5297 creatura
3441 5241 3537 5294 hu-

1954 5352 2108 5393 mana
2138 5345 2422 5405 Operatur,
2480 5336 2618 5391 sicut
2644 5336 2811 5391 Filius
2843 5337 2934 5391 Dei
2967 5336 3314 5391 descendisse
3344 5347 3535 5389 narra-

1954 5441 2060 5496 tur,
2089 5431 2305 5501 quando
2340 5444 2522 5485 veram
2550 5444 2771 5484 carnem
2800 5444 2865 5483 ex
2890 5429 3053 5483 Maria
3086 5428 3293 5497 virgine
3320 5434 3537 5493 propter

1900 5576 1913 5591 ί
1947 5525 2373 5593 redemptionem
2400 5532 2643 5579 nostram
2668 5524 2929 5592 suscepit,
2962 5532 3016 5577 et
3045 5537 3205 5577 verus
3232 5523 3392 5575 homo
3418 5516 3541 5572 ﬁeri

1945 5619 2199 5689 dignatus
2242 5628 2364 5685 est,
2396 5634 2502 5673 non
2559 5616 2857 5673 amittendo
2899 5616 3041 5688 quod
3078 5625 3195 5673 erat
3219 5658 3233 5681 ,
3260 5614 3353 5670 sed
3383 5627 3535 5667 assu-

1944 5711 2141 5766 menda
2166 5710 2308 5781 quod
2339 5726 2455 5767 non
2476 5717 2610 5768 erat.
2663 5710 2741 5765 De
2760 5709 2915 5780 cujus
2940 5707 3314 5774 descensione,
3341 5702 3395 5761 id
3418 5708 3525 5769 est,
