4028 6184
375 264 483 328 ’ΠΒ
1350 261 1407 319 S.
1454 259 1775 317 EUCIIERII
1815 256 2127 315 EPISCOPI
2163 256 2642 314 LUGDUNENSIS
3248 276 3251 281 ·
3548 260 3662 320 736

378 387 747 449 incarnatione
782 384 837 440 in
877 382 1089 454 psalmo
1133 380 1389 448 scriptum
1436 386 1556 431 est:
1596 375 1657 427 Et
1694 372 1958 427 inclinavit
1985 372 2227 431 Aeliam
2277 372 2329 424 in
2380 371 2520 426 libro
2564 372 2626 425 Β.
2673 370 2775 427 Job
2817 372 3070 428 similiter
3116 382 3414 444 repert‘nr,
3455 378 3549 432 ubi
3588 379 3659 435 de

377 482 531 538 ctrlos
560 490 607 535 et
633 477 914 541 descendit,
939 482 985 528 et
1011 473 1179 542 caligo
1202 470 1293 525 sub
1311 469 1522 541 pedibus
1545 468 1653 537 ejus
1684 465 1803 535 (Ps.
1829 479 1958 528 xvtt,

379 576 489 646 10).
532 573 713 629 (ΣωΙοε
741 567 1039 632 inclinavit,
1071 569 1159 636 qui
1188 575 1314 619 ante
1335 562 1623 617 adventum
1648 575 1800 614 suum
1828 574 1962 628 pra:-

377 671 595 724 nuntios
623 665 842 735 angelos
873 661 987 716 sive
1021 660 1317 730 prophetas
1345 656 1511 718 misit,
1550 654 1693 723 quod
1722 654 1839 723 eius
1869 652 1964 706 ad—

377 768 593 816 ventum
648 756 960 812 hominibus
1004 752 1408 807 annuntiarent.
1459 746 1645 817 Caligo
1684 747 1783 801 sub
1814 746 1965 815 pedi-

378 853 479 905 bus
508 850 623 919 ejus
655 848 779 913 fuit,
813 846 938 914 quia
973 844 1121 914 impii
1150 843 1395 897 homines
1427 840 1496 895 ob
1524 854 1673 893 suam
1702 838 1960 892 malitiam

290 1000 301 1013 ,
379 941 808 999 incarnationem
842 938 959 1007 ejus
1007 948 1301 1006 agnoscere
1340 948 1447 987 non
1485 938 1817 1001 potuerunt,
1868 927 1963 983 sed

379 1050 554 1104 neque
584 1032 761 1087 adhuc
788 1038 1037 1101 possunt.

451 1128 612 1180 Stare
636 1124 836 1179 dicitur
863 1124 1003 1177 Deus
1030 1134 1153 1174 cum
1177 1132 1275 1173 nos
1300 1114 1565 1183 inﬁrmos,
1600 1113 1650 1168 id
1679 1123 1781 1178 est,
1814 1126 1962 1166 suam

380 1227 686 1272 creaturam
720 1216 787 1270 ad
821 1214 1194 1285 paenitentiam
1226 1220 1279 1265 et
1305 1206 1713 1264 conversionem
1761 1207 1966 1274 patien-

381 1323 466 1367 ter
493 1311 748 1374 sustinet,
775 1318 832 1363 ut
858 1316 941 1363 est
961 1306 1091 1360 illud
1120 1306 1170 1358 in
1197 1303 1450 1359 Habacuc
1481 1299 1739 1368 propheta
1770 1316 1783 1352 :
1817 1297 1967 1349 Stetit

382 1414 425 1459 et
453 1420 655 1457 mensus
682 1410 755 1455 est
787 1410 976 1452 terram
1004 1442 1018 1465 ,
1058 1405 1104 1449 et
1134 1394 1366 1448 dissolvit
1406 1390 1637 1461 (Habac.
1671 1405 1748 1453 ιιι,
1774 1387 1830 1457 6)
1857 1405 1868 1438 :
1915 1386 1965 1440 id

381 1506 484 1559 est,
516 1495 660 1549 stetit
694 1492 760 1546 ad
788 1488 1307 1560 superveniendum,
1339 1494 1394 1539 et
1416 1483 1664 1538 dissolvit
1686 1482 1969 1536 credentes

380 1588 436 1641 in
463 1600 521 1639 se
549 1599 579 1637 a
605 1583 834 1636 vinculis
861 1592 1234 1650 peccatorum.

451 1676 706 1731 Transire
735 1674 934 1728 dicitur
965 1673 1107 1726 Deus
1137 1713 1153 1738 ,
1186 1685 1308 1724 cum
1335 1668 1402 1723 de
1427 1667 1683 1723 cordibus
1709 1681 1969 1736 quorum-

2065 465 2329 533 sapientia
2387 465 2482 518 Dei
2534 462 2713 518 Patris
2770 480 2868 533 per
2922 480 3083 534 quam
3136 466 3373 536 plurima
3422 467 3657 540 insignia

2066 557 2281 613 locutus
2300 566 2407 621 est,
2430 557 2500 611 de
2520 556 2683 611 Patre
2706 557 2926 626 adjecit,
2954 557 3099 611 Tunc
3124 560 3249 612 vidit
3271 559 3417 614 illam
3438 571 3484 616 et
3513 581 3660 619 enar-

2064 650 2215 715 ravit,
2247 658 2292 702 et
2321 650 2661 720 investigavit,
2691 658 2737 702 et
2767 651 3072 718 prteparat'it
3113 648 3234 721 (Iob
3277 668 3379 718 xx,
3424 653 3551 726 27);
3608 657 3662 712 id

2066 753 2173 809 est,
2208 743 2452 798 videntes
2485 743 2641 808 fecit,
2675 751 2728 798 et
2758 744 3138 812 praedicantes,
3166 754 3221 800 et
3246 747 3659 819 invesngantes,

2066 845 2226 906 atque
2254 836 2378 891 aliis
2403 838 2808 891 annuntiantes.

2136 926 2479 999 Cognoscere
2504 928 2622 993 Dei,
2645 940 2729 983 est
2761 940 3150 999 cognoscentes
3178 932 3377 1001 iacere,
3411 937 3551 992 sicut
3580 942 3663 995 ait

2067 1021 2133 1076 ad
2165 1021 2465 1087 Abraham,
2500 1021 2654 1076 Nunc
2701 1025 2916 1097 cognovi
2968 1026 3106 1095 quod
3155 1028 3326 1082 timeas
3378 1029 3665 1087 Dominum

2069 1114 2230 1184 (Gen.
2258 1132 2400 1180 xxu,
2448 1116 2566 1186 12).
2608 1117 2790 1186 Neque
2816 1120 2966 1173 enim
2997 1121 3049 1174 in
3081 1130 3331 1191 tempore
3361 1127 3542 1194 novit,
3571 1129 3666 1197 qui

2069 1209 2249 1264 omnia
2282 1211 2386 1265 scit
2425 1220 2713 1281 antequam
2761 1212 2912 1266 ﬁant.
2958 1214 3065 1270 Sed
3101 1230 3437 1286 cognoscere
3467 1220 3666 1277 dicitur

2072 1302 2215 1356 Deus
2237 1313 2627 1371 cognoscentes
2648 1304 2860 1370 facere;
2886 1308 3109 1376 utquod
3133 1310 3278 1377 prius
3300 1312 3368 1365 de
3388 1326 3448 1365 se
3472 1316 3669 1383 quales

2071 1402 2256 1449 essent
2282 1395 2538 1466 incogniti
2566 1407 2741 1459 erant,
2770 1414 2865 1468 per
2886 1400 3001 1468 ejus
3036 1402 3509 1474 interrogationem
3538 1424 3670 1476 pro-

2072 1486 2291 1540 batione
2321 1487 2640 1556 sibimetipsi
2686 1488 2953 1543 manifesti
3000 1491 3214 1546 ﬁerent.
3258 1494 3387 1549 Tale
3411 1507 3495 1551 est
3523 1498 3666 1554 illud

2073 1577 2129 1631 in
2155 1577 2270 1647 lege
2297 1579 2468 1650 Moysi
2494 1578 2561 1633 dc.
2586 1582 2787 1649 populo
2810 1581 3120 1651 Israelitico,
3150 1585 3218 1639 Ut
3239 1595 3443 1652 tentem,
3465 1589 3666 1660 inquit,

2074 1686 2176 1733 eos,
2208 1681 2383 1723 utrum
2414 1673 2706 1726 custodiant
2749 1676 2997 1729 mandata
3040 1692 3181 1741 mea,
3226 1694 3294 1731 an
3332 1696 3435 1734 non
3468 1680 3669 1753 (Exod.

384 1770 504 1825 dam
531 1768 830 1833 hominum,
862 1766 915 1820 in
944 1766 1139 1833 quibus
1161 1774 1285 1818 ante
1308 1778 1404 1833 per
1436 1762 1593 1817 ﬁdem
1623 1761 1969 1827 credebatur,
2001 1755 2048 1816 Β
2077 1779 2187 1830 xvi,
2218 1762 2297 1833 4).

382 1870 571 1930 postea
618 1859 950 1928 subrepente
979 1856 1199 1926 perﬁdia
1226 1898 1240 1920 ,
1270 1854 1353 1909 vel
1401 1853 1643 1923 quolibet
1669 1852 1870 1907 delicto
1904 1851 1971 1905 ab

383 1954 463 2008 eis
488 1951 734 2016 recedit,
777 1961 831 2005 ct
872 1951 937 2003 ad
981 1948 1118 2003 alios
1149 1947 1377 2011 transit,
1425 1946 1875 2014 quemadmodum
1906 1944 1973 1998 de

382 2046 587 2101 Judzcis
618 2045 682 2099 ad
726 2054 913 2113 gentes
945 2088 959 2111 ,
1009 2043 1077 2097 de
1109 2041 1381 2096 haereticis
1410 2040 1475 2093 ad
1508 2040 1803 2094 catholicos
1829 2080 1842 2103 ,
1875 2054 1973 2093 seu

382 2141 450 2195 de
476 2137 801 2209 quibuslibet
834 2135 1152 2205 irreligiosis
1179 2134 1244 2187 ad
1274 2134 1580 2201 religiosos.

453 2231 728 2286 Recedere
774 2230 969 2284 dicitur
1011 2230 1151 2282 Deus
1194 2236 1247 2282 et
1275 2228 1340 2280 ad
1371 2228 1504 2279 alios
1535 2227 1798 2293 transire,
1831 2225 1973 2293 quod

385 2340 490 2381 non
522 2324 763 2381 localiter
782 2322 1199 2384 autvisibilitcr,
1234 2320 1326 2375 sed
1361 2320 1702 2375 invisibiliter
1733 2319 1973 2373 occulto-

384 2432 489 2487 que
514 2414 719 2484 judicio
743 2430 806 2468 ac
828 2414 977 2483 justo
1015 2412 1191 2466 facere
1218 2410 1418 2480 aliquid
1450 2411 1756 2464 consuevit.

455 2508 750 2563 Ambulare
789 2507 988 2560 dicitur
1032 2505 1192 2568 Deus,
1242 2518 1348 2556 non
1394 2502 1461 2557 de
1508 2502 1628 2556 loco
1676 2502 1745 2556 ad
1796 2502 1973 2558 locum

384 2602 735 2667 transeundo,
768 2601 894 2670 quia
923 2599 1142 2667 impium
1172 2604 1258 2652 est
1288 2596 1357 2650 ita
1384 2596 1631 2662 credere,
1662 2596 1756 2650 sed
1788 2597 1977 2650 ambu-

384 2696 517 2752 latio
559 2696 675 2765 ejus
705 2693 757 2748 in
811 2693 1066 2748 cordibus
1116 2698 1420 2745 sanctorum
1475 2690 1783 2755 delectatio,
1836 2691 1976 2744 sicut

384 2792 645 2860 scriptum
674 2795 759 2841 est
784 2803 795 2838 ι
821 2784 889 2839 Ει
918 2783 1215 2838 inhabitabo
1229 2783 1284 2836 in
1310 2783 1402 2848 eis,
1426 2791 1473 2835 et
1497 2782 1790 2848 ambulabo,
1822 2791 1868 2835 et
1889 2799 1975 2837 ero

383 2882 592 2937 illorum
642 2878 879 2951 Deus(ll
911 2875 1032 2932 Cor.
1075 2891 1160 2945 vt,
1198 2874 1311 2945 16).
1357 2874 1456 2929 Vel
1503 2884 1650 2929 certe
1698 2875 1976 2930 ambulare

384 2977 480 3032 Dei
513 2985 596 3030 est
640 2974 692 3028 in
736 2971 938 3027 sanctis
985 2968 1428 3039 praedicatoribus
1472 2966 1584 3021 suis
1628 2966 1695 3020 de
1741 2967 1861 3021 loco
1906 2966 1974 3020 ad

385 3070 563 3124 locum
597 3066 854 3121 transire.

2144 1854 2365 1910 Nescire
2415 1856 2541 1922 Dci,
2597 1869 2680 1912 est
2723 1859 2982 1928 quosdam
3038 1861 3301 1929 reprobos
3351 1865 3673 1933 reprobare,

2074 1948 2214 2002 sicut
2250 1957 2335 2002 est
2389 1949 2522 2005 illud
2568 1952 2621 2005 in
2669 1953 2981 2023 Evangelio,
3019 1953 3209 2009 Nescio
3238 1973 3327 2010 vos
3352 1958 3493 2013 unde
3518 1960 3673 2025 sitis;

2073 2042 2290 2094 recedite
2319 2058 2349 2093 a
2376 2060 2454 2095 me
2486 2044 2574 2111 qui
2606 2045 2833 2115 operaris
2862 2046 3181 2115 iniquitatem
3218 2046 3368 2120 (Luc.
3404 2066 3519 2116 χιιι,
3544 2051 3669 2122 27).

2146 2136 2337 2190 Zelare
2366 2138 2561 2192 dicitur
2602 2139 2764 2204 Deus,
2797 2155 2920 2194 cum
2966 2152 3270 2197 creaturam
3316 2160 3466 2199 suam
3501 2162 3670 2215 quam

2075 2245 2182 2283 non
2213 2231 2331 2285 vult
2363 2232 2562 2300 perire,
2594 2248 2738 2302 saepe
2768 2235 3008 2305 castigat,
3039 2238 3273 2306 corripit,
3304 2248 3450 2307 atque
3481 2240 3673 2311 flagel-

2076 2321 2171 2385 lat,
2205 2334 2259 2377 et
2288 2312 2612 2392 ﬁagcllahdo
2644 2324 2709 2378 ad
2758 2341 2817 2380 se
2862 2327 3093 2383 reducit.
3134 2328 3223 2383 Vel
3258 2330 3436 2386 ze'lare
3467 2332 3675 2388 dicitur

2078 2415 2241 2481 Deus,
2276 2430 2396 2469 cum
2431 2418 2636 2471 nullum
2665 2429 2947 2487 peccatum
2982 2421 3305 2489 impunitum
3344 2422 3467 2479 vult
3501 2426 3637 2480 relin

2076 2521 2264 2575 quere.
2289 2506 2472 2562 Justus
2497 2516 2582 2562 est
2604 2510 2774 2577 enim,
2799 2519 2854 2564 et
2880 2510 3003 2565 ideo
3029 2512 3207 2567 omnis
3228 2513 3490 2582 iniustitia
3518 2530 3676 2572 exse-

2076 2598 2295 2651 crabilis
2325 2608 2407 2653 est
2433 2599 2530 2665 illi,
2562 2616 2746 2671 quam,
2780 2611 2837 2655 ut
2862 2602 3068 2659 dictum
3090 2606 3351 2671 est,nullo
3380 2608 3544 2663 modo
3572 2609 3674 2663 im-

2079 2690 2319 2759 punitatu
2354 2692 2570 2761 patitur.

2148 2782 2313 2835 Irasci
2345 2783 2542 2838 dicitur
2571 2784 2745 2854 Deus,
2786 2801 2891 2841 non
2921 2787 3089 2843 animi
3118 2797 3287 2856 motu,
3316 2791 3401 2847 vel
3431 2793 3680 2863 qualibet

2077 2877 2509 2947 perturbatione,
2536 2895 2654 2949 quae
2683 2880 2760 2934 illi
2782 2882 3006 2936 omnino
3037 2883 3283 2939 accidere
3316 2900 3421 2940 non
3452 2895 3672 2957 potest:

2080 2970 2174 3024 sed
2204 2979 2469 3025 creaturae
2511 2972 2871 3042 delinquenti,
2904 2974 2955 3029 id
2983 2985 3088 3041 est,
3120 2976 3431 3033 hominibus
3459 2981 3673 3048 impiis,

2079 3072 2134 3118 et
2162 3064 2557 3133 peccatoribus,
2580 3068 2781 3135 justam
2804 3068 3005 3123 dicitur
3028 3070 3227 3126 inferre
3254 3073 3533 3141 ultionem,
3567 3075 3676 3130 hoc

456 3160 627 3227 Loqui
657 3158 751 3213 Dei
782 3155 1132 3212 invisibiliter
1152 3154 1270 3208 sine
1291 3167 1427 3207 sono
1449 3154 1595 3207 vocis
1619 3151 1701 3206 vel
1731 3152 1973 3222 quolibet
2000 3139 2046 3203 C
2078 3166 2183 3220 est,
2218 3157 2446 3212 reddere
2476 3158 2585 3212 illis
2614 3160 2755 3225 quod
2788 3173 3068 3217 merentur
3111 3182 3122 3216 :
3164 3174 3217 3219 et
3259 3164 3375 3221 haec
3408 3139 3540 3222 ultio
3585 3168 3676 3223 di-

386 3258 617 3326 strepitu
680 3255 893 3309 occulte
948 3251 1220 3307 mentibus
1276 3257 1582 3303 sanctorum
1637 3247 1970 3302 voluntatem

386 3364 539 3403 suam
564 3356 723 3417 atque
746 3355 951 3400 rectum
977 3344 1309 3400 intellectum
1337 3342 1623 3410 inspirare,
1646 3356 1745 3396 seu
1766 3340 1968 3409 futura,

387 3443 529 3497 sicut
559 3443 611 3495 in
640 3439 844 3493 sanctis
873 3438 1151 3507 pr0phetis
1180 3437 1439 3491 revelare.
1466 3436 1597 3501 Quae
1621 3436 1821 3491 locutio
1853 3438 1968 3499 Dei,

386 3537 447 3586 ut
488 3528 705 3598 quidam
751 3527 964 3587 volunt,
997 3527 1167 3580 tribus
1215 3524 1389 3579 modis
1442 3526 1727 3594 accipitur.
1788 3527 1972 3581 Primo

387 3635 621 3691 namque
666 3618 828 3673 modo
875 3632 971 3685 per
1017 3616 1313 3684 subjectam
1359 3627 1691 3684 creaturam,
1735 3620 1881 3675 sicut
1905 3622 1972 3674 ad

390 3714 569 3770 Mosen
596 3714 651 3766 in
680 3712 804 3765 rubo
848 3712 1087 3782 apparuit
1116 3707 1319 3777 (Exod.
1353 3726 1441 3780 ut,
1474 3711 1565 3775 2).
1608 3711 1705 3767 Vel
1737 3714 1875 3768 sicut
1904 3713 1971 3767 ad

387 3805 647 3863 Abraham
682 3803 831 3876 (Gen.
864 3802 1029 3872 mu)
1072 3811 1234 3873 atque
1261 3802 1421 3856 Iacob
1450 3803 1602 3873 (Gen.
1638 3822 1810 3870 χχιιι,
1841 3804 1965 3875 24),

386 3907 440 3952 ει
468 3900 681 3953 caneris
704 3898 927 3963 sanctis,
956 3895 1148 3966 quibus
1175 3896 1227 3949 in
1261 3896 1464 3965 angelis
1494 3911 1758 3966 apparere
1782 3898 1969 3965 digna-

385 3998 474 4046 tus
504 4003 609 4045 est.
641 3990 894 4046 Secundo
924 4005 1054 4043 vero
1084 3990 1242 4044 modo
1276 3990 1327 4043 in
1364 3990 1592 4053 somnis,
1632 3991 1771 4043 sicut
1812 3991 1970 4044 Iacob

386 4081 541 4152 (Gen.
568 4099 757 4146 xxvm,
784 4084 873 4153 12)
899 4093 954 4139 ει
984 4083 1254 4138 Zachariae
1282 4083 1559 4152 propheta:
1588 4084 1773 4156 (Zach.
1808 4102 1880 4149 tv,
1916 4086 1972 4157 1)

384 4181 442 4230 ει
468 4171 663 4241 Ioseph
684 4190 868 4242 sponso
893 4173 1080 4227 Mariae
1109 4174 1287 4245 (Matt.
1318 4191 1357 4241 ι,
1381 4174 1495 4245 20),
1521 4187 1575 4232 ει
1602 4179 1802 4233 sanctis
1829 4178 1970 4245 aliis,

385 4265 585 4336 quibus
614 4274 883 4319 secretum
909 4279 1066 4318 suum
1096 4267 1346 4323 revelare
1369 4268 1559 4323 voluit.
1588 4270 1770 4324 Tertio
1793 4281 1974 4327 autem

386 4359 549 4415 modo
591 4373 766 4426 neque
795 4373 890 4429 per
931 4367 1234 4415 creaturam
1277 4359 1547 4415 visibilem
1599 4378 1771 4433 neque
1805 4363 1979 4417 homi-

386 4468 536 4520 nem,
584 4452 679 4508 sed
711 4454 926 4508 occulta
968 4461 1176 4508 tantum
1223 4454 1585 4524 inspiratione
1628 4455 1978 4512 invisibiliter

2080 3249 2228 3313 vina,
2265 3249 2411 3305 furor
2438 3250 2555 3319 ejus
2586 3252 2781 3306 dicitur
2810 3252 2928 3325 (Ps.
2968 3270 3041 3321 vt,
3075 3254 3151 3325 1).

2150 3341 2424 3398 Ρωηίιετε
2453 3344 2652 3399 dicitur
2684 3346 2840 3412 Deus,
2875 3362 2982 3401 non
3013 3350 3155 3418 quod
3200 3365 3353 3406 more
3387 3351 3671 3410 hominum

2078 3451 2178 3505 pro
2208 3438 2496 3492 transactis
2522 3439 2779 3508 operibus
2824 3441 3031 3495 scilicet
3078 3444 3367 3510 pteniteat;
3400 3446 3490 3513 qui
3524 3448 3673 3502 enim

2078 3532 2227 3587 novit
2257 3542 2544 3602 antequam
2579 3533 2727 3600 ﬁant,
2762 3549 2860 3603 pro
2901 3537 3225 3604 perpetratis
3250 3538 3463 3594 actibus
3491 3542 3673 3609 poeni-

2078 3634 2192 3679 tere
2223 3640 2327 3679 non
2358 3635 2553 3695 potest,
2584 3626 2676 3680 sed
2711 3627 3027 3694 paenitentia
3058 3629 3171 3695 Dei,
3198 3639 3397 3687 statuta
3434 3642 3671 3698 mutare,

2078 3727 2132 3772 et
2161 3719 2303 3788 quod
2336 3719 2486 3788 prius
2514 3720 2671 3774 aliter
2702 3720 2896 3785 fuerat,
2944 3721 2995 3775 in
3026 3722 3172 3776 aliud
3202 3734 3435 3790 mutare,
3477 3725 3527 3778 id
3559 3735 3667 3792 est,

2078 3822 2171 3866 aut
2199 3815 2268 3868 de
2316 3813 2475 3867 bonis
2517 3815 2855 3883 exigentibus
2883 3816 3058 3884 culpis
3106 3817 3158 3871 in
3191 3818 3413 3885 malum,
3446 3822 3576 3875 sicut
3608 3823 3675 3876 de

2081 3905 2213 3961 Saul
2259 3907 2442 3977 legitur
2488 3908 2783 3974 paenituisse
2813 3906 3111 3975 Dominum,
3141 3910 3278 3977 quod
3320 3914 3673 3967 constituisset

2079 4013 2192 4050 eum
2220 4013 2388 4066 regem
2414 3997 2464 4068 (Ι
2495 3997 2623 4068 Reg.
2655 4014 2743 4063 xv,
2772 3996 2903 4069 12);
2940 4000 3023 4053 vel
3056 4001 3197 4054 sicut
3237 4018 3382 4057 nunc
3427 4004 3672 4060 videmus

2081 4088 2134 4142 in
2164 4088 2363 4155 pOpqu
2391 4087 2699 4141 Iudaeorum
2734 4100 2914 4144 actum
2938 4132 2953 4155 ,
2988 4091 3078 4160 qui
3112 4107 3233 4145 cum
3266 4102 3413 4147 esset
3442 4095 3672 4164 populus

2080 4181 2199 4246 Dei,
2232 4181 2302 4235 ob
2331 4182 2660 4251 impietatem
2690 4198 2842 4237 suam
2867 4184 2992 4238 facti
3021 4194 3145 4238 sunt
3168 4203 3427 4258 synagoga
3458 4188 3673 4244 Satanas

2081 4272 2278 4346 (Apoc.
2312 4289 2372 4342 ιι,
2406 4272 2487 4343 9).
2519 4274 2594 4328 De
2624 4277 2767 4329 malo
2798 4290 2926 4330 vero
2956 4278 3006 4330 in
3048 4279 3275 4342 .honum,
3308 4281 3447 4335 sicut
3473 4281 3675 4336 accidit

2081 4369 2136 4422 in
2168 4368 2364 4438 populo
2394 4370 2658 4438 gentium,
2691 4370 2778 4439 qui
2809 4381 2935 4423 ante
2977 4388 3075 4423 non
3105 4373 3327 4442 populus
3373 4372 3490 4435 Dei,
3527 4389 3677 4430 nunc

2082 4468 2261 4515 autem
2293 4474 2389 4529 per
2438 4459 2638 4515 Christi
2667 4459 2917 4530 gratiam,
2970 4464 3193 4531 papulas
3239 4463 3335 4517 Dei
3379 4464 3548 4533 factus
3597 4477 3677 4521 est

385 4546 549 4600 corda
583 4560 806 4601 suorum
852 4546 1123 4616 tangendo
1167 4522 1451 4617 loquentes
1496 4549 1684 4615 efﬁcit,
1717 4551 1974 4619 quemad—
2006 4522 2057 4582 θ
2084 4552 2258 4625 (Rom.
2285 4522 2361 4621 is,
2386 4550 2508 4624 26).
2533 4553 2645 4607 Hoc
2668 4522 2864 4623 quippe
2893 4522 3056 4609 modo
3088 4556 3298 4610 occulto
3329 4522 3417 4610 Dei
3440 4556 3673 4625 judicio,

386 4639 605 4695 modum
629 4640 683 4693 in
710 4639 861 4694 libris
885 4639 1272 4710 prophetarum
1296 4642 1559 4712 scriptum
1582 4654 1694 4710 est,
1723 4660 1846 4698 cum
1877 4644 1977 4714 ipsi

385 4730 668 4801 propheta:
699 4730 878 4785 subito
908 4731 1073 4785 alﬁati
1118 4733 1312 4803 spiritu
1353 4734 1539 4789 divino
1577 4736 1975 4803 exclamabant,

386 4820 494 4876 lttec
514 4821 635 4876 dicit
665 4820 917 4877 Dominus
946 4822 1110 4895 (Isai.
1140 4841 1238 4889 vn,
1266 4826 1358 4895 7).

454 4914 655 4970 Videre
682 4916 776 4969 Dei
801 4925 885 4969 est
911 4925 1028 4971 acta
1052 4916 1192 4971 bona
1216 4918 1542 4987 approbare,
1567 4918 1706 4974 sicut
1733 4928 1816 4975 est
1843 4921 1977 4977 illud

384 5009 437 5063 in
468 5006 708 5063 Genesi:
751 5008 893 5062 Vidit
938 5007 1081 5063 Deus
1124 5022 1311 5064 cuncta
1345 5026 1460 5082 qua:
1504 5016 1694 5083 fecerat
1739 5022 1787 5067 et
1831 5025 1979 5068 erant

384 5098 533 5152 ualde
564 5098 694 5152 bona
724 5098 877 5172 (Gen.
919 5117 959 5166 ι,
1000 5101 1114 5170 51),
1152 5102 1205 5156 id
1237 5112 1342 5170 est,
1377 5104 1804 5174 intelligentibus
1836 5106 1974 5161 bona

388 5192 802 5249 demonstravit.
830 5194 1023 5262 Aliter,
1056 5196 1255 5251 Videre
1281 5198 1372 5252 Dei
1403 5206 1489 5253 est
1520 5200 1660 5253 mala
1692 5199 1974 5255 hominum

383 5287 609 5343 sciendo
638 5289 955 5357 reprobare,
987 5290 1128 5343 sicut
1166 5298 1251 5345 est
1284 5290 1413 5344 illud
1450 5292 1503 5346 in
1530 5291 1661 5347 Isaia
1689 5292 1973 5364 propheta,

383 5378 452 5433 Et
475 5382 599 5436 uidit
631 5381 787 5445 Deus,
833 5390 879 5434 et
909 5381 1099 5435 malum
1127 5384 1369 5452 apparuit
1400 5385 1453 5438 in
1483 5384 1643 5438 oculis
1672 5388 1782 5456 ejus
1804 5385 1824 5460 (
1843 5384 1971 5441 Isui.

381 5490 492 5539 us,
543 5473 666 5543 15).
715 5473 848 5528 Item
898 5475 1054 5528 aliter
1102 5474 1289 5529 videre
1324 5475 1417 5529 Dei
1464 5484 1569 5544 est,
1604 5492 1701 5533 nos
1730 5478 1976 5534 videntes

380 5564 585 5629 facere,
618 5572 679 5617 ut
707 5574 789 5618 est
834 5565 964 5619 illud
996 5568 1049 5620 in
1101 5566 1335 5636 psalmo,
1370 5565 1546 5621 Proba
1587 5585 1693 5631 me,
1726 5569 1897 5638 Deus,
1928 5578 1979 5624 et

379 5661 509 5720 scito
537 5674 627 5712 cor
654 5673 819 5710 meum
851 5657 968 5727 (Ps.
998 5674 1251 5724 cxxxvut,
1283 5659 1404 5727 25),
1434 5669 1491 5713 ει
1519 5669 1714 5717 cze'tera
1746 5680 1758 5713 :
1788 5671 1835 5715 et
1863 5663 1975 5717 vide

377 5747 431 5806 si
471 5749 559 5803 uia
596 5745 880 5806 iniquitatis
923 5748 977 5799 tn
1024 5764 1102 5800 me
1151 5756 1246 5803 est.
1295 5748 1482 5805 Modus
1534 5750 1637 5806 iste
1684 5751 1975 5810 locutionis

2080 4643 2247 4698 Iudas
2280 4647 2511 4713 proditor
2540 4648 2601 4699 de
2622 4647 2939 4715 apostolatus
2956 4649 3119 4719 gradu
3132 4650 3309 4719 lapsus
3332 4650 3466 4721 (Act.
3492 4665 3530 4717 ι,
3551 4650 3672 4719 18),

2081 4736 2279 4790 inferni
2310 4736 2528 4790 baratro
2555 4737 2841 4792 demersus
2884 4750 2988 4793 est.
3022 4739 3183 4794 Latro
3213 4758 3345 4797 veru
3380 4742 3524 4810 prius
3568 4742 3681 4798 cri-

2082 4843 2207 4883 men
2236 4830 2543 4899 rapacitatis
2566 4832 2889 4899 operans,de
2918 4848 3067 4885 cruce
3088 4834 3156 4886 ad
3182 4834 3479 4901 paradisum
3501 4843 3679 4889 trans-

2084 4921 2223 4974 latus
2252 4930 2334 4975 est
2362 4920 2510 4991 (Luc.
2542 4938 2699 4989 χχιιι,
2734 4920 2853 4992 45).
2886 4922 3037 4979 Hane
3065 4940 3279 4995 quoque
3320 4927 3677 4982 mutationem

2081 5013 2149 5068 de
2179 5013 2322 5067 bono
2363 5014 2429 5067 ad
2462 5015 2676 5082 melius,
2710 5024 2769 5069 ut
2797 5015 3000 5070 dictum
3041 5026 3153 5083 est;
3184 5017 3298 5072 sive
3328 5016 3399 5072 de
3441 5019 3581 5074 bono
3606 5020 3676 5073 ad

2082 5108 2307 5173 malum,
2342 5123 2437 5163 seu
2479 5108 2546 5163 de
2579 5108 2721 5162 malo
2766 5108 2834 5163 ad
2878 5093 3104 5175 b'onum,
3150 5124 3271 5179 qua:
3319 5110 3536 5165 occulto
3578 5110 3677 5166 Dei

2075 5199 2305 5270 judicio,
2329 5214 2390 5253 ac
2413 5200 2584 5269 justo,
2620 5215 2722 5269 per
2752 5202 3096 5255 severitatem
3134 5199 3359 5270 iustitia:
3395 5218 3534 5267 sum,
3560 5204 3681 5258 sive

2081 5308 2178 5364 per
2208 5292 2637 5347 misericordiam
2666 5293 2782 5360 ejus
2810 5294 2923 5360 ﬁat,
2969 5293 3351 5363 pmnitentiam
3399 5295 3491 5349 Dei
3539 5293 3677 5349 dici-

2082 5402 2202 5442 mus
2229 5404 2241 5439 :
2270 5385 2413 5457 quod
2439 5387 2759 5458 expressius
2785 5388 2837 5441 in
2864 5386 3005 5443 libro
3030 5388 3287 5445 Ieremia:
3310 5389 3570 5460 scriptum
3595 5400 3681 5445 est

2083 5476 2228 5550 (Ier.
2261 5494 2411 5543 xvut,
2443 5478 2536 5549 8).

2152 5570 2270 5626 Non
2296 5571 2563 5641 poenitere
2591 5571 2710 5637 Dei,
2743 5580 2941 5629 statuta
2974 5573 3124 5628 nullo
3153 5574 3315 5628 modo
3355 5583 3587 5638 mutare,
3619 5581 3683 5628 ut

2080 5673 2164 5719 est
2183 5665 2313 5719 illud
2336 5666 2387 5719 in
2411 5666 2620 5734 psalmo
2637 5684 2651 5721 :
2668 5666 2874 5720 Iuravit
2898 5666 3057 5733 Deus,
3080 5676 3127 5721 et
3150 5684 3252 5720 non
3276 5670 3513 5738 panituit
3533 5685 3679 5733 eum;

2080 5758 2134 5814 id
2160 5766 2264 5823 est,
2302 5757 2461 5813 Pater
2484 5758 2551 5813 ad
2577 5758 2776 5815 Filium
2806 5777 2817 5811 :
2853 5760 2931 5814 Tu
2959 5777 3010 5815 es
3041 5760 3296 5817 Sacerdos
3317 5765 3368 5816 in
3400 5770 3676 5829 retentum,
