  <div class='ocr_page' id='page_1' title='image "/cluster/home/n/w/nwhite01/storage/ocr_20150623/50/uva.x000827094/378.png"; bbox 0 0 4028 6184; ppageno 0'>
   <div class='ocr_carea' id='block_1_1' title="bbox 249 186 349 247">
    <p class='ocr_par' dir='ltr' id='par_1_1' title="bbox 249 186 349 247">
     <span class='ocr_line' id='line_1_1' title="bbox 249 186 349 247; baseline -0.03 0"><span class='ocrx_word' id='word_1_1' title='bbox 249 186 349 247; x_wconf 84' lang='lat'><strong>757</strong></span> 
     </span>
    </p>
   </div>
   <div class='ocr_carea' id='block_1_2' title="bbox 998 164 2765 237">
    <p class='ocr_par' dir='ltr' id='par_1_2' title="bbox 998 164 2765 237">
     <span class='ocr_line' id='line_1_2' title="bbox 998 164 2765 237; baseline -0.006 0"><span class='ocrx_word' id='word_1_2' title='bbox 998 180 1197 237; x_wconf 81' lang='lat' dir='ltr'>LIBER</span> <span class='ocrx_word' id='word_1_3' title='bbox 1236 171 1725 236; x_wconf 75' lang='lat' dir='ltr'><strong>FORMULARUM</strong></span> <span class='ocrx_word' id='word_1_4' title='bbox 1763 166 2142 229; x_wconf 82' lang='lat' dir='ltr'><strong>SPlRlTALlS</strong></span> <span class='ocrx_word' id='word_1_5' title='bbox 2180 164 2765 228; x_wconf 64' lang='lat' dir='ltr'><strong>INTELLIGENTIE.</strong></span> 
     </span>
    </p>
   </div>
   <div class='ocr_carea' id='block_1_3' title="bbox 3427 174 3533 237">
    <p class='ocr_par' dir='ltr' id='par_1_3' title="bbox 3427 174 3533 237">
     <span class='ocr_line' id='line_1_3' title="bbox 3427 174 3533 237; baseline -0.019 0"><span class='ocrx_word' id='word_1_6' title='bbox 3427 174 3533 237; x_wconf 86' lang='lat'><strong>758</strong></span> 
     </span>
    </p>
   </div>
   <div class='ocr_carea' id='block_1_4' title="bbox 251 283 3537 369">
    <p class='ocr_par' dir='ltr' id='par_1_4' title="bbox 251 283 3537 369">
     <span class='ocr_line' id='line_1_4' title="bbox 251 283 3537 369; baseline -0.006 -3"><span class='ocrx_word' id='word_1_7' title='bbox 251 306 528 367; x_wconf 86' lang='lat' dir='ltr'><strong>secundum</strong></span> <span class='ocrx_word' id='word_1_8' title='bbox 550 302 782 357; x_wconf 87' lang='lat' dir='ltr'><strong>ordinem</strong></span> <span class='ocrx_word' id='word_1_9' title='bbox 804 299 1178 355; x_wconf 78' lang='lat' dir='ltr'><strong>Melchisedech</strong></span> <span class='ocrx_word' id='word_1_10' title='bbox 1200 296 1318 369; x_wconf 89' lang='lat' dir='ltr'><strong>(Ps.</strong></span> <span class='ocrx_word' id='word_1_11' title='bbox 1339 311 1447 361; x_wconf 82' lang='lat' dir='ltr'><strong>CIX,</strong></span> <span class='ocrx_word' id='word_1_12' title='bbox 1467 292 1546 365; x_wconf 70' lang='lat'><strong>4).</strong></span> <span class='ocrx_word' id='word_1_13' title='bbox 1567 291 1838 349; x_wconf 81' lang='lat' dir='ltr'><strong>Sacerdos</strong></span> <span class='ocrx_word' id='word_1_14' title='bbox 1862 291 1915 350; x_wconf 78' lang='grc' dir='ltr'><strong>Δ</strong></span> <span class='ocrx_word' id='word_1_15' title='bbox 1943 287 2184 356; x_wconf 92' lang='lat' dir='ltr'><strong>Domini,</strong></span> <span class='ocrx_word' id='word_1_16' title='bbox 2223 286 2490 343; x_wconf 77' lang='lat' dir='ltr'><strong>stabilitas</strong></span> <span class='ocrx_word' id='word_1_17' title='bbox 2522 286 2859 343; x_wconf 65' lang='lat' dir='ltr'><strong>aeternitatis.</strong></span> <span class='ocrx_word' id='word_1_18' title='bbox 2891 283 2951 343; x_wconf 91' lang='lat' dir='ltr'><strong>ln</strong></span> <span class='ocrx_word' id='word_1_19' title='bbox 2980 285 3187 357; x_wconf 81' lang='lat' dir='ltr'><strong>psalmo</strong></span> <span class='ocrx_word' id='word_1_20' title='bbox 3223 308 3236 344; x_wconf 89' lang='lat'><strong>:</strong></span> <span class='ocrx_word' id='word_1_21' title='bbox 3270 289 3339 345; x_wconf 84' lang='lat' dir='ltr'><strong>Et</strong></span> <span class='ocrx_word' id='word_1_22' title='bbox 3370 296 3537 365; x_wconf 84' lang='lat' dir='ltr'><strong>caligo</strong></span> 
     </span>
    </p>
   </div>
   <div class='ocr_carea' id='block_1_5' title="bbox 194 385 1835 477">
    <p class='ocr_par' dir='ltr' id='par_1_5' title="bbox 194 385 1835 477">
     <span class='ocr_line' id='line_1_5' title="bbox 194 385 1835 477; baseline -0.012 -18"><span class='ocrx_word' id='word_1_23' title='bbox 194 414 207 477; x_wconf 54' lang='grc' dir='ltr'><strong>ξ</strong></span> <span class='ocrx_word' id='word_1_24' title='bbox 253 409 429 458; x_wconf 73' lang='lat' dir='ltr'><strong>tamen</strong></span> <span class='ocrx_word' id='word_1_25' title='bbox 476 397 650 453; x_wconf 84' lang='lat' dir='ltr'><strong>Patris</strong></span> <span class='ocrx_word' id='word_1_26' title='bbox 682 396 853 451; x_wconf 89' lang='lat' dir='ltr'><strong>dictus</strong></span> <span class='ocrx_word' id='word_1_27' title='bbox 894 404 976 448; x_wconf 90' lang='lat' dir='ltr'><strong>est</strong></span> <span class='ocrx_word' id='word_1_28' title='bbox 1005 393 1177 449; x_wconf 81' lang='lat' dir='ltr'><strong>Filius</strong></span> <span class='ocrx_word' id='word_1_29' title='bbox 1219 391 1331 459; x_wconf 89' lang='lat' dir='ltr'><strong>Dei,</strong></span> <span class='ocrx_word' id='word_1_30' title='bbox 1382 404 1489 444; x_wconf 91' lang='lat' dir='ltr'><strong>non</strong></span> <span class='ocrx_word' id='word_1_31' title='bbox 1538 385 1835 442; x_wconf 86' lang='lat' dir='ltr'><strong>secundum</strong></span> 
     </span>
    </p>
   </div>
   <div class='ocr_carea' id='block_1_6' title="bbox 195 478 1838 575">
    <p class='ocr_par' dir='ltr' id='par_1_6' title="bbox 195 478 1838 575">
     <span class='ocr_line' id='line_1_6' title="bbox 195 478 1838 575; baseline -0.012 -24"><span class='ocrx_word' id='word_1_32' title='bbox 195 478 209 575; x_wconf 55' lang='grc' dir='ltr'>ξ</span> <span class='ocrx_word' id='word_1_33' title='bbox 255 496 612 558; x_wconf 79' lang='lat' dir='ltr'><strong>divinitatem,</strong></span> <span class='ocrx_word' id='word_1_34' title='bbox 641 490 736 545; x_wconf 89' lang='lat' dir='ltr'><strong>sed</strong></span> <span class='ocrx_word' id='word_1_35' title='bbox 779 487 1075 543; x_wconf 89' lang='lat' dir='ltr'><strong>secundum</strong></span> <span class='ocrx_word' id='word_1_36' title='bbox 1114 484 1533 547; x_wconf 88' lang='lat' dir='ltr'><strong>humanitatem,</strong></span> <span class='ocrx_word' id='word_1_37' title='bbox 1561 480 1614 535; x_wconf 92' lang='lat' dir='ltr'><strong>in</strong></span> <span class='ocrx_word' id='word_1_38' title='bbox 1648 494 1751 551; x_wconf 90' lang='lat' dir='ltr'><strong>qua</strong></span> <span class='ocrx_word' id='word_1_39' title='bbox 1778 492 1838 532; x_wconf 86' lang='lat' dir='ltr'><strong>se</strong></span> 
     </span>
    </p>
   </div>
   <div class='ocr_carea' id='block_1_7' title="bbox 256 581 1837 660">
    <p class='ocr_par' dir='ltr' id='par_1_7' title="bbox 256 581 1837 660">
     <span class='ocr_line' id='line_1_7' title="bbox 256 581 1837 660; baseline -0.012 -17"><span class='ocrx_word' id='word_1_40' title='bbox 256 606 350 660; x_wconf 89' lang='lat' dir='ltr'><strong>pro</strong></span> <span class='ocrx_word' id='word_1_41' title='bbox 378 588 532 641; x_wconf 88' lang='lat' dir='ltr'><strong>nobis</strong></span> <span class='ocrx_word' id='word_1_42' title='bbox 562 601 656 654; x_wconf 89' lang='lat' dir='ltr'><strong>per</strong></span> <span class='ocrx_word' id='word_1_43' title='bbox 685 584 993 653; x_wconf 84' lang='lat' dir='ltr'><strong>passionem</strong></span> <span class='ocrx_word' id='word_1_44' title='bbox 1035 589 1090 636; x_wconf 90' lang='lat' dir='ltr'><strong>et</strong></span> <span class='ocrx_word' id='word_1_45' title='bbox 1120 587 1351 635; x_wconf 90' lang='lat' dir='ltr'><strong>mortem</strong></span> <span class='ocrx_word' id='word_1_46' title='bbox 1380 591 1556 643; x_wconf 91' lang='lat' dir='ltr'><strong>suam,</strong></span> <span class='ocrx_word' id='word_1_47' title='bbox 1586 581 1837 642; x_wconf 88' lang='lat' dir='ltr'><strong>accepta-</strong></span> 
     </span>
    </p>
   </div>
   <div class='ocr_carea' id='block_1_8' title="bbox 256 661 1839 739">
    <p class='ocr_par' dir='ltr' id='par_1_8' title="bbox 256 661 1839 739">
     <span class='ocr_line' id='line_1_8' title="bbox 256 661 1839 739; baseline -0.013 -4"><span class='ocrx_word' id='word_1_48' title='bbox 256 682 358 736; x_wconf 81' lang='lat' dir='ltr'><strong>bile</strong></span> <span class='ocrx_word' id='word_1_49' title='bbox 385 679 710 735; x_wconf 88' lang='lat' dir='ltr'><strong>sacriﬁcium</strong></span> <span class='ocrx_word' id='word_1_50' title='bbox 740 676 852 730; x_wconf 89' lang='lat' dir='ltr'><strong>Deo</strong></span> <span class='ocrx_word' id='word_1_51' title='bbox 875 674 1020 729; x_wconf 83' lang='lat' dir='ltr'><strong>Patri</strong></span> <span class='ocrx_word' id='word_1_52' title='bbox 1044 671 1258 736; x_wconf 89' lang='lat' dir='ltr'><strong>obtulit,</strong></span> <span class='ocrx_word' id='word_1_53' title='bbox 1284 680 1347 725; x_wconf 91' lang='lat' dir='ltr'><strong>ut</strong></span> <span class='ocrx_word' id='word_1_54' title='bbox 1367 668 1482 739; x_wconf 88' lang='lat' dir='ltr'><strong>ipse</strong></span> <span class='ocrx_word' id='word_1_55' title='bbox 1503 672 1649 723; x_wconf 86' lang='lat' dir='ltr'><strong>esset</strong></span> <span class='ocrx_word' id='word_1_56' title='bbox 1667 661 1839 719; x_wconf 84' lang='lat' dir='ltr'><strong>sacri-</strong></span> 
     </span>
    </p>
   </div>
   <div class='ocr_carea' id='block_1_9' title="bbox 254 768 879 840">
    <p class='ocr_par' dir='ltr' id='par_1_9' title="bbox 254 768 879 840">
     <span class='ocr_line' id='line_1_9' title="bbox 254 768 879 840; baseline -0.008 -14"><span class='ocrx_word' id='word_1_57' title='bbox 254 774 448 835; x_wconf 88' lang='lat' dir='ltr'><strong>licium,</strong></span> <span class='ocrx_word' id='word_1_58' title='bbox 478 770 568 840; x_wconf 91' lang='lat' dir='ltr'><strong>qui</strong></span> <span class='ocrx_word' id='word_1_59' title='bbox 600 768 879 824; x_wconf 83' lang='lat' dir='ltr'><strong>sacerdos.</strong></span> 
     </span>
    </p>
   </div>
   <div class='ocr_carea' id='block_1_10' title="bbox 320 848 1845 925">
    <p class='ocr_par' dir='ltr' id='par_1_10' title="bbox 320 848 1845 925">
     <span class='ocr_line' id='line_1_10' title="bbox 320 848 1845 925; baseline -0.012 -5"><span class='ocrx_word' id='word_1_60' title='bbox 320 863 584 920; x_wconf 79' lang='lat' dir='ltr'><strong>Oblivisci</strong></span> <span class='ocrx_word' id='word_1_61' title='bbox 628 863 769 916; x_wconf 89' lang='lat' dir='ltr'><strong>Deus</strong></span> <span class='ocrx_word' id='word_1_62' title='bbox 800 859 1014 921; x_wconf 87' lang='lat' dir='ltr'><strong>dicitur,</strong></span> <span class='ocrx_word' id='word_1_63' title='bbox 1057 871 1180 911; x_wconf 92' lang='lat' dir='ltr'><strong>cum</strong></span> <span class='ocrx_word' id='word_1_64' title='bbox 1223 851 1544 925; x_wconf 87' lang='lat' dir='ltr'><strong>quibusdam</strong></span> <span class='ocrx_word' id='word_1_65' title='bbox 1582 848 1761 919; x_wconf 86' lang='lat' dir='ltr'><strong>impiis</strong></span> <span class='ocrx_word' id='word_1_66' title='bbox 1791 853 1845 902; x_wconf 89' lang='lat' dir='ltr'><strong>ct</strong></span> 
     </span>
    </p>
   </div>
   <div class='ocr_carea' id='block_1_11' title="bbox 254 940 1848 1029">
    <p class='ocr_par' dir='ltr' id='par_1_11' title="bbox 254 940 1848 1029">
     <span class='ocr_line' id='line_1_11' title="bbox 254 940 1848 1029; baseline -0.012 -15"><span class='ocrx_word' id='word_1_67' title='bbox 254 955 628 1029; x_wconf 86' lang='lat' dir='ltr'><strong>peccatoribus</strong></span> <span class='ocrx_word' id='word_1_68' title='bbox 670 969 779 1009; x_wconf 92' lang='lat' dir='ltr'><strong>non</strong></span> <span class='ocrx_word' id='word_1_69' title='bbox 827 952 1134 1007; x_wconf 77' lang='lat' dir='ltr'><strong>miseretur.</strong></span> <span class='ocrx_word' id='word_1_70' title='bbox 1163 947 1315 1017; x_wconf 87' lang='lat' dir='ltr'><strong>Quod</strong></span> <span class='ocrx_word' id='word_1_71' title='bbox 1361 949 1545 1016; x_wconf 84' lang='lat' dir='ltr'><strong>utique</strong></span> <span class='ocrx_word' id='word_1_72' title='bbox 1580 958 1686 999; x_wconf 91' lang='lat' dir='ltr'><strong>non</strong></span> <span class='ocrx_word' id='word_1_73' title='bbox 1717 940 1848 995; x_wconf 84' lang='lat' dir='ltr'><strong>facit</strong></span> 
     </span>
    </p>
   </div>
   <div class='ocr_carea' id='block_1_12' title="bbox 255 1032 1845 1121">
    <p class='ocr_par' dir='ltr' id='par_1_12' title="bbox 255 1032 1845 1121">
     <span class='ocr_line' id='line_1_12' title="bbox 255 1032 1845 1121; baseline -0.011 -16"><span class='ocrx_word' id='word_1_74' title='bbox 255 1066 347 1121; x_wconf 87' lang='lat' dir='ltr'><strong>per</strong></span> <span class='ocrx_word' id='word_1_75' title='bbox 379 1048 755 1104; x_wconf 82' lang='lat' dir='ltr'><strong>crudelitatem</strong></span> <span class='ocrx_word' id='word_1_76' title='bbox 785 1062 904 1116; x_wconf 88' lang='lat' dir='ltr'><strong>quae</strong></span> <span class='ocrx_word' id='word_1_77' title='bbox 934 1046 987 1099; x_wconf 89' lang='lat' dir='ltr'><strong>in</strong></span> <span class='ocrx_word' id='word_1_78' title='bbox 1011 1043 1122 1098; x_wconf 88' lang='lat' dir='ltr'><strong>Deo</strong></span> <span class='ocrx_word' id='word_1_79' title='bbox 1153 1057 1259 1096; x_wconf 93' lang='lat' dir='ltr'><strong>non</strong></span> <span class='ocrx_word' id='word_1_80' title='bbox 1282 1050 1389 1108; x_wconf 90' lang='lat' dir='ltr'><strong>est,</strong></span> <span class='ocrx_word' id='word_1_81' title='bbox 1413 1037 1511 1095; x_wconf 88' lang='lat' dir='ltr'><strong>sed</strong></span> <span class='ocrx_word' id='word_1_82' title='bbox 1533 1053 1633 1109; x_wconf 90' lang='lat' dir='ltr'><strong>per</strong></span> <span class='ocrx_word' id='word_1_83' title='bbox 1660 1032 1845 1091; x_wconf 84' lang='lat' dir='ltr'><strong>occul-</strong></span> 
     </span>
    </p>
   </div>
   <div class='ocr_carea' id='block_1_13' title="bbox 256 1136 1210 1209">
    <p class='ocr_par' dir='ltr' id='par_1_13' title="bbox 256 1136 1210 1209">
     <span class='ocr_line' id='line_1_13' title="bbox 256 1136 1210 1209; baseline -0.009 -13"><span class='ocrx_word' id='word_1_84' title='bbox 256 1151 365 1196; x_wconf 89' lang='lat' dir='ltr'><strong>tum</strong></span> <span class='ocrx_word' id='word_1_85' title='bbox 397 1140 707 1209; x_wconf 88' lang='lat' dir='ltr'><strong>justumqne</strong></span> <span class='ocrx_word' id='word_1_86' title='bbox 734 1136 999 1207; x_wconf 85' lang='lat' dir='ltr'><strong>judicium</strong></span> <span class='ocrx_word' id='word_1_87' title='bbox 1032 1151 1210 1189; x_wconf 89' lang='lat' dir='ltr'><strong>suum.</strong></span> 
     </span>
    </p>
   </div>
   <div class='ocr_carea' id='block_1_14' title="bbox 324 1218 1845 1295">
    <p class='ocr_par' dir='ltr' id='par_1_14' title="bbox 324 1218 1845 1295">
     <span class='ocr_line' id='line_1_14' title="bbox 324 1218 1845 1295; baseline -0.01 -9"><span class='ocrx_word' id='word_1_88' title='bbox 324 1232 583 1286; x_wconf 86' lang='lat' dir='ltr'><strong>Indurare</strong></span> <span class='ocrx_word' id='word_1_89' title='bbox 604 1231 745 1283; x_wconf 92' lang='lat' dir='ltr'><strong>Deus</strong></span> <span class='ocrx_word' id='word_1_90' title='bbox 763 1229 962 1282; x_wconf 86' lang='lat' dir='ltr'><strong>dicitur</strong></span> <span class='ocrx_word' id='word_1_91' title='bbox 984 1223 1342 1295; x_wconf 88' lang='lat' dir='ltr'><strong>quorumdam</strong></span> <span class='ocrx_word' id='word_1_92' title='bbox 1366 1221 1632 1276; x_wconf 89' lang='lat' dir='ltr'><strong>malorum</strong></span> <span class='ocrx_word' id='word_1_93' title='bbox 1658 1218 1845 1283; x_wconf 84' lang='lat' dir='ltr'><strong>corda,</strong></span> 
     </span>
    </p>
   </div>
   <div class='ocr_carea' id='block_1_15' title="bbox 254 1308 1848 1391">
    <p class='ocr_par' dir='ltr' id='par_1_15' title="bbox 254 1308 1848 1391">
     <span class='ocr_line' id='line_1_15' title="bbox 254 1308 1848 1391; baseline -0.01 -14"><span class='ocrx_word' id='word_1_94' title='bbox 254 1324 395 1378; x_wconf 87' lang='lat' dir='ltr'><strong>sicut</strong></span> <span class='ocrx_word' id='word_1_95' title='bbox 426 1324 488 1375; x_wconf 86' lang='lat' dir='ltr'><strong>de</strong></span> <span class='ocrx_word' id='word_1_96' title='bbox 532 1320 810 1374; x_wconf 86' lang='lat' dir='ltr'><strong>Pharaone</strong></span> <span class='ocrx_word' id='word_1_97' title='bbox 856 1335 974 1391; x_wconf 86' lang='lat' dir='ltr'><strong>rege</strong></span> <span class='ocrx_word' id='word_1_98' title='bbox 1004 1316 1225 1386; x_wconf 83' lang='lat' dir='ltr'><strong>/Egypti</strong></span> <span class='ocrx_word' id='word_1_99' title='bbox 1257 1315 1504 1385; x_wconf 87' lang='lat' dir='ltr'><strong>scriptum</strong></span> <span class='ocrx_word' id='word_1_100' title='bbox 1550 1320 1623 1366; x_wconf 89' lang='lat' dir='ltr'><strong>est</strong></span> <span class='ocrx_word' id='word_1_101' title='bbox 1652 1308 1848 1383; x_wconf 75' lang='lat' dir='ltr'><strong>(Exod.</strong></span> 
     </span>
    </p>
   </div>
   <div class='ocr_carea' id='block_1_16' title="bbox 254 1400 1852 1485">
    <p class='ocr_par' dir='ltr' id='par_1_16' title="bbox 254 1400 1852 1485">
     <span class='ocr_line' id='line_1_16' title="bbox 254 1400 1852 1485; baseline -0.008 -17"><span class='ocrx_word' id='word_1_102' title='bbox 254 1431 343 1479; x_wconf 82' lang='lat' dir='ltr'><strong>vit,</strong></span> <span class='ocrx_word' id='word_1_103' title='bbox 382 1417 477 1485; x_wconf 87' lang='lat'><strong>5);</strong></span> <span class='ocrx_word' id='word_1_104' title='bbox 526 1431 635 1468; x_wconf 87' lang='lat' dir='ltr'><strong>non</strong></span> <span class='ocrx_word' id='word_1_105' title='bbox 666 1413 809 1483; x_wconf 85' lang='lat' dir='ltr'><strong>quod</strong></span> <span class='ocrx_word' id='word_1_106' title='bbox 860 1411 1205 1477; x_wconf 83' lang='lat' dir='ltr'><strong>omnipotens</strong></span> <span class='ocrx_word' id='word_1_107' title='bbox 1236 1406 1380 1462; x_wconf 89' lang='lat' dir='ltr'><strong>Deus</strong></span> <span class='ocrx_word' id='word_1_108' title='bbox 1428 1420 1525 1474; x_wconf 89' lang='lat' dir='ltr'><strong>per</strong></span> <span class='ocrx_word' id='word_1_109' title='bbox 1552 1400 1852 1474; x_wconf 86' lang='lat' dir='ltr'><strong>potentiam</strong></span> 
     </span>
    </p>
   </div>
   <div class='ocr_carea' id='block_1_17' title="bbox 252 1495 1852 1570">
    <p class='ocr_par' dir='ltr' id='par_1_17' title="bbox 252 1495 1852 1570">
     <span class='ocr_line' id='line_1_17' title="bbox 252 1495 1852 1570; baseline -0.01 -6"><span class='ocrx_word' id='word_1_110' title='bbox 252 1526 412 1565; x_wconf 90' lang='lat' dir='ltr'><strong>suam</strong></span> <span class='ocrx_word' id='word_1_111' title='bbox 462 1524 649 1564; x_wconf 85' lang='lat' dir='ltr'><strong>eorum</strong></span> <span class='ocrx_word' id='word_1_112' title='bbox 698 1504 862 1559; x_wconf 86' lang='lat' dir='ltr'><strong>corda</strong></span> <span class='ocrx_word' id='word_1_113' title='bbox 912 1503 1150 1567; x_wconf 90' lang='lat' dir='ltr'><strong>indurct,</strong></span> <span class='ocrx_word' id='word_1_114' title='bbox 1202 1501 1345 1570; x_wconf 89' lang='lat' dir='ltr'><strong>quod</strong></span> <span class='ocrx_word' id='word_1_115' title='bbox 1378 1498 1599 1569; x_wconf 88' lang='lat' dir='ltr'><strong>impium</strong></span> <span class='ocrx_word' id='word_1_116' title='bbox 1650 1505 1732 1551; x_wconf 85' lang='lat' dir='ltr'><strong>est</strong></span> <span class='ocrx_word' id='word_1_117' title='bbox 1781 1495 1852 1549; x_wconf 87' lang='lat' dir='ltr'><strong>ita</strong></span> 
     </span>
    </p>
   </div>
   <div class='ocr_carea' id='block_1_18' title="bbox 253 1586 1853 1667">
    <p class='ocr_par' dir='ltr' id='par_1_18' title="bbox 253 1586 1853 1667">
     <span class='ocr_line' id='line_1_18' title="bbox 253 1586 1853 1667; baseline -0.011 -10"><span class='ocrx_word' id='word_1_118' title='bbox 253 1602 510 1663; x_wconf 85' lang='lat' dir='ltr'><strong>credere,</strong></span> <span class='ocrx_word' id='word_1_119' title='bbox 532 1598 627 1653; x_wconf 91' lang='lat' dir='ltr'><strong>sed</strong></span> <span class='ocrx_word' id='word_1_120' title='bbox 652 1594 999 1667; x_wconf 77' lang='lat' dir='ltr'><strong>exigentibus</strong></span> <span class='ocrx_word' id='word_1_121' title='bbox 1019 1609 1204 1649; x_wconf 88' lang='lat' dir='ltr'><strong>eorum</strong></span> <span class='ocrx_word' id='word_1_122' title='bbox 1230 1591 1423 1660; x_wconf 88' lang='lat' dir='ltr'><strong>culpis,</strong></span> <span class='ocrx_word' id='word_1_123' title='bbox 1448 1605 1568 1644; x_wconf 90' lang='lat' dir='ltr'><strong>cum</strong></span> <span class='ocrx_word' id='word_1_124' title='bbox 1597 1586 1853 1642; x_wconf 90' lang='lat' dir='ltr'><strong>duritiam</strong></span> 
     </span>
    </p>
   </div>
   <div class='ocr_carea' id='block_1_19' title="bbox 1939 383 3535 458">
    <p class='ocr_par' dir='ltr' id='par_1_19' title="bbox 1939 383 3535 458">
     <span class='ocr_line' id='line_1_19' title="bbox 1939 383 3535 458; baseline 0.002 -17"><span class='ocrx_word' id='word_1_125' title='bbox 1939 385 2035 441; x_wconf 85' lang='lat' dir='ltr'><strong>sub</strong></span> <span class='ocrx_word' id='word_1_126' title='bbox 2080 385 2294 455; x_wconf 81' lang='lat' dir='ltr'><strong>pedibus</strong></span> <span class='ocrx_word' id='word_1_127' title='bbox 2342 388 2456 458; x_wconf 83' lang='lat' dir='ltr'><strong>ejus</strong></span> <span class='ocrx_word' id='word_1_128' title='bbox 2490 383 2615 455; x_wconf 92' lang='lat' dir='ltr'><strong>(Ps.</strong></span> <span class='ocrx_word' id='word_1_129' title='bbox 2650 401 2781 453; x_wconf 80' lang='lat' dir='ltr'><strong>xvu,</strong></span> <span class='ocrx_word' id='word_1_130' title='bbox 2828 383 2951 455; x_wconf 81' lang='grc'><strong>10).</strong></span> <span class='ocrx_word' id='word_1_131' title='bbox 3008 384 3246 456; x_wconf 78' lang='lat' dir='ltr'><strong>Vestigia</strong></span> <span class='ocrx_word' id='word_1_132' title='bbox 3298 388 3535 457; x_wconf 85' lang='lat' dir='ltr'><strong>Domini,</strong></span> 
     </span>
    </p>
   </div>
   <div class='ocr_carea' id='block_1_20' title="bbox 1940 476 3536 553">
    <p class='ocr_par' dir='ltr' id='par_1_20' title="bbox 1940 476 3536 553">
     <span class='ocr_line' id='line_1_20' title="bbox 1940 476 3536 553; baseline 0.001 -21"><span class='ocrx_word' id='word_1_133' title='bbox 1940 492 2166 547; x_wconf 88' lang='lat' dir='ltr'><strong>operum</strong></span> <span class='ocrx_word' id='word_1_134' title='bbox 2197 486 2531 532; x_wconf 87' lang='lat' dir='ltr'><strong>secretorum</strong></span> <span class='ocrx_word' id='word_1_135' title='bbox 2561 477 2733 548; x_wconf 85' lang='lat' dir='ltr'><strong>signa.</strong></span> <span class='ocrx_word' id='word_1_136' title='bbox 2766 476 2824 532; x_wconf 89' lang='lat' dir='ltr'><strong>In</strong></span> <span class='ocrx_word' id='word_1_137' title='bbox 2850 477 3059 548; x_wconf 88' lang='lat' dir='ltr'><strong>psalmo</strong></span> <span class='ocrx_word' id='word_1_138' title='bbox 3085 495 3099 533; x_wconf 86' lang='lat'><strong>:</strong></span> <span class='ocrx_word' id='word_1_139' title='bbox 3122 476 3192 531; x_wconf 85' lang='lat' dir='ltr'><strong>Et</strong></span> <span class='ocrx_word' id='word_1_140' title='bbox 3214 481 3425 553; x_wconf 83' lang='lat' dir='ltr'><strong>vestigia</strong></span> <span class='ocrx_word' id='word_1_141' title='bbox 3450 492 3536 535; x_wconf 83' lang='lat' dir='ltr'><strong>tua</strong></span> 
     </span>
    </p>
   </div>
   <div class='ocr_carea' id='block_1_21' title="bbox 1942 569 3537 643">
    <p class='ocr_par' dir='ltr' id='par_1_21' title="bbox 1942 569 3537 643">
     <span class='ocr_line' id='line_1_21' title="bbox 1942 569 3537 643; baseline 0.003 -19"><span class='ocrx_word' id='word_1_142' title='bbox 1942 586 2045 624; x_wconf 88' lang='lat' dir='ltr'><strong>non</strong></span> <span class='ocrx_word' id='word_1_143' title='bbox 2085 580 2456 643; x_wconf 87' lang='lat' dir='ltr'><strong>cognoscentur</strong></span> <span class='ocrx_word' id='word_1_144' title='bbox 2483 569 2602 641; x_wconf 89' lang='lat' dir='ltr'><strong>(Ps.</strong></span> <span class='ocrx_word' id='word_1_145' title='bbox 2645 587 2837 636; x_wconf 80' lang='lat' dir='ltr'><strong>Lxxvt,</strong></span> <span class='ocrx_word' id='word_1_146' title='bbox 2869 571 2985 641; x_wconf 85' lang='lat'><strong>20).</strong></span> <span class='ocrx_word' id='word_1_147' title='bbox 3021 572 3256 628; x_wconf 89' lang='lat' dir='ltr'><strong>Gressus</strong></span> <span class='ocrx_word' id='word_1_148' title='bbox 3302 573 3537 641; x_wconf 87' lang='lat' dir='ltr'><strong>Domini,</strong></span> 
     </span>
    </p>
   </div>
   <div class='ocr_carea' id='block_1_22' title="bbox 1944 662 3541 735">
    <p class='ocr_par' dir='ltr' id='par_1_22' title="bbox 1944 662 3541 735">
     <span class='ocr_line' id='line_1_22' title="bbox 1944 662 3541 735; baseline 0.002 -19"><span class='ocrx_word' id='word_1_149' title='bbox 1944 662 2231 731; x_wconf 87' lang='lat' dir='ltr'><strong>adventus,</strong></span> <span class='ocrx_word' id='word_1_150' title='bbox 2262 663 2347 717; x_wconf 91' lang='lat' dir='ltr'><strong>vel</strong></span> <span class='ocrx_word' id='word_1_151' title='bbox 2379 662 2618 717; x_wconf 84' lang='lat' dir='ltr'><strong>visitatio</strong></span> <span class='ocrx_word' id='word_1_152' title='bbox 2642 662 2878 717; x_wconf 86' lang='lat' dir='ltr'><strong>Domini.</strong></span> <span class='ocrx_word' id='word_1_153' title='bbox 2910 663 2971 719; x_wconf 87' lang='lat' dir='ltr'><strong>lu</strong></span> <span class='ocrx_word' id='word_1_154' title='bbox 2999 665 3247 735; x_wconf 86' lang='lat' dir='ltr'><strong>psalmo:</strong></span> <span class='ocrx_word' id='word_1_155' title='bbox 3290 664 3401 719; x_wconf 87' lang='lat' dir='ltr'><strong>Visi</strong></span> <span class='ocrx_word' id='word_1_156' title='bbox 3423 678 3541 720; x_wconf 90' lang='lat' dir='ltr'><strong>sunt</strong></span> 
     </span>
    </p>
   </div>
   <div class='ocr_carea' id='block_1_23' title="bbox 1943 752 3013 826">
    <p class='ocr_par' dir='ltr' id='par_1_23' title="bbox 1943 752 3013 826">
     <span class='ocr_line' id='line_1_23' title="bbox 1943 752 3013 826; baseline 0.004 -20"><span class='ocrx_word' id='word_1_157' title='bbox 1943 754 2207 824; x_wconf 78' lang='lat' dir='ltr'><strong>ingressus</strong></span> <span class='ocrx_word' id='word_1_158' title='bbox 2234 755 2329 822; x_wconf 91' lang='lat' dir='ltr'><strong>tui,</strong></span> <span class='ocrx_word' id='word_1_159' title='bbox 2362 752 2504 807; x_wconf 89' lang='lat' dir='ltr'><strong>Deus</strong></span> <span class='ocrx_word' id='word_1_160' title='bbox 2533 753 2661 823; x_wconf 92' lang='lat' dir='ltr'><strong>(Ps.</strong></span> <span class='ocrx_word' id='word_1_161' title='bbox 2687 770 2855 821; x_wconf 82' lang='lat' dir='ltr'><strong>van,</strong></span> <span class='ocrx_word' id='word_1_162' title='bbox 2885 754 3013 826; x_wconf 86' lang='lat'><strong>25).</strong></span> 
     </span>
    </p>
   </div>
   <div class='ocr_carea' id='block_1_24' title="bbox 2018 846 3544 923">
    <p class='ocr_par' dir='ltr' id='par_1_24' title="bbox 2018 846 3544 923">
     <span class='ocr_line' id='line_1_24' title="bbox 2018 846 3544 923; baseline 0.005 -22"><span class='ocrx_word' id='word_1_163' title='bbox 2018 848 2184 901; x_wconf 87' lang='lat' dir='ltr'><strong>Arma</strong></span> <span class='ocrx_word' id='word_1_164' title='bbox 2206 846 2448 911; x_wconf 90' lang='lat' dir='ltr'><strong>Domini,</strong></span> <span class='ocrx_word' id='word_1_165' title='bbox 2472 846 2799 915; x_wconf 89' lang='lat' dir='ltr'><strong>adjutorittm</strong></span> <span class='ocrx_word' id='word_1_166' title='bbox 2825 847 2943 918; x_wconf 86' lang='lat' dir='ltr'><strong>ejus</strong></span> <span class='ocrx_word' id='word_1_167' title='bbox 2965 849 3018 904; x_wconf 90' lang='lat' dir='ltr'><strong>in</strong></span> <span class='ocrx_word' id='word_1_168' title='bbox 3049 859 3287 907; x_wconf 88' lang='lat' dir='ltr'><strong>sanctos.</strong></span> <span class='ocrx_word' id='word_1_169' title='bbox 3319 852 3376 907; x_wconf 83' lang='lat' dir='ltr'><strong>In</strong></span> <span class='ocrx_word' id='word_1_170' title='bbox 3401 853 3544 923; x_wconf 83' lang='lat' dir='ltr'><strong>psal-</strong></span> 
     </span>
    </p>
   </div>
   <div class='ocr_carea' id='block_1_25' title="bbox 1949 939 3544 1018">
    <p class='ocr_par' dir='ltr' id='par_1_25' title="bbox 1949 939 3544 1018">
     <span class='ocr_line' id='line_1_25' title="bbox 1949 939 3544 1018; baseline 0.003 -22"><span class='ocrx_word' id='word_1_171' title='bbox 1949 955 2039 996; x_wconf 92' lang='lat' dir='ltr'><strong>mo</strong></span> <span class='ocrx_word' id='word_1_172' title='bbox 2066 958 2082 997; x_wconf 87' lang='lat'><strong>:</strong></span> <span class='ocrx_word' id='word_1_173' title='bbox 2111 939 2449 1013; x_wconf 82' lang='lat' dir='ltr'><strong>Apprehende</strong></span> <span class='ocrx_word' id='word_1_174' title='bbox 2474 957 2618 994; x_wconf 89' lang='lat' dir='ltr'><strong>arma</strong></span> <span class='ocrx_word' id='word_1_175' title='bbox 2646 951 2691 995; x_wconf 87' lang='lat' dir='ltr'><strong>et</strong></span> <span class='ocrx_word' id='word_1_176' title='bbox 2730 952 2931 995; x_wconf 89' lang='lat' dir='ltr'><strong>scutum</strong></span> <span class='ocrx_word' id='word_1_177' title='bbox 2948 941 3064 1015; x_wconf 90' lang='lat' dir='ltr'><strong>(Ps.</strong></span> <span class='ocrx_word' id='word_1_178' title='bbox 3084 960 3271 1013; x_wconf 77' lang='lat' dir='ltr'><strong>xsxrv,</strong></span> <span class='ocrx_word' id='word_1_179' title='bbox 3293 944 3371 1018; x_wconf 84' lang='grc'><strong>2).</strong></span> <span class='ocrx_word' id='word_1_180' title='bbox 3406 946 3544 1003; x_wconf 90' lang='lat' dir='ltr'><strong>Scu-</strong></span> 
     </span>
    </p>
   </div>
   <div class='ocr_carea' id='block_1_26' title="bbox 1951 1032 3546 1103">
    <p class='ocr_par' dir='ltr' id='par_1_26' title="bbox 1951 1032 3546 1103">
     <span class='ocr_line' id='line_1_26' title="bbox 1951 1032 3546 1103; baseline 0.003 -14"><span class='ocrx_word' id='word_1_181' title='bbox 1951 1043 2087 1101; x_wconf 90' lang='lat' dir='ltr'><strong>tum,</strong></span> <span class='ocrx_word' id='word_1_182' title='bbox 2122 1037 2386 1103; x_wconf 90' lang='lat' dir='ltr'><strong>protectio</strong></span> <span class='ocrx_word' id='word_1_183' title='bbox 2415 1032 2650 1088; x_wconf 92' lang='lat' dir='ltr'><strong>Domini.</strong></span> <span class='ocrx_word' id='word_1_184' title='bbox 2679 1033 2738 1088; x_wconf 89' lang='lat' dir='ltr'><strong>ln</strong></span> <span class='ocrx_word' id='word_1_185' title='bbox 2768 1034 3017 1103; x_wconf 85' lang='lat' dir='ltr'><strong>psalmo:</strong></span> <span class='ocrx_word' id='word_1_186' title='bbox 3053 1034 3288 1103; x_wconf 81' lang='lat' dir='ltr'><strong>Domine,</strong></span> <span class='ocrx_word' id='word_1_187' title='bbox 3318 1046 3373 1091; x_wconf 83' lang='lat' dir='ltr'><strong>ut</strong></span> <span class='ocrx_word' id='word_1_188' title='bbox 3402 1046 3546 1093; x_wconf 84' lang='lat' dir='ltr'><strong>scuto</strong></span> 
     </span>
    </p>
   </div>
   <div class='ocr_carea' id='block_1_27' title="bbox 1953 1126 3545 1199">
    <p class='ocr_par' dir='ltr' id='par_1_27' title="bbox 1953 1126 3545 1199">
     <span class='ocr_line' id='line_1_27' title="bbox 1953 1126 3545 1199; baseline 0.002 -19"><span class='ocrx_word' id='word_1_189' title='bbox 1953 1128 2099 1180; x_wconf 79' lang='lat' dir='ltr'><strong>bona:</strong></span> <span class='ocrx_word' id='word_1_190' title='bbox 2119 1126 2396 1179; x_wconf 86' lang='lat' dir='ltr'><strong>voluntatis</strong></span> <span class='ocrx_word' id='word_1_191' title='bbox 2419 1135 2518 1180; x_wconf 77' lang='lat' dir='ltr'><strong>tua:</strong></span> <span class='ocrx_word' id='word_1_192' title='bbox 2536 1126 2795 1180; x_wconf 80' lang='lat' dir='ltr'><strong>coronasti</strong></span> <span class='ocrx_word' id='word_1_193' title='bbox 2816 1143 2908 1181; x_wconf 88' lang='lat' dir='ltr'><strong>nos</strong></span> <span class='ocrx_word' id='word_1_194' title='bbox 2932 1126 3050 1199; x_wconf 89' lang='lat' dir='ltr'><strong>(Ps.</strong></span> <span class='ocrx_word' id='word_1_195' title='bbox 3073 1146 3128 1195; x_wconf 88' lang='lat' dir='ltr'><strong>v,</strong></span> <span class='ocrx_word' id='word_1_196' title='bbox 3156 1128 3267 1199; x_wconf 85' lang='grc'><strong>15).</strong></span> <span class='ocrx_word' id='word_1_197' title='bbox 3293 1129 3335 1185; x_wconf 90' lang='lat' dir='ltr'><strong>F</strong></span> <span class='ocrx_word' id='word_1_198' title='bbox 3341 1144 3545 1196; x_wconf 89' lang='lat' dir='ltr'><strong>ramea,</strong></span> 
     </span>
    </p>
   </div>
   <div class='ocr_carea' id='block_1_28' title="bbox 1953 1217 3545 1293">
    <p class='ocr_par' dir='ltr' id='par_1_28' title="bbox 1953 1217 3545 1293">
     <span class='ocr_line' id='line_1_28' title="bbox 1953 1217 3545 1293; baseline 0.003 -20"><span class='ocrx_word' id='word_1_199' title='bbox 1953 1218 2086 1273; x_wconf 91' lang='lat' dir='ltr'><strong>ultio</strong></span> <span class='ocrx_word' id='word_1_200' title='bbox 2116 1217 2300 1272; x_wconf 86' lang='lat' dir='ltr'><strong>divina</strong></span> <span class='ocrx_word' id='word_1_201' title='bbox 2330 1218 2384 1273; x_wconf 92' lang='lat' dir='ltr'><strong>in</strong></span> <span class='ocrx_word' id='word_1_202' title='bbox 2408 1218 2625 1288; x_wconf 92' lang='lat' dir='ltr'><strong>impios.</strong></span> <span class='ocrx_word' id='word_1_203' title='bbox 2649 1218 2707 1273; x_wconf 89' lang='lat' dir='ltr'><strong>In</strong></span> <span class='ocrx_word' id='word_1_204' title='bbox 2731 1220 2940 1289; x_wconf 88' lang='lat' dir='ltr'><strong>psalmo</strong></span> <span class='ocrx_word' id='word_1_205' title='bbox 2966 1239 2977 1273; x_wconf 92' lang='lat'>:</span> <span class='ocrx_word' id='word_1_206' title='bbox 3010 1219 3239 1288; x_wconf 72' lang='lat' dir='ltr'><strong>Etfunde</strong></span> <span class='ocrx_word' id='word_1_207' title='bbox 3272 1226 3545 1293; x_wconf 77' lang='lat' dir='ltr'><strong>frameam,</strong></span> 
     </span>
    </p>
   </div>
   <div class='ocr_carea' id='block_1_29' title="bbox 1953 1310 3551 1383">
    <p class='ocr_par' dir='ltr' id='par_1_29' title="bbox 1953 1310 3551 1383">
     <span class='ocr_line' id='line_1_29' title="bbox 1953 1310 3551 1383; baseline 0.003 -18"><span class='ocrx_word' id='word_1_208' title='bbox 1953 1320 2002 1365; x_wconf 88' lang='lat' dir='ltr'><strong>et</strong></span> <span class='ocrx_word' id='word_1_209' title='bbox 2030 1311 2275 1365; x_wconf 88' lang='lat' dir='ltr'><strong>conclude</strong></span> <span class='ocrx_word' id='word_1_210' title='bbox 2308 1310 2432 1383; x_wconf 90' lang='lat' dir='ltr'><strong>(Ps.</strong></span> <span class='ocrx_word' id='word_1_211' title='bbox 2469 1327 2657 1375; x_wconf 80' lang='lat' dir='ltr'><strong>xxxtv,</strong></span> <span class='ocrx_word' id='word_1_212' title='bbox 2689 1310 2776 1383; x_wconf 95' lang='lat'><strong>5).</strong></span> <span class='ocrx_word' id='word_1_213' title='bbox 2821 1315 3016 1377; x_wconf 85' lang='lat' dir='ltr'><strong>Arcus,</strong></span> <span class='ocrx_word' id='word_1_214' title='bbox 3063 1315 3294 1369; x_wconf 87' lang='lat' dir='ltr'><strong>intentio</strong></span> <span class='ocrx_word' id='word_1_215' title='bbox 3325 1317 3551 1371; x_wconf 78' lang='lat' dir='ltr'><strong>commi-</strong></span> 
     </span>
    </p>
   </div>
   <div class='ocr_carea' id='block_1_30' title="bbox 1954 1404 3550 1475">
    <p class='ocr_par' dir='ltr' id='par_1_30' title="bbox 1954 1404 3550 1475">
     <span class='ocr_line' id='line_1_30' title="bbox 1954 1404 3550 1475; baseline 0.003 -15"><span class='ocrx_word' id='word_1_216' title='bbox 1954 1405 2190 1460; x_wconf 88' lang='lat' dir='ltr'><strong>nationis</strong></span> <span class='ocrx_word' id='word_1_217' title='bbox 2228 1404 2446 1461; x_wconf 77' lang='lat' dir='ltr'><strong>divinzr.</strong></span> <span class='ocrx_word' id='word_1_218' title='bbox 2477 1406 2534 1462; x_wconf 86' lang='lat' dir='ltr'><strong>In</strong></span> <span class='ocrx_word' id='word_1_219' title='bbox 2566 1407 2775 1475; x_wconf 82' lang='lat' dir='ltr'><strong>psalmo</strong></span> <span class='ocrx_word' id='word_1_220' title='bbox 2803 1424 2815 1459; x_wconf 88' lang='lat'>:</span> <span class='ocrx_word' id='word_1_221' title='bbox 2844 1406 3032 1460; x_wconf 75' lang='lat' dir='ltr'><strong>Arcum</strong></span> <span class='ocrx_word' id='word_1_222' title='bbox 3058 1424 3209 1462; x_wconf 85' lang='lat' dir='ltr'><strong>suum</strong></span> <span class='ocrx_word' id='word_1_223' title='bbox 3238 1410 3469 1475; x_wconf 79' lang='lat' dir='ltr'><strong>tetendit,</strong></span> <span class='ocrx_word' id='word_1_224' title='bbox 3502 1419 3550 1464; x_wconf 83' lang='lat' dir='ltr'><strong>et</strong></span> 
     </span>
    </p>
   </div>
   <div class='ocr_carea' id='block_1_31' title="bbox 1957 1497 3548 1570">
    <p class='ocr_par' dir='ltr' id='par_1_31' title="bbox 1957 1497 3548 1570">
     <span class='ocr_line' id='line_1_31' title="bbox 1957 1497 3548 1570; baseline 0.003 -19"><span class='ocrx_word' id='word_1_225' title='bbox 1957 1499 2157 1568; x_wconf 86' lang='lat' dir='ltr'><strong>paravit</strong></span> <span class='ocrx_word' id='word_1_226' title='bbox 2184 1499 2336 1553; x_wconf 89' lang='lat' dir='ltr'><strong>illum</strong></span> <span class='ocrx_word' id='word_1_227' title='bbox 2359 1497 2475 1570; x_wconf 93' lang='lat' dir='ltr'><strong>(Ps.</strong></span> <span class='ocrx_word' id='word_1_228' title='bbox 2507 1515 2602 1565; x_wconf 89' lang='lat' dir='ltr'><strong>vtt,</strong></span> <span class='ocrx_word' id='word_1_229' title='bbox 2631 1498 2742 1570; x_wconf 76' lang='lat' dir='ltr'><strong>l5).</strong></span> <span class='ocrx_word' id='word_1_230' title='bbox 2773 1499 3020 1569; x_wconf 72' lang='lat' dir='ltr'><strong>Sagittae,</strong></span> <span class='ocrx_word' id='word_1_231' title='bbox 3046 1507 3318 1569; x_wconf 67' lang='lat' dir='ltr'><strong>praecepta</strong></span> <span class='ocrx_word' id='word_1_232' title='bbox 3348 1500 3548 1567; x_wconf 86' lang='lat' dir='ltr'><strong>divina,</strong></span> 
     </span>
    </p>
   </div>
   <div class='ocr_carea' id='block_1_32' title="bbox 1958 1591 3555 1666">
    <p class='ocr_par' dir='ltr' id='par_1_32' title="bbox 1958 1591 3555 1666">
     <span class='ocr_line' id='line_1_32' title="bbox 1958 1591 3555 1666; baseline 0.004 -23"><span class='ocrx_word' id='word_1_233' title='bbox 1958 1591 2220 1661; x_wconf 88' lang='lat' dir='ltr'><strong>apostoli,</strong></span> <span class='ocrx_word' id='word_1_234' title='bbox 2266 1592 2351 1647; x_wconf 89' lang='lat' dir='ltr'><strong>vel</strong></span> <span class='ocrx_word' id='word_1_235' title='bbox 2406 1593 2704 1661; x_wconf 66' lang='lat' dir='ltr'><strong>prophetae.</strong></span> <span class='ocrx_word' id='word_1_236' title='bbox 2769 1592 2825 1646; x_wconf 87' lang='lat' dir='ltr'><strong>In</strong></span> <span class='ocrx_word' id='word_1_237' title='bbox 2878 1594 3134 1663; x_wconf 88' lang='lat' dir='ltr'><strong>psalmo:</strong></span> <span class='ocrx_word' id='word_1_238' title='bbox 3169 1593 3555 1666; x_wconf 61' lang='lat' dir='ltr'><strong>Misitsagfttns</strong></span> 
     </span>
    </p>
   </div>
   <div class='ocr_carea' id='block_1_33' title="bbox 254 1678 3558 1762">
    <p class='ocr_par' dir='ltr' id='par_1_33' title="bbox 254 1678 3558 1762">
     <span class='ocr_line' id='line_1_33' title="bbox 254 1678 3558 1762; baseline -0.002 -13"><span class='ocrx_word' id='word_1_239' title='bbox 254 1694 445 1749; x_wconf 84' lang='lat' dir='ltr'><strong>cordis</strong></span> <span class='ocrx_word' id='word_1_240' title='bbox 476 1707 582 1762; x_wconf 91' lang='lat' dir='ltr'><strong>qua</strong></span> <span class='ocrx_word' id='word_1_241' title='bbox 624 1690 724 1759; x_wconf 81' lang='lat' dir='ltr'><strong>ipsi</strong></span> <span class='ocrx_word' id='word_1_242' title='bbox 755 1688 934 1742; x_wconf 90' lang='lat' dir='ltr'><strong>omnia</strong></span> <span class='ocrx_word' id='word_1_243' title='bbox 966 1686 1106 1740; x_wconf 88' lang='lat' dir='ltr'><strong>mala</strong></span> <span class='ocrx_word' id='word_1_244' title='bbox 1152 1683 1513 1755; x_wconf 83' lang='lat' dir='ltr'><strong>perpetrando</strong></span> <span class='ocrx_word' id='word_1_245' title='bbox 1553 1683 1849 1745; x_wconf 71' lang='lat' dir='ltr'><strong>invertunt,</strong></span> <span class='ocrx_word' id='word_1_246' title='bbox 1880 1678 1930 1740; x_wconf 85' lang='lat' dir='ltr'><strong>B</strong></span> <span class='ocrx_word' id='word_1_247' title='bbox 1957 1702 2099 1751; x_wconf 89' lang='lat' dir='ltr'><strong>suas,</strong></span> <span class='ocrx_word' id='word_1_248' title='bbox 2133 1696 2181 1740; x_wconf 90' lang='lat' dir='ltr'><strong>et</strong></span> <span class='ocrx_word' id='word_1_249' title='bbox 2206 1686 2471 1755; x_wconf 81' lang='lat' dir='ltr'><strong>dissipavit</strong></span> <span class='ocrx_word' id='word_1_250' title='bbox 2492 1702 2575 1739; x_wconf 87' lang='lat' dir='ltr'><strong>eos</strong></span> <span class='ocrx_word' id='word_1_251' title='bbox 2602 1684 2721 1758; x_wconf 86' lang='lat' dir='ltr'><strong>(Ps.</strong></span> <span class='ocrx_word' id='word_1_252' title='bbox 2753 1702 2892 1752; x_wconf 80' lang='lat' dir='ltr'><strong>xvu,</strong></span> <span class='ocrx_word' id='word_1_253' title='bbox 2919 1686 3029 1757; x_wconf 78' lang='grc'><strong>15).</strong></span> <span class='ocrx_word' id='word_1_254' title='bbox 3060 1688 3196 1743; x_wconf 87' lang='lat' dir='ltr'><strong>Item</strong></span> <span class='ocrx_word' id='word_1_255' title='bbox 3222 1707 3234 1740; x_wconf 90' lang='lat'><strong>:</strong></span> <span class='ocrx_word' id='word_1_256' title='bbox 3263 1689 3478 1761; x_wconf 76' lang='lat' dir='ltr'><strong>Sagitta:</strong></span> <span class='ocrx_word' id='word_1_257' title='bbox 3502 1690 3558 1744; x_wconf 69' lang='lat' dir='ltr'><strong>id</strong></span> 
     </span>
    </p>
   </div>
   <div class='ocr_carea' id='block_1_34' title="bbox 253 1774 1857 1853">
    <p class='ocr_par' dir='ltr' id='par_1_34' title="bbox 253 1774 1857 1853">
     <span class='ocr_line' id='line_1_34' title="bbox 253 1774 1857 1853; baseline -0.009 -12"><span class='ocrx_word' id='word_1_258' title='bbox 253 1802 366 1841; x_wconf 87' lang='lat' dir='ltr'><strong>non</strong></span> <span class='ocrx_word' id='word_1_259' title='bbox 413 1784 631 1840; x_wconf 79' lang='lat' dir='ltr'><strong>aufert:</strong></span> <span class='ocrx_word' id='word_1_260' title='bbox 670 1783 821 1853; x_wconf 86' lang='lat' dir='ltr'><strong>quasi</strong></span> <span class='ocrx_word' id='word_1_261' title='bbox 853 1782 974 1836; x_wconf 89' lang='lat' dir='ltr'><strong>illos</strong></span> <span class='ocrx_word' id='word_1_262' title='bbox 1013 1779 1261 1845; x_wconf 89' lang='lat' dir='ltr'><strong>induret,</strong></span> <span class='ocrx_word' id='word_1_263' title='bbox 1302 1791 1438 1848; x_wconf 88' lang='lat' dir='ltr'><strong>quos</strong></span> <span class='ocrx_word' id='word_1_264' title='bbox 1477 1777 1625 1847; x_wconf 83' lang='lat' dir='ltr'><strong>justo</strong></span> <span class='ocrx_word' id='word_1_265' title='bbox 1650 1774 1857 1845; x_wconf 87' lang='lat' dir='ltr'><strong>judicio</strong></span> 
     </span>
    </p>
   </div>
   <div class='ocr_carea' id='block_1_35' title="bbox 252 1878 686 1937">
    <p class='ocr_par' dir='ltr' id='par_1_35' title="bbox 252 1878 686 1937">
     <span class='ocr_line' id='line_1_35' title="bbox 252 1878 686 1937; baseline -0.016 0"><span class='ocrx_word' id='word_1_266' title='bbox 252 1882 507 1937; x_wconf 86' lang='lat' dir='ltr'><strong>indurari</strong></span> <span class='ocrx_word' id='word_1_267' title='bbox 538 1878 686 1933; x_wconf 89' lang='lat' dir='ltr'><strong>sinit.</strong></span> 
     </span>
    </p>
   </div>
   <div class='ocr_carea' id='block_1_36' title="bbox 330 1962 1856 2038">
    <p class='ocr_par' dir='ltr' id='par_1_36' title="bbox 330 1962 1856 2038">
     <span class='ocr_line' id='line_1_36' title="bbox 330 1962 1856 2038; baseline -0.008 -11"><span class='ocrx_word' id='word_1_268' title='bbox 330 1973 587 2028; x_wconf 90' lang='lat' dir='ltr'><strong>Dormire</strong></span> <span class='ocrx_word' id='word_1_269' title='bbox 630 1971 723 2025; x_wconf 90' lang='lat' dir='ltr'><strong>Det</strong></span> <span class='ocrx_word' id='word_1_270' title='bbox 752 1980 856 2034; x_wconf 91' lang='lat' dir='ltr'><strong>est,</strong></span> <span class='ocrx_word' id='word_1_271' title='bbox 890 1984 1012 2023; x_wconf 88' lang='lat' dir='ltr'><strong>cum</strong></span> <span class='ocrx_word' id='word_1_272' title='bbox 1056 1968 1367 2038; x_wconf 89' lang='lat' dir='ltr'><strong>unigenitus</strong></span> <span class='ocrx_word' id='word_1_273' title='bbox 1400 1966 1569 2020; x_wconf 83' lang='lat' dir='ltr'><strong>Filius</strong></span> <span class='ocrx_word' id='word_1_274' title='bbox 1598 1962 1774 2019; x_wconf 84' lang='lat' dir='ltr'><strong>Patris</strong></span> <span class='ocrx_word' id='word_1_275' title='bbox 1803 1962 1856 2015; x_wconf 91' lang='lat' dir='ltr'><strong>in</strong></span> 
     </span>
    </p>
   </div>
   <div class='ocr_carea' id='block_1_37' title="bbox 254 2051 1861 2135">
    <p class='ocr_par' dir='ltr' id='par_1_37' title="bbox 254 2051 1861 2135">
     <span class='ocr_line' id='line_1_37' title="bbox 254 2051 1861 2135; baseline -0.011 -12"><span class='ocrx_word' id='word_1_276' title='bbox 254 2072 540 2135; x_wconf 82' lang='lat' dir='ltr'><strong>assumpta</strong></span> <span class='ocrx_word' id='word_1_277' title='bbox 574 2078 737 2118; x_wconf 90' lang='lat' dir='ltr'><strong>carne</strong></span> <span class='ocrx_word' id='word_1_278' title='bbox 783 2062 920 2116; x_wconf 92' lang='lat' dir='ltr'><strong>mori</strong></span> <span class='ocrx_word' id='word_1_279' title='bbox 967 2076 1066 2131; x_wconf 89' lang='lat' dir='ltr'><strong>pro</strong></span> <span class='ocrx_word' id='word_1_280' title='bbox 1121 2059 1277 2114; x_wconf 91' lang='lat' dir='ltr'><strong>nobis</strong></span> <span class='ocrx_word' id='word_1_281' title='bbox 1326 2058 1579 2127; x_wconf 89' lang='lat' dir='ltr'><strong>dignatus</strong></span> <span class='ocrx_word' id='word_1_282' title='bbox 1626 2051 1861 2110; x_wconf 78' lang='lat' dir='ltr'><strong>estzcui</strong></span> 
     </span>
    </p>
   </div>
   <div class='ocr_carea' id='block_1_38' title="bbox 256 2145 1862 2223">
    <p class='ocr_par' dir='ltr' id='par_1_38' title="bbox 256 2145 1862 2223">
     <span class='ocr_line' id='line_1_38' title="bbox 256 2145 1862 2223; baseline -0.011 -9"><span class='ocrx_word' id='word_1_283' title='bbox 256 2173 410 2214; x_wconf 89' lang='lat' dir='ltr'><strong>mors</strong></span> <span class='ocrx_word' id='word_1_284' title='bbox 441 2164 590 2211; x_wconf 87' lang='lat' dir='ltr'><strong>recte</strong></span> <span class='ocrx_word' id='word_1_285' title='bbox 616 2154 787 2209; x_wconf 87' lang='lat' dir='ltr'><strong>dulcis</strong></span> <span class='ocrx_word' id='word_1_286' title='bbox 812 2154 1101 2223; x_wconf 75' lang='lat' dir='ltr'><strong>przedictus</strong></span> <span class='ocrx_word' id='word_1_287' title='bbox 1122 2160 1205 2205; x_wconf 92' lang='lat' dir='ltr'><strong>est</strong></span> <span class='ocrx_word' id='word_1_288' title='bbox 1227 2163 1482 2213; x_wconf 89' lang='lat' dir='ltr'><strong>somnus,</strong></span> <span class='ocrx_word' id='word_1_289' title='bbox 1507 2148 1625 2218; x_wconf 90' lang='lat' dir='ltr'><strong>ipso</strong></span> <span class='ocrx_word' id='word_1_290' title='bbox 1648 2145 1862 2200; x_wconf 89' lang='lat' dir='ltr'><strong>dicente</strong></span> 
     </span>
    </p>
   </div>
   <div class='ocr_carea' id='block_1_39' title="bbox 256 2237 1865 2322">
    <p class='ocr_par' dir='ltr' id='par_1_39' title="bbox 256 2237 1865 2322">
     <span class='ocr_line' id='line_1_39' title="bbox 256 2237 1865 2322; baseline -0.011 -16"><span class='ocrx_word' id='word_1_291' title='bbox 256 2264 357 2322; x_wconf 86' lang='lat' dir='ltr'><strong>per</strong></span> <span class='ocrx_word' id='word_1_292' title='bbox 390 2249 682 2304; x_wconf 84' lang='lat' dir='ltr'><strong>Jeretuiam</strong></span> <span class='ocrx_word' id='word_1_293' title='bbox 712 2246 1056 2315; x_wconf 86' lang='lat' dir='ltr'><strong>prophetam,</strong></span> <span class='ocrx_word' id='word_1_294' title='bbox 1088 2242 1215 2298; x_wconf 80' lang='lat' dir='ltr'><strong>Ideo</strong></span> <span class='ocrx_word' id='word_1_295' title='bbox 1244 2242 1393 2313; x_wconf 87' lang='lat' dir='ltr'><strong>quasi</strong></span> <span class='ocrx_word' id='word_1_296' title='bbox 1427 2241 1488 2293; x_wconf 87' lang='lat' dir='ltr'><strong>de</strong></span> <span class='ocrx_word' id='word_1_297' title='bbox 1516 2254 1695 2293; x_wconf 84' lang='lat' dir='ltr'><strong>somno</strong></span> <span class='ocrx_word' id='word_1_298' title='bbox 1726 2237 1865 2290; x_wconf 75' lang='lat' dir='ltr'><strong>exci-</strong></span> 
     </span>
    </p>
   </div>
   <div class='ocr_carea' id='block_1_40' title="bbox 257 2326 1865 2407">
    <p class='ocr_par' dir='ltr' id='par_1_40' title="bbox 257 2326 1865 2407">
     <span class='ocr_line' id='line_1_40' title="bbox 257 2326 1865 2407; baseline -0.009 -11"><span class='ocrx_word' id='word_1_299' title='bbox 257 2353 403 2397; x_wconf 89' lang='lat' dir='ltr'><strong>tatus</strong></span> <span class='ocrx_word' id='word_1_300' title='bbox 434 2357 577 2407; x_wconf 88' lang='lat' dir='ltr'><strong>sum,</strong></span> <span class='ocrx_word' id='word_1_301' title='bbox 622 2349 669 2393; x_wconf 89' lang='lat' dir='ltr'><strong>et</strong></span> <span class='ocrx_word' id='word_1_302' title='bbox 700 2338 837 2405; x_wconf 86' lang='lat' dir='ltr'><strong>vidi,</strong></span> <span class='ocrx_word' id='word_1_303' title='bbox 878 2346 927 2391; x_wconf 88' lang='lat' dir='ltr'><strong>et</strong></span> <span class='ocrx_word' id='word_1_304' title='bbox 970 2354 1175 2391; x_wconf 86' lang='lat' dir='ltr'><strong>somnus</strong></span> <span class='ocrx_word' id='word_1_305' title='bbox 1219 2351 1361 2389; x_wconf 89' lang='lat' dir='ltr'><strong>meus</strong></span> <span class='ocrx_word' id='word_1_306' title='bbox 1411 2333 1575 2386; x_wconf 87' lang='lat' dir='ltr'><strong>dulcis</strong></span> <span class='ocrx_word' id='word_1_307' title='bbox 1620 2339 1692 2384; x_wconf 88' lang='lat' dir='ltr'><strong>est</strong></span> <span class='ocrx_word' id='word_1_308' title='bbox 1740 2326 1865 2381; x_wconf 88' lang='lat' dir='ltr'><strong>mihi</strong></span> 
     </span>
    </p>
   </div>
   <div class='ocr_carea' id='block_1_41' title="bbox 257 2425 1865 2507">
    <p class='ocr_par' dir='ltr' id='par_1_41' title="bbox 257 2425 1865 2507">
     <span class='ocr_line' id='line_1_41' title="bbox 257 2425 1865 2507; baseline -0.009 -17"><span class='ocrx_word' id='word_1_309' title='bbox 257 2434 488 2507; x_wconf 84' lang='lat' dir='ltr'><strong>(Jerem.</strong></span> <span class='ocrx_word' id='word_1_310' title='bbox 518 2449 666 2499; x_wconf 80' lang='lat' dir='ltr'><strong>xxxi,</strong></span> <span class='ocrx_word' id='word_1_311' title='bbox 692 2431 808 2503; x_wconf 91' lang='lat'><strong>26).</strong></span> <span class='ocrx_word' id='word_1_312' title='bbox 840 2430 1014 2485; x_wconf 84' lang='lat' dir='ltr'><strong>Aliter</strong></span> <span class='ocrx_word' id='word_1_313' title='bbox 1052 2430 1289 2484; x_wconf 86' lang='lat' dir='ltr'><strong>dormire</strong></span> <span class='ocrx_word' id='word_1_314' title='bbox 1316 2428 1516 2482; x_wconf 91' lang='lat' dir='ltr'><strong>dicitur</strong></span> <span class='ocrx_word' id='word_1_315' title='bbox 1542 2425 1709 2489; x_wconf 90' lang='lat' dir='ltr'><strong>Deus,</strong></span> <span class='ocrx_word' id='word_1_316' title='bbox 1742 2436 1865 2476; x_wconf 90' lang='lat' dir='ltr'><strong>cum</strong></span> 
     </span>
    </p>
   </div>
   <div class='ocr_carea' id='block_1_42' title="bbox 258 2516 1866 2598">
    <p class='ocr_par' dir='ltr' id='par_1_42' title="bbox 258 2516 1866 2598">
     <span class='ocr_line' id='line_1_42' title="bbox 258 2516 1866 2598; baseline -0.011 -12"><span class='ocrx_word' id='word_1_317' title='bbox 258 2531 407 2586; x_wconf 86' lang='lat' dir='ltr'><strong>ﬁdes</strong></span> <span class='ocrx_word' id='word_1_318' title='bbox 438 2528 555 2598; x_wconf 87' lang='lat' dir='ltr'><strong>ejus</strong></span> <span class='ocrx_word' id='word_1_319' title='bbox 602 2528 745 2581; x_wconf 89' lang='lat' dir='ltr'><strong>inter</strong></span> <span class='ocrx_word' id='word_1_320' title='bbox 795 2523 1181 2594; x_wconf 85' lang='lat' dir='ltr'><strong>prosperitates</strong></span> <span class='ocrx_word' id='word_1_321' title='bbox 1230 2522 1389 2591; x_wconf 86' lang='lat' dir='ltr'><strong>hujus</strong></span> <span class='ocrx_word' id='word_1_322' title='bbox 1435 2519 1698 2575; x_wconf 89' lang='lat' dir='ltr'><strong>mundiet</strong></span> <span class='ocrx_word' id='word_1_323' title='bbox 1727 2516 1866 2570; x_wconf 90' lang='lat' dir='ltr'><strong>inter</strong></span> 
     </span>
    </p>
   </div>
   <div class='ocr_carea' id='block_1_43' title="bbox 256 2610 1863 2695">
    <p class='ocr_par' dir='ltr' id='par_1_43' title="bbox 256 2610 1863 2695">
     <span class='ocr_line' id='line_1_43' title="bbox 256 2610 1863 2695; baseline -0.011 -15"><span class='ocrx_word' id='word_1_324' title='bbox 256 2622 632 2695; x_wconf 88' lang='lat' dir='ltr'><strong>quorumdam</strong></span> <span class='ocrx_word' id='word_1_325' title='bbox 664 2619 828 2676; x_wconf 86' lang='lat' dir='ltr'><strong>corda</strong></span> <span class='ocrx_word' id='word_1_326' title='bbox 862 2618 1100 2674; x_wconf 88' lang='lat' dir='ltr'><strong>ﬁdelium</strong></span> <span class='ocrx_word' id='word_1_327' title='bbox 1130 2635 1234 2674; x_wconf 88' lang='lat' dir='ltr'><strong>non</strong></span> <span class='ocrx_word' id='word_1_328' title='bbox 1267 2616 1471 2687; x_wconf 80' lang='lat' dir='ltr'><strong>vigilat,</strong></span> <span class='ocrx_word' id='word_1_329' title='bbox 1517 2613 1611 2669; x_wconf 89' lang='lat' dir='ltr'><strong>sed</strong></span> <span class='ocrx_word' id='word_1_330' title='bbox 1644 2610 1863 2667; x_wconf 82' lang='lat' dir='ltr'><strong>durniit.</strong></span> 
     </span>
    </p>
   </div>
   <div class='ocr_carea' id='block_1_44' title="bbox 257 2702 1868 2779">
    <p class='ocr_par' dir='ltr' id='par_1_44' title="bbox 257 2702 1868 2779">
     <span class='ocr_line' id='line_1_44' title="bbox 257 2702 1868 2779; baseline -0.01 -8"><span class='ocrx_word' id='word_1_331' title='bbox 257 2716 421 2772; x_wconf 82' lang='lat' dir='ltr'><strong>Hanc</strong></span> <span class='ocrx_word' id='word_1_332' title='bbox 452 2713 834 2768; x_wconf 90' lang='lat' dir='ltr'><strong>dormitionem</strong></span> <span class='ocrx_word' id='word_1_333' title='bbox 884 2712 999 2779; x_wconf 89' lang='lat' dir='ltr'><strong>ipse</strong></span> <span class='ocrx_word' id='word_1_334' title='bbox 1045 2711 1207 2766; x_wconf 86' lang='lat' dir='ltr'><strong>Jesus</strong></span> <span class='ocrx_word' id='word_1_335' title='bbox 1257 2708 1599 2778; x_wconf 88' lang='lat' dir='ltr'><strong>signiﬁcavit,</strong></span> <span class='ocrx_word' id='word_1_336' title='bbox 1651 2720 1766 2757; x_wconf 87' lang='lat' dir='ltr'><strong>cum</strong></span> <span class='ocrx_word' id='word_1_337' title='bbox 1814 2702 1868 2755; x_wconf 86' lang='lat' dir='ltr'><strong>in</strong></span> 
     </span>
    </p>
   </div>
   <div class='ocr_carea' id='block_1_45' title="bbox 255 2795 1870 2875">
    <p class='ocr_par' dir='ltr' id='par_1_45' title="bbox 255 2795 1870 2875">
     <span class='ocr_line' id='line_1_45' title="bbox 255 2795 1870 2875; baseline -0.008 -13"><span class='ocrx_word' id='word_1_338' title='bbox 255 2809 402 2863; x_wconf 84' lang='lat' dir='ltr'><strong>mari</strong></span> <span class='ocrx_word' id='word_1_339' title='bbox 434 2808 567 2860; x_wconf 86' lang='lat' dir='ltr'><strong>inter</strong></span> <span class='ocrx_word' id='word_1_340' title='bbox 593 2806 779 2875; x_wconf 84' lang='lat' dir='ltr'><strong>ﬂuctus</strong></span> <span class='ocrx_word' id='word_1_341' title='bbox 817 2805 975 2858; x_wconf 88' lang='lat' dir='ltr'><strong>maris</strong></span> <span class='ocrx_word' id='word_1_342' title='bbox 1004 2803 1239 2857; x_wconf 87' lang='lat' dir='ltr'><strong>dormivit</strong></span> <span class='ocrx_word' id='word_1_343' title='bbox 1268 2801 1461 2873; x_wconf 78' lang='lat' dir='ltr'><strong>(Marc.</strong></span> <span class='ocrx_word' id='word_1_344' title='bbox 1505 2815 1579 2865; x_wconf 82' lang='lat' dir='ltr'><strong>1v,</strong></span> <span class='ocrx_word' id='word_1_345' title='bbox 1610 2798 1737 2867; x_wconf 86' lang='lat'><strong>58).</strong></span> <span class='ocrx_word' id='word_1_346' title='bbox 1773 2795 1870 2850; x_wconf 80' lang='lat' dir='ltr'><strong>Vel</strong></span> 
     </span>
    </p>
   </div>
   <div class='ocr_carea' id='block_1_46' title="bbox 259 2888 1867 2966">
    <p class='ocr_par' dir='ltr' id='par_1_46' title="bbox 259 2888 1867 2966">
     <span class='ocr_line' id='line_1_46' title="bbox 259 2888 1867 2966; baseline -0.011 -10"><span class='ocrx_word' id='word_1_347' title='bbox 259 2912 443 2966; x_wconf 89' lang='lat' dir='ltr'><strong>certe,</strong></span> <span class='ocrx_word' id='word_1_348' title='bbox 491 2899 733 2954; x_wconf 88' lang='lat' dir='ltr'><strong>dormire</strong></span> <span class='ocrx_word' id='word_1_349' title='bbox 769 2898 884 2965; x_wconf 88' lang='lat' dir='ltr'><strong>Dei,</strong></span> <span class='ocrx_word' id='word_1_350' title='bbox 937 2905 1020 2951; x_wconf 90' lang='lat' dir='ltr'><strong>est</strong></span> <span class='ocrx_word' id='word_1_351' title='bbox 1075 2895 1252 2950; x_wconf 81' lang='lat' dir='ltr'><strong>anxiis</strong></span> <span class='ocrx_word' id='word_1_352' title='bbox 1305 2892 1508 2947; x_wconf 91' lang='lat' dir='ltr'><strong>tardius</strong></span> <span class='ocrx_word' id='word_1_353' title='bbox 1553 2888 1867 2956; x_wconf 87' lang='lat' dir='ltr'><strong>subvenire,</strong></span> 
     </span>
    </p>
   </div>
   <div class='ocr_carea' id='block_1_47' title="bbox 259 2978 1868 3057">
    <p class='ocr_par' dir='ltr' id='par_1_47' title="bbox 259 2978 1868 3057">
     <span class='ocr_line' id='line_1_47' title="bbox 259 2978 1868 3057; baseline -0.012 -9"><span class='ocrx_word' id='word_1_354' title='bbox 259 2994 417 3048; x_wconf 84' lang='lat' dir='ltr'><strong>sicut</strong></span> <span class='ocrx_word' id='word_1_355' title='bbox 454 3000 539 3045; x_wconf 89' lang='lat' dir='ltr'><strong>est</strong></span> <span class='ocrx_word' id='word_1_356' title='bbox 571 2989 700 3043; x_wconf 88' lang='lat' dir='ltr'><strong>illud</strong></span> <span class='ocrx_word' id='word_1_357' title='bbox 730 2989 783 3043; x_wconf 89' lang='lat' dir='ltr'><strong>itt</strong></span> <span class='ocrx_word' id='word_1_358' title='bbox 816 2988 1026 3057; x_wconf 89' lang='lat' dir='ltr'><strong>psalmo</strong></span> <span class='ocrx_word' id='word_1_359' title='bbox 1053 3005 1065 3039; x_wconf 89' lang='lat'><strong>:</strong></span> <span class='ocrx_word' id='word_1_360' title='bbox 1093 2985 1350 3055; x_wconf 78' lang='lat' dir='ltr'><strong>Exsurge,</strong></span> <span class='ocrx_word' id='word_1_361' title='bbox 1384 2997 1543 3053; x_wconf 87' lang='lat' dir='ltr'><strong>quare</strong></span> <span class='ocrx_word' id='word_1_362' title='bbox 1584 2978 1868 3042; x_wconf 86' lang='lat' dir='ltr'><strong>obdormis,</strong></span> 
     </span>
    </p>
   </div>
   <div class='ocr_carea' id='block_1_48' title="bbox 258 3078 1115 3150">
    <p class='ocr_par' dir='ltr' id='par_1_48' title="bbox 258 3078 1115 3150">
     <span class='ocr_line' id='line_1_48' title="bbox 258 3078 1115 3150; baseline -0.008 -13"><span class='ocrx_word' id='word_1_363' title='bbox 258 3081 500 3138; x_wconf 87' lang='lat' dir='ltr'><strong>Domine</strong></span> <span class='ocrx_word' id='word_1_364' title='bbox 529 3078 647 3150; x_wconf 88' lang='lat' dir='ltr'><strong>(Ps.</strong></span> <span class='ocrx_word' id='word_1_365' title='bbox 674 3094 825 3143; x_wconf 79' lang='lat' dir='ltr'><strong>xuu,</strong></span> <span class='ocrx_word' id='word_1_366' title='bbox 859 3079 976 3145; x_wconf 88' lang='lat'><strong>25),</strong></span> <span class='ocrx_word' id='word_1_367' title='bbox 1008 3087 1115 3132; x_wconf 90' lang='lat' dir='ltr'><strong>etc.</strong></span> 
     </span>
    </p>
   </div>
   <div class='ocr_carea' id='block_1_49' title="bbox 342 3164 1873 3243">
    <p class='ocr_par' dir='ltr' id='par_1_49' title="bbox 342 3164 1873 3243">
     <span class='ocr_line' id='line_1_49' title="bbox 342 3164 1873 3243; baseline -0.01 -15"><span class='ocrx_word' id='word_1_368' title='bbox 342 3173 588 3243; x_wconf 79' lang='lat' dir='ltr'><strong>Vigilare</strong></span> <span class='ocrx_word' id='word_1_369' title='bbox 621 3172 737 3238; x_wconf 89' lang='lat' dir='ltr'><strong>Dei,</strong></span> <span class='ocrx_word' id='word_1_370' title='bbox 769 3179 853 3225; x_wconf 89' lang='lat' dir='ltr'><strong>est</strong></span> <span class='ocrx_word' id='word_1_371' title='bbox 890 3170 942 3223; x_wconf 91' lang='lat' dir='ltr'><strong>in</strong></span> <span class='ocrx_word' id='word_1_372' title='bbox 975 3168 1293 3223; x_wconf 74' lang='lat' dir='ltr'><strong>defensione</strong></span> <span class='ocrx_word' id='word_1_373' title='bbox 1319 3164 1621 3220; x_wconf 89' lang='lat' dir='ltr'><strong>electorum</strong></span> <span class='ocrx_word' id='word_1_374' title='bbox 1650 3172 1873 3216; x_wconf 91' lang='lat' dir='ltr'><strong>suorum</strong></span> 
     </span>
    </p>
   </div>
   <div class='ocr_carea' id='block_1_50' title="bbox 259 3261 1151 3327">
    <p class='ocr_par' dir='ltr' id='par_1_50' title="bbox 259 3261 1151 3327">
     <span class='ocr_line' id='line_1_50' title="bbox 259 3261 1151 3327; baseline -0.016 0"><span class='ocrx_word' id='word_1_375' title='bbox 259 3284 329 3327; x_wconf 89' lang='lat' dir='ltr'><strong>se</strong></span> <span class='ocrx_word' id='word_1_376' title='bbox 361 3263 718 3323; x_wconf 78' lang='lat' dir='ltr'><strong>manifestum</strong></span> <span class='ocrx_word' id='word_1_377' title='bbox 747 3261 1151 3318; x_wconf 88' lang='lat' dir='ltr'><strong>demonstrare.</strong></span> 
     </span>
    </p>
   </div>
   <div class='ocr_carea' id='block_1_51' title="bbox 914 3371 1244 3429">
    <p class='ocr_par' dir='ltr' id='par_1_51' title="bbox 914 3371 1244 3429">
     <span class='ocr_line' id='line_1_51' title="bbox 914 3371 1244 3429; baseline -0.012 0"><span class='ocrx_word' id='word_1_378' title='bbox 914 3372 1142 3429; x_wconf 82' lang='lat' dir='ltr'><strong>CAPUT</strong></span> <span class='ocrx_word' id='word_1_379' title='bbox 1181 3371 1244 3426; x_wconf 90' lang='lat' dir='ltr'><strong>ll.</strong></span> 
     </span>
    </p>
   </div>
   <div class='ocr_carea' id='block_1_52' title="bbox 260 3460 1879 3543">
    <p class='ocr_par' dir='ltr' id='par_1_52' title="bbox 260 3460 1879 3543">
     <span class='ocr_line' id='line_1_52' title="bbox 260 3460 1879 3543; baseline -0.011 -13"><span class='ocrx_word' id='word_1_380' title='bbox 260 3473 351 3531; x_wconf 87' lang='lat' dir='ltr'><strong>De</strong></span> <span class='ocrx_word' id='word_1_381' title='bbox 381 3472 471 3527; x_wconf 86' lang='lat' dir='ltr'><strong>his</strong></span> <span class='ocrx_word' id='word_1_382' title='bbox 498 3486 613 3543; x_wconf 71' lang='lat' dir='ltr'><strong>qua</strong></span> <span class='ocrx_word' id='word_1_383' title='bbox 641 3466 972 3543; x_wconf 69' lang='lat' dir='ltr'><strong>appellantur</strong></span> <span class='ocrx_word' id='word_1_384' title='bbox 1002 3466 1226 3543; x_wconf 73' lang='lat' dir='ltr'><strong>membra</strong></span> <span class='ocrx_word' id='word_1_385' title='bbox 1258 3461 1488 3527; x_wconf 84' lang='lat' dir='ltr'><strong>Domini,</strong></span> <span class='ocrx_word' id='word_1_386' title='bbox 1534 3462 1613 3515; x_wconf 89' lang='lat' dir='ltr'><strong>vel</strong></span> <span class='ocrx_word' id='word_1_387' title='bbox 1660 3476 1775 3531; x_wconf 76' lang='lat' dir='ltr'><strong>qua:</strong></span> <span class='ocrx_word' id='word_1_388' title='bbox 1815 3460 1879 3514; x_wconf 89' lang='lat' dir='ltr'><strong>de</strong></span> 
     </span>
    </p>
   </div>
   <div class='ocr_carea' id='block_1_53' title="bbox 840 3537 1308 3608">
    <p class='ocr_par' dir='ltr' id='par_1_53' title="bbox 840 3537 1308 3608">
     <span class='ocr_line' id='line_1_53' title="bbox 840 3537 1308 3608; baseline -0.011 -15"><span class='ocrx_word' id='word_1_389' title='bbox 840 3555 897 3593; x_wconf 81' lang='lat' dir='ltr'><strong>eo</strong></span> <span class='ocrx_word' id='word_1_390' title='bbox 926 3537 1308 3608; x_wconf 79' lang='lat' dir='ltr'><strong>signiﬁcantur.</strong></span> 
     </span>
    </p>
   </div>
   <div class='ocr_carea' id='block_1_54' title="bbox 319 3622 1875 3701">
    <p class='ocr_par' dir='ltr' id='par_1_54' title="bbox 319 3622 1875 3701">
     <span class='ocr_line' id='line_1_54' title="bbox 319 3622 1875 3701; baseline -0.012 -7"><span class='ocrx_word' id='word_1_391' title='bbox 319 3636 487 3696; x_wconf 90' lang='lat' dir='ltr'><strong>Oculi</strong></span> <span class='ocrx_word' id='word_1_392' title='bbox 511 3634 722 3691; x_wconf 92' lang='lat' dir='ltr'><strong>Domini</strong></span> <span class='ocrx_word' id='word_1_393' title='bbox 744 3631 1114 3701; x_wconf 88' lang='lat' dir='ltr'><strong>intelliguntur</strong></span> <span class='ocrx_word' id='word_1_394' title='bbox 1133 3627 1396 3698; x_wconf 88' lang='lat' dir='ltr'><strong>inspectio</strong></span> <span class='ocrx_word' id='word_1_395' title='bbox 1416 3624 1612 3679; x_wconf 87' lang='lat' dir='ltr'><strong>divina.</strong></span> <span class='ocrx_word' id='word_1_396' title='bbox 1636 3622 1694 3677; x_wconf 89' lang='lat' dir='ltr'><strong>In</strong></span> <span class='ocrx_word' id='word_1_397' title='bbox 1718 3622 1875 3692; x_wconf 89' lang='lat' dir='ltr'><strong>psal.:</strong></span> 
     </span>
    </p>
   </div>
   <div class='ocr_carea' id='block_1_55' title="bbox 262 3718 1880 3799">
    <p class='ocr_par' dir='ltr' id='par_1_55' title="bbox 262 3718 1880 3799">
     <span class='ocr_line' id='line_1_55' title="bbox 262 3718 1880 3799; baseline -0.012 -8"><span class='ocrx_word' id='word_1_398' title='bbox 262 3732 437 3791; x_wconf 84' lang='lat' dir='ltr'><strong>Oculi</strong></span> <span class='ocrx_word' id='word_1_399' title='bbox 467 3729 675 3784; x_wconf 84' lang='lat' dir='ltr'><strong>Domini</strong></span> <span class='ocrx_word' id='word_1_400' title='bbox 702 3742 853 3798; x_wconf 79' lang='lat' dir='ltr'><strong>super</strong></span> <span class='ocrx_word' id='word_1_401' title='bbox 878 3730 1051 3799; x_wconf 83' lang='lat' dir='ltr'><strong>justas</strong></span> <span class='ocrx_word' id='word_1_402' title='bbox 1078 3722 1198 3793; x_wconf 92' lang='lat' dir='ltr'><strong>(Ps.</strong></span> <span class='ocrx_word' id='word_1_403' title='bbox 1231 3736 1397 3776; x_wconf 80' lang='lat' dir='ltr'><strong>xxxm</strong></span> <span class='ocrx_word' id='word_1_404' title='bbox 1416 3765 1430 3789; x_wconf 94' lang='lat'><strong>,</strong></span> <span class='ocrx_word' id='word_1_405' title='bbox 1470 3720 1574 3789; x_wconf 87' lang='lat' dir='ltr'><strong>I6).</strong></span> <span class='ocrx_word' id='word_1_406' title='bbox 1602 3718 1880 3787; x_wconf 65' lang='lat' dir='ltr'><strong>Palpebrae</strong></span> 
     </span>
    </p>
   </div>
   <div class='ocr_carea' id='block_1_56' title="bbox 256 3815 1876 3892">
    <p class='ocr_par' dir='ltr' id='par_1_56' title="bbox 256 3815 1876 3892">
     <span class='ocr_line' id='line_1_56' title="bbox 256 3815 1876 3892; baseline -0.011 -10"><span class='ocrx_word' id='word_1_407' title='bbox 256 3827 397 3890; x_wconf 84' lang='lat' dir='ltr'><strong>Dei,</strong></span> <span class='ocrx_word' id='word_1_408' title='bbox 436 3832 564 3877; x_wconf 91' lang='lat' dir='ltr'><strong>sunt</strong></span> <span class='ocrx_word' id='word_1_409' title='bbox 586 3820 789 3892; x_wconf 87' lang='lat' dir='ltr'><strong>judicia</strong></span> <span class='ocrx_word' id='word_1_410' title='bbox 820 3820 937 3888; x_wconf 84' lang='lat' dir='ltr'><strong>ejus</strong></span> <span class='ocrx_word' id='word_1_411' title='bbox 965 3834 1083 3889; x_wconf 84' lang='lat' dir='ltr'><strong>quae</strong></span> <span class='ocrx_word' id='word_1_412' title='bbox 1130 3818 1361 3888; x_wconf 88' lang='lat' dir='ltr'><strong>probant</strong></span> <span class='ocrx_word' id='word_1_413' title='bbox 1398 3816 1536 3868; x_wconf 87' lang='lat' dir='ltr'><strong>ﬁlios</strong></span> <span class='ocrx_word' id='word_1_414' title='bbox 1568 3815 1876 3877; x_wconf 88' lang='lat' dir='ltr'><strong>hominum;</strong></span> 
     </span>
    </p>
   </div>
   <div class='ocr_carea' id='block_1_57' title="bbox 256 3909 1882 3993">
    <p class='ocr_par' dir='ltr' id='par_1_57' title="bbox 256 3909 1882 3993">
     <span class='ocr_line' id='line_1_57' title="bbox 256 3909 1882 3993; baseline -0.01 -17"><span class='ocrx_word' id='word_1_415' title='bbox 256 3922 357 3993; x_wconf 88' lang='lat' dir='ltr'><strong>qui</strong></span> <span class='ocrx_word' id='word_1_416' title='bbox 389 3932 574 3988; x_wconf 77' lang='lat' dir='ltr'><strong>neque</strong></span> <span class='ocrx_word' id='word_1_417' title='bbox 598 3915 888 3985; x_wconf 79' lang='lat' dir='ltr'><strong>fatigantur</strong></span> <span class='ocrx_word' id='word_1_418' title='bbox 912 3928 1094 3969; x_wconf 89' lang='lat' dir='ltr'><strong>rerum</strong></span> <span class='ocrx_word' id='word_1_419' title='bbox 1124 3910 1572 3973; x_wconf 87' lang='lat' dir='ltr'><strong>obscuritatibus,</strong></span> <span class='ocrx_word' id='word_1_420' title='bbox 1598 3909 1692 3964; x_wconf 88' lang='lat' dir='ltr'><strong>sed</strong></span> <span class='ocrx_word' id='word_1_421' title='bbox 1725 3924 1882 3963; x_wconf 73' lang='lat' dir='ltr'><strong>eser-</strong></span> 
     </span>
    </p>
   </div>
   <div class='ocr_carea' id='block_1_58' title="bbox 257 4001 1880 4080">
    <p class='ocr_par' dir='ltr' id='par_1_58' title="bbox 257 4001 1880 4080">
     <span class='ocr_line' id='line_1_58' title="bbox 257 4001 1880 4080; baseline -0.012 -7"><span class='ocrx_word' id='word_1_422' title='bbox 257 4027 503 4075; x_wconf 88' lang='lat' dir='ltr'><strong>centur;</strong></span> <span class='ocrx_word' id='word_1_423' title='bbox 540 4026 714 4080; x_wconf 89' lang='lat' dir='ltr'><strong>neque</strong></span> <span class='ocrx_word' id='word_1_424' title='bbox 762 4008 1020 4064; x_wconf 85' lang='lat' dir='ltr'><strong>inﬂantur</strong></span> <span class='ocrx_word' id='word_1_425' title='bbox 1049 4007 1376 4077; x_wconf 87' lang='lat' dir='ltr'><strong>cognitione,</strong></span> <span class='ocrx_word' id='word_1_426' title='bbox 1426 4003 1520 4059; x_wconf 90' lang='lat' dir='ltr'><strong>sed</strong></span> <span class='ocrx_word' id='word_1_427' title='bbox 1550 4001 1880 4057; x_wconf 88' lang='lat' dir='ltr'><strong>conﬁrman-</strong></span> 
     </span>
    </p>
   </div>
   <div class='ocr_carea' id='block_1_59' title="bbox 257 4095 1881 4170">
    <p class='ocr_par' dir='ltr' id='par_1_59' title="bbox 257 4095 1881 4170">
     <span class='ocr_line' id='line_1_59' title="bbox 257 4095 1881 4170; baseline -0.009 -6"><span class='ocrx_word' id='word_1_428' title='bbox 257 4120 377 4165; x_wconf 87' lang='lat' dir='ltr'><strong>tur.</strong></span> <span class='ocrx_word' id='word_1_429' title='bbox 418 4107 601 4161; x_wconf 82' lang='lat' dir='ltr'><strong>Aures</strong></span> <span class='ocrx_word' id='word_1_430' title='bbox 628 4103 862 4170; x_wconf 93' lang='lat' dir='ltr'><strong>Domini,</strong></span> <span class='ocrx_word' id='word_1_431' title='bbox 897 4117 1018 4157; x_wconf 90' lang='lat' dir='ltr'><strong>cum</strong></span> <span class='ocrx_word' id='word_1_432' title='bbox 1040 4100 1299 4157; x_wconf 78' lang='lat' dir='ltr'><strong>esaudire</strong></span> <span class='ocrx_word' id='word_1_433' title='bbox 1329 4099 1597 4167; x_wconf 83' lang='lat' dir='ltr'><strong>dignatur.</strong></span> <span class='ocrx_word' id='word_1_434' title='bbox 1628 4097 1685 4151; x_wconf 89' lang='lat' dir='ltr'><strong>lu</strong></span> <span class='ocrx_word' id='word_1_435' title='bbox 1719 4095 1881 4166; x_wconf 77' lang='lat' dir='ltr'><strong>ps:tl.:</strong></span> 
     </span>
    </p>
   </div>
   <div class='ocr_carea' id='block_1_60' title="bbox 259 4192 1411 4271">
    <p class='ocr_par' dir='ltr' id='par_1_60' title="bbox 259 4192 1411 4271">
     <span class='ocr_line' id='line_1_60' title="bbox 259 4192 1411 4271; baseline -0.011 -12"><span class='ocrx_word' id='word_1_436' title='bbox 259 4203 335 4259; x_wconf 85' lang='lat' dir='ltr'><strong>Et</strong></span> <span class='ocrx_word' id='word_1_437' title='bbox 369 4216 531 4255; x_wconf 86' lang='lat' dir='ltr'><strong>aures</strong></span> <span class='ocrx_word' id='word_1_438' title='bbox 557 4201 667 4271; x_wconf 89' lang='lat' dir='ltr'><strong>ejus</strong></span> <span class='ocrx_word' id='word_1_439' title='bbox 695 4198 749 4251; x_wconf 89' lang='lat' dir='ltr'><strong>in</strong></span> <span class='ocrx_word' id='word_1_440' title='bbox 783 4213 953 4266; x_wconf 84' lang='lat' dir='ltr'><strong>preces</strong></span> <span class='ocrx_word' id='word_1_441' title='bbox 984 4211 1159 4249; x_wconf 88' lang='lat' dir='ltr'><strong>eorum</strong></span> <span class='ocrx_word' id='word_1_442' title='bbox 1189 4192 1411 4264; x_wconf 87' lang='lat' dir='ltr'><strong>(Ibid.).</strong></span> 
     </span>
    </p>
   </div>
   <div class='ocr_carea' id='block_1_61' title="bbox 338 4284 1764 4357">
    <p class='ocr_par' dir='ltr' id='par_1_61' title="bbox 338 4284 1764 4357">
     <span class='ocr_line' id='line_1_61' title="bbox 338 4284 1764 4357; baseline -0.011 -6"><span class='ocrx_word' id='word_1_443' title='bbox 338 4296 423 4351; x_wconf 88' lang='lat' dir='ltr'><strong>Os</strong></span> <span class='ocrx_word' id='word_1_444' title='bbox 450 4291 693 4357; x_wconf 88' lang='lat' dir='ltr'><strong>Domini,</strong></span> <span class='ocrx_word' id='word_1_445' title='bbox 726 4305 906 4346; x_wconf 90' lang='lat' dir='ltr'><strong>sermo</strong></span> <span class='ocrx_word' id='word_1_446' title='bbox 950 4288 1014 4342; x_wconf 91' lang='lat' dir='ltr'><strong>ad</strong></span> <span class='ocrx_word' id='word_1_447' title='bbox 1050 4289 1318 4343; x_wconf 89' lang='lat' dir='ltr'><strong>homines.</strong></span> <span class='ocrx_word' id='word_1_448' title='bbox 1349 4287 1407 4340; x_wconf 85' lang='lat' dir='ltr'><strong>In</strong></span> <span class='ocrx_word' id='word_1_449' title='bbox 1442 4284 1704 4355; x_wconf 89' lang='lat' dir='ltr'><strong>propheta</strong></span> <span class='ocrx_word' id='word_1_450' title='bbox 1752 4302 1764 4335; x_wconf 90' lang='lat'>:</span> 
     </span>
    </p>
   </div>
   <div class='ocr_carea' id='block_1_62' title="bbox 261 4378 1241 4448">
    <p class='ocr_par' dir='ltr' id='par_1_62' title="bbox 261 4378 1241 4448">
     <span class='ocr_line' id='line_1_62' title="bbox 261 4378 1241 4448; baseline -0.01 -6"><span class='ocrx_word' id='word_1_451' title='bbox 261 4385 501 4443; x_wconf 86' lang='lat' dir='ltr'><strong>Domini</strong></span> <span class='ocrx_word' id='word_1_452' title='bbox 526 4384 753 4436; x_wconf 88' lang='lat' dir='ltr'><strong>locutum</strong></span> <span class='ocrx_word' id='word_1_453' title='bbox 775 4391 845 4435; x_wconf 87' lang='lat' dir='ltr'><strong>est</strong></span> <span class='ocrx_word' id='word_1_454' title='bbox 876 4378 1029 4448; x_wconf 79' lang='lat' dir='ltr'><strong>(Isai.</strong></span> <span class='ocrx_word' id='word_1_455' title='bbox 1057 4395 1098 4445; x_wconf 84' lang='grc' dir='ltr'><strong>ι,</strong></span> <span class='ocrx_word' id='word_1_456' title='bbox 1120 4378 1241 4448; x_wconf 87' lang='grc'><strong>20).</strong></span> 
     </span>
    </p>
   </div>
   <div class='ocr_carea' id='block_1_63' title="bbox 1813 4281 1882 4335">
    <p class='ocr_par' dir='ltr' id='par_1_63' title="bbox 1813 4281 1882 4335">
     <span class='ocr_line' id='line_1_63' title="bbox 1813 4281 1882 4335; baseline 0 0"><span class='ocrx_word' id='word_1_457' title='bbox 1813 4281 1882 4335; x_wconf 88' lang='lat' dir='ltr'><strong>Os</strong></span> 
     </span>
    </p>
   </div>
   <div class='ocr_carea' id='block_1_64' title="bbox 1960 1774 3558 1847">
    <p class='ocr_par' dir='ltr' id='par_1_64' title="bbox 1960 1774 3558 1847">
     <span class='ocr_line' id='line_1_64' title="bbox 1960 1774 3558 1847; baseline 0.003 -18"><span class='ocrx_word' id='word_1_458' title='bbox 1960 1794 2119 1831; x_wconf 87' lang='lat' dir='ltr'><strong>manu</strong></span> <span class='ocrx_word' id='word_1_459' title='bbox 2151 1776 2369 1845; x_wconf 87' lang='lat' dir='ltr'><strong>potentis</strong></span> <span class='ocrx_word' id='word_1_460' title='bbox 2408 1775 2527 1847; x_wconf 89' lang='lat' dir='ltr'><strong>(Ps.</strong></span> <span class='ocrx_word' id='word_1_461' title='bbox 2568 1791 2750 1840; x_wconf 80' lang='lat' dir='ltr'><strong>cxxvt,</strong></span> <span class='ocrx_word' id='word_1_462' title='bbox 2778 1774 2841 1841; x_wconf 75' lang='lat'><strong>4;</strong></span> <span class='ocrx_word' id='word_1_463' title='bbox 2874 1790 3023 1841; x_wconf 74' lang='lat' dir='ltr'><strong>cstx,</strong></span> <span class='ocrx_word' id='word_1_464' title='bbox 3056 1777 3141 1847; x_wconf 69' lang='grc' dir='ltr'><strong>Δ).</strong></span> <span class='ocrx_word' id='word_1_465' title='bbox 3170 1778 3411 1843; x_wconf 88' lang='lat' dir='ltr'><strong>Gladius,</strong></span> <span class='ocrx_word' id='word_1_466' title='bbox 3442 1778 3558 1833; x_wconf 86' lang='lat' dir='ltr'><strong>vin-</strong></span> 
     </span>
    </p>
   </div>
   <div class='ocr_carea' id='block_1_65' title="bbox 1960 1868 3555 1938">
    <p class='ocr_par' dir='ltr' id='par_1_65' title="bbox 1960 1868 3555 1938">
     <span class='ocr_line' id='line_1_65' title="bbox 1960 1868 3555 1938; baseline -0.001 -12"><span class='ocrx_word' id='word_1_467' title='bbox 1960 1872 2126 1935; x_wconf 88' lang='lat' dir='ltr'><strong>dicta,</strong></span> <span class='ocrx_word' id='word_1_468' title='bbox 2153 1870 2241 1925; x_wconf 86' lang='lat' dir='ltr'><strong>vel</strong></span> <span class='ocrx_word' id='word_1_469' title='bbox 2262 1883 2442 1925; x_wconf 90' lang='lat' dir='ltr'><strong>sermo</strong></span> <span class='ocrx_word' id='word_1_470' title='bbox 2467 1868 2697 1922; x_wconf 90' lang='lat' dir='ltr'><strong>Domini.</strong></span> <span class='ocrx_word' id='word_1_471' title='bbox 2726 1868 2780 1922; x_wconf 90' lang='lat' dir='ltr'><strong>ln</strong></span> <span class='ocrx_word' id='word_1_472' title='bbox 2806 1869 3068 1938; x_wconf 81' lang='lat' dir='ltr'><strong>Apostolo</strong></span> <span class='ocrx_word' id='word_1_473' title='bbox 3094 1888 3107 1923; x_wconf 91' lang='lat'><strong>:</strong></span> <span class='ocrx_word' id='word_1_474' title='bbox 3140 1869 3298 1926; x_wconf 84' lang='lat' dir='ltr'><strong>Vivus</strong></span> <span class='ocrx_word' id='word_1_475' title='bbox 3325 1881 3397 1925; x_wconf 87' lang='lat' dir='ltr'><strong>est</strong></span> <span class='ocrx_word' id='word_1_476' title='bbox 3419 1872 3555 1925; x_wconf 87' lang='lat' dir='ltr'><strong>enim</strong></span> 
     </span>
    </p>
   </div>
   <div class='ocr_carea' id='block_1_66' title="bbox 1962 1959 3559 2033">
    <p class='ocr_par' dir='ltr' id='par_1_66' title="bbox 1962 1959 3559 2033">
     <span class='ocr_line' id='line_1_66' title="bbox 1962 1959 3559 2033; baseline 0.001 -17"><span class='ocrx_word' id='word_1_477' title='bbox 1962 1979 2128 2017; x_wconf 88' lang='lat' dir='ltr'><strong>sermo</strong></span> <span class='ocrx_word' id='word_1_478' title='bbox 2152 1962 2268 2027; x_wconf 85' lang='lat' dir='ltr'><strong>Dei,</strong></span> <span class='ocrx_word' id='word_1_479' title='bbox 2296 1971 2341 2015; x_wconf 91' lang='lat' dir='ltr'><strong>et</strong></span> <span class='ocrx_word' id='word_1_480' title='bbox 2362 1961 2560 2030; x_wconf 72' lang='lat' dir='ltr'><strong>efﬁcax,</strong></span> <span class='ocrx_word' id='word_1_481' title='bbox 2593 1968 2636 2012; x_wconf 86' lang='lat' dir='ltr'><strong>et</strong></span> <span class='ocrx_word' id='word_1_482' title='bbox 2664 1959 3027 2028; x_wconf 88' lang='lat' dir='ltr'><strong>penetrabilior</strong></span> <span class='ocrx_word' id='word_1_483' title='bbox 3053 1964 3194 2015; x_wconf 90' lang='lat' dir='ltr'><strong>omni</strong></span> <span class='ocrx_word' id='word_1_484' title='bbox 3215 1962 3390 2033; x_wconf 90' lang='lat' dir='ltr'><strong>gladio</strong></span> <span class='ocrx_word' id='word_1_485' title='bbox 3418 1964 3559 2017; x_wconf 86' lang='lat' dir='ltr'><strong>anci-</strong></span> 
     </span>
    </p>
   </div>
   <div class='ocr_carea' id='block_1_67' title="bbox 1965 2053 3556 2129">
    <p class='ocr_par' dir='ltr' id='par_1_67' title="bbox 1965 2053 3556 2129">
     <span class='ocr_line' id='line_1_67' title="bbox 1965 2053 3556 2129; baseline -0.001 -18"><span class='ocrx_word' id='word_1_486' title='bbox 1965 2060 2058 2129; x_wconf 81' lang='lat' dir='ltr'><strong>piti</strong></span> <span class='ocrx_word' id='word_1_487' title='bbox 2084 2056 2268 2125; x_wconf 85' lang='lat' dir='ltr'><strong>(Hebr.</strong></span> <span class='ocrx_word' id='word_1_488' title='bbox 2293 2072 2366 2121; x_wconf 82' lang='lat' dir='ltr'><strong>tv,</strong></span> <span class='ocrx_word' id='word_1_489' title='bbox 2398 2054 2509 2127; x_wconf 78' lang='lat' dir='ltr'><strong>l2).</strong></span> <span class='ocrx_word' id='word_1_490' title='bbox 2534 2053 2838 2124; x_wconf 84' lang='lat' dir='ltr'><strong>Romphea,</strong></span> <span class='ocrx_word' id='word_1_491' title='bbox 2860 2053 3005 2109; x_wconf 86' lang='lat' dir='ltr'><strong>idem</strong></span> <span class='ocrx_word' id='word_1_492' title='bbox 3029 2057 3170 2125; x_wconf 89' lang='lat' dir='ltr'><strong>quod</strong></span> <span class='ocrx_word' id='word_1_493' title='bbox 3196 2071 3380 2125; x_wconf 89' lang='lat' dir='ltr'><strong>supra.</strong></span> <span class='ocrx_word' id='word_1_494' title='bbox 3407 2056 3556 2111; x_wconf 88' lang='lat' dir='ltr'><strong>Tuba</strong></span> 
     </span>
    </p>
   </div>
   <div class='ocr_carea' id='block_1_68' title="bbox 1968 2147 3563 2220">
    <p class='ocr_par' dir='ltr' id='par_1_68' title="bbox 1968 2147 3563 2220">
     <span class='ocr_line' id='line_1_68' title="bbox 1968 2147 3563 2220; baseline -0.001 -14"><span class='ocrx_word' id='word_1_495' title='bbox 1968 2152 2204 2219; x_wconf 88' lang='lat' dir='ltr'><strong>Domini,</strong></span> <span class='ocrx_word' id='word_1_496' title='bbox 2258 2166 2365 2205; x_wconf 80' lang='lat' dir='ltr'><strong>vox</strong></span> <span class='ocrx_word' id='word_1_497' title='bbox 2421 2147 2709 2204; x_wconf 83' lang='lat' dir='ltr'><strong>manifesta</strong></span> <span class='ocrx_word' id='word_1_498' title='bbox 2762 2148 2997 2203; x_wconf 90' lang='lat' dir='ltr'><strong>Domini.</strong></span> <span class='ocrx_word' id='word_1_499' title='bbox 3055 2149 3110 2203; x_wconf 86' lang='lat' dir='ltr'><strong>In</strong></span> <span class='ocrx_word' id='word_1_500' title='bbox 3159 2150 3420 2220; x_wconf 85' lang='lat' dir='ltr'><strong>Apostolo</strong></span> <span class='ocrx_word' id='word_1_501' title='bbox 3456 2150 3563 2204; x_wconf 86' lang='lat' dir='ltr'><strong>:ln</strong></span> 
     </span>
    </p>
   </div>
   <div class='ocr_carea' id='block_1_69' title="bbox 1957 2242 3561 2319">
    <p class='ocr_par' dir='ltr' id='par_1_69' title="bbox 1957 2242 3561 2319">
     <span class='ocr_line' id='line_1_69' title="bbox 1957 2242 3561 2319; baseline 0 -20"><span class='ocrx_word' id='word_1_502' title='bbox 1957 2250 2135 2319; x_wconf 81' lang='lat' dir='ltr'><strong>jussu,</strong></span> <span class='ocrx_word' id='word_1_503' title='bbox 2158 2256 2204 2300; x_wconf 89' lang='lat' dir='ltr'><strong>et</strong></span> <span class='ocrx_word' id='word_1_504' title='bbox 2220 2246 2276 2300; x_wconf 89' lang='lat' dir='ltr'><strong>in</strong></span> <span class='ocrx_word' id='word_1_505' title='bbox 2295 2260 2414 2300; x_wconf 86' lang='lat' dir='ltr'><strong>uoce</strong></span> <span class='ocrx_word' id='word_1_506' title='bbox 2429 2244 2753 2315; x_wconf 86' lang='lat' dir='ltr'><strong>archangeli,</strong></span> <span class='ocrx_word' id='word_1_507' title='bbox 2771 2253 2819 2298; x_wconf 87' lang='lat' dir='ltr'><strong>et</strong></span> <span class='ocrx_word' id='word_1_508' title='bbox 2847 2244 2965 2296; x_wconf 86' lang='lat' dir='ltr'><strong>tuba</strong></span> <span class='ocrx_word' id='word_1_509' title='bbox 2980 2242 3077 2297; x_wconf 85' lang='lat' dir='ltr'><strong>Dei</strong></span> <span class='ocrx_word' id='word_1_510' title='bbox 3090 2243 3133 2314; x_wconf 91' lang='grc' dir='ltr'><strong>(Ι</strong></span> <span class='ocrx_word' id='word_1_511' title='bbox 3156 2242 3331 2297; x_wconf 80' lang='lat' dir='ltr'><strong>Thess.</strong></span> <span class='ocrx_word' id='word_1_512' title='bbox 3347 2256 3426 2310; x_wconf 86' lang='lat' dir='ltr'><strong>Iv,</strong></span> <span class='ocrx_word' id='word_1_513' title='bbox 3447 2243 3561 2314; x_wconf 84' lang='grc'><strong>15).</strong></span> 
     </span>
    </p>
   </div>
   <div class='ocr_carea' id='block_1_70' title="bbox 1966 2338 3567 2409">
    <p class='ocr_par' dir='ltr' id='par_1_70' title="bbox 1966 2338 3567 2409">
     <span class='ocr_line' id='line_1_70' title="bbox 1966 2338 3567 2409; baseline -0.002 -13"><span class='ocrx_word' id='word_1_514' title='bbox 1966 2340 2173 2396; x_wconf 88' lang='lat' dir='ltr'><strong>Currus</strong></span> <span class='ocrx_word' id='word_1_515' title='bbox 2195 2340 2312 2409; x_wconf 89' lang='lat' dir='ltr'><strong>Dei,</strong></span> <span class='ocrx_word' id='word_1_516' title='bbox 2341 2339 2499 2396; x_wconf 88' lang='lat' dir='ltr'><strong>sedes</strong></span> <span class='ocrx_word' id='word_1_517' title='bbox 2522 2339 2639 2404; x_wconf 89' lang='lat' dir='ltr'><strong>Dei,</strong></span> <span class='ocrx_word' id='word_1_518' title='bbox 2663 2339 2750 2394; x_wconf 85' lang='lat' dir='ltr'><strong>vel</strong></span> <span class='ocrx_word' id='word_1_519' title='bbox 2775 2338 3219 2409; x_wconf 81' lang='lat' dir='ltr'><strong>quadriformitas</strong></span> <span class='ocrx_word' id='word_1_520' title='bbox 3246 2338 3567 2408; x_wconf 80' lang='lat' dir='ltr'><strong>Evangelio—</strong></span> 
     </span>
    </p>
   </div>
   <div class='ocr_carea' id='block_1_71' title="bbox 1968 2429 3569 2503">
    <p class='ocr_par' dir='ltr' id='par_1_71' title="bbox 1968 2429 3569 2503">
     <span class='ocr_line' id='line_1_71' title="bbox 1968 2429 3569 2503; baseline 0 -15"><span class='ocrx_word' id='word_1_521' title='bbox 1968 2448 2108 2488; x_wconf 90' lang='lat' dir='ltr'><strong>rum.</strong></span> <span class='ocrx_word' id='word_1_522' title='bbox 2135 2432 2194 2487; x_wconf 88' lang='lat' dir='ltr'><strong>In</strong></span> <span class='ocrx_word' id='word_1_523' title='bbox 2225 2433 2469 2503; x_wconf 88' lang='lat' dir='ltr'><strong>psalmo:</strong></span> <span class='ocrx_word' id='word_1_524' title='bbox 2490 2431 2687 2486; x_wconf 65' lang='lat' dir='ltr'><strong>(iui-rus</strong></span> <span class='ocrx_word' id='word_1_525' title='bbox 2710 2429 2809 2486; x_wconf 85' lang='lat' dir='ltr'><strong>Dei</strong></span> <span class='ocrx_word' id='word_1_526' title='bbox 2834 2431 3009 2486; x_wconf 84' lang='lat' dir='ltr'><strong>decem</strong></span> <span class='ocrx_word' id='word_1_527' title='bbox 3037 2432 3262 2487; x_wconf 85' lang='lat' dir='ltr'><strong>millibus</strong></span> <span class='ocrx_word' id='word_1_528' title='bbox 3291 2431 3569 2503; x_wconf 69' lang='lat' dir='ltr'><strong>multiplex</strong></span> 
     </span>
    </p>
   </div>
   <div class='ocr_carea' id='block_1_72' title="bbox 1970 2523 3570 2599">
    <p class='ocr_par' dir='ltr' id='par_1_72' title="bbox 1970 2523 3570 2599">
     <span class='ocr_line' id='line_1_72' title="bbox 1970 2523 3570 2599; baseline 0.002 -21"><span class='ocrx_word' id='word_1_529' title='bbox 1970 2524 2090 2599; x_wconf 89' lang='lat' dir='ltr'><strong>(Ps.</strong></span> <span class='ocrx_word' id='word_1_530' title='bbox 2115 2542 2287 2593; x_wconf 80' lang='lat' dir='ltr'><strong>vatt,</strong></span> <span class='ocrx_word' id='word_1_531' title='bbox 2320 2526 2434 2595; x_wconf 77' lang='lat' dir='ltr'><strong>i8).</strong></span> <span class='ocrx_word' id='word_1_532' title='bbox 2462 2524 2621 2596; x_wconf 83' lang='lat' dir='ltr'><strong>Virga</strong></span> <span class='ocrx_word' id='word_1_533' title='bbox 2653 2523 2890 2589; x_wconf 91' lang='lat' dir='ltr'><strong>Domini,</strong></span> <span class='ocrx_word' id='word_1_534' title='bbox 2920 2525 3072 2597; x_wconf 84' lang='lat' dir='ltr'><strong>regni</strong></span> <span class='ocrx_word' id='word_1_535' title='bbox 3102 2524 3448 2596; x_wconf 86' lang='lat' dir='ltr'><strong>signiﬁcatio,</strong></span> <span class='ocrx_word' id='word_1_536' title='bbox 3482 2526 3570 2581; x_wconf 85' lang='lat' dir='ltr'><strong>vel</strong></span> 
     </span>
    </p>
   </div>
   <div class='ocr_carea' id='block_1_73' title="bbox 1971 2616 3568 2690">
    <p class='ocr_par' dir='ltr' id='par_1_73' title="bbox 1971 2616 3568 2690">
     <span class='ocr_line' id='line_1_73' title="bbox 1971 2616 3568 2690; baseline -0.001 -18"><span class='ocrx_word' id='word_1_537' title='bbox 1971 2618 2250 2687; x_wconf 89' lang='lat' dir='ltr'><strong>correptio</strong></span> <span class='ocrx_word' id='word_1_538' title='bbox 2299 2616 2625 2685; x_wconf 68' lang='lat' dir='ltr'><strong>disciplima.</strong></span> <span class='ocrx_word' id='word_1_539' title='bbox 2676 2616 2736 2671; x_wconf 92' lang='lat' dir='ltr'><strong>lu</strong></span> <span class='ocrx_word' id='word_1_540' title='bbox 2791 2618 3042 2685; x_wconf 89' lang='lat' dir='ltr'><strong>psalmo:</strong></span> <span class='ocrx_word' id='word_1_541' title='bbox 3079 2616 3245 2690; x_wconf 84' lang='lat' dir='ltr'><strong>Virga</strong></span> <span class='ocrx_word' id='word_1_542' title='bbox 3291 2618 3568 2687; x_wconf 74' lang='lat' dir='ltr'><strong>wquitatis,</strong></span> 
     </span>
    </p>
   </div>
   <div class='ocr_carea' id='block_1_74' title="bbox 1972 2707 3567 2781">
    <p class='ocr_par' dir='ltr' id='par_1_74' title="bbox 1972 2707 3567 2781">
     <span class='ocr_line' id='line_1_74' title="bbox 1972 2707 3567 2781; baseline -0.001 -17"><span class='ocrx_word' id='word_1_543' title='bbox 1972 2711 2116 2781; x_wconf 89' lang='lat' dir='ltr'><strong>virga</strong></span> <span class='ocrx_word' id='word_1_544' title='bbox 2162 2710 2306 2781; x_wconf 87' lang='lat' dir='ltr'><strong>regni</strong></span> <span class='ocrx_word' id='word_1_545' title='bbox 2357 2710 2429 2763; x_wconf 87' lang='lat' dir='ltr'><strong>tui</strong></span> <span class='ocrx_word' id='word_1_546' title='bbox 2453 2707 2569 2780; x_wconf 87' lang='lat' dir='ltr'><strong>(Ps.</strong></span> <span class='ocrx_word' id='word_1_547' title='bbox 2599 2724 2746 2776; x_wconf 83' lang='lat' dir='ltr'><strong>thv,</strong></span> <span class='ocrx_word' id='word_1_548' title='bbox 2771 2708 2851 2778; x_wconf 92' lang='lat'><strong>7).</strong></span> <span class='ocrx_word' id='word_1_549' title='bbox 2880 2710 3072 2764; x_wconf 81' lang='lat' dir='ltr'><strong>Manus</strong></span> <span class='ocrx_word' id='word_1_550' title='bbox 3116 2708 3352 2774; x_wconf 88' lang='lat' dir='ltr'><strong>Domini,</strong></span> <span class='ocrx_word' id='word_1_551' title='bbox 3386 2709 3567 2776; x_wconf 69' lang='lat' dir='ltr'><strong>mium,</strong></span> 
     </span>
    </p>
   </div>
   <div class='ocr_carea' id='block_1_75' title="bbox 1972 2800 3571 2872">
    <p class='ocr_par' dir='ltr' id='par_1_75' title="bbox 1972 2800 3571 2872">
     <span class='ocr_line' id='line_1_75' title="bbox 1972 2800 3571 2872; baseline -0.003 -13"><span class='ocrx_word' id='word_1_552' title='bbox 1972 2808 2057 2859; x_wconf 91' lang='lat' dir='ltr'><strong>vel</strong></span> <span class='ocrx_word' id='word_1_553' title='bbox 2088 2805 2339 2860; x_wconf 64' lang='lat' dir='ltr'><strong>vindictae</strong></span> <span class='ocrx_word' id='word_1_554' title='bbox 2366 2803 2505 2872; x_wconf 91' lang='lat' dir='ltr'><strong>ejus.</strong></span> <span class='ocrx_word' id='word_1_555' title='bbox 2537 2802 2768 2857; x_wconf 85' lang='lat' dir='ltr'><strong>Baculus</strong></span> <span class='ocrx_word' id='word_1_556' title='bbox 2808 2801 3045 2867; x_wconf 91' lang='lat' dir='ltr'><strong>Domini,</strong></span> <span class='ocrx_word' id='word_1_557' title='bbox 3078 2800 3396 2855; x_wconf 88' lang='lat' dir='ltr'><strong>sustentatio</strong></span> <span class='ocrx_word' id='word_1_558' title='bbox 3436 2816 3571 2855; x_wconf 85' lang='lat' dir='ltr'><strong>con-</strong></span> 
     </span>
    </p>
   </div>
   <div class='ocr_carea' id='block_1_76' title="bbox 1978 2892 3573 2965">
    <p class='ocr_par' dir='ltr' id='par_1_76' title="bbox 1978 2892 3573 2965">
     <span class='ocr_line' id='line_1_76' title="bbox 1978 2892 3573 2965; baseline -0.003 -11"><span class='ocrx_word' id='word_1_559' title='bbox 1978 2900 2265 2954; x_wconf 88' lang='lat' dir='ltr'><strong>solationis</strong></span> <span class='ocrx_word' id='word_1_560' title='bbox 2306 2898 2544 2952; x_wconf 91' lang='lat' dir='ltr'><strong>Domini.</strong></span> <span class='ocrx_word' id='word_1_561' title='bbox 2577 2896 2635 2950; x_wconf 89' lang='lat' dir='ltr'><strong>In</strong></span> <span class='ocrx_word' id='word_1_562' title='bbox 2667 2895 2874 2965; x_wconf 92' lang='lat' dir='ltr'><strong>psalmo</strong></span> <span class='ocrx_word' id='word_1_563' title='bbox 2902 2912 2916 2949; x_wconf 89' lang='lat'><strong>:</strong></span> <span class='ocrx_word' id='word_1_564' title='bbox 2960 2895 3124 2964; x_wconf 83' lang='lat' dir='ltr'><strong>Virga</strong></span> <span class='ocrx_word' id='word_1_565' title='bbox 3156 2905 3246 2949; x_wconf 89' lang='lat' dir='ltr'><strong>tua</strong></span> <span class='ocrx_word' id='word_1_566' title='bbox 3283 2903 3331 2948; x_wconf 90' lang='lat' dir='ltr'><strong>et</strong></span> <span class='ocrx_word' id='word_1_567' title='bbox 3360 2892 3573 2949; x_wconf 87' lang='lat' dir='ltr'><strong>baculus</strong></span> 
     </span>
    </p>
   </div>
   <div class='ocr_carea' id='block_1_77' title="bbox 1980 2984 3574 3059">
    <p class='ocr_par' dir='ltr' id='par_1_77' title="bbox 1980 2984 3574 3059">
     <span class='ocr_line' id='line_1_77' title="bbox 1980 2984 3574 3059; baseline -0.002 -16"><span class='ocrx_word' id='word_1_568' title='bbox 1980 3002 2098 3043; x_wconf 87' lang='lat' dir='ltr'><strong>tuus</strong></span> <span class='ocrx_word' id='word_1_569' title='bbox 2127 2992 2244 3059; x_wconf 88' lang='lat' dir='ltr'><strong>ipsa</strong></span> <span class='ocrx_word' id='word_1_570' title='bbox 2282 3005 2362 3042; x_wconf 85' lang='lat' dir='ltr'><strong>me</strong></span> <span class='ocrx_word' id='word_1_571' title='bbox 2399 2989 2665 3041; x_wconf 89' lang='lat' dir='ltr'><strong>consolata</strong></span> <span class='ocrx_word' id='word_1_572' title='bbox 2691 2997 2807 3039; x_wconf 87' lang='lat' dir='ltr'><strong>sunt</strong></span> <span class='ocrx_word' id='word_1_573' title='bbox 2836 2985 2954 3056; x_wconf 94' lang='lat' dir='ltr'><strong>(Ps.</strong></span> <span class='ocrx_word' id='word_1_574' title='bbox 2987 2999 3119 3050; x_wconf 80' lang='lat' dir='ltr'><strong>xxu,</strong></span> <span class='ocrx_word' id='word_1_575' title='bbox 3147 2984 3233 3055; x_wconf 72' lang='grc'><strong>4).</strong></span> <span class='ocrx_word' id='word_1_576' title='bbox 3276 2984 3445 3051; x_wconf 86' lang='lat' dir='ltr'><strong>Alias,</strong></span> <span class='ocrx_word' id='word_1_577' title='bbox 3476 2985 3574 3041; x_wconf 83' lang='lat' dir='ltr'><strong>ba-</strong></span> 
     </span>
    </p>
   </div>
   <div class='ocr_carea' id='block_1_78' title="bbox 1904 3062 3576 3149">
    <p class='ocr_par' dir='ltr' id='par_1_78' title="bbox 1904 3062 3576 3149">
     <span class='ocr_line' id='line_1_78' title="bbox 1904 3062 3576 3149; baseline -0.002 -12"><span class='ocrx_word' id='word_1_578' title='bbox 1904 3062 2136 3137; x_wconf 82' lang='lat' dir='ltr'><strong>Cculus</strong></span> <span class='ocrx_word' id='word_1_579' title='bbox 2190 3081 2438 3149; x_wconf 85' lang='lat' dir='ltr'><strong>Domini,</strong></span> <span class='ocrx_word' id='word_1_580' title='bbox 2488 3089 2728 3135; x_wconf 88' lang='lat' dir='ltr'><strong>sanctam</strong></span> <span class='ocrx_word' id='word_1_581' title='bbox 2784 3093 3042 3144; x_wconf 91' lang='lat' dir='ltr'><strong>crucem,</strong></span> <span class='ocrx_word' id='word_1_582' title='bbox 3096 3078 3180 3133; x_wconf 88' lang='lat' dir='ltr'><strong>vel</strong></span> <span class='ocrx_word' id='word_1_583' title='bbox 3237 3078 3576 3149; x_wconf 87' lang='lat' dir='ltr'><strong>disciplinam</strong></span> 
     </span>
    </p>
   </div>
   <div class='ocr_carea' id='block_1_79' title="bbox 1982 3169 3576 3242">
    <p class='ocr_par' dir='ltr' id='par_1_79' title="bbox 1982 3169 3576 3242">
     <span class='ocr_line' id='line_1_79' title="bbox 1982 3169 3576 3242; baseline -0.001 -13"><span class='ocrx_word' id='word_1_584' title='bbox 1982 3183 2189 3230; x_wconf 85' lang='lat' dir='ltr'><strong>sanctae</strong></span> <span class='ocrx_word' id='word_1_585' title='bbox 2221 3173 2477 3228; x_wconf 65' lang='lat' dir='ltr'><strong>Ecclesia:</strong></span> <span class='ocrx_word' id='word_1_586' title='bbox 2505 3172 2779 3242; x_wconf 83' lang='lat' dir='ltr'><strong>designat.</strong></span> <span class='ocrx_word' id='word_1_587' title='bbox 2808 3169 2939 3225; x_wconf 91' lang='lat' dir='ltr'><strong>ltem</strong></span> <span class='ocrx_word' id='word_1_588' title='bbox 2970 3169 3213 3240; x_wconf 89' lang='lat' dir='ltr'><strong>baculus,</strong></span> <span class='ocrx_word' id='word_1_589' title='bbox 3238 3182 3576 3228; x_wconf 83' lang='lat' dir='ltr'><strong>sustentacu-</strong></span> 
     </span>
    </p>
   </div>
   <div class='ocr_carea' id='block_1_80' title="bbox 1980 3264 3576 3340">
    <p class='ocr_par' dir='ltr' id='par_1_80' title="bbox 1980 3264 3576 3340">
     <span class='ocr_line' id='line_1_80' title="bbox 1980 3264 3576 3340; baseline -0.003 -13"><span class='ocrx_word' id='word_1_590' title='bbox 1980 3271 2091 3327; x_wconf 91' lang='lat' dir='ltr'><strong>lum</strong></span> <span class='ocrx_word' id='word_1_591' title='bbox 2114 3279 2198 3326; x_wconf 91' lang='lat' dir='ltr'><strong>est</strong></span> <span class='ocrx_word' id='word_1_592' title='bbox 2222 3268 2532 3340; x_wconf 88' lang='lat' dir='ltr'><strong>quodlibet,</strong></span> <span class='ocrx_word' id='word_1_593' title='bbox 2563 3276 2623 3323; x_wconf 91' lang='lat' dir='ltr'><strong>ut</strong></span> <span class='ocrx_word' id='word_1_594' title='bbox 2652 3269 2703 3323; x_wconf 93' lang='lat' dir='ltr'><strong>in</strong></span> <span class='ocrx_word' id='word_1_595' title='bbox 2729 3267 2869 3323; x_wconf 91' lang='lat' dir='ltr'><strong>libro</strong></span> <span class='ocrx_word' id='word_1_596' title='bbox 2896 3264 3079 3322; x_wconf 69' lang='lat' dir='ltr'><strong>Tobiae</strong></span> <span class='ocrx_word' id='word_1_597' title='bbox 3106 3285 3119 3321; x_wconf 94' lang='lat'><strong>:</strong></span> <span class='ocrx_word' id='word_1_598' title='bbox 3144 3267 3402 3324; x_wconf 89' lang='lat' dir='ltr'><strong>Baculum</strong></span> <span class='ocrx_word' id='word_1_599' title='bbox 3423 3281 3576 3324; x_wconf 87' lang='lat' dir='ltr'><strong>sene-</strong></span> 
     </span>
    </p>
   </div>
   <div class='ocr_carea' id='block_1_81' title="bbox 1980 3360 2788 3436">
    <p class='ocr_par' dir='ltr' id='par_1_81' title="bbox 1980 3360 2788 3436">
     <span class='ocr_line' id='line_1_81' title="bbox 1980 3360 2788 3436; baseline -0.006 -16"><span class='ocrx_word' id='word_1_600' title='bbox 1980 3364 2146 3420; x_wconf 90' lang='lat' dir='ltr'><strong>ctutis</strong></span> <span class='ocrx_word' id='word_1_601' title='bbox 2172 3372 2372 3420; x_wconf 61' lang='lat' dir='ltr'><strong>nostra“:</strong></span> <span class='ocrx_word' id='word_1_602' title='bbox 2401 3361 2561 3436; x_wconf 90' lang='lat' dir='ltr'><strong>(Tob.</strong></span> <span class='ocrx_word' id='word_1_603' title='bbox 2590 3379 2648 3430; x_wconf 90' lang='lat' dir='ltr'><strong>v,</strong></span> <span class='ocrx_word' id='word_1_604' title='bbox 2675 3360 2788 3434; x_wconf 90' lang='lat'><strong>25).</strong></span> 
     </span>
    </p>
   </div>
   <div class='ocr_carea' id='block_1_82' title="bbox 2604 3498 2955 3557">
    <p class='ocr_par' dir='ltr' id='par_1_82' title="bbox 2604 3498 2955 3557">
     <span class='ocr_line' id='line_1_82' title="bbox 2604 3498 2955 3557; baseline 0 -1"><span class='ocrx_word' id='word_1_605' title='bbox 2604 3499 2831 3557; x_wconf 82' lang='lat' dir='ltr'><strong>CAPUT</strong></span> <span class='ocrx_word' id='word_1_606' title='bbox 2870 3498 2955 3556; x_wconf 89' lang='lat' dir='ltr'><strong>lll.</strong></span> 
     </span>
    </p>
   </div>
   <div class='ocr_carea' id='block_1_83' title="bbox 2455 3615 3113 3687">
    <p class='ocr_par' dir='ltr' id='par_1_83' title="bbox 2455 3615 3113 3687">
     <span class='ocr_line' id='line_1_83' title="bbox 2455 3615 3113 3687; baseline 0.009 -18"><span class='ocrx_word' id='word_1_607' title='bbox 2455 3615 2533 3671; x_wconf 91' lang='lat' dir='ltr'><strong>De</strong></span> <span class='ocrx_word' id='word_1_608' title='bbox 2569 3618 2805 3687; x_wconf 83' lang='lat' dir='ltr'><strong>supernis</strong></span> <span class='ocrx_word' id='word_1_609' title='bbox 2843 3620 3113 3675; x_wconf 86' lang='lat' dir='ltr'><strong>creaturis.</strong></span> 
     </span>
    </p>
   </div>
   <div class='ocr_carea' id='block_1_84' title="bbox 2055 3729 3579 3804">
    <p class='ocr_par' dir='ltr' id='par_1_84' title="bbox 2055 3729 3579 3804">
     <span class='ocr_line' id='line_1_84' title="bbox 2055 3729 3579 3804; baseline 0.004 -19"><span class='ocrx_word' id='word_1_610' title='bbox 2055 3729 2355 3797; x_wconf 86' lang='lat' dir='ltr'><strong>Carbones,</strong></span> <span class='ocrx_word' id='word_1_611' title='bbox 2386 3730 2527 3801; x_wconf 85' lang='lat' dir='ltr'><strong>ignis</strong></span> <span class='ocrx_word' id='word_1_612' title='bbox 2558 3730 2859 3797; x_wconf 88' lang='lat' dir='ltr'><strong>charitatis,</strong></span> <span class='ocrx_word' id='word_1_613' title='bbox 2906 3745 2995 3786; x_wconf 92' lang='lat' dir='ltr'><strong>aut</strong></span> <span class='ocrx_word' id='word_1_614' title='bbox 3035 3736 3443 3804; x_wconf 81' lang='lat' dir='ltr'><strong>exemplorum,</strong></span> <span class='ocrx_word' id='word_1_615' title='bbox 3486 3745 3579 3791; x_wconf 89' lang='lat' dir='ltr'><strong>aut</strong></span> 
     </span>
    </p>
   </div>
   <div class='ocr_carea' id='block_1_85' title="bbox 1986 3820 3584 3895">
    <p class='ocr_par' dir='ltr' id='par_1_85' title="bbox 1986 3820 3584 3895">
     <span class='ocr_line' id='line_1_85' title="bbox 1986 3820 3584 3895; baseline 0.001 -16"><span class='ocrx_word' id='word_1_616' title='bbox 1986 3826 2338 3895; x_wconf 63' lang='lat' dir='ltr'><strong>pceuitentiaz.</strong></span> <span class='ocrx_word' id='word_1_617' title='bbox 2372 3825 2427 3879; x_wconf 92' lang='lat' dir='ltr'><strong>In</strong></span> <span class='ocrx_word' id='word_1_618' title='bbox 2472 3823 2719 3893; x_wconf 88' lang='lat' dir='ltr'><strong>psalmo:</strong></span> <span class='ocrx_word' id='word_1_619' title='bbox 2751 3820 2879 3878; x_wconf 89' lang='lat' dir='ltr'><strong>Cum</strong></span> <span class='ocrx_word' id='word_1_620' title='bbox 2910 3826 3213 3878; x_wconf 85' lang='lat' dir='ltr'><strong>carbonibus</strong></span> <span class='ocrx_word' id='word_1_621' title='bbox 3257 3827 3584 3881; x_wconf 87' lang='lat' dir='ltr'><strong>desolatoriis</strong></span> 
     </span>
    </p>
   </div>
   <div class='ocr_carea' id='block_1_86' title="bbox 1986 3901 3578 3988">
    <p class='ocr_par' dir='ltr' id='par_1_86' title="bbox 1986 3901 3578 3988">
     <span class='ocr_line' id='line_1_86' title="bbox 1986 3901 3578 3988; baseline 0 -17"><span class='ocrx_word' id='word_1_622' title='bbox 1986 3901 2108 3986; x_wconf 87' lang='lat' dir='ltr'><strong>(Ps.</strong></span> <span class='ocrx_word' id='word_1_623' title='bbox 2138 3933 2281 3982; x_wconf 75' lang='lat' dir='ltr'><strong>ests,</strong></span> <span class='ocrx_word' id='word_1_624' title='bbox 2317 3915 2396 3988; x_wconf 73' lang='grc'><strong>4).</strong></span> <span class='ocrx_word' id='word_1_625' title='bbox 2429 3917 2651 3985; x_wconf 86' lang='lat' dir='ltr'><strong>Fumus,</strong></span> <span class='ocrx_word' id='word_1_626' title='bbox 2704 3915 2851 3970; x_wconf 90' lang='lat' dir='ltr'><strong>initia</strong></span> <span class='ocrx_word' id='word_1_627' title='bbox 2881 3915 3315 3985; x_wconf 87' lang='lat' dir='ltr'><strong>eompunctionis</strong></span> <span class='ocrx_word' id='word_1_628' title='bbox 3363 3918 3578 3985; x_wconf 74' lang='lat' dir='ltr'><strong>futurtn,</strong></span> 
     </span>
    </p>
   </div>
   <div class='ocr_carea' id='block_1_87' title="bbox 1986 4007 3585 4080">
    <p class='ocr_par' dir='ltr' id='par_1_87' title="bbox 1986 4007 3585 4080">
     <span class='ocr_line' id='line_1_87' title="bbox 1986 4007 3585 4080; baseline 0 -15"><span class='ocrx_word' id='word_1_629' title='bbox 1986 4012 2072 4066; x_wconf 88' lang='lat' dir='ltr'><strong>vel</strong></span> <span class='ocrx_word' id='word_1_630' title='bbox 2115 4012 2284 4080; x_wconf 88' lang='lat' dir='ltr'><strong>ipsius</strong></span> <span class='ocrx_word' id='word_1_631' title='bbox 2330 4010 2765 4064; x_wconf 89' lang='lat' dir='ltr'><strong>comminationis</strong></span> <span class='ocrx_word' id='word_1_632' title='bbox 2811 4008 2929 4063; x_wconf 86' lang='lat' dir='ltr'><strong>Dei.</strong></span> <span class='ocrx_word' id='word_1_633' title='bbox 2964 4007 3019 4063; x_wconf 89' lang='lat' dir='ltr'><strong>ln</strong></span> <span class='ocrx_word' id='word_1_634' title='bbox 3062 4008 3313 4079; x_wconf 84' lang='lat' dir='ltr'><strong>psalmo:</strong></span> <span class='ocrx_word' id='word_1_635' title='bbox 3342 4010 3585 4065; x_wconf 83' lang='lat' dir='ltr'><strong>Ascendit</strong></span> 
     </span>
    </p>
   </div>
   <div class='ocr_carea' id='block_1_88' title="bbox 1988 4099 3583 4174">
    <p class='ocr_par' dir='ltr' id='par_1_88' title="bbox 1988 4099 3583 4174">
     <span class='ocr_line' id='line_1_88' title="bbox 1988 4099 3583 4174; baseline -0.001 -18"><span class='ocrx_word' id='word_1_636' title='bbox 1988 4107 2162 4174; x_wconf 75' lang='lat' dir='ltr'><strong>[unius</strong></span> <span class='ocrx_word' id='word_1_637' title='bbox 2194 4106 2244 4156; x_wconf 88' lang='lat' dir='ltr'><strong>in</strong></span> <span class='ocrx_word' id='word_1_638' title='bbox 2273 4104 2350 4155; x_wconf 87' lang='lat' dir='ltr'><strong>ira</strong></span> <span class='ocrx_word' id='word_1_639' title='bbox 2372 4106 2485 4174; x_wconf 86' lang='lat' dir='ltr'><strong>ejus</strong></span> <span class='ocrx_word' id='word_1_640' title='bbox 2508 4101 2628 4174; x_wconf 90' lang='lat' dir='ltr'><strong>(Ps.</strong></span> <span class='ocrx_word' id='word_1_641' title='bbox 2656 4117 2760 4155; x_wconf 79' lang='lat' dir='ltr'><strong>xvtt</strong></span> <span class='ocrx_word' id='word_1_642' title='bbox 2780 4145 2794 4169; x_wconf 97' lang='lat'><strong>,</strong></span> <span class='ocrx_word' id='word_1_643' title='bbox 2818 4100 2895 4170; x_wconf 86' lang='lat'><strong>9).</strong></span> <span class='ocrx_word' id='word_1_644' title='bbox 2928 4099 3062 4155; x_wconf 88' lang='lat' dir='ltr'><strong>ltetn</strong></span> <span class='ocrx_word' id='word_1_645' title='bbox 3092 4104 3142 4154; x_wconf 88' lang='lat' dir='ltr'><strong>in</strong></span> <span class='ocrx_word' id='word_1_646' title='bbox 3170 4101 3328 4156; x_wconf 86' lang='lat' dir='ltr'><strong>aliam</strong></span> <span class='ocrx_word' id='word_1_647' title='bbox 3355 4111 3583 4170; x_wconf 80' lang='lat' dir='ltr'><strong>partem,</strong></span> 
     </span>
    </p>
   </div>
   <div class='ocr_carea' id='block_1_89' title="bbox 1989 4192 3587 4261">
    <p class='ocr_par' dir='ltr' id='par_1_89' title="bbox 1989 4192 3587 4261">
     <span class='ocr_line' id='line_1_89' title="bbox 1989 4192 3587 4261; baseline 0.001 -14"><span class='ocrx_word' id='word_1_648' title='bbox 1989 4195 2127 4248; x_wconf 90' lang='lat' dir='ltr'><strong>sicut</strong></span> <span class='ocrx_word' id='word_1_649' title='bbox 2158 4194 2335 4248; x_wconf 80' lang='lat' dir='ltr'><strong>fumus</strong></span> <span class='ocrx_word' id='word_1_650' title='bbox 2363 4194 2537 4249; x_wconf 89' lang='lat' dir='ltr'><strong>oculis</strong></span> <span class='ocrx_word' id='word_1_651' title='bbox 2565 4194 2781 4259; x_wconf 76' lang='lat' dir='ltr'><strong>noxius,</strong></span> <span class='ocrx_word' id='word_1_652' title='bbox 2824 4192 2877 4246; x_wconf 91' lang='lat' dir='ltr'><strong>id</strong></span> <span class='ocrx_word' id='word_1_653' title='bbox 2905 4202 2986 4247; x_wconf 91' lang='lat' dir='ltr'><strong>est</strong></span> <span class='ocrx_word' id='word_1_654' title='bbox 3018 4192 3243 4247; x_wconf 85' lang='lat' dir='ltr'><strong>vanitas.</strong></span> <span class='ocrx_word' id='word_1_655' title='bbox 3273 4192 3437 4261; x_wconf 87' lang='lat' dir='ltr'><strong>Ignis,</strong></span> <span class='ocrx_word' id='word_1_656' title='bbox 3467 4194 3587 4261; x_wconf 85' lang='lat' dir='ltr'><strong>Spi-</strong></span> 
     </span>
    </p>
   </div>
   <div class='ocr_carea' id='block_1_90' title="bbox 1990 4283 3585 4356">
    <p class='ocr_par' dir='ltr' id='par_1_90' title="bbox 1990 4283 3585 4356">
     <span class='ocr_line' id='line_1_90' title="bbox 1990 4283 3585 4356; baseline 0 -16"><span class='ocrx_word' id='word_1_657' title='bbox 1990 4289 2128 4340; x_wconf 84' lang='lat' dir='ltr'><strong>ritus</strong></span> <span class='ocrx_word' id='word_1_658' title='bbox 2159 4298 2398 4341; x_wconf 89' lang='lat' dir='ltr'><strong>sanctus.</strong></span> <span class='ocrx_word' id='word_1_659' title='bbox 2434 4286 2491 4341; x_wconf 82' lang='lat' dir='ltr'><strong>In</strong></span> <span class='ocrx_word' id='word_1_660' title='bbox 2520 4286 2742 4342; x_wconf 87' lang='lat' dir='ltr'><strong>Aetihus</strong></span> <span class='ocrx_word' id='word_1_661' title='bbox 2769 4286 3155 4354; x_wconf 54' lang='lat' dir='ltr'><strong>Apostolorum</strong></span> <span class='ocrx_word' id='word_1_662' title='bbox 3184 4302 3196 4337; x_wconf 85' lang='lat' dir='ltr'><em>z</em></span> <span class='ocrx_word' id='word_1_663' title='bbox 3229 4283 3294 4337; x_wconf 84' lang='lat' dir='ltr'><strong>Et</strong></span> <span class='ocrx_word' id='word_1_664' title='bbox 3324 4301 3585 4356; x_wconf 83' lang='lat' dir='ltr'><strong>apparue-</strong></span> 
     </span>
    </p>
   </div>
   <div class='ocr_carea' id='block_1_91' title="bbox 1989 4376 3589 4448">
    <p class='ocr_par' dir='ltr' id='par_1_91' title="bbox 1989 4376 3589 4448">
     <span class='ocr_line' id='line_1_91' title="bbox 1989 4376 3589 4448; baseline 0 -16"><span class='ocrx_word' id='word_1_665' title='bbox 1989 4389 2110 4433; x_wconf 88' lang='lat' dir='ltr'><strong>runt</strong></span> <span class='ocrx_word' id='word_1_666' title='bbox 2140 4380 2244 4433; x_wconf 86' lang='lat' dir='ltr'><strong>illis</strong></span> <span class='ocrx_word' id='word_1_667' title='bbox 2294 4379 2579 4447; x_wconf 77' lang='lat' dir='ltr'><strong>dispertittc</strong></span> <span class='ocrx_word' id='word_1_668' title='bbox 2626 4378 2837 4447; x_wconf 76' lang='lat' dir='ltr'><strong>linguae,</strong></span> <span class='ocrx_word' id='word_1_669' title='bbox 2874 4388 3131 4444; x_wconf 85' lang='lat' dir='ltr'><strong>tamquam</strong></span> <span class='ocrx_word' id='word_1_670' title='bbox 3169 4376 3326 4448; x_wconf 88' lang='lat' dir='ltr'><strong>ignis,</strong></span> <span class='ocrx_word' id='word_1_671' title='bbox 3359 4379 3589 4443; x_wconf 81' lang='lat' dir='ltr'><strong>seditque</strong></span> 
     </span>
    </p>
   </div>
   <div class='ocr_carea' id='block_1_92' title="bbox 342 4445 3588 4540">
    <p class='ocr_par' dir='ltr' id='par_1_92' title="bbox 342 4445 3588 4540">
     <span class='ocr_line' id='line_1_92' title="bbox 342 4445 3588 4540; baseline -0.003 -6"><span class='ocrx_word' id='word_1_672' title='bbox 342 4476 602 4534; x_wconf 83' lang='lat' dir='ltr'><strong>Verbum</strong></span> <span class='ocrx_word' id='word_1_673' title='bbox 632 4473 876 4534; x_wconf 87' lang='lat' dir='ltr'><strong>Domini,</strong></span> <span class='ocrx_word' id='word_1_674' title='bbox 914 4470 1103 4524; x_wconf 72' lang='lat' dir='ltr'><strong>Filius.</strong></span> <span class='ocrx_word' id='word_1_675' title='bbox 1136 4445 1432 4539; x_wconf 72' lang='lat' dir='ltr'><strong>ltrpsalmo</strong></span> <span class='ocrx_word' id='word_1_676' title='bbox 1458 4487 1470 4521; x_wconf 89' lang='lat'>:</span> <span class='ocrx_word' id='word_1_677' title='bbox 1504 4467 1767 4521; x_wconf 82' lang='lat' dir='ltr'><strong>Eructavit</strong></span> <span class='ocrx_word' id='word_1_678' title='bbox 1798 4481 1885 4520; x_wconf 86' lang='lat' dir='ltr'><strong>eor</strong></span> <span class='ocrx_word' id='word_1_679' title='bbox 1909 4445 1965 4505; x_wconf 76' lang='lat' dir='ltr'><strong><em>D</em></strong></span> <span class='ocrx_word' id='word_1_680' title='bbox 1990 4488 2150 4538; x_wconf 82' lang='lat' dir='ltr'><strong>supra</strong></span> <span class='ocrx_word' id='word_1_681' title='bbox 2177 4445 2411 4539; x_wconf 80' lang='lat' dir='ltr'><strong>singulos</strong></span> <span class='ocrx_word' id='word_1_682' title='bbox 2458 4485 2655 4531; x_wconf 87' lang='lat' dir='ltr'><strong>eorum,</strong></span> <span class='ocrx_word' id='word_1_683' title='bbox 2705 4445 2751 4521; x_wconf 77' lang='lat' dir='ltr'><strong>et</strong></span> <span class='ocrx_word' id='word_1_684' title='bbox 2783 4468 2961 4536; x_wconf 87' lang='lat' dir='ltr'><strong>repleti</strong></span> <span class='ocrx_word' id='word_1_685' title='bbox 2990 4479 3110 4522; x_wconf 85' lang='lat' dir='ltr'><strong>sunt</strong></span> <span class='ocrx_word' id='word_1_686' title='bbox 3164 4445 3335 4522; x_wconf 76' lang='lat' dir='ltr'><strong>omnes</strong></span> <span class='ocrx_word' id='word_1_687' title='bbox 3383 4468 3588 4540; x_wconf 83' lang='lat' dir='ltr'><strong>Spiritu</strong></span> 
     </span>
    </p>
   </div>
   <div class='ocr_carea' id='block_1_93' title="bbox 262 4560 1357 4628">
    <p class='ocr_par' dir='ltr' id='par_1_93' title="bbox 262 4560 1357 4628">
     <span class='ocr_line' id='line_1_93' title="bbox 262 4560 1357 4628; baseline -0.01 -2"><span class='ocrx_word' id='word_1_688' title='bbox 262 4584 459 4626; x_wconf 77' lang='lat' dir='ltr'><strong>nicum</strong></span> <span class='ocrx_word' id='word_1_689' title='bbox 494 4567 705 4617; x_wconf 86' lang='lat' dir='ltr'><strong>verbum</strong></span> <span class='ocrx_word' id='word_1_690' title='bbox 736 4563 924 4613; x_wconf 87' lang='lat' dir='ltr'><strong>bonum</strong></span> <span class='ocrx_word' id='word_1_691' title='bbox 956 4560 1073 4627; x_wconf 85' lang='lat' dir='ltr'><strong>(Ps.</strong></span> <span class='ocrx_word' id='word_1_692' title='bbox 1100 4575 1246 4623; x_wconf 78' lang='lat' dir='ltr'><strong>XLIV,</strong></span> <span class='ocrx_word' id='word_1_693' title='bbox 1277 4562 1357 4628; x_wconf 85' lang='lat'><strong>2).</strong></span> 
     </span>
    </p>
   </div>
   <div class='ocr_carea' id='block_1_94' title="bbox 341 4652 1887 4721">
    <p class='ocr_par' dir='ltr' id='par_1_94' title="bbox 341 4652 1887 4721">
     <span class='ocr_line' id='line_1_94' title="bbox 341 4652 1887 4721; baseline -0.009 -2"><span class='ocrx_word' id='word_1_694' title='bbox 341 4660 647 4719; x_wconf 84' lang='lat' dir='ltr'><strong>Brachium</strong></span> <span class='ocrx_word' id='word_1_695' title='bbox 698 4656 935 4719; x_wconf 92' lang='lat' dir='ltr'><strong>Domini,</strong></span> <span class='ocrx_word' id='word_1_696' title='bbox 968 4654 1052 4707; x_wconf 91' lang='lat' dir='ltr'><strong>vel</strong></span> <span class='ocrx_word' id='word_1_697' title='bbox 1102 4669 1316 4719; x_wconf 90' lang='lat' dir='ltr'><strong>manus,</strong></span> <span class='ocrx_word' id='word_1_698' title='bbox 1362 4652 1554 4713; x_wconf 87' lang='lat' dir='ltr'><strong>Filius,</strong></span> <span class='ocrx_word' id='word_1_699' title='bbox 1587 4667 1684 4720; x_wconf 85' lang='lat' dir='ltr'><strong>per</strong></span> <span class='ocrx_word' id='word_1_700' title='bbox 1728 4667 1887 4721; x_wconf 90' lang='lat' dir='ltr'><strong>quem</strong></span> 
     </span>
    </p>
   </div>
   <div class='ocr_carea' id='block_1_95' title="bbox 254 4742 1891 4815">
    <p class='ocr_par' dir='ltr' id='par_1_95' title="bbox 254 4742 1891 4815">
     <span class='ocr_line' id='line_1_95' title="bbox 254 4742 1891 4815; baseline -0.011 -3"><span class='ocrx_word' id='word_1_701' title='bbox 254 4754 466 4812; x_wconf 80' lang='lat' dir='ltr'><strong>omnia</strong></span> <span class='ocrx_word' id='word_1_702' title='bbox 510 4757 769 4815; x_wconf 87' lang='lat' dir='ltr'><strong>operatus</strong></span> <span class='ocrx_word' id='word_1_703' title='bbox 798 4754 895 4801; x_wconf 90' lang='lat' dir='ltr'><strong>est.</strong></span> <span class='ocrx_word' id='word_1_704' title='bbox 935 4745 992 4799; x_wconf 87' lang='lat' dir='ltr'><strong>In</strong></span> <span class='ocrx_word' id='word_1_705' title='bbox 1024 4746 1283 4815; x_wconf 86' lang='lat' dir='ltr'><strong>prOpheta</strong></span> <span class='ocrx_word' id='word_1_706' title='bbox 1326 4764 1338 4797; x_wconf 90' lang='lat'><strong>:</strong></span> <span class='ocrx_word' id='word_1_707' title='bbox 1378 4745 1443 4797; x_wconf 83' lang='lat' dir='ltr'><strong>Et</strong></span> <span class='ocrx_word' id='word_1_708' title='bbox 1476 4747 1739 4797; x_wconf 87' lang='lat' dir='ltr'><strong>brachium</strong></span> <span class='ocrx_word' id='word_1_709' title='bbox 1783 4742 1891 4795; x_wconf 87' lang='lat' dir='ltr'><strong>Do-</strong></span> 
     </span>
    </p>
   </div>
   <div class='ocr_carea' id='block_1_96' title="bbox 255 4837 1888 4909">
    <p class='ocr_par' dir='ltr' id='par_1_96' title="bbox 255 4837 1888 4909">
     <span class='ocr_line' id='line_1_96' title="bbox 255 4837 1888 4909; baseline -0.006 -10"><span class='ocrx_word' id='word_1_710' title='bbox 255 4846 405 4904; x_wconf 67' lang='lat' dir='ltr'><strong>mini</strong></span> <span class='ocrx_word' id='word_1_711' title='bbox 436 4842 527 4895; x_wconf 90' lang='lat' dir='ltr'><strong>cui</strong></span> <span class='ocrx_word' id='word_1_712' title='bbox 546 4840 824 4894; x_wconf 86' lang='lat' dir='ltr'><strong>revelatum</strong></span> <span class='ocrx_word' id='word_1_713' title='bbox 854 4850 926 4894; x_wconf 87' lang='lat' dir='ltr'><strong>est</strong></span> <span class='ocrx_word' id='word_1_714' title='bbox 956 4837 1113 4909; x_wconf 86' lang='lat' dir='ltr'><strong>(Isai.</strong></span> <span class='ocrx_word' id='word_1_715' title='bbox 1146 4855 1267 4905; x_wconf 84' lang='lat' dir='ltr'><strong>un,</strong></span> <span class='ocrx_word' id='word_1_716' title='bbox 1297 4838 1373 4906; x_wconf 79' lang='grc'><strong>1).</strong></span> <span class='ocrx_word' id='word_1_717' title='bbox 1403 4839 1630 4892; x_wconf 82' lang='lat' dir='ltr'><strong>Dextera</strong></span> <span class='ocrx_word' id='word_1_718' title='bbox 1654 4838 1888 4901; x_wconf 85' lang='lat' dir='ltr'><strong>Domini,</strong></span> 
     </span>
    </p>
   </div>
   <div class='ocr_carea' id='block_1_97' title="bbox 254 4927 1893 5001">
    <p class='ocr_par' dir='ltr' id='par_1_97' title="bbox 254 4927 1893 5001">
     <span class='ocr_line' id='line_1_97' title="bbox 254 4927 1893 5001; baseline 0.005 -25"><span class='ocrx_word' id='word_1_719' title='bbox 254 4942 419 4996; x_wconf 61' lang='lat' dir='ltr'><strong>ide&quot;.</strong></span> <span class='ocrx_word' id='word_1_720' title='bbox 474 4932 621 5001; x_wconf 78' lang='lat' dir='ltr'><strong>quod</strong></span> <span class='ocrx_word' id='word_1_721' title='bbox 673 4946 832 4999; x_wconf 78' lang='lat' dir='ltr'><strong>supra</strong></span> <span class='ocrx_word' id='word_1_722' title='bbox 884 4931 936 4986; x_wconf 88' lang='lat' dir='ltr'><strong>in</strong></span> <span class='ocrx_word' id='word_1_723' title='bbox 987 4930 1195 5000; x_wconf 71' lang='lat' dir='ltr'><strong>psnlmo</strong></span> <span class='ocrx_word' id='word_1_724' title='bbox 1224 4948 1237 4983; x_wconf 91' lang='lat'><strong>:</strong></span> <span class='ocrx_word' id='word_1_725' title='bbox 1270 4931 1492 4984; x_wconf 72' lang='lat' dir='ltr'><strong>Dextera</strong></span> <span class='ocrx_word' id='word_1_726' title='bbox 1520 4927 1733 4984; x_wconf 90' lang='lat' dir='ltr'><strong>Domini</strong></span> <span class='ocrx_word' id='word_1_727' title='bbox 1775 4932 1893 5001; x_wconf 78' lang='lat' dir='ltr'><strong>fecit</strong></span> 
     </span>
    </p>
   </div>
   <div class='ocr_carea' id='block_1_98' title="bbox 253 5023 1894 5096">
    <p class='ocr_par' dir='ltr' id='par_1_98' title="bbox 253 5023 1894 5096">
     <span class='ocr_line' id='line_1_98' title="bbox 253 5023 1894 5096; baseline -0.007 -7"><span class='ocrx_word' id='word_1_728' title='bbox 253 5036 529 5089; x_wconf 79' lang='lat' dir='ltr'><strong>virtutem</strong></span> <span class='ocrx_word' id='word_1_729' title='bbox 554 5024 669 5093; x_wconf 89' lang='lat' dir='ltr'><strong>(Ps.</strong></span> <span class='ocrx_word' id='word_1_730' title='bbox 693 5040 865 5090; x_wconf 83' lang='lat' dir='ltr'><strong>cxvn,</strong></span> <span class='ocrx_word' id='word_1_731' title='bbox 891 5023 1004 5096; x_wconf 77' lang='grc'><strong>16).</strong></span> <span class='ocrx_word' id='word_1_732' title='bbox 1035 5024 1243 5093; x_wconf 86' lang='lat' dir='ltr'><strong>Digitus</strong></span> <span class='ocrx_word' id='word_1_733' title='bbox 1273 5024 1401 5090; x_wconf 89' lang='lat' dir='ltr'><strong>Dei;</strong></span> <span class='ocrx_word' id='word_1_734' title='bbox 1432 5023 1630 5077; x_wconf 90' lang='lat' dir='ltr'><strong>dicitur</strong></span> <span class='ocrx_word' id='word_1_735' title='bbox 1656 5024 1894 5094; x_wconf 88' lang='lat' dir='ltr'><strong>Spiritus</strong></span> 
     </span>
    </p>
   </div>
   <div class='ocr_carea' id='block_1_99' title="bbox 257 5116 1895 5187">
    <p class='ocr_par' dir='ltr' id='par_1_99' title="bbox 257 5116 1895 5187">
     <span class='ocr_line' id='line_1_99' title="bbox 257 5116 1895 5187; baseline -0.004 -7"><span class='ocrx_word' id='word_1_736' title='bbox 257 5132 535 5183; x_wconf 82' lang='lat' dir='ltr'><strong>sanctus,</strong></span> <span class='ocrx_word' id='word_1_737' title='bbox 572 5127 799 5187; x_wconf 87' lang='lat' dir='ltr'><strong>propter</strong></span> <span class='ocrx_word' id='word_1_738' title='bbox 842 5116 1192 5187; x_wconf 91' lang='lat' dir='ltr'><strong>partitionem</strong></span> <span class='ocrx_word' id='word_1_739' title='bbox 1242 5117 1507 5173; x_wconf 90' lang='lat' dir='ltr'><strong>bonorum</strong></span> <span class='ocrx_word' id='word_1_740' title='bbox 1559 5134 1679 5186; x_wconf 85' lang='lat' dir='ltr'><strong>quae</strong></span> <span class='ocrx_word' id='word_1_741' title='bbox 1710 5119 1778 5172; x_wconf 91' lang='lat' dir='ltr'><strong>ab</strong></span> <span class='ocrx_word' id='word_1_742' title='bbox 1828 5132 1895 5173; x_wconf 90' lang='lat' dir='ltr'><strong>eo</strong></span> 
     </span>
    </p>
   </div>
   <div class='ocr_carea' id='block_1_100' title="bbox 258 5208 1895 5280">
    <p class='ocr_par' dir='ltr' id='par_1_100' title="bbox 258 5208 1895 5280">
     <span class='ocr_line' id='line_1_100' title="bbox 258 5208 1895 5280; baseline -0.004 -10"><span class='ocrx_word' id='word_1_743' title='bbox 258 5218 490 5273; x_wconf 80' lang='lat' dir='ltr'><strong>dantur</strong></span> <span class='ocrx_word' id='word_1_744' title='bbox 515 5210 807 5277; x_wconf 84' lang='lat' dir='ltr'><strong>unicuique</strong></span> <span class='ocrx_word' id='word_1_745' title='bbox 836 5209 1079 5280; x_wconf 90' lang='lat' dir='ltr'><strong>propria,</strong></span> <span class='ocrx_word' id='word_1_746' title='bbox 1108 5209 1225 5264; x_wconf 89' lang='lat' dir='ltr'><strong>sive</strong></span> <span class='ocrx_word' id='word_1_747' title='bbox 1249 5208 1552 5271; x_wconf 89' lang='lat' dir='ltr'><strong>hominum,</strong></span> <span class='ocrx_word' id='word_1_748' title='bbox 1586 5210 1700 5264; x_wconf 84' lang='lat' dir='ltr'><strong>sive</strong></span> <span class='ocrx_word' id='word_1_749' title='bbox 1730 5224 1895 5279; x_wconf 84' lang='lat' dir='ltr'><strong>ange-</strong></span> 
     </span>
    </p>
   </div>
   <div class='ocr_carea' id='block_1_101' title="bbox 260 5300 1897 5373">
    <p class='ocr_par' dir='ltr' id='par_1_101' title="bbox 260 5300 1897 5373">
     <span class='ocr_line' id='line_1_101' title="bbox 260 5300 1897 5373; baseline -0.004 -9"><span class='ocrx_word' id='word_1_750' title='bbox 260 5311 488 5364; x_wconf 85' lang='lat' dir='ltr'><strong>lorum.</strong></span> <span class='ocrx_word' id='word_1_751' title='bbox 524 5300 579 5356; x_wconf 90' lang='lat' dir='ltr'><strong>ln</strong></span> <span class='ocrx_word' id='word_1_752' title='bbox 614 5300 773 5355; x_wconf 90' lang='lat' dir='ltr'><strong>nullis</strong></span> <span class='ocrx_word' id='word_1_753' title='bbox 802 5302 947 5356; x_wconf 91' lang='lat' dir='ltr'><strong>enim</strong></span> <span class='ocrx_word' id='word_1_754' title='bbox 997 5301 1256 5357; x_wconf 90' lang='lat' dir='ltr'><strong>membris</strong></span> <span class='ocrx_word' id='word_1_755' title='bbox 1303 5303 1504 5359; x_wconf 61' lang='lat' dir='ltr'><strong>nouris</strong></span> <span class='ocrx_word' id='word_1_756' title='bbox 1547 5302 1627 5357; x_wconf 89' lang='lat' dir='ltr'><strong>sic</strong></span> <span class='ocrx_word' id='word_1_757' title='bbox 1674 5312 1897 5373; x_wconf 90' lang='lat' dir='ltr'><strong>apparet</strong></span> 
     </span>
    </p>
   </div>
   <div class='ocr_carea' id='block_1_102' title="bbox 258 5394 1892 5474">
    <p class='ocr_par' dir='ltr' id='par_1_102' title="bbox 258 5394 1892 5474">
     <span class='ocr_line' id='line_1_102' title="bbox 258 5394 1892 5474; baseline 0.001 -25"><span class='ocrx_word' id='word_1_758' title='bbox 258 5396 517 5474; x_wconf 76' lang='lat' dir='ltr'><strong>partitio</strong></span> <span class='ocrx_word' id='word_1_759' title='bbox 538 5410 698 5462; x_wconf 87' lang='lat' dir='ltr'><strong>quam</strong></span> <span class='ocrx_word' id='word_1_760' title='bbox 723 5394 775 5448; x_wconf 89' lang='lat' dir='ltr'><strong>in</strong></span> <span class='ocrx_word' id='word_1_761' title='bbox 808 5394 1010 5463; x_wconf 83' lang='lat' dir='ltr'><strong>digitis.</strong></span> <span class='ocrx_word' id='word_1_762' title='bbox 1041 5394 1151 5449; x_wconf 88' lang='lat' dir='ltr'><strong>Nec</strong></span> <span class='ocrx_word' id='word_1_763' title='bbox 1176 5404 1229 5450; x_wconf 89' lang='lat' dir='ltr'><strong>te</strong></span> <span class='ocrx_word' id='word_1_764' title='bbox 1259 5395 1594 5450; x_wconf 84' lang='lat' dir='ltr'><strong>scandalizet</strong></span> <span class='ocrx_word' id='word_1_765' title='bbox 1621 5397 1892 5451; x_wconf 84' lang='lat' dir='ltr'><strong>membro-</strong></span> 
     </span>
    </p>
   </div>
   <div class='ocr_carea' id='block_1_103' title="bbox 259 5488 1899 5561">
    <p class='ocr_par' dir='ltr' id='par_1_103' title="bbox 259 5488 1899 5561">
     <span class='ocr_line' id='line_1_103' title="bbox 259 5488 1899 5561; baseline -0.003 -11"><span class='ocrx_word' id='word_1_766' title='bbox 259 5511 403 5553; x_wconf 80' lang='lat' dir='ltr'><strong>rum</strong></span> <span class='ocrx_word' id='word_1_767' title='bbox 440 5488 763 5552; x_wconf 89' lang='lat' dir='ltr'><strong>diversitas,</strong></span> <span class='ocrx_word' id='word_1_768' title='bbox 792 5504 914 5543; x_wconf 90' lang='lat' dir='ltr'><strong>cum</strong></span> <span class='ocrx_word' id='word_1_769' title='bbox 943 5489 1173 5543; x_wconf 70' lang='lat' dir='ltr'><strong>aadiﬁcet</strong></span> <span class='ocrx_word' id='word_1_770' title='bbox 1206 5492 1453 5561; x_wconf 88' lang='lat' dir='ltr'><strong>corporis</strong></span> <span class='ocrx_word' id='word_1_771' title='bbox 1477 5490 1678 5545; x_wconf 86' lang='lat' dir='ltr'><strong>unitas.</strong></span> <span class='ocrx_word' id='word_1_772' title='bbox 1703 5489 1899 5545; x_wconf 88' lang='lat' dir='ltr'><strong>Uterus</strong></span> 
     </span>
    </p>
   </div>
   <div class='ocr_carea' id='block_1_104' title="bbox 262 5580 1894 5654">
    <p class='ocr_par' dir='ltr' id='par_1_104' title="bbox 262 5580 1894 5654">
     <span class='ocr_line' id='line_1_104' title="bbox 262 5580 1894 5654; baseline 0.001 -16"><span class='ocrx_word' id='word_1_773' title='bbox 262 5580 536 5648; x_wconf 79' lang='lat' dir='ltr'><strong>Domini,</strong></span> <span class='ocrx_word' id='word_1_774' title='bbox 561 5593 855 5647; x_wconf 89' lang='lat' dir='ltr'><strong>secretum,</strong></span> <span class='ocrx_word' id='word_1_775' title='bbox 889 5600 954 5638; x_wconf 82' lang='lat' dir='ltr'><strong>ex</strong></span> <span class='ocrx_word' id='word_1_776' title='bbox 980 5600 1085 5654; x_wconf 91' lang='lat' dir='ltr'><strong>quo</strong></span> <span class='ocrx_word' id='word_1_777' title='bbox 1113 5584 1307 5638; x_wconf 86' lang='lat' dir='ltr'><strong>Filium</strong></span> <span class='ocrx_word' id='word_1_778' title='bbox 1341 5587 1585 5654; x_wconf 68' lang='lat' dir='ltr'><strong>protulit.</strong></span> <span class='ocrx_word' id='word_1_779' title='bbox 1620 5586 1673 5639; x_wconf 89' lang='lat' dir='ltr'><strong>lu</strong></span> <span class='ocrx_word' id='word_1_780' title='bbox 1702 5588 1894 5654; x_wconf 88' lang='lat' dir='ltr'><strong>psalm.</strong></span> 
     </span>
    </p>
   </div>
   <div class='ocr_carea' id='block_1_105' title="bbox 260 5676 1898 5750">
    <p class='ocr_par' dir='ltr' id='par_1_105' title="bbox 260 5676 1898 5750">
     <span class='ocr_line' id='line_1_105' title="bbox 260 5676 1898 5750; baseline 0.005 -20"><span class='ocrx_word' id='word_1_781' title='bbox 260 5677 369 5745; x_wconf 69' lang='lat' dir='ltr'><strong>Ex</strong></span> <span class='ocrx_word' id='word_1_782' title='bbox 414 5681 570 5731; x_wconf 87' lang='lat' dir='ltr'><strong>utero</strong></span> <span class='ocrx_word' id='word_1_783' title='bbox 610 5684 729 5731; x_wconf 84' lang='lat' dir='ltr'><strong>ante</strong></span> <span class='ocrx_word' id='word_1_784' title='bbox 760 5676 1027 5747; x_wconf 76' lang='lat' dir='ltr'><strong>luciferum</strong></span> <span class='ocrx_word' id='word_1_785' title='bbox 1052 5678 1205 5747; x_wconf 85' lang='lat' dir='ltr'><strong>genui</strong></span> <span class='ocrx_word' id='word_1_786' title='bbox 1235 5688 1284 5732; x_wconf 91' lang='lat' dir='ltr'><strong>te</strong></span> <span class='ocrx_word' id='word_1_787' title='bbox 1312 5677 1430 5749; x_wconf 85' lang='lat' dir='ltr'><strong>(Ps.</strong></span> <span class='ocrx_word' id='word_1_788' title='bbox 1460 5694 1546 5734; x_wconf 74' lang='lat' dir='ltr'><strong>crs</strong></span> <span class='ocrx_word' id='word_1_789' title='bbox 1571 5720 1584 5745; x_wconf 92' lang='lat'><strong>,</strong></span> <span class='ocrx_word' id='word_1_790' title='bbox 1620 5681 1698 5750; x_wconf 80' lang='lat'><strong>5).</strong></span> <span class='ocrx_word' id='word_1_791' title='bbox 1730 5681 1898 5739; x_wconf 85' lang='lat' dir='ltr'><strong>Pedes</strong></span> 
     </span>
    </p>
   </div>
   <div class='ocr_carea' id='block_1_106' title="bbox 1993 4560 3589 4632">
    <p class='ocr_par' dir='ltr' id='par_1_106' title="bbox 1993 4560 3589 4632">
     <span class='ocr_line' id='line_1_106' title="bbox 1993 4560 3589 4632; baseline 0.001 -17"><span class='ocrx_word' id='word_1_792' title='bbox 1993 4572 2168 4616; x_wconf 86' lang='lat' dir='ltr'><strong>saneto</strong></span> <span class='ocrx_word' id='word_1_793' title='bbox 2192 4563 2329 4632; x_wconf 87' lang='lat' dir='ltr'><strong>(Act.</strong></span> <span class='ocrx_word' id='word_1_794' title='bbox 2360 4577 2418 4628; x_wconf 85' lang='lat' dir='ltr'><strong>ll,</strong></span> <span class='ocrx_word' id='word_1_795' title='bbox 2448 4563 2526 4629; x_wconf 90' lang='lat'><strong>5).</strong></span> <span class='ocrx_word' id='word_1_796' title='bbox 2551 4561 2787 4624; x_wconf 64' lang='lat' dir='ltr'><strong>Casium,</strong></span> <span class='ocrx_word' id='word_1_797' title='bbox 2816 4560 3073 4628; x_wconf 84' lang='lat' dir='ltr'><strong>apostoli,</strong></span> <span class='ocrx_word' id='word_1_798' title='bbox 3101 4560 3218 4615; x_wconf 88' lang='lat' dir='ltr'><strong>sive</strong></span> <span class='ocrx_word' id='word_1_799' title='bbox 3248 4563 3440 4629; x_wconf 88' lang='lat' dir='ltr'><strong>sancti,</strong></span> <span class='ocrx_word' id='word_1_800' title='bbox 3469 4564 3589 4617; x_wconf 86' lang='lat' dir='ltr'><strong>ideo</strong></span> 
     </span>
    </p>
   </div>
   <div class='ocr_carea' id='block_1_107' title="bbox 1993 4653 3590 4729">
    <p class='ocr_par' dir='ltr' id='par_1_107' title="bbox 1993 4653 3590 4729">
     <span class='ocr_line' id='line_1_107' title="bbox 1993 4653 3590 4729; baseline 0.003 -23"><span class='ocrx_word' id='word_1_801' title='bbox 1993 4656 2135 4725; x_wconf 87' lang='lat' dir='ltr'><strong>quod</strong></span> <span class='ocrx_word' id='word_1_802' title='bbox 2182 4656 2442 4710; x_wconf 88' lang='lat' dir='ltr'><strong>Dominus</strong></span> <span class='ocrx_word' id='word_1_803' title='bbox 2489 4654 2756 4708; x_wconf 88' lang='lat' dir='ltr'><strong>inhabitet</strong></span> <span class='ocrx_word' id='word_1_804' title='bbox 2794 4653 2975 4708; x_wconf 89' lang='lat' dir='ltr'><strong>ineis.</strong></span> <span class='ocrx_word' id='word_1_805' title='bbox 3021 4653 3147 4708; x_wconf 70' lang='grc' dir='ltr'><strong>(ΖωΙὶ</strong></span> <span class='ocrx_word' id='word_1_806' title='bbox 3190 4668 3439 4710; x_wconf 86' lang='lat' dir='ltr'><strong>enarrant</strong></span> <span class='ocrx_word' id='word_1_807' title='bbox 3476 4658 3590 4729; x_wconf 86' lang='lat' dir='ltr'><strong>glo-</strong></span> 
     </span>
    </p>
   </div>
   <div class='ocr_carea' id='block_1_108' title="bbox 1994 4745 3591 4818">
    <p class='ocr_par' dir='ltr' id='par_1_108' title="bbox 1994 4745 3591 4818">
     <span class='ocr_line' id='line_1_108' title="bbox 1994 4745 3591 4818; baseline 0.003 -17"><span class='ocrx_word' id='word_1_808' title='bbox 1994 4749 2126 4801; x_wconf 90' lang='lat' dir='ltr'><strong>riam</strong></span> <span class='ocrx_word' id='word_1_809' title='bbox 2156 4746 2254 4801; x_wconf 86' lang='lat' dir='ltr'><strong>Dei</strong></span> <span class='ocrx_word' id='word_1_810' title='bbox 2285 4747 2401 4813; x_wconf 90' lang='lat' dir='ltr'><strong>(Ps.</strong></span> <span class='ocrx_word' id='word_1_811' title='bbox 2434 4761 2588 4814; x_wconf 81' lang='lat' dir='ltr'><strong>xviii,</strong></span> <span class='ocrx_word' id='word_1_812' title='bbox 2619 4747 2698 4818; x_wconf 83' lang='lat'><strong>2).</strong></span> <span class='ocrx_word' id='word_1_813' title='bbox 2734 4745 2867 4802; x_wconf 69' lang='lat' dir='ltr'><strong>Coeli</strong></span> <span class='ocrx_word' id='word_1_814' title='bbox 2892 4748 2945 4801; x_wconf 88' lang='lat' dir='ltr'><strong>in</strong></span> <span class='ocrx_word' id='word_1_815' title='bbox 2969 4758 3155 4802; x_wconf 89' lang='lat' dir='ltr'><strong>sancta</strong></span> <span class='ocrx_word' id='word_1_816' title='bbox 3190 4750 3463 4817; x_wconf 78' lang='lat' dir='ltr'><strong>Scriptura</strong></span> <span class='ocrx_word' id='word_1_817' title='bbox 3496 4751 3591 4805; x_wconf 89' lang='lat' dir='ltr'><strong>de-</strong></span> 
     </span>
    </p>
   </div>
   <div class='ocr_carea' id='block_1_109' title="bbox 1996 4840 3587 4913">
    <p class='ocr_par' dir='ltr' id='par_1_109' title="bbox 1996 4840 3587 4913">
     <span class='ocr_line' id='line_1_109' title="bbox 1996 4840 3587 4913; baseline 0.004 -21"><span class='ocrx_word' id='word_1_818' title='bbox 1996 4840 2214 4910; x_wconf 84' lang='lat' dir='ltr'><strong>signant</strong></span> <span class='ocrx_word' id='word_1_819' title='bbox 2252 4842 2545 4909; x_wconf 88' lang='lat' dir='ltr'><strong>aliquando</strong></span> <span class='ocrx_word' id='word_1_820' title='bbox 2578 4841 2856 4911; x_wconf 86' lang='lat' dir='ltr'><strong>superiora</strong></span> <span class='ocrx_word' id='word_1_821' title='bbox 2889 4841 3073 4895; x_wconf 90' lang='lat' dir='ltr'><strong>mundi</strong></span> <span class='ocrx_word' id='word_1_822' title='bbox 3113 4858 3340 4912; x_wconf 82' lang='lat' dir='ltr'><strong>corpora</strong></span> <span class='ocrx_word' id='word_1_823' title='bbox 3361 4886 3375 4909; x_wconf 93' lang='lat'><strong>,</strong></span> <span class='ocrx_word' id='word_1_824' title='bbox 3409 4844 3587 4913; x_wconf 82' lang='lat' dir='ltr'><strong>ignota</strong></span> 
     </span>
    </p>
   </div>
   <div class='ocr_carea' id='block_1_110' title="bbox 1998 4930 3593 5003">
    <p class='ocr_par' dir='ltr' id='par_1_110' title="bbox 1998 4930 3593 5003">
     <span class='ocr_line' id='line_1_110' title="bbox 1998 4930 3593 5003; baseline 0.003 -18"><span class='ocrx_word' id='word_1_825' title='bbox 1998 4933 2153 4987; x_wconf 86' lang='lat' dir='ltr'><strong>nobis</strong></span> <span class='ocrx_word' id='word_1_826' title='bbox 2184 4932 2381 5002; x_wconf 91' lang='lat' dir='ltr'><strong>quibus</strong></span> <span class='ocrx_word' id='word_1_827' title='bbox 2422 4932 2597 4988; x_wconf 90' lang='lat' dir='ltr'><strong>modis</strong></span> <span class='ocrx_word' id='word_1_828' title='bbox 2632 4930 2883 4987; x_wconf 86' lang='lat' dir='ltr'><strong>distincta</strong></span> <span class='ocrx_word' id='word_1_829' title='bbox 2916 4944 3055 4999; x_wconf 86' lang='lat' dir='ltr'><strong>smt,</strong></span> <span class='ocrx_word' id='word_1_830' title='bbox 3094 4941 3151 4989; x_wconf 87' lang='lat' dir='ltr'><strong>et</strong></span> <span class='ocrx_word' id='word_1_831' title='bbox 3178 4934 3247 4988; x_wconf 92' lang='lat' dir='ltr'><strong>de</strong></span> <span class='ocrx_word' id='word_1_832' title='bbox 3281 4934 3436 5003; x_wconf 88' lang='lat' dir='ltr'><strong>queis</strong></span> <span class='ocrx_word' id='word_1_833' title='bbox 3461 4937 3593 4990; x_wconf 87' lang='lat' dir='ltr'><strong>satis</strong></span> 
     </span>
    </p>
   </div>
   <div class='ocr_carea' id='block_1_111' title="bbox 1996 5025 3595 5096">
    <p class='ocr_par' dir='ltr' id='par_1_111' title="bbox 1996 5025 3595 5096">
     <span class='ocr_line' id='line_1_111' title="bbox 1996 5025 3595 5096; baseline 0.001 -16"><span class='ocrx_word' id='word_1_834' title='bbox 1996 5025 2221 5080; x_wconf 80' lang='lat' dir='ltr'><strong>difﬁcile</strong></span> <span class='ocrx_word' id='word_1_835' title='bbox 2261 5035 2345 5080; x_wconf 88' lang='lat' dir='ltr'><strong>est</strong></span> <span class='ocrx_word' id='word_1_836' title='bbox 2376 5026 2689 5093; x_wconf 89' lang='lat' dir='ltr'><strong>disputare,</strong></span> <span class='ocrx_word' id='word_1_837' title='bbox 2719 5026 2813 5081; x_wconf 88' lang='lat' dir='ltr'><strong>sed</strong></span> <span class='ocrx_word' id='word_1_838' title='bbox 2856 5041 2960 5079; x_wconf 91' lang='lat' dir='ltr'><strong>non</strong></span> <span class='ocrx_word' id='word_1_839' title='bbox 2988 5025 3355 5096; x_wconf 83' lang='lat' dir='ltr'><strong>impossibile,</strong></span> <span class='ocrx_word' id='word_1_840' title='bbox 3387 5028 3470 5083; x_wconf 89' lang='lat' dir='ltr'><strong>cui</strong></span> <span class='ocrx_word' id='word_1_841' title='bbox 3501 5027 3595 5082; x_wconf 89' lang='lat' dir='ltr'><strong>dat</strong></span> 
     </span>
    </p>
   </div>
   <div class='ocr_carea' id='block_1_112' title="bbox 1998 5116 3594 5189">
    <p class='ocr_par' dir='ltr' id='par_1_112' title="bbox 1998 5116 3594 5189">
     <span class='ocr_line' id='line_1_112' title="bbox 1998 5116 3594 5189; baseline -0.001 -16"><span class='ocrx_word' id='word_1_842' title='bbox 1998 5118 2140 5173; x_wconf 90' lang='lat' dir='ltr'><strong>Deus</strong></span> <span class='ocrx_word' id='word_1_843' title='bbox 2178 5117 2516 5187; x_wconf 84' lang='lat' dir='ltr'><strong>intelligere;</strong></span> <span class='ocrx_word' id='word_1_844' title='bbox 2547 5127 2600 5171; x_wconf 92' lang='lat' dir='ltr'><strong>ut</strong></span> <span class='ocrx_word' id='word_1_845' title='bbox 2634 5116 2782 5172; x_wconf 87' lang='lat' dir='ltr'><strong>dedit</strong></span> <span class='ocrx_word' id='word_1_846' title='bbox 2820 5119 3113 5186; x_wconf 80' lang='lat' dir='ltr'><strong>Aposmlo,</strong></span> <span class='ocrx_word' id='word_1_847' title='bbox 3150 5132 3300 5189; x_wconf 88' lang='lat' dir='ltr'><strong>rapto</strong></span> <span class='ocrx_word' id='word_1_848' title='bbox 3338 5135 3497 5189; x_wconf 85' lang='lat' dir='ltr'><strong>usque</strong></span> <span class='ocrx_word' id='word_1_849' title='bbox 3526 5120 3594 5172; x_wconf 90' lang='lat' dir='ltr'><strong>ad</strong></span> 
     </span>
    </p>
   </div>
   <div class='ocr_carea' id='block_1_113' title="bbox 2000 5210 3595 5280">
    <p class='ocr_par' dir='ltr' id='par_1_113' title="bbox 2000 5210 3595 5280">
     <span class='ocr_line' id='line_1_113' title="bbox 2000 5210 3595 5280; baseline -0.001 -16"><span class='ocrx_word' id='word_1_850' title='bbox 2000 5212 2207 5264; x_wconf 86' lang='lat' dir='ltr'><strong>tertium</strong></span> <span class='ocrx_word' id='word_1_851' title='bbox 2231 5210 2414 5264; x_wconf 67' lang='lat' dir='ltr'><strong>calum</strong></span> <span class='ocrx_word' id='word_1_852' title='bbox 2446 5210 2512 5275; x_wconf 92' lang='lat' dir='ltr'><strong>(Il</strong></span> <span class='ocrx_word' id='word_1_853' title='bbox 2540 5210 2657 5265; x_wconf 87' lang='lat' dir='ltr'><strong>Cor.</strong></span> <span class='ocrx_word' id='word_1_854' title='bbox 2696 5225 2796 5275; x_wconf 76' lang='lat' dir='ltr'><strong>sit,</strong></span> <span class='ocrx_word' id='word_1_855' title='bbox 2824 5210 2906 5279; x_wconf 84' lang='lat'><strong>2);</strong></span> <span class='ocrx_word' id='word_1_856' title='bbox 2935 5212 3181 5280; x_wconf 71' lang='lat' dir='ltr'><strong>exceptis</strong></span> <span class='ocrx_word' id='word_1_857' title='bbox 3206 5212 3313 5265; x_wconf 90' lang='lat' dir='ltr'><strong>illis</strong></span> <span class='ocrx_word' id='word_1_858' title='bbox 3340 5213 3595 5265; x_wconf 85' lang='lat' dir='ltr'><strong>materia-</strong></span> 
     </span>
    </p>
   </div>
   <div class='ocr_carea' id='block_1_114' title="bbox 2001 5304 3587 5375">
    <p class='ocr_par' dir='ltr' id='par_1_114' title="bbox 2001 5304 3587 5375">
     <span class='ocr_line' id='line_1_114' title="bbox 2001 5304 3587 5375; baseline -0.002 -14"><span class='ocrx_word' id='word_1_859' title='bbox 2001 5309 2139 5364; x_wconf 88' lang='lat' dir='ltr'><strong>libus</strong></span> <span class='ocrx_word' id='word_1_860' title='bbox 2170 5309 2345 5363; x_wconf 64' lang='lat' dir='ltr'><strong>caelis.</strong></span> <span class='ocrx_word' id='word_1_861' title='bbox 2381 5308 2642 5361; x_wconf 89' lang='lat' dir='ltr'><strong>Dicuntur</strong></span> <span class='ocrx_word' id='word_1_862' title='bbox 2668 5305 2791 5360; x_wconf 67' lang='lat' dir='ltr'><strong>coeli</strong></span> <span class='ocrx_word' id='word_1_863' title='bbox 2822 5305 2992 5359; x_wconf 86' lang='lat' dir='ltr'><strong>sancti</strong></span> <span class='ocrx_word' id='word_1_864' title='bbox 3024 5305 3293 5374; x_wconf 87' lang='lat' dir='ltr'><strong>apostoli,</strong></span> <span class='ocrx_word' id='word_1_865' title='bbox 3325 5304 3587 5375; x_wconf 61' lang='lat' dir='ltr'><strong>pradica-</strong></span> 
     </span>
    </p>
   </div>
   <div class='ocr_carea' id='block_1_115' title="bbox 1999 5396 3596 5469">
    <p class='ocr_par' dir='ltr' id='par_1_115' title="bbox 1999 5396 3596 5469">
     <span class='ocr_line' id='line_1_115' title="bbox 1999 5396 3596 5469; baseline -0.001 -12"><span class='ocrx_word' id='word_1_866' title='bbox 1999 5412 2147 5457; x_wconf 90' lang='lat' dir='ltr'><strong>tores</strong></span> <span class='ocrx_word' id='word_1_867' title='bbox 2175 5402 2329 5456; x_wconf 89' lang='lat' dir='ltr'><strong>verbi</strong></span> <span class='ocrx_word' id='word_1_868' title='bbox 2354 5401 2630 5465; x_wconf 87' lang='lat' dir='ltr'><strong>veritatis;</strong></span> <span class='ocrx_word' id='word_1_869' title='bbox 2657 5414 2756 5469; x_wconf 90' lang='lat' dir='ltr'><strong>per</strong></span> <span class='ocrx_word' id='word_1_870' title='bbox 2778 5412 2913 5469; x_wconf 90' lang='lat' dir='ltr'><strong>quos</strong></span> <span class='ocrx_word' id='word_1_871' title='bbox 2934 5397 3102 5453; x_wconf 76' lang='lat' dir='ltr'><strong>cmlos</strong></span> <span class='ocrx_word' id='word_1_872' title='bbox 3126 5407 3396 5468; x_wconf 89' lang='lat' dir='ltr'><strong>tamquam</strong></span> <span class='ocrx_word' id='word_1_873' title='bbox 3417 5396 3596 5467; x_wconf 75' lang='lat' dir='ltr'><strong>pluvia</strong></span> 
     </span>
    </p>
   </div>
   <div class='ocr_carea' id='block_1_116' title="bbox 2002 5488 3597 5566">
    <p class='ocr_par' dir='ltr' id='par_1_116' title="bbox 2002 5488 3597 5566">
     <span class='ocr_line' id='line_1_116' title="bbox 2002 5488 3597 5566; baseline -0.004 -16"><span class='ocrx_word' id='word_1_874' title='bbox 2002 5496 2205 5566; x_wconf 87' lang='lat' dir='ltr'><strong>irrigati</strong></span> <span class='ocrx_word' id='word_1_875' title='bbox 2256 5511 2475 5559; x_wconf 91' lang='lat' dir='ltr'><strong>sumus,</strong></span> <span class='ocrx_word' id='word_1_876' title='bbox 2517 5502 2577 5547; x_wconf 92' lang='lat' dir='ltr'><strong>ut</strong></span> <span class='ocrx_word' id='word_1_877' title='bbox 2609 5508 2707 5561; x_wconf 90' lang='lat' dir='ltr'><strong>per</strong></span> <span class='ocrx_word' id='word_1_878' title='bbox 2738 5501 2907 5546; x_wconf 84' lang='lat' dir='ltr'><strong>latum</strong></span> <span class='ocrx_word' id='word_1_879' title='bbox 2934 5490 3190 5546; x_wconf 92' lang='lat' dir='ltr'><strong>mundum</strong></span> <span class='ocrx_word' id='word_1_880' title='bbox 3225 5505 3381 5561; x_wconf 88' lang='lat' dir='ltr'><strong>seges</strong></span> <span class='ocrx_word' id='word_1_881' title='bbox 3416 5488 3597 5544; x_wconf 87' lang='lat' dir='ltr'><strong>Eccle-</strong></span> 
     </span>
    </p>
   </div>
   <div class='ocr_carea' id='block_1_117' title="bbox 2002 5583 3596 5657">
    <p class='ocr_par' dir='ltr' id='par_1_117' title="bbox 2002 5583 3596 5657">
     <span class='ocr_line' id='line_1_117' title="bbox 2002 5583 3596 5657; baseline -0.003 -14"><span class='ocrx_word' id='word_1_882' title='bbox 2002 5589 2098 5643; x_wconf 65' lang='lat' dir='ltr'><strong>sia:</strong></span> <span class='ocrx_word' id='word_1_883' title='bbox 2123 5589 2433 5657; x_wconf 90' lang='lat' dir='ltr'><strong>pullularet.</strong></span> <span class='ocrx_word' id='word_1_884' title='bbox 2468 5587 2604 5641; x_wconf 89' lang='lat' dir='ltr'><strong>Sunt</strong></span> <span class='ocrx_word' id='word_1_885' title='bbox 2625 5585 2786 5639; x_wconf 89' lang='lat' dir='ltr'><strong>etiam</strong></span> <span class='ocrx_word' id='word_1_886' title='bbox 2816 5584 3148 5639; x_wconf 72' lang='lat' dir='ltr'><strong>cmliomnes</strong></span> <span class='ocrx_word' id='word_1_887' title='bbox 3174 5583 3368 5638; x_wconf 83' lang='lat' dir='ltr'><strong>animae</strong></span> <span class='ocrx_word' id='word_1_888' title='bbox 3394 5591 3596 5639; x_wconf 70' lang='lat' dir='ltr'><strong>sanctae</strong></span> 
     </span>
    </p>
   </div>
   <div class='ocr_carea' id='block_1_118' title="bbox 2004 5674 3601 5754">
    <p class='ocr_par' dir='ltr' id='par_1_118' title="bbox 2004 5674 3601 5754">
     <span class='ocr_line' id='line_1_118' title="bbox 2004 5674 3601 5754; baseline 0 -13"><span class='ocrx_word' id='word_1_889' title='bbox 2004 5692 2060 5741; x_wconf 86' lang='lat' dir='ltr'><strong>et</strong></span> <span class='ocrx_word' id='word_1_890' title='bbox 2092 5683 2289 5753; x_wconf 74' lang='lat' dir='ltr'><strong>justse,</strong></span> <span class='ocrx_word' id='word_1_891' title='bbox 2322 5682 2376 5738; x_wconf 92' lang='lat' dir='ltr'><strong>in</strong></span> <span class='ocrx_word' id='word_1_892' title='bbox 2414 5678 2608 5754; x_wconf 86' lang='lat' dir='ltr'><strong>quibus</strong></span> <span class='ocrx_word' id='word_1_893' title='bbox 2638 5677 2784 5736; x_wconf 86' lang='lat' dir='ltr'><strong>Deus</strong></span> <span class='ocrx_word' id='word_1_894' title='bbox 2818 5674 3026 5737; x_wconf 76' lang='lat' dir='ltr'><strong>habitat</strong></span> <span class='ocrx_word' id='word_1_895' title='bbox 3060 5675 3116 5735; x_wconf 88' lang='lat' dir='ltr'><strong>itt</strong></span> <span class='ocrx_word' id='word_1_896' title='bbox 3146 5676 3350 5751; x_wconf 86' lang='lat' dir='ltr'><strong>templo</strong></span> <span class='ocrx_word' id='word_1_897' title='bbox 3388 5675 3514 5737; x_wconf 87' lang='lat' dir='ltr'><strong>ﬁdei</strong></span> <span class='ocrx_word' id='word_1_898' title='bbox 3540 5683 3601 5742; x_wconf 72' lang='lat' dir='ltr'><strong>et</strong></span> 
     </span>
    </p>
   </div>
  </div>
