4028 6184
409 206 506 265 739
1368 195 1429 253 S.
1469 187 1794 249 EUCHERII
1835 178 2146 243 EPISCOPI
2183 176 2662 238 LUGDUNENSIS
3573 170 3692 233 ἰω

411 319 758 392 operationis.
804 316 935 373 Item
969 314 1195 383 coelum,
1230 322 1414 368 sancta
1448 310 1754 379 Scriptura;
1792 307 1861 363 de
1887 318 1991 375 qua
2018 301 2069 361 A
2097 299 2258 354 etiam
2304 306 2505 355 nostra!
2548 294 2723 351 carnis
2766 293 3004 364 Ροηῖίιιτο
3057 289 3179 362 quia
3222 289 3351 348 dam
3390 297 3692 350 menstrui!

410 419 564 475 nobis
587 424 640 468 et
663 414 741 465 sol
774 412 1047 481 sapietttite
1069 450 1083 477 ,
1119 418 1171 462 et
1202 408 1325 461 luna
1357 406 1628 469 scientiae,
1663 414 1716 459 et
1746 418 1810 457 ex
1851 402 1996 455 auti-

412 512 532 581 quis
558 506 796 578 patribus
825 506 993 557 stellae
1019 502 1392 564 exemplorum
1423 510 1477 553 et
1500 498 1753 552 virtutum
1781 494 1993 549 lucent:

412 603 551 674 quod
595 601 774 653 calum
807 598 933 649 sicut
963 596 1109 668 pellis
1136 594 1429 648 extenditur
1458 590 1577 657 (Ps.
1618 605 1733 653 CIII,
1763 588 1845 658 2).
1875 588 1997 657 quia

413 709 507 766 per
538 694 830 759 scriptores
853 704 977 741 suos
1010 685 1187 740 carnis
1213 686 1387 753 lingua
1416 682 1696 737 formatum
1726 689 1851 733 ante
1873 692 2001 731 ocu-

416 784 495 843 los
530 796 745 837 nostros
780 798 874 851 per
907 781 1067 835 verba
1098 779 1378 833 doctarum
1410 773 1733 845 exponendo
1762 772 2002 840 disputa-

418 889 521 934 tur.
556 878 754 939 Nubes,
778 875 1075 947 prophetae,
1103 874 1215 927 sive
1240 871 1431 936 sancti,
1460 871 1547 939 qui
1574 870 1758 939 pluant
1779 866 2002 920 verbum

419 971 655 1025 Domini.
684 968 737 1022 In
773 970 905 1022 Isaia
927 985 939 1021 :
965 965 1224 1019 Mandabo
1251 965 1467 1018 nubibus
1488 963 1706 1034 desuper
1733 975 1796 1012 ne
1820 959 2005 1031 pluant

421 1061 572 1133 (Isai.
600 1076 653 1125 v,
702 1062 776 1130 6).
831 1059 1011 1114 Nubes
1059 1059 1220 1112 etiam
1261 1057 1315 1110 in
1358 1056 1555 1109 malam
1607 1063 1836 1123 partem,
1870 1059 2006 1105 tem-

422 1172 549 1229 pora
584 1155 887 1222 iniquorum
930 1150 1195 1221 significat
1225 1166 1237 1203 :
1270 1159 1355 1215 ιιι,
1380 1147 1530 1203 Velut
1560 1149 1714 1200 nubes
1744 1155 2006 1217 pertrans-

421 1252 509 1305 ivit
537 1251 679 1303 salus
704 1264 816 1302 mea
868 1244 1008 1314 (Job.
1040 1262 1167 1309 xxx,
1201 1243 1313 1316 ιδ).
1334 1241 1616 1305 Tonitrua,
1642 1256 1800 1293 voces
1827 1237 2005 1291 Evan-

423 1343 544 1414 gelii
570 1361 581 1395 :
609 1359 673 1397 eo
699 1340 845 1411 quod
894 1340 959 1393 de
1001 1338 1141 1391 caelo
1185 1352 1252 1391 ex
1295 1337 1451 1391 dictis
1502 1334 1593 1389 Dei
1627 1333 1894 1388 intonent.
1949 1328 2006 1384 lu

423 1435 672 1503 Psalmo,
729 1433 844 1487 νοω
893 1431 1103 1483 tonitrui
1145 1430 1216 1482 tui
1260 1430 1312 1482 in
1354 1438 1467 1481 rota
1502 1424 1619 1496 (Ps.
1650 1439 1833 1485 Lxxvt,
1870 1420 2007 1487 {9);

424 1529 527 1585 hoc
557 1539 666 1589 est,
719 1528 771 1581 in
811 1534 941 1579 toto.
976 1522 1393 1577 Coruscationes
1418 1562 1431 1583 ,
1480 1517 1796 1588 Splendures
1837 1516 2011 1569 Evan-

425 1620 567 1693 gelii.
586 1618 639 1671 In
668 1619 890 1687 psalm.:
917 1614 1213 1669 Illuxernnt
1241 1614 1614 1667 coruscationes
1642 1622 1743 1667 tute
1770 1610 1880 1662 orbi
1908 1619 2011 1662 ter-

2099 392 2386 447 momentis
2435 387 2723 451 decrescit,
2773 383 3040 439 delectum
3095 391 3298 437 nostra:
3344 384 3693 442 mortalitatis

2100 483 2362 553 deSignul.
2397 482 2601 549 Stellae,
2640 478 2830 537 sancti.
2862 478 2979 532 sive
3004 476 3169 538 docti,
3204 476 3289 531 vel
3319 476 3408 545 qui
3442 478 3507 530 ad
3534 478 3694 545 justi-

2102 574 2227 633 tiam
2253 573 2526 628 erudiunt.
2555 571 2611 627 In
2645 569 2867 627 Daniele
2892 584 2907 622 ι
2932 568 3081 622 Docti
3108 578 3371 635 tamquam
3401 569 3562 624 stella
3590 570 3695 642 [ul-

2102 670 2289 741 gebunt
2315 665 2479 738 (Dan.
2507 682 2601 731 xu,
2629 665 2707 734 5).
2739 663 2978 729 Nebulae,
3004 662 3372 718 velamentum
3400 667 3689 735 mySIerio-

2103 776 2223 814 rum
2275 761 2402 826 Dei;
2449 760 2718 813 interdum
2753 770 2807 812 et
2831 757 3004 821 angeli
3039 756 3157 813 Dei.
3187 756 3244 811 lII
3289 758 3546 827 prOplIeta
3577 776 3591 814 :
3628 760 3696 815 Ει

2104 853 2301 906 nebula:
2328 851 2495 918 pulvis
2522 850 2708 922 pedum
2738 852 2851 921 ejus
2873 847 3133 920 (Na/tum.
3167 863 3216 916 I,
3250 848 3329 915 5).
3359 851 3499 904 Alias
3522 852 3697 906 aboli-

2106 945 2184 1002 tio
2214 955 2576 1013 peceatorum,
2603 954 2659 998 ut
2683 944 2868 1003 Isaias,
2894 940 3069 997 Deleri
3090 950 3144 994 ut
3172 942 3355 997 nubem
3375 944 3696 1011 iniquitatem

2109 1049 2271 1103 tuam,
2302 1049 2349 1094 et
2378 1040 2524 1111 quasi
2557 1038 2793 1093 nebulam
2833 1044 3040 1106 peccata
3070 1042 3157 1089 tua
3192 1033 3360 1107 (lsai.
3393 1053 3537 1103 xuv,
3560 1038 3692 1108 Ἡ).

2108 1133 2315 1201 Caligo,
2333 1133 2637 1186 divinorum
2657 1143 2989 1187 secretorum
3017 1130 3433 1198 operimentum.
3453 1132 3509 1187 lu
3536 1133 3695 1200 psal.:

2111 1226 2179 1283 Et
2222 1228 2387 1296 caligo
2434 1229 2522 1280 sub
2576 1226 2790 1298 pedibus
2845 1226 2957 1295 ejus
2991 1222 3112 1293 (Ps.
3146 1239 3269 1287 xvn,
3309 1225 3422 1291 10).
3456 1226 3698 1294 Ahyssus

2113 1320 2451 1390 profunditas
2467 1318 2886 1386 Scripturarutn.
2905 1316 2960 1369 In
2982 1316 3194 1385 psalm.:
3212 1316 3435 1384 Abgssus
3452 1316 3699 1385 abyssum

2111 1414 2313 1469 inuocat
2332 1410 2449 1482 (Ps.
2469 1427 2577 1474 XLI,
2601 1408 2678 1483 8).
2708 1410 2838 1465 Item
2870 1412 3096 1480 abyssus
3123 1410 3336 1465 nomine
3358 1410 3702 1476 profunditas

2113 1506 2313 1562 veteris
2334 1515 2388 1561 et
2412 1503 2535 1560 novi
2556 1503 2885 1558 'festamcnti
2912 1502 3250 1571 intelligitur;
3282 1503 3439 1561 unde.
3470 1502 3704 1571 Abyssus

2114 1597 2352 1668 abyssum
2392 1598 2622 1660 invocat;
2662 1594 2788 1649 dum
2833 1603 2987 1649 vetus
3037 1594 3445 1650 Testamentum
3500 1612 3701 1649 novum

426 1687 496 1767 ra:
524 1710 734 1782 (lbid.).
766 1709 1020 1779 Fulgura,
1050 1708 1295 1771 virtutes,
1329 1707 1414 1759 vel
1440 1703 1599 1758 verba
1627 1703 1752 1757 Jesu
1781 1700 2008 1756 Christi.
2041 1687 2089 1749 B
2116 1692 2415 1749 annuntiat.
2470 1690 2597 1746 Sive
2648 1688 2877 1759 abyssus
2925 1698 3007 1743 est
3058 1704 3213 1744 meus
3266 1690 3497 1742 humana
3520 1733 3534 1756 ,
3587 1706 3706 1759 qua:

427 1803 483 1858 In
516 1803 705 1873 psalm.
736 1821 745 1853 :
772 1801 837 1854 Et
858 1802 1066 1871 fulgura
1093 1798 1474 1869 multiplicauit,
1497 1806 1541 1852 et
1560 1794 2013 1849 conturbauiteos:

426 1894 480 1953 id
508 1906 609 1961 est,
639 1894 909 1959 inimicos,
941 1894 1023 1947 Vt‘l
1052 1892 1285 1945 JUd‘JBOS.

498 1988 828 2056 Angelorutn
883 1986 1099 2038 nomine
1147 1983 1199 2038 in
1230 1992 1415 2037 sancta
1445 1982 1721 2050 Scriptura
1756 1977 2016 2032 Dominus

428 2078 765 2149 designatur,
810 2087 867 2131 ut
909 2076 1072 2130 Isaias
1107 2085 1370 2129 testatur:
1412 2074 1476 2127 Et
1516 2072 1796 2127 vocabitur
1820 2084 2016 2125 nomen

428 2172 545 2241 ejus
578 2172 755 2239 magni
786 2170 1001 2224 Consilii
1042 2170 1289 2238 angelus.
1344 2167 1647 2233 Aliquando
1674 2165 1788 2232 ipse
1813 2162 2020 2232 angeli-

430 2282 526 2323 cus
551 2267 785 2319 chorus:
819 2276 874 2317 ut
918 2264 1075 2316 Petro
1107 2262 1389 2323 Christus,
1422 2258 1501 2313 Αη
1545 2268 1691 2326 putas
1736 2258 1859 2325 quia
1910 2271 2013 2307 non

431 2376 636 2429 possunt
674 2374 855 2427 rogare
888 2355 1092 2407 Patrem
1120 2370 1309 2416 meum,
1358 2361 1404 2404 et
1436 2349 1686 2403 exhibebit
1718 2350 1841 2401 mihi
1872 2350 2017 2418 plus-

430 2468 583 2521 quam
615 2450 887 2501 duodccim
920 2449 1141 2516 legiones
1184 2444 1482 2514 angelorum
1515 2442 1693 2515 (Matt.
1726 2458 1871 2505 xxvi,
1894 2442 2015 2508 55).

430 2542 736 2608 Aliquando
785 2540 928 2591 cives
965 2556 1046 2590 cu:
1070 2540 1199 2590 εδιιε
1242 2536 1541 2591 Jerusalem
1589 2552 1653 2589 ex
1708 2533 2021 2588 hominibus

431 2632 691 2699 aSSqupti
721 2673 736 2696 ,
779 2640 837 2683 ut
863 2632 1119 2681 Dominus
1146 2646 1194 2682 In
1222 2629 1532 2697 Evangelto,
1561 2625 1627 2680 In
1652 2626 2022 2679 resurrectione

433 2729 564 2782 enim
596 2743 756 2796 neque
778 2724 983 2784 nubent,
1022 2742 1183 2795 neque
1205 2723 1477 2787 nubentur,
1508 2723 1595 2776 sed
1626 2734 1742 2773 sunt
1768 2722 1896 2773 sicut
1921 2736 2021 2773 an-

433 2821 531 2891 geli
563 2820 655 2873 le‘ei
686 2822 736 2871 in
767 2817 893 2871 cwlo
925 2818 1103 2888 (.llatt.
1145 2832 1275 2880 uit,
1301 2818 1415 2886 50).
1450 2816 1755 2885 Aliquando
1785 2813 2021 2866 ﬁdelium

434 2914 686 2983 p0|)UlUS,
714 2920 771 2964 ut
799 2922 881 2965 est
908 2911 1059 2971 illud,
1088 2910 1280 2964 Statuit
1311 2910 1551 2963 terminos
1572 2910 1822 2978 gentium,
1846 2923 2025 2959 secun-

436 3007 558 3059 dum
591 3023 853 3059 numerum
900 3004 1127 3073 ﬁliorum
1175 3000 1342 3056 Israel
1388 3000 1563 3073 (Deut.
1610 3016 1783 3062 XXXII,
1818 2998 1904 3069 8),
1938 2998 2021 3053 vel

438 3100 749 3165 angelorum
801 3096 914 3150 Dei.
954 3096 1062 3149 lloc
1114 3096 1329 3147 nomine
1374 3096 1596 3164 quilibet
1646 3094 1808 3147 etiam
1852 3094 2026 3162 justus

438 3192 770 3255 designatur,
804 3204 859 3245 ιιι
880 3192 945 3245 de
968 3192 1173 3246 Joanne
1201 3190 1437 3258 Baptista
1473 3190 1753 3254 Dominus,
1778 3186 1911 3244 Ecce
1931 3205 2025 3259 ego

440 3287 584 3339 mitto
614 3287 851 3358 angelum
884 3300 1051 3337 meum
1077 3295 1192 3335 ante
1216 3284 1548 3353 facienttuam
1572 3280 1788 3354 (Matth.
1815 3298 1885 3350 XI,
1910 3280 2025 3352 10).

440 3377 737 3443 All-("ﬂlth
770 3377 1168 3442 praedicatores,
1196 3376 1277 3427 vI-l
1314 3376 1651 3443 sacerdmes,
1679 3385 1736 3429 ut
1766 3374 2024 3445 scriptqu

441 3478 541 3533 est,
576 3467 736 3517 Labia
778 3469 1056 3518 sacerdous
1106 3467 1398 3518 custodiunt
1442 3467 1727 3534 scientiam,
1776 3475 1820 3519 et
1865 3464 2027 3533 legem

438 3560 701 3623 requiiunt
732 3572 791 3607 ex
818 3572 902 3606 ore
932 3557 1063 3623 ejus,
1093 3557 1215 3623 quia
1241 3557 1451 3627 angelus
1480 3557 1684 3609 Domini
1714 3558 2029 3610 exercituum

440 3659 515 3703 est
544 3650 795 3714 (Malttt'lt.
829 3664 885 3709 II,
911 3648 996 3717 7).
1030 3649 1095 3702 Ει
1118 3648 1408 3716 Apostolus
1433 3666 1447 3705 :
1476 3650 1666 3704 Mulier
1692 3651 1838 3705 debet
1860 3651 2029 3705 velare

443 3752 596 3806 caput
640 3742 689 3791 in
721 3739 963 3804 ecclesia,
1002 3751 1209 3812 prapter
1239 3742 1447 3811 angelos
1479 3740 1531 3815 (Ι
1564 3742 1683 3797 Cor.
1716 3758 1788 3806 at,
1825 3743 1946 3813 l0);
1977 3741 2030 3796 id

442 3841 527 3888 est
552 3834 861 3902 episcopos;
898 3843 951 3887 et
983 3834 1345 3903 unusquisque
1377 3834 1571 3899 fidelis,
1601 3835 1743 3906 quod
1776 3836 1912 3888 bona
1936 3850 2031 3888 an-

444 3932 682 3993 nuntiat,
720 3928 895 3997 angeli
934 3943 1129 3982 nomen
1161 3928 1263 3981 sibi
1303 3927 1567 3996 vindicat,
1616 3931 1659 3983 si
1694 3928 1829 3981 bene
1860 3932 2023 3981 vivat.

444 4017 523 4075 Ad
550 4023 821 4083 ultimum,
850 4021 1094 4073 diabolus
1113 4029 1169 4073 et
1194 4028 1518 4086 coapostataa
1549 4019 1665 4087 ejus
1694 4021 1867 4089 angeli
1902 4023 2025 4077 ntali

446 4122 851 4179 nunCUpanIur;
884 4128 988 4179 quo
1016 4110 1459 4179 Iicetangelicam
1492 4112 1805 4179 dignitatem
1834 4116 2030 4171 amise-

446 4204 575 4266 rint,
607 4202 953 4256 subtilitatem
985 4212 1160 4257 tamen
1186 4205 1439 4273 angelica:
1470 4215 1676 4259 natura:
1704 4224 1806 4262 non
1834 4210 2030 4264 amise-

446 4303 598 4358 runt;
623 4308 714 4361 per
731 4308 861 4360 quos
885 4294 1105 4363 Angelos
1131 4296 1313 4360 malos,
1332 4296 1667 4352 immissiones
1687 4300 1800 4369 (Ps.
1824 4316 2028 4369 LuvIt,

447 4384 548 4456 ιθ)
583 4386 963 4439 adversitalum
989 4387 1071 4441 vel
1110 4386 1509 4455 mintudinum,
1546 4394 1901 4459 permISsione
1936 4395 2029 4449 Dei

2117 1790 2462 1855 semetipsam
2498 1800 2603 1839 non
2645 1792 2823 1852 potest
2861 1782 3355 1851 comprehendere;
3401 1783 3542 1836 unde
3587 1796 3705 1848 pro-

2120 1881 2299 1950 pheta,
2332 1878 2486 1931 Dedit
2509 1878 2724 1947 abyssus
2739 1893 2907 1929 vocem
2932 1894 3078 1929 suam
3095 1878 3157 1929 ab
3174 1878 3452 1929 altitudine
3476 1876 3703 1947 (Hebae.

2119 1988 2196 2039 III,
2226 1971 2314 2042 IO)
2349 1971 2642 2039 phantasia
2682 1985 2791 2024 sua:
2818 1987 2833 2022 :
2860 1974 2982 2039 quia
3014 1970 3139 2023 dum
3178 1971 3520 2036 semetipsum
3552 1985 3706 2024 mens

2119 2064 2349 2120 humana
2383 2080 2487 2117 non
2524 2072 2797 2129 penetrat,
2827 2077 2892 2116 ex
2931 2062 3332 2129 comparatione
3367 2062 3467 2125 sui,
3505 2060 3706 2115 divina

2122 2165 2328 2211 naturze
2354 2157 2645 2223 potentiam
2674 2170 2832 2223 quam
2865 2154 3324 2221 camprehendere
3353 2169 3453 2206 non
3482 2152 3704 2217 suiﬁcit,

2123 2252 2379 2306 humilius
2404 2251 2601 2304 laudat.
2628 2249 2724 2304 Vel
2757 2259 2923 2312 certe,
2958 2249 3392 2318 abyssnsjudicia
3425 2244 3514 2299 Dei
3550 2258 3709 2313 sunt;

2123 2358 2169 2401 et
2217 2350 2431 2416 abyssus
2482 2346 2721 2414 abyssum
2768 2347 2969 2397 invocat
3018 2341 3150 2412 (Ps.
3184 2358 3353 2409 xxxv,
3386 2343 3441 2405 '7;
3474 2355 3580 2394 ιιι.
3614 2342 3705 2407 8),

2123 2441 2336 2509 quando
2378 2438 2592 2493 occulto
2642 2438 2735 2492 llei
2786 2437 2989 2505 judicio
3038 2437 3106 2490 de
3154 2436 3513 2504 praesentibus
3556 2432 3713 2487 malis

2125 2532 2315 2585 transit
2350 2540 2603 2601 peccator
2630 2531 2695 2585 ad
2729 2542 2928 2585 acterna
2965 2530 3123 2591 mala,
3153 2539 3206 2584 et
3238 2528 3305 2582 de
3336 2530 3531 2582 ardore
3558 2528 3713 2595 cupi-

2124 2623 2348 2679 ditatum
2378 2625 2430 2678 in
2460 2625 2705 2678 flammas
2746 2626 3137 2694 gehennarum.
3172 2624 3300 2685 Bos,
3341 2625 3562 2676 verbum
3602 2623 3715 2675 Do-

2126 2717 2288 2781 mini;
2331 2717 2450 2770 ideo
2493 2718 2632 2786 quod
2684 2719 3005 2771 madefaciat
3059 2715 3335 2769 hominum
3384 2714 3577 2770 Corda.
3627 2723 3715 2778 ut,

2128 2812 2337 2876 Rornte,
2370 2813 2504 2875 cteli,
2544 2813 2760 2882 desuper
2794 2809 2955 2881 (Isai.
2994 2826 3122 2871 xcv,
3152 2810 3237 2877 8).
3273 2811 3335 2861 Et
3376 2808 3429 2862 in
3470 2809 3665 2877 psaIm.
3700 2824 3716 2863 :

2127 2904 2272 2959 Sicut
2298 2921 2383 2959 ros
2413 2904 2659 2968 llermon,
2694 2906 2779 2969 qui
2810 2904 3069 2957 descendit
3098 2905 3149 2956 in
3179 2915 3396 2954 montem
3423 2902 3547 2955 Sion
3577 2902 3597 2969 (
3612 2898 3718 2955 Ps.

2128 3015 2332 3064 cxun,
2379 3000 2460 3068 5).
2516 2999 2697 3054 Pluvia
2746 3009 3013 3067 precepts
3057 3000 3139 3052 vel
3185 2997 3426 3049 mandata
3461 2995 3717 3061 Domini;

2053 3072 2100 3137 Ο
2133 3095 2219 3149 vel
2249 3094 2407 3149 verba
2435 3106 2741 3147 sanctorum
2778 3093 3178 3162 aposmlorntn;
3210 3106 3276 3145 eu
3306 3090 3446 3158 quod
3484 3100 3718 3156 terram,

2131 3188 2182 3242 id
2214 3199 2296 3242 est
2324 3188 2572 3243 humines
2598 3188 2799 3255 irriget.
2825 3186 2879 3239 III
2913 3186 3045 3253 psal.
3070 3203 3079 3235 :
3107 3184 3345 3237 Pluviam
3372 3183 3721 3236 voluntariam

2130 3281 2409 3351 segregabit
2442 3280 2575 3333 Deus
2606 3279 2895 3331 lnereditati
2927 3290 3025 3331 tua:
3049 3276 3167 3347 9P3.
3193 3292 3355 3336 ωινιι,
3389 3274 3500 3343 Η).
3529 3275 3719 3339 Nives,

2133 3391 2226 3443 pro
2257 3375 2492 3428 eandore
2521 3374 2762 3442 justitite,
2812 3386 2865 3427 et
2901 3387 2995 3440 pro
3041 3373 3323 3441 baptismo.
3362 3368 3414 3422 III
3467 3372 3656 3438 psahn.
3700 3386 3716 3422 :

2131 3464 2349 3520 Lavabis
2384 3482 2481 3529 me,
2529 3474 2577 3519 et
2626 3480 2777 3533 super
2823 3464 2986 3516 niuem
3042 3462 3311 3516 dealbabor
3368 3459 3487 3529 (Ps.
3538 3478 3600 3526 ι..
3631 3459 3721 3527 9).

2132 3556 2370 3621 Grande,
2403 3556 2850 3611 comminationes
2880 3556 3113 3616 Domini,
3146 3554 3335 3623 quibus
3364 3561 3721 3609 enntutnaces

2132 3651 2436 3705 everberat.
2474 3651 2529 3703 In
2562 3650 2792 3719 psalm.:
2823 3644 3035 3701 Grande
3072 3655 3121 3699 et
3166 3648 3403 3699 carbones
3430 3647 3565 3716 ignis
3594 3642 3720 3717 (Ps.

2133 3759 2261 3808 ινιι,
2296 3742 2402 3815 15).
2433 3743 2564 3797 Item
2606 3745 2655 3797 in
2687 3743 2845 3795 aliam
2886 3751 3086 3808 partem
3120 3758 3133 3793 :
3167 3738 3234 3793 Et
3262 3740 3442 3792 occidit
3472 3741 3521 3791 iu
3562 3756 3727 3809 grim-

2134 3838 2253 3891 dine
2282 3839 2455 3890 vineas
2486 3854 2659 3891 eorum
2702 3834 2830 3905 (Ps.
2869 3850 3045 3890 Lxxvtt
3068 3875 3080 3895 ,
3109 3832 3233 3905 46).
3275 3833 3331 3886 In
3363 3832 3559 3900 frigore
3592 3848 3726 3886 vero

2134 3929 2293 3991 nivis,
2320 3940 2374 3984 et
2402 3930 2451 3982 in
2479 3930 2668 3983 duritia
2694 3928 2967 3996 grandinis
2990 3927 3097 3982 vita
3122 3926 3383 3993 accipitur
3405 3939 3718 3995 pravorum,

2132 4038 2252 4091 qua:
2284 4031 2339 4076 ct
2369 4032 2585 4089 torpore
2638 4022 2892 4089 frigescit,
2942 4031 2995 4074 et
3044 4035 3141 4089 per
3193 4018 3403 4072 duritia:
3459 4018 3724 4071 malitiam

2135 4114 2289 4185 perit.
2316 4113 2893 4179 Pruina.abstinentia,
2914 4128 2979 4169 eo
3006 4112 3147 4179 quod
3179 4127 3275 4181 per
3305 4114 3442 4165 hanc
3471 4112 3731 4177 frigescat

2134 4207 2281 4260 calor
2312 4204 2574 4274 corporis.
2604 4206 2661 4261 III
2703 4207 2931 4273 psalm.:
2968 4204 3156 4258 Factus
3190 4222 3301 4256 sum
3342 4206 3471 4257 sicut
3516 4215 3623 4256 uter
3664 4204 3728 4256 in

2137 4298 2325 4365 pruina
2357 4295 2477 4363 (Ps.
2519 4311 2703 4365 CXVIII,
2744 4298 2855 4363 85).
2899 4295 3248 4365 Tempestas,
3283 4295 3723 4363 persecutionum

2136 4389 2222 4443 vel
2265 4388 2664 4442 tribulationum
2699 4388 2950 4456 impetus.
3000 4387 3054 4441 lu
3092 4388 3319 4455 psaltn.:
3380 4385 3479 4448 Qui
3523 4383 3733 4439 salvum

450 4479 603 4541 Πυιυν
656 4476 887 4545 ηυτιιιάον
936 4490 985 4531 el
1032 4479 1118 4533 libi
1148 4479 1399 4533 voluerit.
1446 4481 1669 4546 ’I‘hroni,
1715 4486 1915 4555 angeli,
1952 4487 2031 4541 vel
2060 4456 2114 4519 D
2142 4500 2219 4536 me
2250 4484 2366 4554 fecit
2398 4500 2429 4535 a
2476 4482 2898 4552 pusillanimitate
2943 4482 3153 4553 spiritus
3186 4491 3229 4533 et
3260 4488 3548 4548 tentpdslale
3588 4477 3723 4543 (Ps.

448 4570 642 4628 sancti,
670 4569 752 4621 vel
773 4570 881 4637 ipsa
912 4571 1166 4639 regnandi
1188 4580 1443 4640 potestas.
1465 4574 1520 4628 In
1549 4576 1776 4645 psalmo,
1796 4577 2034 4635 Tltronus

452 4670 565 4713 tuus
598 4660 735 4713 Deus
762 4662 813 4713 in
843 4660 1088 4715 stcculum
1133 4665 1307 4717 sceculi
1352 4666 1483 4733 (Ps.
1516 4685 1658 4735 xuv,
1693 4671 1782 4739 7).
1818 4672 1947 4726 Item
1983 4674 2034 4728 in

450 4752 609 4806 aliam
644 4762 848 4821 partem
880 4755 947 4807 de
974 4755 1188 4809 diabolo
1218 4774 1229 4808 :
1264 4754 1465 4811 Ponam
1496 4762 1737 4816 thronum
1770 4780 1938 4817 meum
1967 4767 2032 4817 a1

450 4845 744 4913 aquilonem
780 4841 944 4913 (Isai.
976 4861 1084 4910 XIV,
1113 4846 1239 4915 15).
1265 4848 1452 4911 Sedes,
1498 4851 1637 4906 idem
1670 4855 1809 4923 quod
1846 4872 2032 4925 supra,

452 4937 627 5003 angeli
657 4940 738 4990 vel
778 4936 969 5001 sancti,
1000 4953 1068 4991 eo
1094 4940 1233 5008 quod
1265 4941 1315 4993 in
1347 4940 1428 4995 his
1452 4942 1711 4999 Dominus
1742 4946 1955 5014 sedeat,
1985 4958 2038 5002 et

452 5043 547 5097 per
574 5044 665 5081 eos
696 5042 791 5082 sua
810 5029 1009 5098 judicia
1043 5030 1317 5086 decernat.
1350 5032 1407 5087 In
1441 5037 1671 5104 psalmo.
1720 5036 1854 5091 Deus
1898 5041 2040 5094 sedet

404 5180 407 5181 ν
451 5135 605 5183 super
625 5123 793 5173 sedem
816 5132 1045 5174 sanctam
1068 5140 1212 5175 suam
1235 5122 1353 5196 (Ps.
1376 5142 1519 5191 XLVI,
1538 5127 1615 5197 9).
1645 5129 1757 5191 Sol,
1782 5130 2040 5185 Dominus

452 5221 611 5267 Jesns
640 5217 908 5283 (Jbrisxus,
941 5217 1030 5286 qui
1061 5217 1257 5286 lulgeat
1291 5222 1468 5274 terris.
1501 5221 1554 5274 III
1583 5222 1869 5277 Salomone
1896 5223 2041 5293 quod

452 5306 652 5362 dicturi
702 5319 828 5362 sunt
866 5310 1080 5378 reprobi
1129 5309 1181 5364 in
1224 5309 1369 5366 fine:
1416 5311 1555 5383 Ergo
1586 5316 1897 5388 soljustitia:
1938 5334 2039 5373 non

454 5400 585 5455 luxit
634 5401 780 5457 nobis
810 5403 966 5474 (Sap.
994 5420 1049 5466 v,
1081 5401 1171 5473 6).
1222 5404 1370 5459 Alias
1421 5412 1742 5475 persecutio,
1784 5420 1840 5464 ut
1884 5412 2037 5478 illud,

458 5494 588 5547 Orto
620 5495 726 5547 sole
756 5506 1002 5549 aruerunt
1034 5495 1249 5567 (Matth.
1282 5513 1359 5560 III,
1401 5498 1483 5569 6).
1520 5499 1664 5553 Luna
1695 5504 1950 5565 Ecclesia.
1977 5519 2042 5561 eo

451 5588 597 5657 quod
632 5589 682 5643 in
716 5590 816 5643 hac
855 5591 1037 5643 mundi
1074 5600 1228 5646 nocte
1278 5594 1635 5662 Iesplemlcat.
1686 5595 1741 5649 In
1791 5603 2042 5665 psalmo:

457 5678 606 5737 Fecit
633 5684 809 5736 lunam
849 5686 904 5737 in
951 5696 1173 5751 tempore
1200 5684 1330 5756 (Ps.
1364 5701 1489 5753 ctu,
1524 5687 1652 5754 l9).
1690 5688 1797 5745 Pro
1833 5691 2048 5751 defectu

2140 4591 2250 4641 LIv,
2283 4577 2357 4645 9).
2391 4576 2622 4639 Glacics,
2654 4574 2880 4627 durities
2912 4583 3278 4643 peccatorum.
3313 4570 3367 4625 In
3391 4570 3678 4623 halmnone
3708 4588 3727 4627 :

2140 4669 2286 4724 Sicut
2315 4670 2369 4721 in
2398 4683 2577 4721 sereno
2597 4667 2805 4737 glacies,
2832 4670 2903 4720 ita
2934 4667 3188 4720 solrentur
3210 4674 3415 4734 peccata
3444 4660 3725 4730 tua(Eccl.

2140 4776 2218 4825 ιιι,
2254 4760 2363 4829 17).
2401 4760 2580 4827 Venti,
2606 4759 2801 4812 animi}:
2825 4770 3154 4811 sanctorum.
3181 4757 3235 4811 III
3268 4758 3493 4826 psalm.:
3525 4753 3733 4808 Volat‘it

2140 4868 2289 4922 super
2316 4852 2499 4923 pinnas
2530 4860 2791 4904 uentorum
2822 4848 2939 4919 (Ps.
2970 4865 3103 4914 vaI,
3140 4848 3248 4920 II).
3280 4849 3410 4903 Item
3444 4848 3495 4901 in
3529 4850 3733 4902 malum

2146 4956 2371 5015 partem.
2408 4943 2463 4997 lu
2492 4942 2782 4997 Mattltmu:
2815 4937 3096 4995 Flaverunt
3130 4942 3262 4996 venti
3292 4938 3483 5011 (Matt.
3519 4954 3610 5001 vn,
3634 4940 3730 5004 Ξ).

2144 5035 2647 5106 Aquilo,diaholus,
2678 5032 2763 5089 vel
2788 5032 3030 5088 homines
3059 5033 3323 5096 infideles,
3346 5041 3441 5086 aut
3465 5031 3610 5097 mali,
3644 5030 3733 5083 vel

2144 5129 2312 5200 frigus
2343 5138 2704 5199 peccatorum.
2737 5129 2792 5184 In
2825 5126 3083 5197 propheta
3114 5144 3125 5179 :
3174 5124 3251 5183 Ah
3288 5125 3543 5195 aquilone
3573 5139 3734 5178 exar—

2147 5222 2368 5278 descvnt
2409 5222 2550 5277 mala
2600 5234 2762 5289 super
2805 5230 3023 5274 teriam.
3070 5220 3134 5273 Et
3172 5219 3298 5274 alibi
3335 5234 3350 5273 :
3388 5220 3464 5271 Ab
3490 5219 3737 5287 aquilone

2148 5316 2402 5386 pandetur
2419 5313 2609 5368 malum
2630 5312 2843 5385 (lerem.
2864 5328 2904 5381 I,
2925 5312 3035 5383 Η).
3064 5312 3129 5366 Et
3159 5312 3285 5365 aIIbi
3305 5329 3318 5365 :
3338 5311 3523 5381 Surge,
3558 5309 3737 5377 aquilo

2149 5406 2326 5479 (Cant.
2370 5425 2442 5475 Iv,
2486 5408 2606 5480 16);
2649 5407 2700 5461 id
2743 5416 2855 5474 est,
2902 5404 3119 5461 rmede.
3150 5405 3373 5469 Dexter,
3405 5403 3546 5457 idem
3589 5400 3735 5470 quod

2148 5518 2329 5574 supra.
2356 5502 2409 5557 lu
2440 5502 2732 5557 Salomone
2757 5520 2771 5554 :
2794 5502 2978 5571 Aquilo
3004 5500 3163 5555 durus
3190 5510 3367 5553 ventus
3390 5497 3572 5570 (Prov.
3601 5512 3737 5567 xxv,

2149 5594 2261 5667 25).
2288 5595 2515 5651 Nomine
2539 5607 2715 5649 autent
2739 5594 2927 5649 dexter
2952 5604 3193 5656 voeatur,
3217 5607 3283 5646 eo
3305 5596 3450 5661 quod
3482 5590 3739 5645 diabolus

2150 5705 2351 5750 nomen
2389 5688 2497 5748 sibi
2535 5688 2711 5747 dextri
2750 5694 3061 5759 praesumat,
3103 5692 3375 5769 tamquam
3418 5684 3579 5753 boui;
3619 5684 3763 5741 sita
