4028 6184
211 222 306 281 Nl

947 215 1150 277 LIBER
1190 211 1674 275 FORMULARUM
1713 204 2091 271 SPIRITALIS
2127 212 2706 275 INTELLlGENTLB.

3361 225 3470 289 712

208 337 343 409 quod
385 336 739 404 occidentem,
786 338 839 392 id
882 348 965 393 est
1003 349 1281 409 peccatum
1302 381 1317 404 ,
1365 332 1774 406 respicientibus
1803 329 1854 387 A
1879 328 2046 384 lonem
2075 331 2252 403 (Amos
2280 348 2394 401 VIII,
2424 335 2505 403 9);
2549 347 2601 392 et
2628 338 2792 393 alibi:
2835 340 2911 395 Ab
2941 343 3189 413 Aquilone
3212 352 3468 419 pandetur

208 432 393 485 dexter
421 430 525 485 ﬁat.
550 433 767 499 Auster,
788 434 934 488 calor
952 434 1094 488 ﬁdei.
1120 434 1175 490 In
1202 434 1337 505 psal.
1361 453 1373 487 :
1399 435 1775 489 Sicuttorrens

206 523 257 577 in
286 534 464 578 austro
492 524 611 596 (Ps.
650 541 815 596 cxxv,
848 526 926 599 4).
962 529 1057 582 Est
1099 539 1151 583 et
1180 528 1417 598 Spiritus
1444 537 1683 595 sanctus,
1718 534 1778 579 ut

204 616 293 681 ibi,
324 618 504 688 Surge,
535 619 731 689 aquilo,
758 631 805 675 el
830 624 942 676 veni
962 633 1132 676 auster
1156 622 1327 691 (Cant.
1362 638 1434 689 tv,
1466 622 1522 693 6)
1549 638 1560 672 :
1592 620 1645 674 id
1672 628 1775 685 est,

201 708 427 776 Recede,
460 712 696 778 diabole,
731 723 784 768 et
816 716 968 785 veni,
1001 716 1222 785 spiritus
1250 715 1409 768 alme.
1443 714 1573 777 Aer,
1601 711 1774 765 inani-

204 803 321 856 tatis
358 804 682 859 enuntiatio.
725 806 779 859 In
815 808 1114 875 Apostoln:
1146 807 1236 863 Sic
1277 821 1470 879 pugno,
1501 820 1604 858 non
1632 804 1777 874 quasi

200 910 357 949 aerem
388 898 655 951 verberans
688 897 744 971 (Ι
774 898 893 955 Cor.
926 916 998 967 ιι,
1034 898 1171 972 26);
1217 901 1269 955 id
1300 904 1415 967 est",
1449 915 1555 955 non
1598 897 1775 953 inania

197 999 527 1043 consectans.

256 1080 551 1149 Tempora,
579 1093 884 1151 opportuna
910 1083 1219 1139 distributio
1240 1085 1535 1139 voluntatis
1556 1084 1772 1138 divinae.

192 1171 246 1227 In
279 1173 532 1227 Psalmo:
584 1172 733 1227 Fecit
780 1176 957 1230 lunam
988 1178 1041 1230 in
1086 1186 1315 1246 tempora
1355 1176 1474 1249 (Ps.
1509 1191 1622 1243 cut,
1662 1172 1772 1246 l9).

190 1265 294 1321 Ver
323 1269 440 1321 vita:
489 1270 794 1335 renovatio,
824 1271 909 1324 vel
940 1285 1036 1339 per
1063 1271 1415 1338 baptismum,
1448 1268 1531 1322 vcl
1562 1282 1661 1337 per
1688 1281 1775 1321 re-

188 1362 605 1415 surrectionem.
653 1363 707 1416 In
751 1362 993 1429 psalmo:
1027 1360 1285 1415 zEstatem
1327 1370 1371 1416 et
1416 1377 1500 1414 ver
1527 1370 1581 1413 tu
1611 1358 1774 1428 fecisti

187 1468 242 1505 ea
268 1451 382 1523 (Ps.
419 1470 610 1519 Lxxm,
647 1454 757 1523 I7).
788 1453 976 1509 Estas
999 1465 1238 1509 venturo:
1262 1454 1611 1523 jucunditatis
1642 1468 1774 1522 pra:-

189 1546 449 1614 ﬁguratio.
490 1548 547 1601 In
578 1547 805 1615 psalmo,
837 1556 893 1601 ut
922 1561 1105 1616 supra.
1145 1548 1346 1610 Ilicms,
1372 1560 1613 1615 prteseus
1638 1544 1770 1609 vita,

187 1640 517 1706 persecutio,
551 1639 632 1693 vel
667 1639 962 1693 tribulatio.
990 1639 1043 1692 In
1072 1640 1397 1709 Evangelio:
1434 1638 1500 1693 Ut
1537 1656 1635 1692 non
1679 1637 1771 1707 ﬁat

1880 421 2073 476 malum
2106 422 2238 494 (Jer.
2273 441 2310 490 ι,
2344 428 2453 496 14).
2492 428 2663 493 Mane,
2696 431 2784 485 lux
2814 442 3029 489 actuum
3066 437 3353 509 bonorum,
3380 443 3471 504 vel

1878 511 2221 582 baptismum,
2246 516 2331 570 vel
2356 522 2684 576 resurrectio
2714 523 3008 581 Dominica.
3034 528 3089 583 In
3116 533 3283 600 psal.:
3309 534 3471 593 Mans

1880 606 2057 661 astabo
2087 607 2197 674 tibi,
2241 618 2285 662 et
2324 609 2502 663 videbo
2528 611 2646 681 (Ps.
2677 630 2729 680 v,
2761 615 2841 683 5);
2873 627 2925 671 et
2953 618 3080 673 alibi
3108 637 3120 674 :
3152 621 3199 675 Α
3228 626 3470 683 custodia

1878 702 2133 754 matutina
2178 720 2335 773 usque
2371 705 2438 757 ad
2480 716 2677 760 noctem
2717 720 2884 779 speret
2925 711 3096 768 Israel
3140 716 3196 770 in
3244 716 3468 775 Domino

1881 789 1997 863 (Ps.
2029 806 2208 861 cxxtx,
2241 793 2320 869 6),
2354 795 2407 851 id
2448 807 2532 852 est
2567 813 2595 851 a
2638 806 3045 862 resurrectione
3088 806 3301 865 Domini
3341 827 3466 883 spes

1880 896 2088 953 nostra,
2123 903 2290 957 usque
2332 890 2383 943 in
2416 889 2577 946 ﬁnem
2618 895 2820 963 saeculi,
2865 897 2915 950 id
2958 909 3040 953 est
3082 900 3221 956 diem
3254 903 3463 972 jUtliCli.

1880 976 1984 1034 Per
2012 997 2172 1037 mane
2199 984 2360 1037 etiam
2389 985 2472 1040 vel
2504 987 2847 1055 matutinum,
2878 994 3159 1059 praesentis
3186 997 3311 1051 vita:
3340 1013 3466 1067 pro-

1881 1075 2111 1143 speritas
2141 1076 2492 1146 significatur,
2540 1089 2598 1133 ut
2634 1081 2804 1136 illud:
2850 1083 2937 1138 Va:
2979 1086 3088 1155 tibi,
3125 1098 3279 1154 terra,
3315 1095 3463 1162 cujus

1880 1181 1972 1219 rex
2004 1168 2209 1235 juvenis
2252 1180 2347 1235 est,
2400 1178 2447 1223 et
2493 1175 2642 1243 cujus
2690 1176 2945 1245 principes
2998 1196 3147 1235 mane
3194 1187 3464 1243 comedunt

1880 1257 2048 1331 (Eccl.
2082 1278 2133 1329 x,
2172 1262 2286 1333 £6);
2333 1280 2491 1320 mane
2536 1278 2711 1322 autem
2744 1272 3050 1340 comedunt,
3083 1278 3170 1345 qui
3202 1277 3269 1332 de
3305 1279 3462 1350 hujus

1879 1354 2062 1407 mundi
2095 1357 2545 1424 prosperitatibus
2587 1362 2938 1429 extolluntur,
2969 1366 3094 1421 dum
3126 1369 3177 1422 in
3218 1379 3463 1429 extremo

1879 1442 1994 1511 ejus
2026 1444 2289 1499 deberent
2330 1450 2653 1516 prtestolari,
2689 1453 2787 1506 frui
2829 1458 3046 1511 aeternis
3092 1457 3457 1518 felicitatibus.

1882 1533 2151 1603 Meridies,
2200 1538 2353 1606 plana
2403 1541 2764 1597 doctrinarum
2811 1544 3182 1620 factorumque
3221 1553 3459 1609 claritas.

1880 1623 1937 1679 In
1969 1626 2207 1681 Salom.:
2254 1628 2352 1683 Ubi
2382 1631 2536 1685 cubas
2572 1634 2625 1686 in
2662 1636 2876 1689 meridie
2916 1638 3088 1706 (Cant.
3122 1658 3156 1709 ι,
3194 1643 3272 1711 6).
3304 1644 3369 1698 Et
3409 1646 3463 1701 in

186 1738 350 1781 vestra
378 1733 507 1799 fuga
532 1728 716 1796 hieme,
748 1730 827 1783 vel
852 1730 1061 1783 sabbato
1093 1708 1268 1800 (Matt.
1295 1747 1437 1797 xxiv,
1463 1730 1575 1801 20).
1605 1729 1769 1792 Anni,
1802 1708 1848 1767 Β
1878 1718 2069 1771 malam
2105 1731 2309 1787 partem
2341 1722 2394 1775 in
2430 1724 2565 1791 psal.
2596 1741 2610 1776 :
2644 1727 2685 1778 A
2730 1728 2980 1783 dmmonio
3012 1708 3297 1789 meridiano
3340 1734 3459 1808 (Ps.

181 1819 475 1888 aliquando
507 1836 603 1888 pro
627 1823 929 1876 :eternilate
949 1821 1302 1891 accipiuntur,
1330 1832 1384 1876 ut
1411 1822 1482 1877 ibi
1508 1840 1520 1872 :
1553 1821 1619 1875 Et
1650 1824 1772 1875 anni

184 1911 257 1963 tui
286 1928 389 1963 non
413 1912 653 1977 deﬁcient
684 1911 802 1983 (Ps.
830 1928 903 1980 Cl,
938 1913 1050 1983 28).
1085 1914 1360 1968 interdum
1397 1923 1450 1968 et
1479 1930 1574 1981 pro
1598 1914 1774 1966 brevi-

183 2011 288 2057 tate
322 2004 481 2073 hujus
507 2008 653 2066 vitm,
684 2017 741 2061 ut
774 2006 897 2061 hic:
928 2007 1070 2060 Anni
1098 2008 1261 2060 nostri
1290 2016 1551 2078 tamquam
1582 2022 1773 2058 aranea

181 2098 559 2151 meditabantur
588 2098 704 2170 (Ps.
746 2115 965 2164 Lxxxu,
998 2100 1077 2168 5).
1126 2100 1386 2153 Mensium
1431 2098 1651 2153 nomine
1683 2098 1772 2167 qui

180 2186 369 2243 diebus
422 2192 829 2257 coadunaulur,
880 2190 1229 2246 collectiones
1276 2192 1579 2243 animarum
1625 2189 1771 2243 desi-

179 2292 435 2349 gnantur,
467 2284 548 2336 vel
578 2282 834 2350 perfectio
858 2293 1191 2348 sanctorum,
1222 2292 1278 2337 ut
1306 2282 1374 2337 ibi
1404 2300 1415 2336 :
1444 2281 1557 2335 Erit
1589 2283 1773 2335 mensis

178 2390 239 2428 ea:
289 2392 469 2429 mense
516 2375 666 2448 (lsai.
715 2394 866 2445 vat,
895 2377 1024 2447 25):
1053 2378 1305 2431 videlicet
1350 2378 1429 2431 eis
1463 2378 1513 2430 itt
1562 2378 1767 2447 requie,

177 2468 376 2536 quibus
407 2483 551 2522 nunc
582 2468 835 2537 perfectio
878 2469 1041 2523 fuerit
1088 2470 1140 2523 in
1170 2472 1502 2540 operatione.
1555 2470 1677 2523 Dies
1720 2479 1773 2523 et

176 2573 307 2624 nox,
352 2560 566 2629 justitia
613 2570 665 2614 et
707 2561 979 2631 iniquitas,
1022 2561 1153 2614 ﬁdes
1199 2570 1254 2614 et
1304 2560 1612 2625 infidelitas,
1649 2576 1772 2629 pto-

176 2663 338 2719 spera
375 2658 434 2704 et
466 2651 712 2706 adversa.
750 2652 805 2705 In
832 2653 966 2721 psal.
992 2669 1004 2705 :
1032 2650 1098 2705 In
1130 2652 1211 2704 die
1235 2654 1493 2705 mandavit
1524 2652 1773 2706 Dominus

178 2743 589 2796 misericordiam
609 2762 778 2810 suam,
803 2754 849 2797 et
870 2746 921 2797 in
944 2753 1088 2798 nocte
1109 2746 1407 2799 declaravit
1430 2743 1545 2809 (Ps.
1566 2761 1673 2810 xu,
1690 2744 1771 2815 9).

177 2831 402 2888 Dierum
447 2835 662 2890 nomine
690 2836 1006 2906 intelligitur
1034 2838 1195 2891 etiam
1230 2838 1548 2891 illuminatio
1577 2839 1772 2891 divina:

176 2928 367 2995 gratia:
397 2944 494 2996 per
521 2928 734 2984 diversa
765 2930 903 2985 dona
932 2931 1210 2984 virtutum.
1230 2931 1359 2985 Item
1390 2932 1505 2985 d:es
1528 2931 1775 2997 designat

175 3023 443 3090 angelum
486 3034 827 3092 apostatam:
861 3024 989 3077 dum
1022 3024 1125 3078 Job
1156 3024 1227 3077 ita
1254 3026 1520 3091 loquitur:
1552 3022 1771 3075 Maledi«

1878 1826 1967 1877 xc,
2003 1812 2081 1881 6),
2135 1812 2187 1866 id
2233 1822 2315 1867 est
2362 1815 2670 1871 manifesto.
2707 1818 2962 1888 Vespere,
3018 1824 3139 1878 finis
3185 1828 3329 1889 vitm,
3378 1830 3463 1884 vel

1874 1904 2079 1965 Surculi,
2109 1904 2193 1956 vel
2235 1919 2428 1971 pmua;
2460 1906 2509 1958 in
2544 1921 2625 1974 ps.
2655 1925 2669 1959 :
2716 1909 2796 1960 Ad
2829 1927 3092 1981 vesperum
3118 1916 3463 1971 demorabitur

1873 1996 2041 2065 ﬂetus,
2066 2006 2112 2048 et
2143 1996 2210 2047 ad
2240 1997 2545 2049 matutinum
2574 1997 2767 2052 ltetitite
2797 2000 2912 2071 (Ps.
2958 2019 3106 2069 xxrx,
3138 2006 3215 2075 6).
3246 2008 3463 2064 Aurora:

1874 2087 2090 2143 nomine
2132 2104 2286 2143 mens
2322 2089 2587 2157 justnrum
2639 2095 2919 2162 accipitur,
2952 2111 3069 2165 qme
3120 2105 3326 2167 peccati
3379 2104 3460 2155 sui

1877 2181 2123 2235 tenebras
2167 2182 2496 2253 relinquens,
2531 2184 2596 2238 ad
2641 2186 2813 2239 lucem
2858 2192 3054 2257 erupit,
3088 2193 3200 2245 sole
3237 2193 3461 2261 justitiaa

1875 2272 2171 2327 illmninata
2205 2273 2378 2343 (Cant.
2405 2290 2480 2341 vr,
2511 2275 2590 2345 9).
2620 2277 2835 2331 Arcturi
2866 2282 3105 2343 nomine,
3139 2282 3229 2351 qui
3260 2284 3309 2336 in
3335 2286 3461 2340 coeli

1875 2379 1975 2419 axe
2005 2364 2327 2419 constitutus
2359 2365 2444 2420 VII
2482 2368 2760 2423 stellarum
2791 2371 2958 2425 radiis
2982 2372 3168 2443 fulget,
3202 2376 3460 2433 Eccle~im

1874 2458 2195 2512 universalis
2234 2460 2577 2529 exprimitur,
2622 2478 2741 2532 quae
2793 2464 2844 2519 in
2896 2468 3067 2534 Apoc.
3111 2467 3195 2523 ιο.
3243 2485 3336 2539 per
3379 2472 3465 2528 \II

1875 2550 2082 2605 Eccles.
2115 2559 2170 2604 et
2202 2550 2286 2605 VII
2317 2552 2642 2607 candelabra
2676 2556 2934 2623 ﬁguratur
2961 2558 3202 2629 (Apocal.
3249 2577 3296 2628 t,
3345 2561 3457 2634 20).

1875 2640 2101 2696 Oriones
2153 2642 2205 2695 in
2240 2644 2478 2709 pondere
2526 2643 2719 2699 hiemis
2746 2648 3004 2713 orientes,
3057 2660 3274 2707 sanctos
3311 2654 3459 2708 desi-

1876 2745 2039 2803 gnant
2070 2745 2359 2807 martyres,
2381 2738 2521 2807 quod
2551 2740 2759 2808 pondus
2791 2746 3225 2814 persequentium
3250 2756 3302 2798 et
3326 2747 3462 2804 hanc

1875 2830 2038 2883 vitam
2070 2832 2360 2885 amantium
2394 2834 2752 2899 pertulerunt,
2785 2844 2838 2889 et
2859 2839 2922 2890 ad
2945 2839 3064 2893 caeli
3095 2841 3281 2893 raciem
3305 2842 3462 2907 quasi

1878 2919 1930 2972 in
1968 2922 2141 2975 hieme
2186 2935 2469 2979 venerunt.
2529 2924 2742 2993 Hyades
2770 2941 2799 2979 a
2832 2928 3017 2982 Gratca
3061 2929 3236 2983 littera
3267 2954 3297 2984 υ
3328 2948 3462 2986 nun-

1878 3022 2104 3075 cupatas,
2150 3027 2179 3064 a
2229 3014 2385 3081 cujus
2430 3018 2597 3068 torma
2648 3033 2753 3069 nun
2795 3018 3104 3084 discrepant
3150 3022 3375 3087 vi~ione,
3408 3036 3462 3079 et

173 3083 296 3167 cant
318 3114 367 3165 ei
396 3114 487 3181 qui
512 3083 821 3167 maledicunt
849 3115 953 3168 diei
988 3112 1108 3182 (Job
1159 3130 1234 3180 tn,
1269 3117 1347 3182 8).
1385 3115 1567 3167 Noctis
1594 3124 1771 3167 autem

1883 3108 2011 3154 orta:
2059 3102 2268 3170 pluvias
2313 3105 2579 3159 atterunt:
2621 3117 2837 3162 sanctos
2875 3111 3273 3179 prmdicatores,
3318 3083 3461 3184 quod

175 3206 432 3267 nomine,
479 3204 567 3258 vel
627 3220 777 3258 error
816 3205 1134 3273 ignorantia:
1180 3204 1433 3269 caecitas,
1486 3205 1568 3257 vel
1615 3206 1773 3258 etiam

176 3296 379 3352 mortis
424 3296 695 3350 acerbitas
724 3296 1004 3366 accipitur.
1044 3296 1250 3351 Lumen
1298 3306 1353 3351 et
1400 3298 1657 3362 tenebrae,
1705 3300 1776 3352 ita

176 3389 426 3443 maxime
474 3387 811 3457 accipiuntur
852 3398 909 3441 ut
944 3389 1057 3442 dies
1106 3397 1160 3441 et
1206 3403 1329 3442 nox.
1376 3387 1430 3440 In
1463 3403 1549 3457 ep.
1584 3390 1774 3444 Joan.:

180 3478 288 3545 Qui
320 3480 499 3551 diligit
527 3480 738 3550 fratrem
767 3496 938 3545 suum,
963 3480 1017 3533 in
1053 3480 1244 3534 lumine
1273 3491 1482 3535 manet:
1502 3484 1588 3551 qui
1609 3491 1777 3535 autem

179 3572 292 3626 odit
326 3573 546 3641 fratrem
572 3589 741 3636 suum,
763 3572 819 3625 in
849 3573 1064 3625 tenebris
1089 3582 1161 3626 est
1191 3574 1233 3642 (l
1261 3570 1418 3626 Joan.
1451 3589 1511 3636 tt,
1542 3574 1651 3643 10).
1678 3575 1778 3629 Per

179 3663 377 3719 lumen
413 3668 573 3718 etiam
604 3666 830 3719 intentio
854 3667 1035 3720 cordis
1061 3667 1385 3721 declaratur.
1410 3666 1631 3732 Umbra,
1657 3683 1781 3735 pro-

179 3761 353 3815 tectio
382 3760 590 3812 divina.
626 3759 679 3813 in
709 3775 789 3828 ps.
818 3778 831 3814 :
860 3759 969 3815 Sub
997 3760 1173 3814 umbra
1196 3762 1398 3814 alarum
1430 3771 1632 3815 tuarum
1664 3778 1781 3827 pro-

183 3861 297 3922 tege
329 3866 415 3902 me
448 3848 567 3917 (Ps.
610 3866 721 3915 xvt,
750 3851 830 3919 8).
876 3850 1022 3905 Alias
1069 3852 1287 3915 oblivio,
1324 3853 1405 3907 vel
1452 3864 1688 3922 peccata,
1724 3862 1781 3907 ut

181 3941 292 3996 ibi:
332 3940 585 3995 Sedenles
613 3942 667 3994 in
699 3945 912 3997 tenebris
934 3952 981 3997 et
1011 3945 1063 3996 in
1106 3944 1283 3996 umbra
1314 3946 1492 3997 mortis
1522 3944 1639 4015 (Ps.
1672 3961 1778 4011 CVI,

186 4031 302 4102 10).
347 4032 553 4087 Umbra
582 4043 663 4086 est
695 4033 985 4102 aliquando
1014 4033 1299 4089 delectatio
1327 4046 1692 4103 peccatorum,
1728 4045 1783 4090 ut

185 4124 239 4178 in
268 4126 407 4179 Job:
446 4124 553 4181 Sub
583 4126 765 4179 umbra
794 4127 983 4180 dormit
1022 4128 1074 4181 in
1118 4138 1308 4183 secreto
1364 4130 1487 4199 (Job
1538 4146 1625 4190 ιι..
1668 4127 1778 4201 16).

187 4215 408 4273 Rursus
440 4219 628 4273 umbra
671 4222 1000 4275 oblivionem
1034 4224 1250 4291 mentis,
1281 4224 1363 4277 vel
1397 4235 1622 4277 mortem
1667 4239 1784 4278 car-

186 4310 295 4379 nis,
324 4310 416 4365 vel
444 4310 793 4367 imitationem
819 4313 1017 4367 diaboli
1058 4314 1344 4384 signiﬁcat.
1366 4314 1522 4369 Lucis
1544 4331 1780 4381 nomine,

190 4402 503 4468 Dominus,
554 4404 637 4457 vel
695 4406 918 4473 quilibet
983 4406 1160 4473 justus
1219 4407 1560 4475 intelligitur,
1616 4419 1673 4460 ut
1728 4409 1782 4462 in

1878 3192 2058 3247 verbis
2087 3194 2273 3261 pluunt
2303 3206 2357 3248 et
2393 3197 2553 3250 corda
2585 3197 2858 3252 hominum
2901 3203 3189 3257 salubriter
3215 3206 3459 3275 irrigant,

1879 3285 2181 3354 signiﬁcant
2209 3304 2221 3339 :
2253 3288 2399 3350 ὑετὸς
2438 3304 2667 3360 namque
2700 3291 2907 3359 Grtece,
2953 3294 3111 3350 imber
3163 3297 3351 3355 Latine
3379 3299 3463 3356 di-

1880 3380 2038 3435 citur.

2460 3450 2732 3511 CAPUT
2789 3456 2889 3516 IV.

2495 3568 2573 3623 De
2605 3569 2858 3627 Terrenis.

1954 3657 2139 3724 Terra,
2173 3657 2335 3714 homo
2361 3659 2499 3728 ipse.
2532 3660 2586 3714 In
2622 3661 2863 3731 Evang.:
2896 3666 3054 3718 Aliud
3074 3670 3253 3722 cecidit
3274 3671 3327 3724 in
3353 3680 3460 3726 ter-

1880 3769 1992 3806 ram
2014 3754 2196 3805 bonam
2228 3751 2419 3823 (Marc.
2451 3768 2523 3819 tv,
2550 3754 2628 3823 8).
2650 3753 2779 3808 Item
2808 3772 2820 3807 :
2845 3755 3005 3810 Terra
3027 3775 3098 3821 es,
3129 3773 3176 3814 et
3204 3764 3253 3814 in
3278 3774 3464 3818 terram

1881 3843 1977 3897 ibis
2018 3840 2166 3913 (Gen.
2209 3858 2289 3909 nt,
2327 3842 2436 3912 19).
2476 3843 2606 3898 Item
2639 3845 2691 3897 in
2726 3845 2918 3899 malam
2959 3861 3196 3916 partem,
3243 3852 3309 3904 de
3343 3868 3466 3918 pec-

1883 3948 2065 3991 catore
2090 3953 2104 3991 :
2137 3937 2348 3991 Terram
2369 3938 2484 3991 edes
2509 3937 2740 3991 omnibus
2769 3937 2944 3991 diebus
2964 3940 3196 3993 vincture
3216 3940 3369 4012 (Gen.
3386 3960 3463 4011 ιιι,

1886 4031 1996 4099 tl).
2026 4031 2212 4096 Aliter,
2259 4040 2399 4085 terra
2448 4030 2819 4100 intelliguntur
2853 4032 2942 4100 qui
2989 4034 3215 4089 terrenis
3260 4034 3468 4092 actibus

1884 4124 2165 4192 occupati,
2216 4136 2312 4191 per
2355 4123 2731 4193 eleemosyuas
2774 4134 2827 4178 et
2873 4123 3137 4195 lacrymas
3181 4126 3244 4179 ad
3300 4127 3466 4181 vitam

1886 4226 2139 4271 aeternam
2162 4221 2484 4285 perveniunt
2508 4232 2523 4270 :
2547 4217 2689 4271 unde
2708 4218 2839 4286 psal.
2865 4218 3467 4273 :Adoocavitcoelumde-

1883 4324 2109 4370 sursum,
2126 4318 2173 4360 et
2189 4321 2370 4361 terram
2385 4309 2673 4362 discernere
2685 4310 2929 4377 populum
2943 4311 3112 4382 suum(
3122 4310 3210 4363 Ps.
3228 4327 3370 4371 thx.
3387 4313 3465 4382 4).

1889 4401 2071 4466 Arida,
2106 4400 2421 4453 ittf'ructuOsi
2470 4400 2748 4454 homines:
2785 4402 2836 4453 itt
2871 4400 3027 4455 Salo:
3064 4402 3331 4473 Geaperire
3360 4407 3470 4459 ari-

190 4492 444 4565 Evang.:
478 4466 603 4547 Erat
625 4466 852 4548 lux-vera
878 4466 1000 4565 qua;
1019 4497 1273 4549 illuminat
1304 4466 1499 4550 omnem
1530 4500 1782 4551 hominem
1812 4466 1865 4525 Β
1890 4494 2011 4548 dam
2054 4492 2255 4545 malitia
2284 4502 2330 4545 et
2374 4492 2645 4545 dolositate
2688 4491 2855 4561 (Eccl.
2895 4508 3104 4555 xxxvtt,
3152 4496 3229 4564 ‘5).
3265 4496 3469 4564 Pulvis,

187 4589 483 4641 venientem
517 4588 569 4639 in
600 4586 737 4639 hunc
766 4592 1015 4641 mundum
1061 4588 1237 4655 (Joan.
1273 4604 1311 4651 t,
1345 4591 1421 4659 9).
1458 4592 1524 4644 Et
1554 4595 1782 4657 Aposto-

187 4677 316 4733 lus:
370 4675 575 4729 Fuistis
602 4677 882 4742 aliquando
929 4680 1163 4743 tenebrae,
1219 4696 1355 4732 nunc
1383 4690 1553 4733 autem
1601 4681 1691 4733 tua:
1729 4682 1785 4734 in

193 4770 428 4825 Domino
459 4768 619 4839 (Eph.
652 4785 706 4831 v,
740 4770 819 4839 8).
856 4770 1072 4824 Ponitur
1092 4774 1248 4824 etiam
1275 4788 1373 4840 pro
1396 4774 1786 4829 illuminatione

188 4863 347 4930 ﬁdei,
386 4867 443 4913 et
470 4874 566 4927 pro
590 4860 716 4912 vita.
751 4860 912 4920 liora,
938 4865 1211 4932 quingenti
1238 4866 1314 4932 (ut
1341 4874 1527 4933 putant
1546 4866 1783 4940 quidam)

189 4954 327 5010 anni
354 4971 366 5005 :
424 4952 468 5005 si
506 4952 719 5020 quando
749 4953 865 5008 dies
912 4970 1007 5021 pro
1040 4966 1149 5008 toto
1196 4959 1378 5012 tnuudi
1409 4958 1560 5012 istius
1591 4962 1790 5016 saeculo

194 5046 507 5116 accipitur:
531 5044 584 5098 in
607 5045 846 5113 Epistola
869 5046 987 5101 Jo.:
1019 5046 1199 5103 Filioli
1226 5052 1342 5115 mei,
1373 5054 1644 5106 novissima
1662 5055 1792 5109 hora

198 5148 273 5194 est
303 5139 350 5209 (I
388 5134 547 5190 Joan.
588 5153 647 5202 ιι,
682 5137 795 5207 18).
827 5140 1018 5194 Oriens
1047 5184 1061 5207 ,
1095 5144 1215 5209 quia
1259 5144 1326 5197 ab
1366 5145 1458 5198 illa
1501 5158 1654 5214 parte
1703 5149 1791 5202 lux

198 5232 403 5296 oritur,
456 5230 741 5286 Salvator:
792 5233 1029 5286 maxime
1073 5234 1123 5286 in
1180 5233 1316 5289 Luca
1357 5252 1372 5289 :
1412 5236 1645 5292 Visitavit
1698 5256 1793 5293 nos

204 5322 404 5377 Oriens
435 5338 496 5375 ea:
523 5322 649 5377 alto.
680 5322 745 5378 Et
793 5323 845 5376 in
885 5323 1045 5382 Zach.
1086 5342 1098 5378 :
1131 5323 1263 5379 Ecce
1300 5329 1377 5381 uir
1403 5328 1583 5383 Oriens
1613 5347 1794 5386 nomen

201 5417 316 5488 ejus
351 5412 510 5483 (Luc.
542 5429 583 5479 I,
612 5415 722 5485 78).
767 5415 1051 5482 Occidens,
1079 5420 1202 5472 vitae
1245 5421 1485 5475 melioris
1529 5422 1791 5478 defectus.

202 5506 263 5562 In
308 5505 619 5576 propheta:
654 5508 861 5563 Occidet
890 5512 1025 5566 vobis
1065 5512 1143 5566 sol
1168 5514 1219 5567 in
1250 5516 1458 5569 meridie
1498 5514 1679 5585 (Zach.
1720 5533 1792 5584 vt,

204 5600 328 5671 12).
369 5600 713 5667 Aquilonaris
756 5620 879 5673 pars
923 5622 1138 5675 semper
1187 5611 1239 5663 itt
1284 5612 1512 5666 adverso
1552 5614 1793 5681 pOlllllll',

203 5704 265 5751 ω
291 5690 498 5761 proph.
524 5692 590 5747 de
616 5695 830 5752 diabolo
857 5718 871 5754 :
902 5697 1104 5753 Ponant
1141 5702 1309 5756 sedent
1348 5722 1513 5759 meum
1541 5705 1609 5758 ad
1636 5706 1796 5763 Aqui-

1890 4594 2223 4655 peccatores,
2251 4585 2335 4637 vel
2356 4583 2532 4637 carnis
2560 4583 2793 4636 vanitas:
2820 4586 2871 4636 in
2893 4584 3083 4651 psalm.
3105 4602 3118 4638 :
3138 4585 3286 4641 Sicut
3308 4591 3472 4658 pulvis

1891 4696 2036 4750 quem
2069 4679 2275 4750 projicit
2305 4687 2480 4731 ventus
2528 4676 2643 4747 (Ps.
2690 4693 2725 4742 t,
2756 4676 2833 4749 4).
2879 4678 3091 4747 Lutum,
3126 4696 3472 4750 peceatorum

1893 4774 2157 4843 glutinum
2190 4789 2202 4824 :
2247 4773 2300 4826 in
2334 4786 2413 4840 ps.
2451 4788 2462 4822 :
2498 4770 2656 4839 Eripe
2696 4789 2774 4825 me
2817 4776 2880 4827 de
2913 4773 3019 4827 lttto
3055 4786 3108 4828 ut
3139 4793 3241 4830 non
3284 4780 3475 4849 infigar

1897 4865 2012 4937 (Ps.
2037 4880 2220 4929 uvut,
2246 4862 2354 4931 15).
2380 4865 2510 4919 Itent
2539 4865 2589 4918 in
2622 4864 2778 4918 aliam
2804 4876 3030 4934 partem.
3060 4866 3117 4921 In
3146 4868 3335 4923 Joan.:
3369 4869 3472 4925 Lu-

1896 4970 2002 5013 tum
2033 4960 2169 5028 fecit,
2203 4970 2246 5012 et
2271 4959 2433 5012 linivit
2452 4959 2625 5012 oculos
2652 4976 2786 5013 meos
2808 4958 2989 5031 (Joan.
3025 4977 3098 5031 ιιι,
3134 4962 3242 5033 11).
3268 4963 3474 5022 Montes

1898 5053 2176 5119 Dominus,
2206 5052 2469 5115 Ecclesia,
2489 5051 2740 5119 apo~toli,
2761 5053 2872 5105 sive
2891 5054 3083 5118 sancti,
3108 5070 3135 5108 a
3160 5056 3475 5115 celsitudine

1895 5146 2149 5199 virtutum
2183 5162 2195 5196 :
2230 5144 2281 5198 in
2315 5159 2431 5212 ps.:
2469 5143 2570 5208 Qui
2608 5144 2865 5197 descendit
2906 5159 3056 5215 super
3082 5156 3301 5202 montem
3346 5150 3476 5204 Sion

1898 5234 2017 5310 (Ps.
2042 5250 2243 5301 cum,
2270 5235 2346 5304 5).
2374 5233 2501 5287 Item
2528 5232 2784 5303 propheta
2808 5251 2819 5288 :
2851 5232 2967 5286 Erit
2995 5252 3138 5290 mons
3165 5238 3345 5292 domus
3372 5239 3479 5292 Do-

1901 5327 2026 5379 mini
2072 5342 2225 5390 super
2268 5325 2500 5379 uerticem
2548 5326 2796 5378 montium
2847 5324 2979 5399 (lsa.
3018 5342 3079 5393 lt,
3124 5328 3204 5400 2).
3243 5330 3372 5385 Item
3422 5331 3478 5387 in

1902 5419 2061 5472 aliam
2095 5417 2331 5486 proph.:
2369 5416 2450 5470 Ne
2494 5418 2699 5486 quando
2735 5418 2993 5485 offendant
3030 5421 3180 5486 pedes
3224 5424 3377 5475 rostri
3413 5424 3479 5478 ad

1901 5522 2092 5565 montes
2132 5510 2439 5582 caliginosos
2472 5509 2607 5579 (ler.
2651 5526 2765 5579 xm,
2812 5514 2922 5583 16),
2952 5514 3004 5568 id
3033 5523 3133 5578 est,
3170 5514 3476 5571 hmreticos.

1900 5605 2101 5671 Colles,
2130 5606 2324 5668 sancti,
2359 5604 2452 5657 sed
2490 5605 2715 5657 minoris
2746 5606 2923 5660 meriti
2953 5625 2964 5660 :
2995 5607 3049 5661 in
3078 5606 3243 5676 psal.:
3279 5604 3483 5664 Montes

1902 5711 1948 5759 et
1968 5716 2141 5757 omnes
2161 5698 2315 5755 colles
2337 5696 2459 5767 (Ps.
2485 5712 2708 5765 sxum,
2725 5697 2801 5765 9).
2818 5697 2951 5757 Item
2978 5701 3030 5756 iu
3054 5701 3210 5757 aliam
3231 5708 3446 5767 partem
3461 5717 3485 5759 :
