4028 6184
527 218 635 277 με

1524 212 1580 268 S.
1623 208 1949 268 EUCHERII
1989 206 2299 264 EPISCOPI
2339 208 2839 269 LUGDUNENSISi

3699 210 3820 275 7H

524 329 575 388 lu
605 331 839 398 Evang.:
868 327 1048 383 Omnis
1076 343 1221 380 mons
1237 336 1284 381 et
1309 326 1457 380 collis
1485 326 1839 379 humiliabitur
1868 323 2017 393 (Luc.
2037 338 2113 388 In,
2142 325 2195 384 Α
2220 342 2332 378 sum
2374 328 2488 381 vitis
2516 343 2631 381 vera
2667 328 2841 389 (Joan.
2871 344 2958 395 xv,
2994 328 3068 396 1).
3103 327 3235 382 Item
3268 326 3322 382 in
3362 326 3521 381 aliam
3555 341 3765 397 partem
3791 351 3808 390 :

523 419 602 490 5).
644 420 840 486 Valles,
879 418 1235 474 contritiones
1278 417 1458 472 cordis
1490 418 1741 471 humilis:
1787 417 1838 471 in
1878 417 2111 485 psalm.:

522 513 589 567 Et
620 512 873 567 convalles
894 513 1230 567 abundabunt
1254 514 1511 580 frumento
1536 512 1652 583 (Ps.
1686 528 1831 577 uiv,
1856 511 1965 582 14).
1984 514 2112 566 Item

520 604 571 659 in
623 605 783 658 aliam
823 616 1071 672 partem:
1118 606 1171 658 in
1216 606 1409 675 prOph.
1443 622 1455 655 :
1496 603 1702 657 Vallem
1745 605 1969 667 ﬁliorum
2000 601 2111 657 Eu-

521 715 623 751 non
675 696 810 765 (Jer.
846 711 959 762 sis,
1007 696 1087 767 2).
1136 696 1314 765 Petra,
1350 696 1614 763 Christus,
1660 713 1686 749 a
1731 698 2022 752 ﬁrmitate:
2058 696 2111 751 in

521 791 802 861 apostolo:
840 788 997 845 Petra
1043 801 1216 845 autem
1267 800 1376 844 erat
1426 787 1660 844 Christus
1703 790 1741 859 (l
1789 789 1907 844 Cor.
1948 806 2001 850 ι,
2031 789 2107 859 ι).

518 882 779 952 Lapides,
810 882 1076 936 interdum
1118 881 1391 948 Christus,
1433 888 1527 933 aut
1573 879 1742 933 sancti
1778 896 1791 931 :
1834 880 1889 932 in
1941 881 2106 949 psal.:

516 974 676 1045 Lapis
706 992 854 1047 quem
884 975 1279 1043 reprobaverunt
1310 973 1623 1041 wdiﬁcantes
1657 970 1772 1042 (Ps.
1802 988 1964 1040 cxvn,
1991 972 2107 1041 22).

514 1070 649 1125 Item
679 1087 690 1122 :
724 1070 993 1123 Abscissus
1018 1079 1091 1123 est
1112 1069 1176 1121 de
1203 1078 1371 1121 monte
1402 1068 1533 1136 lapis
1555 1069 1664 1122 sine
1692 1071 1925 1122 manibus
1947 1080 1995 1123 et
2017 1070 2109 1122 im-

515 1163 669 1232 plevit
711 1163 1001 1215 universam
1030 1170 1221 1214 terram
1251 1157 1415 1230 (Dan.
1446 1174 1504 1223 ιι,
1540 1159 1653 1228 55).
1699 1160 1867 1213 Item:
1913 1158 1983 1212 Et
2025 1176 2107 1213 vos

514 1266 772 1324 tamquam
797 1253 997 1322 lapides
1028 1254 1126 1305 vivi
1154 1252 1639 1320 superwdiﬁcamini
1690 1250 1754 1322 (lI
1782 1250 1922 1303 Petr.
1944 1267 2003 1316 ιι,
2024 1250 2103 1319 5).

515 1347 644 1401 Item
667 1347 719 1399 in
745 1346 901 1399 aliam
929 1356 1161 1414 partem,
1181 1345 1248 1397 de
1266 1343 1648 1413 insipientibus
1672 1355 1727 1396 et
1755 1343 1890 1395 duro
1912 1343 2101 1397 corde:

518 1434 712 1488 Potens
740 1446 811 1488 est
842 1436 981 1489 Deus
1011 1437 1075 1488 de
1095 1434 1353 1503 lapidibus
1376 1436 1486 1487 istis
1512 1434 1757 1487 suscitare
1779 1434 1914 1501 ﬁlios
1945 1434 2108 1486 Abra-

512 1524 592 1577 ha:
631 1525 843 1593 (Matth.
895 1542 971 1589 ιιι,
1018 1525 1094 1594 9).
1134 1524 1201 1579 Et
1239 1524 1402 1579 alibi:
1430 1528 1675 1593 Auferam
1716 1542 1804 1578 cor
1844 1527 2104 1594 lapideum

513 1618 575 1669 de
606 1633 758 1670 carne
788 1626 953 1671 vestra
995 1616 1211 1688 (Ezerh.
1249 1633 1435 1682 xxxvr,
1466 1618 1579 1685 26).
1613 1617 1777 1687 Ager,
1822 1617 1909 1672 hic
1946 1634 2101 1672 tnnn-

2220 418 2275 471 iu
2334 416 2554 476 Cautico
2607 420 2919 484 Deuteron..
2974 421 3074 475 hoc
3119 419 3262 491 quod
3307 436 3489 487 supra.
3528 422 3802 496 Palmites,

2216 513 2464 579 apostoli,
2502 513 2585 567 vel
2612 516 2780 567 sancti
2809 531 2821 565 :
2853 514 2904 566 in
2932 514 3131 582 Evang.
3158 530 3169 563 :
3209 513 3318 581 Ego
3348 527 3467 567 sum
3501 515 3623 568 vitis
3658 532 3802 585 \ern,

2216 616 2311 656 vos
2348 604 2614 671 palmites.
2654 605 2722 658 Et
2756 606 2810 658 in
2854 606 3043 658 malam
3084 613 3328 673 partem:
3365 606 3451 659 ubi
3490 621 3695 676 supra:
3738 610 3807 665 Et

2214 698 2420 767 palmes
2450 714 2637 753 eorum
2671 714 2737 753 es
2766 698 3086 753 Comorrlia.
3121 698 3265 766 Uttan,
3300 698 3507 755 fructus
3534 703 3755 770 iustitia:
3788 723 3800 755 :

2214 791 2266 842 in
2313 791 2434 845 Esa.
2463 810 2474 844 :
2504 790 2813 863 Exspectavi
2844 801 2896 845 ut
2923 793 3111 862 faceret
3142 808 3291 845 uvam
3321 790 3454 864 (lsa.
3480 810 3528 861 v,
3559 796 3637 865 4).
3671 797 3805 853 Item

2213 882 2265 935 in
2295 883 2488 936 ntalatn
2522 894 2762 953 partem:
2794 884 2881 937 ubi
2916 899 3075 953 supra
3103 901 3116 935 :
3154 882 3265 938 Uva
3294 900 3488 953 eorum,
3521 903 3613 940 uva
3660 888 3805 955 fellis

2212 972 2387 1044 (Deut.
2423 992 2592 1041 xxxii,
2625 976 2737 1047 '52).
2773 977 2985 1041 Batrus,
3035 976 3296 1043 Ecclesia,
3333 978 3445 1033 sive
3482 994 3671 1048 corpus
3699 980 3804 1033 Do-

2211 1067 2364 1121 mini.
2394 1067 2451 1121 In
2486 1069 2645 1125 Num.
2676 1088 2689 1121 :
2719 1067 2796 1122 Eo
2825 1069 2963 1139 quod
2993 1069 3194 1122 botrum
3234 1069 3356 1122 inde
3383 1080 3670 1139 portassent
3700 1071 3804 1140 ﬁlii

2211 1156 2380 1212 Israel
2409 1158 2595 1229 (Num.
2632 1175 2745 1220 xui.
2780 1160 2894 1227 24).
2936 1159 3236 1224 Vindemia,
3267 1165 3665 1216 consummatio
3691 1178 3799 1217 sse-

2209 1250 2336 1317 culi,
2387 1252 2473 1305 vel
2506 1250 2738 1305 vindicta
2786 1254 2838 1305 in
2872 1252 3171 1321 populum:
3221 1251 3270 1306 in
3318 1254 3550 1320 psaltn.:
3601 1253 3804 1310 Vinde-

2209 1346 2379 1398 miant
2396 1360 2513 1398 eam
2537 1360 2723 1398 omnes
2746 1343 2838 1409 qui
2855 1344 3457 1414 transgrediunturviam
3476 1345 3796 1415 (Ps.t.vstx,

2210 1436 2328 1508 IS);
2376 1448 2431 1492 et
2466 1436 2644 1491 Joel.:
2692 1436 2883 1489 Mittite
2912 1439 3089 1503 falces,
3131 1448 3180 1490 et
3223 1437 3539 1491 viudemiate
3578 1440 3801 1497 vineam

2207 1540 2385 1594 terrm,
2428 1531 2551 1601 quia
2594 1541 2820 1583 maturae
2868 1539 2993 1583 sunt
3036 1546 3152 1583 uva:
3182 1530 3296 1597 ejus
3342 1530 3498 1602 (Jael.
3549 1547 3631 1591 ιιι.
3682 1533 3797 1603 13).

2209 1621 2487 1688 Torcular,
2511 1622 2703 1685 altare,
2733 1622 2800 1675 ab
2827 1636 2891 1676 eo
2915 1623 3054 1691 quod
3089 1621 3160 1674 ibi
3191 1623 3491 1675 (liliallOIICS
3519 1630 3799 1689 tamquam

510 1708 640 1763 dus:
669 1710 721 1763 in
753 1708 1042 1778 Evangel.:
1068 1710 1201 1780 Ager
1222 1720 1294 1763 est
1315 1708 1398 1761 hic
1415 1709 2092 1779 mundus(Matt.xnt,38).
2132 1703 2175 1762 Β
2206 1714 2409 1768 fructus
2452 1715 2831 1769 conferantur:
2863 1727 2917 1768 ut
2949 1715 2998 1767 in
3032 1715 3187 1777 Is:iia,
3237 1713 3302 1767 Et
3334 1714 3565 1766 torcular
3594 1715 3704 1783 [odi
3745 1716 3800 1768 in

509 1804 660 1859 Alias
691 1821 811 1875 ager
837 1814 920 1857 est
951 1803 1236 1872 disciplina
1278 1804 1514 1857 coelestis
1544 1802 1732 1867 studii,
1764 1806 1827 1867 in
1855 1820 1955 1870 quo
1983 1803 2096 1857 the-

510 1912 695 1949 saurus
723 1896 1053 1949 absconditur
1073 1894 1257 1966 (lbid.,
1288 1894 1405 1963 41),
1438 1894 1488 1949 id
1517 1905 1598 1949 est
1627 1896 1846 1951 caeleste
1886 1897 2100 1951 deside-

510 1989 671 2043 rium.
696 1989 905 2058 Campi,
930 1991 1123 2055 sancti,
1151 1990 1264 2042 sive
1289 1988 1583 2058 Scriptura.-
1612 1990 1807 2044 divinae
1831 2008 1844 2043 :
1867 2006 1932 2045 eo
1955 1991 2096 2061 quod

511 2094 720 2151 pastum
751 2085 1049 2137 animarum
1090 2082 1407 2147 prtebeaut:
1454 2082 1507 2136 in
1549 2085 1773 2151 psalm.:
1818 2083 1885 2138 Et
1932 2090 2097 2154 campi

512 2175 588 2225 tui
613 2173 943 2243 replebuntur
965 2173 1320 2244 ubertate(Ps.
1341 2190 1484 2240 utv,
1514 2174 1627 2243 I2).
1654 2176 1784 2230 Item
1818 2178 1869 2229 iu
1901 2179 2094 2231 malam

511 2282 760 2337 partem:
794 2267 856 2322 In
906 2286 1087 2339 campo
1137 2268 1339 2322 Taneos
1379 2268 1496 2339 (Ps.
1552 2286 1753 2337 usvn,
1803 2269 1918 2338 45).
1964 2271 2095 2326 Item

510 2365 685 2431 campi
742 2373 961 2432 propter
1007 2365 1368 2432 aequalitatem
1416 2363 1669 2417 dicuntur
1721 2366 1899 2433 p0puli
1940 2365 2093 2433 jusu.

510 2456 736 2520 Pascua,
765 2456 986 2510 rel’ectio
1019 2457 1323 2524 Spiritalis:
1360 2472 1412 2510 tn
1442 2458 1613 2525 psal.:
1657 2456 1723 2511 In
1751 2459 1860 2512 loco
1896 2476 2097 2525 pascua:

508 2546 579 2599 ibi
609 2562 685 2600 me
708 2547 971 2600 collocavit
995 2546 1111 2618 (Ps.
1143 2564 1270 2613 χιιι,
1298 2547 1375 2617 2).
1406 2549 1653 2615 Cultura,
1685 2550 1855 2603 saneti
1889 2554 1976 2619 qui
2004 2567 2096 2605 ex-

508 2640 754 2694 coluntur
795 2655 825 2694 a
886 2642 995 2695 Dco
1038 2658 1051 2693 :
1104 2641 1157 2694 in
1206 2641 1465 2710 Apostolo
1508 2658 1520 2693 :
1573 2639 1674 2694 Dei
1732 2643 1934 2695 cultura
1976 2644 2095 2696 estis

510 2729 553 2802 (I
583 2730 697 2785 Cor.
725 2748 802 2801 ιιι,
835 2731 911 2802 8).
943 2732 1213 2802 Agricola,
1257 2732 1435 2787 Deus:
1472 2734 1526 2786 in
1561 2733 1764 2801 Evang.
1793 2750 1807 2788 :
1841 2732 1952 2803 Ego
1980 2750 2095 2786 sum

505 2825 621 2878 vitis
658 2841 807 2891 vera,
839 2834 885 2878 et
917 2824 1074 2878 Pater
1116 2841 1258 2879 meus
1293 2827 1521 2898 agricola
1552 2835 1627 2879 est
1659 2823 1837 2897 (Joan.
1879 2842 1968 2889 xv,
2017 2828 2087 2895 1).

506 2914 678 2976 Sulci.
703 2916 865 2969 corda
890 2926 1196 2969 sanctorum
1222 2934 1233 2967 :
1265 2914 1321 2969 in
1353 2932 1465 2985 ps.:
1489 2916 1677 2971 Sulcos
1698 2918 1809 2981 ejus
1838 2916 2091 2971 inebrians

506 3006 623 3079 (Ps.
649 3023 791 3073 Lstv,
824 3010 933 3081 11).
957 3009 1153 3065 Semen
1178 3011 1360 3064 divina
1395 3011 1738 3079 prtedicatio:
1769 3011 1823 3065 in
1855 3011 2087 3079 Evang.:

2202 1823 2259 1860 ea
2310 1804 2467 1878 (Isai.
2518 1822 2569 1870 v,
2618 1805 2694 1876 2).
2727 1807 2790 1860 Et
2841 1806 3021 1869 aliter,
3074 1805 3329 1867 torcular,
3379 1804 3795 1859 tribulationum

2202 1911 2453 1964 pressura
2492 1898 2545 1951 in
2582 1898 2820 1951 Ecclesia
2856 1908 3063 1963 sancta,
3105 1897 3156 1949 in
3184 1911 3287 1966 qua
3320 1895 3515 1950 ﬁdeles
3562 1896 3795 1964 proban-

2202 1996 2307 2042 tur.
2368 1989 2423 2042 ln
2478 1990 2630 2045 titulo
2703 1989 2910 2057 psalmi.
2966 1988 3033 2042 In
3086 1990 3241 2057 ﬁnem
3294 2005 3387 2059 pro
3444 1989 3791 2043 torcularibus

2205 2080 2374 2152 (Psal.
2408 2099 2520 2147 vin,
2566 2082 2638 2151 1).
2673 2080 2898 2144 Fenutn,
2936 2083 3183 2150 populus,
3212 2094 3361 2146 caro,
3391 2080 3472 2134 vel
3506 2096 3637 2134 vana
3666 2082 3791 2149 glo-

2202 2175 2301 2226 ria.
2341 2175 2393 2227 In
2426 2174 2549 2228 Esa.
2575 2193 2586 2225 :
2621 2174 2799 2227 Omnis
2831 2190 2950 2226 caro
2980 2177 3174 2243 fenum,
3212 2182 3258 2225 et
3286 2174 3447 2226 omnis
3476 2173 3643 2242 gloria
3668 2176 3789 2244 ejus

2199 2265 2332 2318 sicut
2372 2266 2466 2333 ﬂos
2503 2266 2607 2335 leni
2644 2262 2797 2336 (Isai.
2844 2281 2931 2328 ιιι..
2968 2265 3044 2332 6).
3097 2264 3296 2331 Ilerba,
3342 2263 3667 2332 jucunditas,
3696 2265 3787 2319 vel

2200 2362 2444 2428 quaedam
2494 2358 2799 2412 rudimenta
2858 2358 3191 2427 prolicientis
3240 2357 3459 2411 animte.
3502 2358 3563 2411 In
3612 2356 3786 2413 Gem:

2202 2449 2462 2503 Producat
2495 2461 2629 2503 terra
2657 2450 2865 2504 herbam
2892 2451 3133 2503 virentem
3170 2449 3320 2520 (Gen.
3353 2466 3392 2513 I,
3425 2450 3537 2518 II).
3571 2449 3703 2504 Item
3734 2450 3787 2503 in

2200 2543 2397 2597 malam
2454 2553 2661 2611 partem
2709 2561 2720 2594 :
2779 2542 2937 2596 Mane
2989 2544 3115 2597 sicut
3171 2542 3325 2595 herba
3383 2553 3610 2595 transeat
3664 2541 3784 2611 (Ps.

2200 2652 2419 2699 usus,
2469 2634 2547 2705 6).
2595 2636 2779 2691 Flores
2812 2636 3076 2698 Christus,
3110 2638 3195 2690 vel
3242 2637 3517 2704 specimen
3561 2635 3786 2703 iustitia:

2198 2736 2289 2780 aut
2314 2728 2583 2781 inchoatio
2612 2726 2753 2782 bene
2777 2728 3118 2796 Operatitium
3145 2743 3159 2779 :
3194 2737 3246 2780 ιιι
3280 2728 3331 2780 iu
3360 2726 3585 2781 Cautico
3614 2725 3789 2779 canti-

2198 2834 2381 2874 corum
2409 2834 2639 2888 spousus
2665 2838 2677 2873 :
2729 2819 2932 2874 Fulcite
2956 2838 3034 2874 me
3052 2822 3265 2890 ﬂoribus
3294 2820 3465 2889 (Cant.
3492 2836 3554 2883 tt,
3584 2821 3659 2891 1).
3692 2819 3789 2874 Li-

2197 2912 2326 2965 lium
2356 2912 2620 2978 Christus,
2638 2912 2723 2967 vel
2748 2913 2921 2982 angeli
2946 2913 3181 2967 candore
3204 2914 3445 2981 justiti.i-.
3464 2912 3785 2968 InSalom.:

2197 3003 2309 3073 Ego
2350 3006 2445 3071 ﬂos
2485 3006 2651 3076 campi
2688 3016 2736 3059 et
2776 3004 2943 3058 lilium
2987 3004 3295 3058 convallium
3340 3001 3548 3075 (Ibid).
3592 3004 3782 3069 Busae,

504 3096 647 3152 Exiit
677 3101 765 3170 qui
792 3102 1007 3154 seminat
1033 3102 1285 3155 seminare
1312 3118 1481 3155 semen
1508 3117 1659 3155 suum
1687 3102 1835 3171 (Luc.
1860 3118 1974 3169 vin,
2006 3102 2084 3171 5).
2115 3084 2160 3147 ο
2194 3109 2481 3168 martyres,
2517 3114 2545 3151 a
2574 3099 2766 3153 rubore
2796 3099 3104 3168 sanguinis:
3130 3099 3180 3151 in
3211 3097 3414 3153 Saloni.
3439 3112 3453 3150 :
3482 3096 3637 3153 Sicut
3655 3112 3785 3153 rosa

504 3189 719 3256 Messis,
748 3193 987 3260 ubertas,
1018 3192 1104 3247 vel
1137 3193 1289 3263 c0pia
1320 3194 1590 3247 lidelium:
1633 3194 1687 3248 in
1720 3194 1959 3263 Evang.:
1991 3193 2089 3247 Le-

502 3293 614 3337 vate
645 3286 819 3338 oculos
852 3296 1061 3352 vestros,
1096 3297 1144 3341 et
1173 3287 1337 3339 videte
1367 3287 1617 3358 regiones,
1664 3287 1785 3355 quia
1815 3288 1945 3340 alba:
1973 3296 2088 3340 sunt

502 3377 571 3427 ad
610 3393 820 3431 messem
838 3377 1015 3443 (Joan.
1062 3394 1135 3443 tv,
1182 3378 1306 3450 35);
1341 3380 1599 3432 etaliter:
1629 3378 1808 3432 Messis
1849 3396 2088 3433 consum-

502 3467 661 3518 matio
697 3469 894 3531 stecuIi,
938 3469 1067 3521 sicut
1110 3486 1353 3522 messores
1375 3471 1541 3540 angeli
1578 3471 1793 3541 (Matth.
1828 3488 1939 3539 xm,
1970 3472 2082 3541 5:5).

502 3556 776 3625 Mauipuli,
795 3556 1235 3626 fructusjustitia:
1258 3579 1270 3614 :
1299 3561 1349 3614 in
1366 3578 1444 3629 ps.
1462 3578 1477 3615 :
1498 3562 1772 3617 Portantes
1792 3566 2085 3636 manipulos

499 3664 617 3701 suos
646 3648 766 3716 (Ps.
801 3664 961 3715 θην,
997 3649 1074 3720 6).
1109 3650 1334 3721 Stipula,
1371 3656 1506 3708 aridi
1536 3657 1601 3710 ad
1636 3658 1818 3724 fidem,
1855 3660 1941 3713 vel
1972 3659 2084 3713 ina-

499 3755 595 3793 nes
624 3756 636 3792 :
673 3743 722 3794 in
749 3742 1007 3810 Apostolo
1035 3736 1256 3813 :‘Ligna,
1283 3749 1477 3813 fenum,
1504 3749 1750 3814 stipulam
1773 3752 1815 3820 (I
1846 3752 1966 3804 Cor.
2003 3767 2078 3817 ιιι,

500 3830 624 3903 13);
658 3844 711 3889 et
733 3836 784 3889 ιιι
809 3837 1001 3907 proplt.
1024 3853 1039 3891 :
1071 3838 1163 3893 llei
1189 3839 1316 3903 ntei,
1344 3842 1465 3908 quia
1488 3849 1657 3908 [actus
1683 3861 1816 3912 sum,
1843 3846 1971 3897 sicut
1996 3847 2083 3913 qui

497 3930 694 4002 colligit
719 3933 960 4000 stipulam
1001 3934 1053 3987 in
1098 3948 1272 3989 messe
1318 3934 1506 4004 (Mich.
1549 3952 1640 3997 vn,
1684 3936 1777 4005 I):
1823 3938 1924 3991 hoc
1967 3948 2078 4005 est,

496 4022 673 4074 nullos
711 4023 839 4075 boni
868 4025 1049 4091 operis
1080 4024 1284 4080 fructus
1316 4027 1520 4079 inveni.
1557 4028 1620 4080 Et
1665 4028 1790 4081 alibi
1825 4044 1836 4079 :
1872 4030 2083 4099 Stipula

496 4112 707 4163 collecta
750 4129 1008 4182 synagoga
1051 4117 1369 4184 peccantium
1396 4116 1567 4188 (Eccl.
1614 4133 1721 4184 χιι,
1768 4120 1879 4190 10).
1913 4125 2077 4187 Area,

497 4202 778 4256 Ecclesia:
822 4205 873 4257 itt
923 4205 1168 4273 Evang.:
1213 4204 1278 4258 Et
1316 4210 1676 4275 permundabit
1718 4226 1886 4265 aream
1928 4230 2077 4269 suam

496 4291 704 4366 (Mattlt.
736 4310 814 4355 ιιι.
851 4295 957 4366 t2).
994 4297 1384 4363 Ventilabrum,
1432 4316 1655 4356 examen
1680 4304 1901 4371 justitia:
1934 4306 2027 4361 Dei
2060 4326 2069 4359 :

491 4386 544 4441 in
596 4388 800 4456 EVang.
830 4404 843 4441 :
874 4388 1035 4461 Cujus
1069 4390 1430 4457 ventilabrum,
1464 4394 1517 4445 in
1548 4410 1700 4447 manu
1730 4412 1827 4448 sua
1854 4394 2070 4469 (Ibid.).

2191 3200 2460 3262 germinat
2497 3208 2659 3259 super
2688 3192 2903 3246 humida
2934 3191 3153 3246 ﬂuenta.
3201 3191 3365 3245 viola:
3405 3191 3780 3257 confessures,

2191 3284 2262 3339 ob
2311 3285 2716 3339 similitudinem
2770 3284 3053 3339 lividorum
3103 3299 3417 3351 corporum.
3449 3283 3506 3337 In
3555 3283 3783 3338 Cantica

2190 3389 2332 3431 cant.
2360 3397 2370 3430 :
2409 3377 2586 3432 Flores
2615 3379 2669 3431 in
2699 3388 2835 3431 terra
2870 3378 2961 3431 visi
2992 3390 3109 3431 sunt
3146 3375 3319 3447 (Cant.
3350 3393 3405 3441 ιι,
3442 3376 3551 3446 I2).
3592 3376 3780 3441 Silvae,

2189 3483 2400 3543 gentes.
2454 3474 2507 3526 In
2567 3473 2732 3539 psal.:
2788 3468 3084 3525 Invenimus
3128 3487 3240 3523 eam
3284 3472 3339 3523 in
3376 3470 3575 3536 campis
3620 3470 3782 3539 sylvte

2189 3564 2307 3635 (Ps.
2350 3581 2531 3633 cxxxr,
2564 3564 2639 3631 6).
2680 3565 2752 3619 De
2790 3563 2875 3618 itis
2913 3562 3063 3617 silvis
3101 3562 3305 3633 egressi
3344 3570 3469 3616 sunt
3504 3564 3608 3615 duo
3645 3565 3776 3625 ursi,

2190 3655 2553 3725 Vespasianus
2580 3657 2805 3718 scilicet,
2835 3666 2887 3709 et
2910 3654 3081 3719 Titus,
3111 3670 3263 3725 reges
3289 3655 3675 3718 Romanorum,
3703 3657 3777 3707 ad

2186 3762 2493 3821 pi'teceptum
2528 3748 2737 3819 figurati
2768 3748 3002 3811 Helisazi,
3027 3758 3082 3803 et
3108 3758 3229 3817 post
3255 3764 3365 3802 sui
3385 3762 3556 3802 annos
3585 3762 3778 3802 ascen-

2184 3843 2356 3897 sionis
2405 3842 2521 3912 ejus
2572 3842 2638 3895 ad
2685 3842 2857 3896 caelos
2893 3841 3145 3897 Iudaicos
3186 3857 3371 3911 pueros
3416 3839 3779 3895 comederunt

2184 3935 2271 4005 (IV
2306 3933 2434 4003 Reg.
2466 3951 2524 3997 ιι,
2548 3933 2661 4005 2i).
2688 3934 2993 3999 Condensa,
3024 3949 3214 4003 opaca,
3248 3935 3332 3988 vel
3354 3943 3605 3988 contecta
3626 3933 3776 3989 Srri-

2184 4032 2355 4093 plura:
2385 4024 2600 4079 divinae.
2635 4025 2689 4079 In
2733 4026 2865 4093 psal.
2902 4043 2914 4075 :
2956 4022 3025 4077 Et
3074 4023 3314 4077 revelavit
3344 4026 3598 4078 condensa
3647 4023 3749 4095 (Ps

2182 4134 2371 4179 xxvut,
2398 4118 2474 4187 9).
2510 4118 2698 4186 Ligna,
2733 4128 3045 4183 peccatores
3086 4117 3193 4186 igni
3226 4117 3539 4185 deputandi.
3574 4116 3631 4171 In
3667 4117 3773 4171 Ec-

2181 4210 2474 4264 clesiaste:
2521 4210 2623 4272 Qui
2671 4209 2858 4262 scindit
2908 4208 3083 4281 ligna,
3141 4208 3531 4275 periclitabitur
3584 4209 3634 4261 in
3689 4208 3773 4263 eis

2184 4303 2351 4375 (Eccl.
2378 4320 2433 4369 κ,
2452 4303 2528 4373 9).
2555 4304 2685 4357 Item
2721 4304 2772 4356 ιιι
2799 4303 2992 4357 bonam
3019 4313 3221 4367 partem
3248 4317 3263 4358 :
3288 4301 3349 4355 Et
3381 4305 3475 4355 erit
3509 4312 3769 4370 tamquam

2180 4400 2379 4471 lignum
2421 4398 2558 4467 quod
2590 4398 2880 4466 plantatum
2910 4404 2980 4448 est
3006 4393 3121 4464 (Ps.
3159 4411 3195 4460 I,
3222 4396 3303 4465 5).
3336 4394 3484 4447 Alias
3509 4394 3639 4462 ligni
3672 4411 3772 4462 nm-

488 4478 745 4535 Tt-itieum
768 4521 783 4545 ,
830 4482 919 4536 llei
971 4482 1189 4537 verbum
1211 4524 1226 4548 ,
1282 4487 1451 4540 sancti
1508 4487 1587 4540 vel
1644 4488 1799 4544 electi
1853 4465 1942 4544 Dei
1970 4507 1983 4543 :
2017 4465 2069 4545 iu
2098 4465 2152 4525 D
2178 4465 2321 4545 mine
2349 4465 2532 4543 sancta
2564 4465 2693 4543 crux
2718 4488 3055 4556 designatur:
3078 4495 3137 4540 ut
3170 4487 3457 4553 propheta:
3490 4484 3769 4538 Mittamus

489 4574 722 4645 Evaug.:
745 4575 1080 4649 Congregabit
1103 4578 1326 4631 triticum
1352 4597 1501 4633 suum
1527 4582 1578 4635 in
1599 4581 1838 4638 horreum
1856 4584 2069 4655 (lbid.).

489 4671 779 4737 Hordeum,
811 4674 942 4744 legis
963 4678 1140 4732 littera
1162 4692 1175 4729 :
1200 4678 1253 4733 in
1285 4678 1519 4748 Evang.:
1550 4680 1644 4735 Est
1672 4701 1795 4751 puer
1815 4702 1947 4741 unus
1964 4688 2067 4756 hic,

483 4766 570 4834 qui
601 4765 747 4818 habet
790 4765 825 4816 V
861 4785 1017 4836 panes
1061 4769 1365 4825 hordeaceos
1412 4773 1589 4843 (Joan.
1623 4791 1701 4843 ιιι,
1749 4778 1857 4848 10),
1890 4778 1941 4832 id
1990 4790 2073 4835 est

480 4857 734 4922 litteram,
753 4857 793 4910 V
822 4858 988 4913 libros
1012 4860 1200 4932 Moysi.
1228 4864 1404 4928 Palea,
1440 4876 1778 4931 peccatores:
1810 4870 1862 4923 in
1896 4870 2071 4924 Evan-

478 4952 643 5019 gel.:
703 4950 893 5006 Paleas
947 4965 1117 5009 autem
1180 4956 1437 5010 comburet
1492 4960 1598 5027 igni
1665 4962 2063 5030 inexitinguibt'li

477 5040 694 5114 (Matth.
725 5059 805 5110 ιιι,
839 5045 960 5114 10);
993 5055 1048 5100 et
1080 5046 1225 5100 Hier.
1259 5065 1274 5101 :
1320 5047 1455 5112 Quid
1486 5050 1662 5120 paleas
1700 5052 1768 5105 ad
1815 5054 2059 5121 triticum,

476 5135 602 5190 dicit
627 5134 878 5191 Dominus
906 5137 1041 5210 (Jer.
1078 5155 1237 5203 xsttt,
1265 5140 1380 5209 28).
1418 5140 1651 5203 Zizania,
1680 5144 1951 5209 scandala,
1977 5146 2060 5199 vel

476 5231 616 5285 male
648 5231 927 5286 viventes:
964 5233 1013 5286 in
1046 5233 1283 5302 Evang.:
1326 5232 1470 5286 Venit
1512 5235 1770 5300 inimicus,
1807 5246 1854 5288 et
1884 5253 2063 5306 super-

474 5324 742 5379 seminavit
783 5326 986 5379 sisania
1030 5326 1083 5379 in
1135 5327 1300 5381 medio
1347 5328 1499 5380 tritici
1541 5326 1754 5398 (Matth.
1800 5345 1911 5393 snt,
1942 5329 2059 5399 25).

474 5416 667 5483 Vinea,
701 5418 969 5474 Ecclesia.
1001 5420 1086 5475 vel
1119 5420 1348 5490 populus
1378 5420 1571 5475 Israel:
1609 5423 1658 5475 iu
1694 5439 1807 5487 ps.:
1850 5422 2064 5479 Vineam

2176 4585 2371 4653 lignum
2406 4584 2460 4636 in
2495 4599 2623 4648 pane
2664 4583 2772 4653 ejus
2821 4578 2952 4650 (Jer.
2992 4596 3067 4647 ιιι,
3095 4580 3215 4647 19);
3249 4579 3300 4633 id
3342 4588 3442 4664 est,
3492 4577 3542 4630 iu
3595 4593 3769 4633 carne

2176 4676 2445 4732 Christum
2476 4690 2640 4730 cruce
2672 4674 3085 4745 suspendamus.
3120 4674 3254 4727 Item
3290 4692 3302 4725 :
3338 4671 3417 4726 En
3444 4672 3630 4743 colligo
3659 4672 3768 4726 duo

2177 4771 2315 4842 ligna
2342 4769 2431 4840 (IlI
2462 4769 2586 4839 Reg.
2613 4783 2738 4828 xvn.
2768 4765 2879 4834 12).
2905 4766 3038 4820 Item
3064 4766 3266 4835 iignttnt
3297 4765 3766 4831 signitii-atjustos

2176 4877 2239 4918 ac
2283 4872 2637 4931 peccatores:
2683 4869 2739 4914 ιιι
2778 4858 2983 4914 Salom.
3017 4874 3029 4910 :
3080 4857 3141 4911 Si
3183 4858 3418 4911 ceciderit
3458 4858 3652 4924 lignum
3692 4860 3766 4909 ad

2170 4966 2404 5009 austrum
2437 4964 2525 5008 aut
2566 4952 2635 5006 ad
2670 4951 2980 5022 aquilonem,
3009 4950 3313 5019 ubicumque
3356 4950 3658 5015 conciderit,
3690 4949 3760 5001 ibi

2170 5049 2263 5102 erit
2298 5048 2463 5118 (Eccl.
2494 5064 2567 5113 ιιι,
2598 5044 2654 5117 3)
2689 5065 2700 5098 :
2738 5045 2865 5115 quia
2894 5045 2946 5099 iu
2974 5044 3064 5097 die
3096 5044 3311 5108 mortis,
3341 5043 3520 5109 justus
3570 5042 3635 5095 ad
3668 5057 3760 5094 au-

2169 5153 2339 5197 strum
2371 5143 2533 5203 cadit,
2564 5152 2813 5212 peccator
2839 5139 2904 5194 ad
2934 5138 3252 5208 Aquilonem
3287 5154 3300 5190 :
3334 5140 3422 5206 qui
3451 5138 3631 5205 justus
3662 5152 3756 5205 per

2168 5236 2435 5290 fervorem
2477 5234 2694 5303 spiritus
2724 5233 2789 5287 ad
2820 5232 3071 5303 gaudium
3103 5230 3349 5285 ducitur:
3398 5242 3652 5299 peccatur
3688 5229 3755 5281 ad

2170 5327 2489 5396 Aquilonem
2516 5342 2528 5376 :
2558 5326 2648 5394 qui
2671 5324 2850 5393 jusms
2876 5339 2969 5393 per
2994 5326 3264 5377 [crvorem
3290 5322 3511 5389 spiritus
3536 5323 3602 5373 ait
3626 5337 3756 5388 gain.

2168 5422 2314 5476 dium
2345 5420 2590 5473 ducitur:
2624 5427 2879 5486 peccatur
2916 5432 3037 5470 cum
3071 5424 3317 5485 apostata
3350 5413 3544 5483 angelo
3574 5414 3625 5465 in
3662 5412 3753 5465 1·ιὶ-

472 5513 537 5569 de
586 5511 819 5586 Egypto
847 5514 1162 5567 transtulisti
1190 5513 1309 5582 (Ps.
1338 5529 1558 5579 usus,
1593 5517 1671 5585 9).
1704 5513 1835 5570 Item
1870 5518 1920 5570 in
1952 5533 2068 5571 ma-
2165 5514 2294 5583 gido
2322 5512 2487 5567 corde
2518 5511 2865 5580 reprobatur.
2897 5508 3089 5576 Radix,
3134 5508 3323 5575 Origo:
3366 5507 3418 5559 iu
3444 5508 3710 5576 Apestolo
3737 5524 3749 5559 :

473 5606 576 5663 lam
606 5619 848 5675 partem:
884 5605 970 5661 Et
1005 5611 1153 5662 vinea
1184 5609 1321 5661 enim
1357 5607 1701 5662 Sodontorum
1729 5610 1842 5663 vitis
1886 5626 2061 5664 eorum

2169 5610 2317 5674 Quod
2347 5608 2391 5662 si
2418 5607 2570 5661 radix
2597 5615 2774 5660 sancta
2804 5615 2851 5658 et
2886 5604 3017 5657 rami
3046 5601 3221 5673 (llam.
3258 5616 3329 5666 ιιι,
3366 5601 3455 5667 6);
3490 5599 3618 5653 etin
3641 5616 3753 5652 ma-

506 5706 659 5756 Deut.
706 5717 875 5763 sunt.
910 5701 1018 5765 52).
1057 5704 1217 5767 Vitis.
1249 5704 1529 5759 Christus:
1579 5706 1631 5759 in
1661 5705 1901 5770 Evanga
1949 5703 2062 5769 Ego
2163 5701 2267 5758 l-‘un
2294 5709 2528 5771 partem,
2570 5699 2625 5756 in
2654 5698 2826 5767 psal.:
2869 5694 3066 5753 Evellet
3091 5694 3318 5750 radicem
3344 5702 3487 5748 tuam
3511 5692 3575 5748 de
3614 5699 3758 5749 terra
