4028 6184
214 214 316 269 745

967 213 1171 269 LIBER
1209 210 1691 272 FORMULARUM
1733 209 2110 269 SPIRITALIS
2152 212 2726 271 ΙΝΤΕΜᾸΕΕΝῚἸᾸΞ.

3391 227 3494 288 746

210 325 481 391 viventium
510 322 714 395 (Ps.r.t,
744 322 817 393 7).
847 323 1241 394 Arbor.liomo,
1274 346 1302 383 a
1327 334 1497 385 fructu
1530 339 1785 399 operum:
1818 329 1871 387 A
1901 326 2083 380 lentim
2114 328 2214 381 viri
2241 345 2253 381 :
2289 328 2345 382 ln
2384 343 2467 398 ps.
2498 347 2511 381 :
2549 328 2615 383 Ut
2643 328 2826 383 cedrus
2851 328 3036 385 Libani
3070 335 3497 406 multiplicabitur

206 417 263 472 in
294 417 529 487 Evang.:
560 418 661 470 Aut
688 416 839 487 facile
863 417 1095 472 arborem
1124 419 1331 488 bonam,
1357 432 1401 476 et
1426 425 1651 492 fructum
1679 424 1791 492 ejus

206 509 396 564 bonum
428 509 640 579 (Matth.
673 525 768 573 xu,
799 508 921 580 35);
961 522 1015 565 et
1061 513 1112 567 in
1154 514 1348 568 malam
1386 523 1592 585 partem
1636 532 1649 567 :
1693 514 1794 566 Aut

207 604 360 673 facile
377 603 607 656 arborem
629 603 839 665 malam,
865 614 913 656 et
940 605 1163 673 fructum
1185 608 1298 675 ejus
1322 609 1536 661 malum.
1562 605 1789 675 Quidam

204 693 256 747 in
286 692 386 747 hoc
413 692 747 758 testimonio,
781 696 1029 749 arborem
1057 696 1217 763 hanc,
1248 698 1584 754 voluntatem
1618 698 1793 753 homi-

202 785 285 840 nis
324 786 492 855 magis
531 800 692 856 quam
728 785 901 858 ipsum
937 786 1212 844 hominem
1263 790 1636 859 accipiendum
1691 807 1791 858 pu-

204 889 333 934 tant.
370 879 549 935 Arbor
576 883 742 937 etiam
780 881 877 936 fuit
908 881 1159 937 Christus
1189 898 1311 939 cum
1338 886 1657 953 resurrexit,
1702 884 1795 954 qui

204 988 323 1027 cum
369 982 674 1029 moreretur
702 990 924 1044 granum
956 975 1074 1031 fuit.
1110 976 1335 1043 Ramus,
1369 982 1643 1033 successio
1672 991 1685 1030 :
1738 978 1792 1032 in

202 1068 489 1136 Apostolo:
523 1068 676 1135 Quod
699 1069 743 1124 si
768 1071 921 1124 radix
947 1080 1145 1135 sancta,
1179 1081 1225 1124 et
1252 1072 1383 1125 rami
1409 1072 1586 1140 (Rom.
1616 1087 1690 1137 χι,
1713 1070 1791 1141 6).

202 1158 334 1215 Item
373 1161 427 1215 in
467 1162 626 1215 aliam
669 1173 914 1234 partem:
949 1165 1001 1220 in
1034 1165 1277 1219 Daniel.:
1318 1163 1596 1219 Prwcidite
1625 1180 1793 1217 ramos

202 1255 311 1323 ejus
336 1250 498 1323 (Dan.
531 1270 607 1319 ιν,
640 1254 751 1327 11).
786 1255 915 1311 Item
943 1259 1078 1311 rami
1106 1268 1229 1310 sunt
1261 1256 1552 1311 sententiae
1578 1264 1795 1310 sancto-

204 1361 320 1401 rum
357 1346 575 1402 Patrum
603 1369 615 1402 :
653 1350 707 1404 in
733 1350 942 1421 Evang.
964 1369 977 1403 :
998 1352 1103 1405 Alii
1130 1351 1391 1406 credebant
1420 1369 1590 1406 ramos
1619 1352 1683 1406 de
1712 1370 1798 1405 ar-

205 1436 405 1492 boribus
445 1438 631 1511 (Matt.
666 1456 780 1505 xxr,
816 1443 894 1511 8).
936 1441 1171 1509 Folium,
1204 1456 1381 1497 sermo
1410 1443 1706 1497 doctrinae:
1742 1444 1796 1497 in

204 1528 375 1596 psal.:
425 1527 496 1582 Et
537 1531 719 1599 folium
746 1532 853 1600 ejus
884 1548 987 1585 non
1026 1532 1211 1602 deﬂuet
1243 1532 1360 1603 (Ps.
1393 1549 1431 1601 ι,
1470 1529 1548 1604 5).
1579 1532 1649 1587 Et
1694 1532 1796 1586 ali-

204 1628 305 1687 ter,
348 1621 561 1687 folium,
604 1624 832 1677 vestitus
870 1634 927 1679 et
959 1624 1127 1680 decor
1172 1641 1293 1681 cum
1338 1626 1671 1693 protectione
1712 1626 1797 1680 di-

1900 418 2018 490 (Ps.
2054 436 2163 488 xei,
2197 422 2322 492 15);
2360 432 2416 477 et
2452 422 2504 476 in
2535 424 2731 478 malam
2768 434 3007 494 partem,
3049 432 3291 499 superbi,
3330 434 3497 491 elati:

1896 524 1955 569 ut
1994 514 2049 569 in
2083 515 2223 584 psal.
2271 532 2282 568 :
2330 514 2397 567 Et
2447 516 2737 588 confringet
2779 515 3033 573 Dominus
3078 524 3255 577 cedros
3316 524 3500 583 Libani

1899 605 2017 676 (Ps.
2052 621 2244 675 xxvur,
2268 606 2348 677 5).
2373 606 2527 674 Olea,
2555 618 2777 664 sanctus
2801 611 3189 669 misericordim
3217 618 3500 677 abundans

1896 699 2162 755 fructibus
2190 718 2203 752 :
2233 700 2285 755 in
2319 715 2433 769 ps.:
2471 701 2581 774 Ego
2610 712 2781 756 autem
2822 705 2952 758 sicut
2982 707 3119 761 oliva
3146 709 3418 783 fructifera
3449 717 3502 769 in

1898 794 2052 847 domo
2090 792 2302 849 Domini
2337 793 2454 865 (Ps.
2484 812 2555 863 ιι,
2589 796 2699 868 10).
2745 798 3013 868 Oleaster,
3050 802 3213 859 homo
3239 806 3359 861 sine
3383 806 3501 863 fru-

1897 894 2011 951 ctu,
2031 886 2112 940 vel
2136 887 2387 955 gentilis:
2420 887 2473 941 in
2499 889 2788 957 Apostolo:
2812 892 2873 946 Si
2894 903 3066 948 autem
3094 905 3150 948 tu
3180 913 3243 951 ea:
3273 888 3507 956 naturali

1898 977 2099 1031 excisus
2139 993 2190 1031 es
2238 978 2456 1033 oleastro
2513 978 2691 1052 (llam.
2740 996 2814 1049 ιιι,
2846 980 2964 1053 26).
3008 984 3189 1056 Ficus,
3230 1004 3504 1062 synagoga

1900 1069 2202 1124 interdum:
2237 1071 2292 1125 in
2329 1071 2566 1142 Evang.:
2599 1071 2668 1125 Et
2696 1074 2926 1143 arefacta
2959 1086 3033 1130 est
3063 1078 3306 1133 continuo
3356 1082 3506 1150 ﬁcul-

1901 1177 1995 1215 nea
2027 1161 2209 1233 (Matt.
2235 1179 2346 1230 xxx,
2374 1163 2484 1235 l9);
2508 1174 2561 1219 et
2593 1165 2643 1218 in
2680 1165 2928 1222 llabacuc
2970 1186 2982 1220 :
3013 1166 3173 1224 Ficus
3193 1189 3294 1226 non
3324 1172 3509 1248 afferet

1900 1259 2124 1334 fructum
2163 1256 2338 1327 (Hab.
2376 1273 2456 1323 ιιι,
2488 1257 2598 1329 17).
2643 1258 2802 1314 Ficus
2829 1270 2882 1314 et
2914 1261 2965 1316 in
3004 1262 3147 1319 bono
3176 1274 3232 1320 et
3268 1266 3322 1321 in
3360 1268 3508 1323 malo

1901 1346 2195 1416 accipitur:
2255 1358 2312 1403 ut
2362 1348 2591 1403 Esaias:
2649 1348 2718 1403 Et
2756 1353 2977 1405 ostendit
3013 1354 3140 1408 milii
3185 1357 3315 1425 ﬁcus
3344 1358 3506 1413 bonas

1902 1440 2071 1507 valde,
2101 1452 2147 1495 et
2178 1442 2344 1495 malas
2384 1441 2535 1495 valde
2567 1440 2706 1511 (Jer.
2738 1459 2888 1509 μιν,
2921 1444 3000 1516 5);
3031 1458 3087 1501 et
3122 1448 3382 1504 Dominus
3404 1450 3510 1505 Na-

1906 1532 2182 1588 thanaeli:
2236 1533 2365 1588 Cum
2395 1551 2528 1589 esses
2570 1535 2661 1589 sub
2710 1536 2813 1603 ﬁcu
2858 1536 2934 1610 (id
2975 1547 3077 1606 est,
3133 1541 3233 1595 sub
3285 1552 3513 1614 peccato

1908 1627 2216 1699 originali),
2248 1629 2353 1681 vidi
2394 1638 2441 1682 te
2481 1629 2867 1699 redempturus
2895 1628 3077 1705 (Joan.
3109 1651 3150 1701 1,
3190 1636 3307 1705 48).
3352 1636 3515 1692 Ficus

204 1714 347 1768 vina:
378 1715 596 1783 gratim;
626 1723 681 1769 et
712 1714 764 1769 in
796 1716 987 1770 malam
1021 1727 1262 1786 partem:
1294 1717 1419 1772 Non
1454 1717 1640 1771 invenit
1669 1718 1719 1770 in
1749 1734 1811 1771 ea
1839 1701 1890 1762 Β
1916 1718 2079 1772 etiam
2126 1718 2447 1788 intelligitur
2477 1720 2708 1775 humana
2745 1701 2960 1789 natura,
2989 1725 3074 1779 vel
3108 1701 3383 1781 incredula
3425 1744 3515 1799 sy—

206 1808 438 1877 fructum
476 1819 683 1880 propter
723 1810 849 1879 folia
887 1808 1065 1880 (Matt.
1100 1826 1211 1876 χχι,
1257 1809 1372 1880 19),
1418 1810 1470 1864 id
1507 1820 1614 1877 est,
1645 1810 1811 1865 verba

206 1903 328 1956 sine
357 1900 537 1956 fructu
568 1920 580 1955 :
612 1901 752 1957 unde
778 1911 961 1957 monet
991 1902 1309 1971 Apostolus,
1328 1913 1382 1957 ut
1401 1902 1682 1973 diligamus
1710 1919 1814 1956 non

207 1996 356 2049 verba
381 2013 544 2065 neque
565 1997 761 2065 lingua,
785 1997 874 2051 sed
897 2002 1049 2067 opere
1063 2007 1111 2051 et
1132 1996 1399 2068 veritate(l
1420 1995 1580 2052 Joan.
1598 2012 1674 2061 ιιι,
1694 1995 1810 2065 18),

206 2085 573 2159 Comparatur
601 2089 762 2144 etiam
792 2090 958 2145 homo
987 2090 1138 2156 folio,
1167 2090 1258 2161 qui
1297 2090 1366 2145 ab
1398 2089 1593 2144 arbore
1622 2088 1817 2144 cecidit

208 2181 261 2235 in
294 2183 570 2250 paradiso.
606 2182 792 2248 Poma,
825 2192 1139 2239 sanctorum
1174 2183 1227 2236 in
1258 2181 1550 2236 virtutibus
1580 2181 1813 2235 fructus:

206 2274 260 2328 in
293 2272 520 2330 Cantico
548 2284 724 2329 cant.:
757 2273 823 2327 Et
852 2274 1123 2328 manducet
1151 2277 1374 2339 fructum
1409 2287 1676 2343 pomorum
1698 2288 1819 2326 suo-

208 2384 329 2420 rum
370 2366 546 2435 (Cant.
580 2383 633 2432 v,
668 2368 744 2436 1).
786 2366 986 2432 Palma,
1030 2365 1293 2436 perfectio
1333 2366 1419 2419 vel
1456 2365 1724 2420 victoria:
1764 2364 1818 2418 in

211 2459 388 2528 psal.:
425 2456 608 2511 Justus
638 2469 694 2511 ut
726 2459 900 2528 palma
926 2459 1129 2528 florebit
1169 2456 1287 2529 (Ps.
1332 2474 1445 2524 XCI,
1476 2456 1585 2529 15).
1632 2457 1821 2511 Palma

210 2550 356 2603 enim
390 2550 551 2604 tarde
591 2550 828 2619 proficit,
869 2551 964 2606 sed
993 2551 1082 2606 diu
1122 2552 1174 2605 in
1222 2552 1504 2607 viriditate
1536 2553 1817 2622 persistit:

211 2643 286 2697 ita
319 2653 508 2700 sancta
530 2643 774 2699 Ecclesia
799 2660 921 2700 cum
952 2645 1137 2701 multis
1161 2644 1573 2702 difficultatibus
1596 2645 1663 2700 ad
1693 2644 1820 2700 fidei

214 2750 416 2797 statum
448 2746 616 2809 venit,
644 2751 699 2798 et
726 2758 823 2813 pro
855 2744 1179 2800 collectione
1209 2745 1567 2815 plurimorum
1597 2746 1650 2798 in
1684 2744 1821 2814 ejus-

212 2835 335 2891 dem
380 2836 501 2891 lidei
554 2837 723 2907 gloria
778 2838 981 2893 diutius
1033 2847 1181 2895 stare
1224 2838 1589 2909 concupiscit.
1637 2837 1822 2892 Palma

215 2928 442 2985 inferius
465 2932 727 2986 corticum
756 2948 977 2987 suarum
1009 2932 1438 2987 involutionibus
1470 2941 1818 3002 angustatur,

212 3022 311 3077 sed
344 3025 594 3093 superius
640 3025 999 3095 amplitudine
1028 3025 1267 3094 pulchrae
1297 3026 1587 3080 viriditatis
1616 3040 1821 3094 expan-

213 3114 392 3170 ditur:
436 3116 514 3170 sic
547 3117 842 3171 electorum
875 3119 989 3171 vita
1018 3117 1246 3171 inferius
1287 3127 1371 3172 est
1402 3118 1680 3186 despecta,
1720 3117 1815 3171 sed

216 3206 474 3276 superius
489 3206 737 3277 pulchra.
768 3208 940 3263 liabet
961 3208 1218 3277 quiddam
1238 3220 1293 3262 et
1315 3208 1463 3263 aliud
1488 3209 1686 3277 palma,
1709 3222 1818 3277 quo

218 3314 247 3353 a
297 3300 509 3355 cunctis
550 3299 802 3354 arborum
841 3300 1131 3370 generibus
1161 3300 1342 3355 differt
1387 3318 1400 3353 :
1454 3301 1632 3354 omnis
1674 3301 1819 3356 enim

218 3392 387 3446 arbor
411 3405 528 3461 quas
555 3391 611 3448 in
640 3405 739 3446 suo
766 3392 965 3447 robore
989 3392 1141 3462 juxta
1159 3402 1359 3448 terram
1374 3402 1525 3448 vaste
1551 3392 1817 3459 subsistit,

219 3483 521 3539 crescendo
567 3485 817 3554 superius
863 3491 1210 3552 angustatur;
1253 3494 1307 3542 et
1346 3495 1603 3555 quzmtum
1653 3486 1822 3555 pauli-

221 3587 352 3645 Sper
380 3575 686 3645 sublimior,
723 3584 932 3630 tantum
968 3575 1019 3628 in
1059 3577 1224 3630 altum
1265 3575 1508 3632 redditur
1538 3577 1819 3632 subtilior:

221 3665 402 3735 palma
448 3681 577 3722 vero
608 3666 677 3721 ab
708 3667 832 3722 imis
874 3666 1112 3733 inchoat,
1143 3677 1196 3723 et
1218 3668 1367 3739 juxta
1399 3684 1578 3722 ramos
1607 3683 1669 3723 ac
1709 3668 1823 3723 fru-

222 3768 344 3812 ctus
365 3759 617 3829 ampliori
643 3759 842 3815 robore
860 3760 1137 3829 exsurgit:
1171 3770 1226 3814 et
1255 3776 1371 3829 quae
1400 3760 1577 3815 tenuis
1604 3760 1671 3815 ab
1701 3760 1822 3815 imis

221 3849 466 3919 prolicit,
496 3853 701 3907 vastior
734 3853 801 3907 ad
835 3868 1099 3907 summam
1131 3853 1444 3908 succrescit.
1479 3852 1686 3919 Quibus
1716 3853 1820 3907 ita-

224 3957 332 4014 que
360 3943 487 3998 talia
515 3945 755 4011 arbusta,
784 3944 887 4000 nisi
913 3944 1143 4001 terrenis
1174 3947 1446 4001 mentibus
1474 3946 1823 4001 inveniuntur

224 4051 348 4092 esse
392 4036 609 4103 similia,
664 4038 888 4095 inferius
919 4048 1090 4105 vasta,
1123 4041 1373 4109 superius
1404 4049 1668 4109 angusta:
1700 4039 1823 4111 quia

226 4129 484 4185 nimirum
510 4146 699 4187 omnes
733 4132 896 4202 hujus
925 4132 1108 4189 saeculi
1133 4132 1476 4203 dilectiones,
1508 4133 1561 4188 in
1593 4134 1826 4189 terrenis

225 4225 391 4280 rebus
428 4233 553 4279 sunt
586 4224 774 4292 fortes,
818 4226 871 4282 in
911 4226 1224 4282 coelestibus
1253 4227 1502 4283 debiles:
1546 4242 1645 4297 pro
1681 4236 1826 4284 tem-

226 4320 401 4388 porali
442 4320 609 4390 gloria
651 4336 820 4390 usque
861 4320 929 4374 ad
960 4330 1191 4377 mortem
1228 4322 1499 4378 desudare
1537 4331 1823 4393 appetunt,

227 4422 280 4467 et
312 4426 412 4481 pro
439 4425 535 4482 spe
565 4424 823 4482 perpetua
854 4428 921 4467 ne
951 4427 1137 4481 parum
1165 4414 1383 4481 quidem
1415 4414 1467 4469 in
1494 4412 1681 4469 labore
1703 4414 1827 4469 sub-

228 4505 469 4560 sistunt:
513 4519 611 4571 pro
650 4504 882 4559 terrenis
918 4504 1087 4559 lucris
1125 4506 1394 4574 quaslibet
1425 4505 1653 4575 injurias
1690 4506 1827 4561 tole-

230 4607 373 4666 rant,
401 4607 457 4654 et
488 4612 587 4667 pro
613 4599 822 4653 caelesti
867 4597 1117 4652 mercede
1158 4599 1243 4653 vel
1276 4598 1620 4653 tenuissimas
1665 4600 1825 4653 unius

228 4693 383 4749 verbi
427 4692 785 4747 contumelias
826 4691 968 4745 ferre
1011 4700 1290 4746 recusant.
1329 4690 1463 4745 Nam
1504 4701 1563 4746 ut
1608 4702 1826 4749 terreno

226 4784 400 4858 judici
433 4792 574 4837 totos
602 4783 723 4839 dies
752 4782 1028 4851 assistant,
1064 4782 1229 4837 fortes
1271 4792 1436 4838 sunt:
1481 4785 1534 4837 in
1581 4785 1827 4840 oratione

228 4892 363 4933 vero
392 4890 576 4931 coram
622 4875 879 4943 Domino,
913 4875 996 4929 vel
1034 4876 1195 4930 unius
1232 4876 1381 4931 horae
1419 4886 1693 4932 momento
1720 4878 1828 4932 las-

231 4980 439 5027 santur.
470 4968 627 5037 Stepe
657 4969 977 5034 nuditatem,
1012 4968 1243 5041 vigilias,
1267 4969 1485 5035 famem,
1522 4985 1617 5041 pro
1644 4971 1830 5043 acqui-

231 5064 417 5123 rendis
454 5062 664 5118 divitiis
712 5071 766 5118 et
802 5062 1105 5119 honoribus
1152 5066 1414 5129 tolerant,
1456 5072 1512 5119 et
1553 5065 1720 5119 multa
1768 5080 1828 5121 se

234 5156 558 5216 abstinentia
598 5156 862 5211 cruciant.
903 5155 972 5210 At
1011 5167 1203 5212 contra
1255 5172 1322 5212 ex
1367 5156 1676 5226 mqualitate
1716 5158 1829 5227 pal-

234 5268 440 5310 marum
470 5250 783 5321 designatur
825 5250 1114 5320 proficiens
1142 5251 1250 5306 vita
1284 5252 1576 5321 justorum,
1614 5253 1707 5323 qui
1736 5268 1829 5308 ne-

235 5358 498 5415 quaquam
545 5344 597 5397 in
637 5340 871 5397 terrenis
912 5341 1112 5398 studiis
1148 5352 1273 5399 sunt
1306 5343 1495 5409 fortes,
1526 5352 1583 5399 et
1626 5345 1678 5399 in
1710 5359 1825 5399 coe-

235 5438 464 5493 lestibus
499 5435 737 5502 debiles;
784 5432 880 5490 sed
924 5435 1137 5505 longius
1178 5446 1341 5506 atque
1385 5435 1675 5491 distantius
1721 5445 1828 5491 stu-

238 5528 422 5584 diosos
449 5542 508 5581 se
533 5528 639 5581 Deo
662 5526 941 5592 exhibent,
967 5541 1125 5597 quam
1158 5527 1357 5583 saeculo
1377 5526 1544 5582 fuisse
1566 5526 1830 5582 memine-

237 5627 388 5681 runt.
418 5618 689 5689 Scriptum
719 5627 802 5675 est
826 5618 1009 5689 itaque
1039 5630 1209 5686 recte,
1245 5630 1303 5675 ut
1328 5618 1618 5675 admonui:
1646 5616 1831 5675 Justus

240 5727 299 5775 ut
329 5717 503 5789 palma
543 5716 782 5784 ﬂorebit;
820 5725 873 5772 et
904 5724 1121 5773 castera.
1153 5716 1337 5787 Cedri,
1379 5714 1699 5775 excelsioris
1728 5730 1829 5788 po-

566 5809 840 5874 Ριιτιιοι..
889 5808 954 5868 ῐ..

1847 3073 1895 3137 C

1918 1826 2124 1881 nagoga
2149 1828 2164 1876 ;
2198 1826 2319 1881 qua:
2343 1811 2483 1867 bene
2510 1813 2725 1865 condita
2756 1815 2977 1883 propria
3006 1826 3199 1882 sponte
3229 1824 3314 1872 est
3338 1817 3511 1888 lapsa,

1916 1909 1972 1956 et
2001 1902 2232 1955 fructum
2269 1904 2524 1972 praecepti
2557 1904 2674 1969 Dei,
2707 1906 2791 1958 vel
2831 1906 2987 1959 bona:
3023 1909 3357 1976 operationis
3405 1926 3515 1966 non

1920 1993 2182 2061 protulit:
2218 1994 2363 2047 unde
2394 1992 2449 2047 in
2478 2008 2541 2047 ea
2572 1996 2801 2049 fructum
2852 1996 3113 2053 Dominus
3146 2001 3320 2056 tribus
3360 2003 3517 2057 annis

1920 2087 2236 2159 exquisivit,
2286 2103 2387 2143 nec
2418 2087 2657 2144 invenit:
2688 2088 2814 2158 quia
2845 2105 2962 2144 eam
2991 2094 3093 2149 sub
3132 2095 3293 2149 tribus
3322 2104 3518 2164 tempo-

1920 2182 2061 2237 ribus
2094 2180 2251 2253 (Luc.
2276 2198 2396 2247 xui,
2428 2180 2509 2253 7),
2539 2180 2593 2236 id
2619 2190 2723 2248 est,
2753 2192 2880 2239 ante
2912 2184 3106 2253 legem,
3130 2187 3230 2240 sub
3252 2188 3394 2257 lege,
3417 2189 3519 2243 sub

1922 2275 2095 2346 gratia
2124 2273 2491 2340 admonendo,
2523 2274 2792 2330 visitando
2823 2277 3123 2346 requisivit.
3170 2280 3313 2333 Ante
3340 2280 3519 2349 legem

1924 2369 2197 2441 parcendo
2233 2369 2523 2435 sustinuit;
2573 2369 2675 2423 sub
2718 2370 2912 2440 gratia,
2960 2372 3081 2440 quia
3128 2372 3520 2428 incarnationis

1923 2478 2035 2519 sua:
2059 2462 2401 2534 praesentiam
2427 2460 2732 2517 exhibendo
2761 2462 3113 2527 monstravit;
3146 2461 3202 2517 in
3230 2462 3370 2533 lege,
3394 2464 3521 2533 quia

1925 2555 2288 2626 praecipiendo
2315 2554 2532 2611 docuit:
2558 2553 2757 2624 quibus
2778 2563 2959 2609 tamen
2988 2554 3162 2609 tribus
3185 2556 3523 2624 temporibus

1924 2651 2260 2706 infructuosa
2301 2649 2586 2715 remansit,
2616 2658 2672 2704 et
2696 2663 2726 2702 a
2751 2648 3027 2703 radicibus
3056 2650 3215 2702 aruit.
3260 2648 3523 2720 Sycomo-

1924 2761 2038 2811 rus,
2069 2744 2203 2800 ficus
2241 2742 2384 2797 fatua
2412 2741 2638 2797 dicitur:
2661 2755 2821 2810 quam
2846 2740 3073 2809 pusillus
3094 2738 3345 2793 Zachams
3366 2739 3525 2792 subiit

1924 2836 2079 2908 (Luc.
2110 2853 2226 2902 χιι,
2268 2835 2351 2905 4),
2391 2844 2446 2890 et
2494 2834 2782 2889 Dominum
2813 2834 2982 2887 vidit:
3034 2832 3156 2901 quia
3200 2834 3287 2901 qui
3336 2836 3525 2889 mundi

1925 2933 2249 3002 sapientiam
2302 2928 2579 2984 humiliter
2627 2927 2856 2995 eligunt,
2902 2925 3007 2994 ipsi
3060 2924 3151 2978 Dei
3201 2925 3525 2993 sapientiam

1927 3023 2204 3077 subtiliter
2248 3020 2539 3089 aspiciunt.
2568 3017 2870 3073 Prudenter
2899 3030 3244 3087 sycomorum
3278 3020 3524 3073 ascendi-

1926 3130 2067 3180 mus,
2099 3114 2146 3168 si
2180 3112 2409 3183 provide
2435 3124 2554 3166 eam
2594 3124 2715 3180 quae
2744 3107 3001 3163 divinitus
3040 3109 3370 3178 praecipitur,
3409 3111 3527 3165 lau-

1925 3205 2163 3261 dabilem
2182 3214 2238 3259 et
2264 3203 2567 3272 sapientem
2590 3199 2890 3254 fatuitatem
2915 3207 3184 3253 tenemus.
3213 3199 3355 3267 Quid
3378 3201 3529 3257 enim

1924 3300 1977 3354 in
2010 3298 2113 3354 hoc
2151 3296 2356 3352 mundo
2396 3293 2739 3364 insipientius
2767 3306 2926 3361 quam
2960 3292 3159 3347 amissa
3206 3309 3313 3349 non
3377 3310 3526 3365 qum.

1925 3406 2083 3446 rere:
2110 3403 2363 3460 possessa
2407 3387 2613 3459 largiri,
2646 3385 2982 3456 rapientibus
3022 3385 3290 3455 relaxare,
3322 3389 3527 3444 nullam

1926 3501 2024 3556 pro
2071 3483 2309 3553 acceptis
2369 3479 2581 3551 injuriis
2638 3477 2889 3550 injuriam
2937 3478 3329 3535 redderezsed
3368 3482 3527 3549 juxta

1927 3585 2258 3651 praeceptum
2282 3573 2645 3639 Dominicum,
2681 3571 2735 3625 in
2766 3568 3022 3625 omnibus
3045 3571 3359 3641 patientiam
3388 3588 3528 3642 prae-

1924 3673 2090 3728 here?
2134 3668 2434 3740 Hyssopus,
2464 3664 2631 3719 herba
2660 3662 2901 3729 humilis,
2934 3670 2989 3718 et
3011 3662 3178 3733 lapidi
3210 3666 3260 3719 in
3293 3680 3400 3735 quo
3430 3681 3528 3720 na—

1928 3766 2100 3821 scitur
2124 3760 2367 3825 astricta,
2420 3755 2575 3826 cujus
2612 3754 2827 3810 radices
2873 3768 3062 3808 saxum
3111 3766 3399 3823 penetrare
3440 3757 3527 3812 di-

1926 3866 2152 3913 cuntur:
2188 3854 2304 3925 ipsa
2328 3864 2459 3906 vero
2487 3847 2762 3918 praecipue
2792 3846 3078 3917 pulmones
3108 3858 3282 3903 curat.
3315 3849 3372 3902 In
3403 3851 3523 3917 pul-

1928 3964 2091 4007 mone
2122 3955 2336 4003 notatur
2364 3939 2653 4013 superbia:
2680 3937 2795 3993 illic
2824 3936 3050 4000 inflatio,
3083 3937 3200 3993 illic
3228 3938 3521 3996 anhelitus.

1930 4045 1989 4099 In
2017 4044 2255 4115 hyssopo
2291 4037 2455 4110 igitur
2484 4031 2801 4104 designatur
2841 4028 3118 4084 humilitas
3148 4038 3204 4085 et
3245 4032 3525 4099 patientia.

1931 4136 2233 4198 Rhamnus,
2255 4132 2461 4194 urticae,
2489 4125 2697 4191 cardui,
2729 4134 2936 4191 sentes,
2962 4123 3176 4192 paliuri,
3194 4123 3377 4180 herbae
3397 4141 3528 4184 acu-

1930 4231 2033 4287 leis
2062 4229 2274 4285 refertte
2299 4243 2312 4279 :
2343 4221 2649 4293 significant
2676 4219 2938 4285 immites,
2963 4216 3208 4287 dolosos,
3236 4218 3530 4288 superbos,

1932 4334 1987 4378 et
2029 4336 2224 4377 omnes
2251 4316 2545 4387 improbos,
2580 4327 2716 4383 quos
2744 4311 2926 4366 nullus
2953 4309 3216 4365 bonorum
3248 4312 3329 4365 vel
3376 4326 3530 4368 man-

1934 4424 2212 4470 suetorum
2232 4416 2408 4480 potest
2430 4406 2766 4474 contingere,
2794 4404 2876 4458 vel
2899 4403 3163 4473 castigare
3183 4404 3301 4459 sine
3322 4403 3530 4460 doloris

1933 4500 2374 4573 compunctione.
2407 4498 2541 4552 ltem
2563 4494 2868 4564 significant
2892 4492 3045 4559 vitia,
3084 4503 3139 4549 et
3170 4496 3529 4553 tentationum

1932 4596 2262 4652 inﬂictiones
2288 4607 2300 4641 :
2341 4596 2399 4642 ut
2430 4588 2483 4641 in
2515 4585 2709 4641 Genesi
2736 4602 2748 4636 ε
2793 4584 2989 4651 Spinas
3015 4593 3063 4637 et
3092 4585 3306 4641 tribulos
3335 4590 3529 4659 germi-

1932 4688 2073 4743 nabit
2122 4684 2213 4739 tibi
2267 4679 2421 4750 (Gen.
2451 4693 2531 4745 ιιι,
2583 4674 2693 4747 18).
2736 4674 3117 4745 Malagranata,
3171 4679 3412 4735 Ecclesia
3460 4681 3533 4738 de

1932 4782 2117 4839 multis
2138 4776 2388 4850 gentibus
2411 4773 2527 4828 sive
2552 4771 2797 4824 diversas
2810 4771 3014 4839 gratias
3041 4770 3279 4829 habens:
3304 4775 3361 4829 in
3387 4775 3530 4831 Can-

1934 4876 2058 4932 ticis
2082 4870 2418 4929 canticorum
2446 4883 2458 4918 :
2493 4863 2809 4918 Emissiones
2839 4870 2943 4918 tua:
2973 4865 3242 4932 paradisus
3270 4868 3532 4938 malagm-

1939 4976 2179 5025 natorum
2201 4977 2317 5015 cum
2340 4962 2513 5031 fructu
2536 4971 2803 5026 pomorum
2827 4952 3090 5026 (Cant.tv,
3118 4956 3358 5027 5).Alias
3386 4960 3529 5014 mala

1936 5058 2313 5127 intelliguntur
2360 5051 2566 5105 fructus
2619 5048 2774 5103 bonae
2826 5048 3159 5117 operationis
3208 5063 3330 5104 cum
3384 5051 3530 5108 bono

1934 5154 2126 5217 odore,
2150 5148 2200 5203 id
2224 5154 2327 5210 est,
2356 5143 2527 5214 gratia
2552 5142 2706 5196 bonae
2728 5139 2905 5208 famae,
2930 5150 2985 5195 et
3006 5156 3215 5195 morum
3242 5142 3528 5199 fructibus.

1936 5241 2182 5307 Arundo,
2225 5243 2496 5309 peccator,
2541 5232 2623 5287 vel
2654 5231 2856 5301 fragilis
2897 5231 2951 5286 in
2984 5232 3110 5300 fide,
3143 5234 3228 5288 vel
3263 5237 3315 5289 in
3350 5237 3531 5306 aliqua

1932 5335 2259 5393 tentatione:
2292 5330 2346 5384 in
2377 5325 2711 5396 Evangelio:
2758 5323 3075 5378 Arundinem
3103 5335 3397 5395 quassatam
3429 5344 3531 5382 non

1933 5429 2218 5498 confringet
2258 5418 2476 5493 (Matth.
2525 5432 2621 5482 xu,
2653 5414 2771 5485 20).
2812 5414 2945 5470 Item
2992 5417 3219 5483 arundo,
3254 5419 3531 5475 infirmum

1934 5521 2228 5580 auxilium:
2261 5517 2313 5571 in
2346 5512 2534 5569 Esaia:
2560 5509 2700 5577 Quid
2729 5508 2946 5577 conﬁdis
2972 5510 3025 5563 in
3054 5511 3233 5565 baculo
3256 5513 3354 5567 ista
3370 5529 3532 5566 arun-

1937 5618 2087 5672 dinea
2112 5609 2401 5683 zEgyptio?
2427 5604 2513 5661 cui
2545 5604 2589 5657 si
2609 5599 2728 5671 quis
2753 5601 3059 5667 incubuerit,
3084 5605 3529 5675 conquassabimr,

1937 5723 1984 5769 et
2016 5706 2295 5786 perforabit
2318 5712 2528 5758 manum
2567 5694 2752 5764 ejus...
2793 5689 2947 5786 (Isai.
2990 5709 3172 5764 χχχιιι,
3207 5694 3286 5768 6).
3314 5696 3528 5775 Bubus,

2849 5782 2927 5845 21’s
