4028 6184
491 244 591 299 747

1504 232 1566 290 S.
1604 231 1931 289 EUCIIERII
1973 228 2447 289 LUGDUNENSIS
2490 228 2793 288 EPISCOPI

3674 230 3787 292 748

490 370 548 412 ut
573 355 789 425 quidam
814 356 1122 424 opinantur,
1145 348 1328 405 Mariae
1357 345 1581 418 virginis
1606 348 2001 417 prmﬁguratio:
2024 362 2089 402 eo
2116 349 2168 408 Α
2196 342 2429 416 Spiritus
2455 348 2595 401 enim
2625 385 2640 413 ,
2690 358 2787 400 nos
2832 360 2928 416 per
2957 343 3302 415 adoptionem
3335 343 3475 399 ﬁlios
3511 343 3607 400 Dei
3634 343 3785 402 fecit.

493 451 637 520 quod
688 448 840 518 quasi
893 445 961 501 de
1012 442 1233 498 humani
1277 442 1520 511 corporis
1548 441 1705 507 rubo,
1745 438 2083 495 Salvatorem

493 555 765 613 tamquam
804 552 981 597 rosam
1022 537 1294 601 emiserit;
1338 544 1427 591 aut
1469 536 1612 605 quod
1642 535 1750 588 vim
1780 532 1950 589 divini
1982 533 2086 588 lul-

493 638 663 707 goris,
709 636 824 689 sine
854 632 956 687 viri
1004 630 1373 699 assumptione
1403 626 1704 695 pertulerit.
1746 625 1801 680 In
1855 626 2081 682 Exodo:

495 729 848 801 Apparuitquc
890 725 938 778 ei
984 724 1236 777 Dominus
1274 722 1325 774 in
1374 721 1585 790 ﬂamma
1629 719 1762 791 ignis
1806 720 1869 773 de
1921 719 2087 771 medio

494 822 631 888 rubi,
670 830 717 873 et
762 818 960 872 videbat
998 816 1132 887 quod
1166 815 1320 869 rubus
1353 813 1578 879 arderet,
1612 823 1660 867 et
1690 827 1792 865 non
1823 810 2088 864 combure-

494 926 631 971 retur
657 913 855 986 (Exod.
890 924 969 977 tn,
997 911 1076 981 ἓ).
1108 910 1257 964 Alias
1280 908 1445 961 rubus
1478 906 1675 961 ardens
1705 918 1806 961 nec
1830 916 2085 959 consum-

493 1019 618 1080 ptus
660 1006 942 1062 Judaicum
985 1002 1243 1073 populum
1288 998 1538 1069 signavit,
1566 997 1707 1068 quod
1739 1006 1794 1052 et
1824 996 1959 1066 legis
1990 992 2089 1048 Dei

492 1104 767 1160 ﬂammam
802 1097 1078 1168 praecepit,
1108 1102 1163 1149 et
1196 1104 1370 1147 tamen
1403 1091 1606 1159 peccati
1636 1102 1854 1161 ptenam
1887 1102 2091 1157 nequa-

495 1212 654 1269 quam
709 1193 920 1249 vitavit.
976 1190 1179 1259 Spinre,
1226 1187 1495 1242 interdum
1548 1186 1728 1241 noxia:
1780 1182 2090 1239 divitiarum

494 1306 664 1358 curre,
695 1288 931 1343 animum
964 1281 1312 1345 suffocantes,
1341 1290 1394 1335 et
1416 1279 1579 1347 huius
1607 1278 1794 1333 mundi
1825 1276 2091 1331 sollicitu-

496 1382 686 1435 dines:
727 1379 780 1433 in
824 1374 1152 1444 Evangelia:
1204 1372 1361 1425 Aliud
1414 1371 1594 1424 cecidit
1641 1372 1692 1423 in
1728 1370 1902 1436 spinus
1936 1366 2087 1439 (Luc.

494 1489 611 1535 vtu,
643 1472 722 1539 6);
754 1478 809 1524 et
838 1469 1031 1522 iterum
1065 1484 1076 1516 :
1112 1464 1213 1531 Qui
1242 1482 1273 1515 a
1304 1462 1734 1517 sollicitudinibus
1757 1470 1803 1514 et
1835 1460 2024 1512 divitiis
2047 1465 2094 1511 et

495 1561 841 1632 voluptatibus
890 1558 1211 1625 suﬂ‘ocantur
1258 1554 1448 1626 (Ibid.,
1490 1555 1599 1624 14).
1648 1553 1874 1618 Tribuli,
1920 1553 2094 1607 aculei

496 1657 749 1709 vitiorum
778 1653 861 1706 vel
895 1653 1247 1705 tentationum
1275 1666 1285 1700 :
1324 1649 1374 1701 in
1423 1646 1625 1701 Genesi
1652 1661 1661 1695 :
1700 1644 1891 1714 Spinas
1921 1654 1965 1696 et
1998 1644 2094 1695 tri-

498 1749 641 1802 bulos
682 1744 983 1815 germinabit
1017 1742 1105 1795 tibi
1133 1739 1287 1811 (Gen.
1332 1754 1450 1803 xm,
1479 1738 1587 1806 18).
1634 1734 1861 1802 Fontes,
1892 1734 2095 1804 baptis-
2122 1724 2171 1789 Β

498 1854 679 1894 mum:
722 1839 773 1891 in
810 1836 1059 1905 psalmo:
1100 1832 1247 1888 Sicut
1299 1847 1474 1886 cerrus
1523 1830 1779 1883 desiderat
1821 1832 1885 1881 ad
1931 1829 2095 1899 fontes

496 1945 746 1999 aquarum
783 1927 900 2001 ('Ps.
942 1941 1053 1989 χιι,
1098 1922 1177 1995 2).
1206 1923 1355 1979 Fons
1399 1923 1562 1977 etiam
1606 1930 1690 1977 est.
1734 1920 2003 1987 Christus,
2041 1931 2099 1975 ut

496 2023 709 2094 psalmo
764 2039 776 2074 :
828 2020 998 2075 Sitivit
1050 2018 1223 2071 anima
1285 2032 1397 2070 utea
1448 2016 1515 2067 ad
1566 2012 1733 2070 Deum
1783 2014 1977 2083 [autent
2025 2014 2097 2066 vi-

496 2130 616 2169 vum
660 2112 869 2185 (Ibid);
912 2119 968 2166 et
1012 2110 1241 2165 Esaias:
1287 2107 1352 2161 In
1383 2109 1467 2161 die
1516 2108 1609 2161 illa
1640 2110 1733 2160 erit
1773 2108 1887 2176 fons
1918 2116 2097 2178 patens

497 2211 679 2263 domus
708 2204 1089 2275 David.(Zach.
1128 2218 1243 2270 xui,
1269 2202 1348 2271 1),
1382 2208 1437 2255 ct
1465 2208 1685 2255 cariora.
1718 2200 1849 2254 Item
1878 2202 1930 2253 in
1982 2214 2098 2251 ma-

494 2302 601 2355 lam
654 2308 902 2371 partem:
960 2306 1020 2351 ut
1065 2296 1391 2367 Apostolus:
1448 2291 1642 2347 Fontes
1692 2296 1801 2347 sine
1846 2306 1977 2362 aqua
2029 2291 2095 2363 (II

498 2393 644 2449 Petr.
672 2410 736 2461 ιι,
770 2390 881 2464 17).
912 2391 1097 2461 Aquae,
1136 2390 1458 2443 tentationes
1489 2405 1499 2437 :
1536 2388 1590 2439 in
1632 2387 1808 2456 psal.:
1852 2383 2097 2439 Forsitan

494 2502 553 2543 ut
616 2505 751 2558 aqua
796 2486 1135 2541 absorbuisset
1202 2499 1294 2536 nos
1348 2479 1467 2552 (Ps.
1516 2488 1700 2545 ’xxm,
1760 2481 1841 2551 1).
1898 2480 2031 2534 Itcm
2080 2498 2091 2530 :

498 2583 827 2639 Intraverunt
902 2594 1049 2650 aquw
1118 2592 1279 2646 usque
1355 2577 1422 2628 ad
1480 2576 1710 2629 animum
1756 2592 1919 2629 meam
1974 2572 2094 2646 (Ps.

501 2692 695 2744 vant,
752 2671 832 2745 ‘2).
880 2671 1013 2726 Item
1064 2670 1121 2723 in
1156 2666 1359 2721 bonum
1398 2677 1605 2735 partem
1650 2684 1661 2720 :
1706 2668 1760 2721 in
1808 2666 2043 2721 Jercmia
2080 2684 2092 2720 :

504 2767 589 2823 Ille
610 2766 987 2835 dereliquerunt
1002 2765 1188 2833 fontem
1206 2776 1353 2829 aqua:
1369 2760 1493 2813 viva
1506 2760 1725 2827 (Jerem.
1746 2776 1805 2825 ιι,
1828 2756 1948 2831 15);
1974 2771 2026 2815 ει
2044 2762 2096 2815 in

500 2861 657 2917 Esaia
681 2878 693 2913 :
732 2857 834 2923 Qui
862 2854 1034 2917 sititis,
1064 2853 1131 2906 ite
1160 2852 1227 2907 ad
1248 2866 1435 2921 aquam
1469 2849 1620 2921 (Ἰδαί.
1672 2866 1757 2919 Lv,
1780 2853 1863 2920 1),
1912 2852 1963 2906 id
1991 2862 2094 2916 est,

497 2954 565 3007 ad
610 2952 935 3007 doctrinam.
987 2949 1155 3017 Aqua:
1202 2944 1423 2999 nomine
1464 2945 1526 2997 in
1583 2943 1863 3014 Scriptum
1912 2954 2096 2999 sancta

498 3046 787 3118 aliquando
832 3043 1072 3113 Spiritus
1129 3048 1349 3094 sanctus
1406 3037 1757 3107 significatur.
1814 3038 1907 3092 Sic
1952 3039 2094 3091 enim

2190 440 2340 494 Sacri
2393 440 2556 495 fontis
2606 438 2745 494 unda
2774 453 2874 495 nos
2900 438 3089 494 abluit.
3137 438 3371 508 Sanguis
3416 438 3638 494 Domini
3685 456 3788 496 nos

2194 536 2445 591 redemit.
2480 536 2738 603 Torrens,
2768 534 3157 605 persecutionis
3186 535 3464 601 incursus,
3491 534 3575 589 vel
3599 536 3790 590 mortis

2189 629 2526 700 dilapsus.ln
2559 629 2798 698 psalmo:
2827 625 2901 681 De
2932 635 3156 681 torrente
3180 626 3234 679 in
3266 627 3348 680 ria
3373 626 3495 679 bibit
3519 625 3641 695 (Ps.
3674 642 3788 694 cu,

2192 724 2266 792 7).
2327 720 2499 776 Item:
2555 716 2853 774 Torrentem
2908 717 3235 791 pertransivit
3286 717 3463 771 anima
3512 734 3624 772 mea
3666 716 3790 789 (Ps.

2189 831 2375 881 cxxttt,
2403 810 2485 884 5).
2519 813 2583 868 Et
2613 813 2664 867 itt
2690 812 2886 868 bonam
2910 816 3153 881 partem:
3204 806 3273 863 Et
3302 818 3523 865 torrente
3548 812 3793 881 volupta-

2192 910 2254 963 tis
2294 919 2393 962 tute
2424 906 2622 977 potabis
2663 923 2747 959 eos
2806 904 2923 977 (Ps.
2960 920 3123 970 xxxv,
3155 903 3233 975 9).
3288 903 3580 960 Torrentes
3620 906 3793 961 etiam

2192 1001 2367 1059 sancti
2392 1001 2735 1072 appellantur
2767 998 3175 1069 prsedicatores,
3226 998 3317 1067 qui
3367 999 3496 1054 dum
3545 999 3599 1054 in
3647 1016 3797 1069 pras—

2192 1094 2333 1151 senti
2373 1094 2480 1149 vita
2526 1092 2728 1149 divinis
2761 1094 2915 1147 nobis
2963 1091 3197 1161 eloquiis
3232 1091 3485 1157 inﬂuunt,
3531 1107 3797 1163 aquarum

2196 1188 2560 1253 multitudine,
2618 1186 2771 1258 quasi
2818 1186 2874 1241 in
2923 1186 3103 1243 hieme
3152 1185 3522 1256 colliguntur:
3574 1188 3697 1259 quia
3738 1196 3801 1244 et

2196 1282 2387 1337 aestivo
2442 1281 2557 1337 sole
2611 1280 2935 1336 adveniente
2980 1296 3039 1336 se
3091 1280 3435 1349 subtrahunt,
3494 1283 3624 1352 quia
3671 1296 3801 1337 cum

2197 1385 2413 1429 interna:
2446 1375 2633 1443 patria:
2658 1372 2747 1427 lux
2780 1373 3065 1427 emicuerit
3095 1415 3109 1439 ,
3154 1372 3444 1443 prtedicare
3472 1373 3801 1431 cessabunt.

2202 1466 2471 1535 Flumina,
2532 1466 2825 1523 inlidelium
2858 1466 3060 1538 populi.
3109 1468 3164 1522 ln
3198 1467 3433 1537 psalmo:
3479 1466 3651 1536 Super
3692 1470 3807 1537 ﬂu—

2198 1560 2338 1613 mina
2370 1558 2655 1629 Babylonis
2677 1556 2792 1629 (Ps.
2818 1575 3039 1627 cxxxvt,
3077 1559 3149 1631 1).
3194 1558 3325 1615 Item
3357 1560 3410 1615 in
3446 1559 3641 1615 bonam
3672 1576 3808 1630 par-

2203 1661 2309 1706 tem
2335 1672 2345 1702 :
2374 1648 2621 1706 Flumina
2649 1651 2712 1704 de
2742 1660 2914 1705 ventre
2936 1656 3047 1724 ejus
3073 1654 3230 1722 ﬂuent
3267 1668 3421 1723 aqua
3459 1653 3583 1706 vita:
3614 1651 3802 1721 (Joan.

2203 1760 2293 1808 vu,
2320 1742 2445 1812 58);
2482 1744 2533 1799 id
2563 1753 2663 1809 est,
2689 1744 2921 1799 diversa:
2961 1744 3146 1815 gratim
3174 1744 3416 1814 spiritus.
3455 1744 3545 1800 Sic
3575 1744 3630 1799 in
3662 1746 3807 1815 psal-

2202 1853 2329 1892 mo:
2393 1834 2654 1891 Fluminis
2697 1839 2913 1909 impetus
2968 1836 3193 1906 [teli/icui
3241 1838 3501 1891 civitatem
3548 1837 3647 1891 Dei
3682 1838 3802 1911 (Ps.

2204 1946 2327 1997 va,
2359 1930 2437 1999 5).
2472 1930 2663 1997 Lacus,
2713 1930 3008 1984 infernum.
3038 1924 3094 1982 In
3122 1930 3369 1998 psalmo:
3407 1928 3698 1984 Posuerunt
3726 1948 3806 1985 me

2204 2024 2254 2076 in
2285 2025 2397 2076 lacu
2420 2022 2661 2091 inferiore
2691 2020 2807 2093 (Ps.
2842 2036 3084 2089 Lxxxvu,
3116 2020 3171 2091 7)
3202 2040 3212 2074 :
3263 2022 3316 2076 id
3345 2032 3445 2090 est,
3476 2022 3568 2075 illo
3596 2023 3806 2079 inferni

2204 2116 2361 2185 loco,
2400 2120 2449 2171 in
2484 2134 2589 2187 quo
2640 2126 2952 2186 peccatores
2995 2116 3093 2170 soli
3126 2116 3322 2187 ptenali
3368 2117 3603 2171 custodia
3648 2117 3803 2173 deti-

2204 2221 2418 2264 nentur.
2450 2210 2617 2275 lllare,
2646 2209 2925 2278 saeculum,
2952 2211 3064 2264 sive
3098 2210 3299 2280 populi.
3333 2210 3389 2264 In
3421 2210 3655 2278 psalmo:
3680 2209 3807 2265 Hoc

2206 2321 2343 2356 mare
2395 2320 2632 2375 magnum
2678 2314 2724 2357 et
2766 2304 3051 2373 spatiosum
3102 2302 3219 2374 (Ps.
3246 2319 3339 2366 cn,
3365 2303 3479 2375 “25).
3514 2302 3617 2359 Per
3653 2320 3807 2361 mare

2204 2400 2364 2451 etiam
2385 2396 2759 2467 intelliguntur
2775 2412 2945 2452 sacra:
2963 2396 3260 2465 Scriptura:
3282 2439 3297 2464 ,
3324 2398 3455 2450 utin
3483 2396 3801 2452 Ezechiele:

2204 2490 2451 2559 Aspcctus
2478 2499 2744 2557 rotarum,
2790 2497 2837 2542 et
2883 2506 3011 2560 opus
3053 2506 3251 2556 earum,
3290 2490 3439 2559 quasi
3482 2491 3611 2544 visio
3647 2491 3806 2545 maris

2205 2581 2420 2656 (Ezeclt.
2450 2596 2487 2648 ι,
2515 2581 2627 2654 16).
2654 2582 2821 2638 Recte
2852 2585 3032 2651 itaque
3055 2598 3207 2638 sacra
3230 2582 3440 2651 eloquia
3466 2582 3661 2639 visioni
3690 2599 3806 2638 ma-

2204 2678 2276 2731 ris
2325 2677 2699 2741 conferuntur,
2761 2678 2883 2746 quia
2937 2677 3223 2731 sententiae
3280 2676 3567 2731 locutionis
3621 2691 3808 2730 sacra-

2204 2781 2387 2825 mento
2420 2770 2754 2841 baptismatis
2784 2769 3199 2823 conﬁrmantur.
3234 2768 3439 2836 Pisces,
3501 2770 3695 2833 sancti,
3728 2769 3807 2824 in-

2203 2860 2416 2918 terdum
2449 2870 2780 2932 peccatores.
2800 2864 2854 2917 In
2873 2862 3159 2933 Evangelio
3181 2881 3192 2916 :
3216 2861 3282 2916 Et
3301 2873 3567 2917 traxerunt
3587 2864 3805 2933 plenum

2202 2966 2304 3009 rete
2334 2956 2555 3026 piscibus
2586 2957 2787 3027 magnis
2818 2956 2996 3024 (Joan.
3031 2972 3141 3020 xxt,
3180 2954 3292 3025 11).
3345 2955 3471 3011 Item
3512 2956 3565 3010 in
3595 2957 3810 3014 malam

2204 3061 2443 3122 partem:
2475 3049 2646 3105 Malos
2669 3061 2839 3105 autem
2868 3051 3007 3120 {oras
3034 3050 3278 3104 miserunt
3305 3048 3519 3115 (Matth.
3545 3065 3661 3114 χιιι,
3683 3050 3806 3121 48).

498 3104 730 3212 Spiritus
772 3104 946 3196 sancti
985 3135 1185 3192 inlusio
1210 3132 1572 3203 “designatur:
1610 3141 1677 3185 ut
1708 3132 1759 3185 in
1790 3130 2089 3202 Evangcl.:

2199 3145 2409 3200 Rursus
2438 3146 2663 3215 piscium
2700 3143 2938 3208 nomine,
2976 3143 3105 3199 ﬁdes
3140 3158 3247 3198 non
3282 3142 3401 3197 ﬁcta
3434 3144 3802 3213 exprimitur;

494 3236 603 3301 Qui
640 3235 799 3290 credit
827 3234 880 3286 in
914 3240 1001 3285 'me
1026 3276 1039 3299 ,
1068 3228 1286 3301 ﬂumina
1331 3226 1392 3279 de
1437 3234 1607 3279 ventre
1632 3229 1744 3296 ejus
1766 3226 1927 3295 [luent
1950 3241 2096 3291 aqua:

496 3329 622 3382 vim
649 3326 825 3395 (Joan.
857 3339 953 3393 vtt,
985 3322 1103 3391 5‘8).
1142 3322 1281 3376 Item
1313 3333 1410 3390 per
1436 3332 1630 3387 aquam
1664 3317 1934 3388 angelicus
1964 3318 2097 3372 cho-

494 3436 591 3473 rus
615 3418 934 3489 exprimitur
961 3433 973 3469 :
1000 3413 1138 3468 utin
1182 3414 1421 3481 psalmo;
1470 3407 1545 3463 Et
1586 3422 1741 3479 aqua:
1784 3426 1898 3480 qute
1945 3426 2096 3478 super

498 3512 649 3565 stelas
667 3520 782 3563 sunt
802 3508 1009 3562 laudent
1034 3520 1218 3558 nomen
1240 3502 1591 3575 Domini(Ps.
1616 3518 1832 3569 cxm'm,
1856 3504 1935 3568 ’4).
1961 3505 2091 3559 Item

498 3603 723 3661 scientia
754 3614 937 3654 sacra:
968 3607 1025 3652 ut
1047 3598 1101 3650 in
1130 3596 1271 3651 libro
1291 3597 1580 3665 Sapientia:
1607 3617 1617 3649 ε
1650 3599 1795 3665 Aqua
1829 3598 2095 3668 sapientia:

499 3695 694 3770 potabit
714 3710 798 3749 eos
820 3690 989 3762 (Eccl.
1021 3706 1116 3758 xv,
1144 3688 1223 3761 5).
1262 3689 1338 3743 'Et
1380 3689 1569 3744 iterum
1598 3706 1609 3744 :
1645 3692 1791 3761 Aqua
1834 3691 2095 3761 profunda

497 3791 650 3847 verba
679 3806 741 3844 ea:
766 3802 852 3843 ore
878 3787 969 3840 viri
990 3784 1173 3859 (Prov.
1198 3792 1355 3849 xvttt,
1385 3778 1463 3853 1).
1486 3781 1657 3838 Prava
1682 3798 1895 3853 quoque
1919 3786 2093 3837 scicn-

497 3888 571 3941 tia
603 3888 698 3955 p‘er
730 3894 924 3955 aquam
973 3881 1297 3953 appellatur.
1346 3877 1504 3934 Sicut
1554 3886 1649 3948 per
1700 3878 2043 3931 Salomonem
2072 3919 2086 3943 ,

497 3979 692 4034 mulier
723 3992 841 4048 quae
875 3984 1057 4047 typum
1088 3973 1363 4028 bmrcscos
1387 3978 1534 4024 tenet
1560 4012 1574 4036 ,
1630 3969 1842 4023 callidis
1875 3982 2092 4035 persua-

502 4072 747 4128 sionibus
798 4070 1071 4124 blanditur
1118 4065 1538 4131 dicenszﬁqutc
1587 4064 1788 4131 furtiva:
1843 4061 2093 4117 dulciores

497 4166 619 4220 sunt
646 4161 827 4236 (Prov.
862 4175 935 4223 tx,
970 4156 1083 4227 17).
1132 4150 1285 4223 Aqua
1327 4153 1488 4207 etiam
1543 4152 1700 4219 hujus
1753 4153 1935 4207 mundi
1970 4170 2093 4224 pro-

496 4258 815 4330 Sperita‘tem
848 4247 1145 4319 signiﬁcat:
1173 4255 1230 4299 ιιι
1252 4245 1306 4298 in
1348 4244 1553 4314 psalmo
1578 4262 1587 4296 :
1615 4241 1973 4299 Trausivimus
2003 4263 2093 4318 per

497 4355 668 4425 ignem
711 4356 755 4403 ct
798 4359 1005 4415 aquam,
1046 4349 1092 4396 et
1128 4338 1357 4395 eduxiin
1397 4354 1490 4393 nos
1508 4340 1570 4394 in
1612 4340 1940 4411 refrigerium
1969 4341 2089 4414 (Ps.

494 4460 623 4510 va,
658 4438 768 4512 12).
795 4439 940 4509 Ignis
961 4445 1017 4492 et
1045 4452 1179 4506 aqua
1204 4442 1489 4505 utrumque
1517 4438 1876 4507 periculosum
1905 4454 1917 4491 :
1952 4449 2008 4493 ut
2040 4441 2090 4494 in

498 4632 659 4697 misit,
692 4638 748 4683 ut
778 4643 889 4682 eum
919 4626 1147 4697 perderet
1200 4621 1391 4687 (Marc.
1443 4639 1517 4691 ιχ,
1570 4620 1685 4696 21).
1740 4624 1963 4693 Quando
2005 4643 2093 4684 res

498 4726 919 4790 suntangustaz,
970 4728 1023 4772 et
1076 4717 1271 4787 aliquz‘e
1320 4716 1661 4773 infelicitates
1710 4728 1835 4775 sunt
1894 4721 1946 4774 in
1991 4721 2093 4778 hoc

494 4819 720 4885 mundo,
741 4813 893 4885 quasi
925 4813 1061 4884 ignis
1083 4820 1185 4867 est.
1211 4811 1438 4877 Quando
1466 4828 1551 4869 res
1575 4822 1696 4868 sunt
1723 4830 2015 4886 prosperw,
2040 4827 2096 4874 et

497 4909 825 4968 abundantia
859 4906 1042 4963 surculi
1075 4904 1402 4960 circumfluit
1427 4946 1440 4970 ,
1494 4906 1646 4975 quasi
1669 4906 1777 4974 jam
1821 4923 1954 4978 aqtta
1986 4920 2087 4965 est.

494 5004 602 5060 Per
632 5016 824 5072 aquam
855 5001 1017 5055 etiam
1048 4998 1229 5068 populi
1258 4996 1607 5066 designantur
1633 5040 1647 5065 ,
1678 5008 1734 5052 ut
1779 4999 1831 5053 in
1874 5003 2086 5071 Apoca-

491 5094 677 5167 lypsi:
713 5094 868 5163 Aqua:
898 5093 1074 5145 multa:
1114 5089 1292 5161 populi
1321 5099 1439 5142 sunt
1470 5090 1615 5143 multi
1663 5090 1901 5161 (Apocal.
1952 5110 2086 5163 xvn,

495 5188 614 5259 15).
666 5185 769 5242 Per
823 5200 1013 5254 aquam
1061 5197 1275 5253 quoque
1310 5198 1416 5237 non
1446 5182 1618 5237 solum
1669 5198 1857 5240 cursus
1883 5186 2090 5242 discur-

493 5282 729 5339 rentium
760 5279 1102 5350 populorum,
1132 5275 1225 5331 scd
1250 5275 1412 5330 etiam
1447 5276 1709 5332 bonorum
1744 5286 1952 5335 mentes
1975 5323 1988 5347 ,
2026 5283 2089 5335 li-

494 5376 583 5430 dei
612 5373 1029 5444 prmdicamenta
1053 5378 1341 5438 sequentes
1369 5372 1726 5429 ostenduntur
1752 5390 1764 5427 :
1790 5376 1928 5431 sicut
1950 5374 2087 5448 apud

494 5470 710 5524 Esaiam
748 5477 867 5522 est:
917 5463 1065 5518 Beati
1107 5464 1192 5531 qui
1241 5464 1502 5517 seminatis
1546 5484 1699 5537 super
1726 5485 1899 5525 omnes
1930 5487 2091 5543 aquas

494 5560 864 5633 (hui/xxx“,
892 5558 1009 5628 ΞΟ).
1044 5556 1196 5627 Ἀίιιιιι
1224 5557 1385 5612 etiam
1418 5559 1739 5626 baptismum
1774 5564 1973 5621 indicat
1996 5586 2006 5621 :
2033 5578 2091 5623 ttt

492 5651 571 5705 ait
600 5646 1242 5716 Joanttes'Evangclisla:
1276 5647 1397 5700 Tres
1426 5658 1542 5700 sunt
1569 5692 1579 5713 ,
1612 5654 1699 5721 qui
1740 5657 2087 5714 testimonium

497 5742 623 5793 dant
646 5742 695 5788 in
728 5747 881 5797 terra,
906 5739 1135 5803 spiritus,
1171 5754 1324 5805 aqua,
1350 5749 1394 5788 et
1426 5744 1637 5806 sanguis
1666 5745 1707 5809 (I
1734 5744 1889 5799 Joan.
1912 5762 1976 5815 ‘v,
2004 5754 2080 5821 8).

2201 3238 2651 3310 quemadmodum
2689 3236 2831 3292 enim
2862 3235 3023 3306 piscis
3053 3236 3151 3290 sub
3183 3218 3493 3304 tegttmen‘to
3534 3250 3805 3306 aquarum

2202 3332 2447 3387 nascitur
2473 3372 2488 3397 ,
2524 3330 2653 3385 vivit
2684 3374 2697 3397 ,
2734 3338 2788 3384 et
2819 3330 3010 3382 alitur:
3047 3328 3123 3382 sic
3154 3337 3207 3383 et
3233 3327 3363 3383 lides
3394 3343 3514 3398 qua:
3544 3327 3597 3382 itt
3631 3328 3807 3384 Deum

2201 3434 2303 3485 est,
2334 3440 2453 3493 qua:
2482 3424 2703 3478 alterius
2727 3423 2851 3475 vita:
2872 3420 3090 3491 gaudia,
3110 3436 3203 3491 per
3229 3421 3461 3476 lamehta
3485 3420 3804 3490 praesentia,

2201 3515 2465 3585 fletusque
2497 3514 2816 3585 irrequietos
2836 3558 2849 3582 ,
2883 3514 2933 3566 in
2964 3512 3129 3567 corde
3152 3513 3351 3583 gignit;
3384 3511 3643 3567 invisibili
3670 3528 3807 3583 gra-

2202 3612 2273 3665 tia
2297 3612 2517 3681 spiritus
2550 3625 2642 3678 per
2671 3623 2861 3677 aquam
2884 3606 3223 3676 baptismatis
3244 3614 3628 3671 consecratur;
3659 3605 3808 3660 invi-

2201 3704 2345 3758 sibili
2376 3702 2575 3757 auxilio
2602 3701 2796 3754 divinm
2822 3698 3177 3770 protectionis
3205 3740 3220 3766 ,
3252 3714 3318 3753 ne
3350 3698 3590 3766 deﬁciat,
3624 3700 3804 3753 nutri—

2201 3806 2285 3851 tur
2307 3811 2322 3861 ;
2343 3794 2597 3850 invisibili
2623 3793 2963 3863 praemiorum
2989 3791 3210 3857 intuitu,
3251 3806 3606 3861 quaecumque
3632 3792 3804 3858 valet,

2202 3892 2340 3946 bona
2368 3899 2624 3962 operatur
2654 3907 2666 3943 :
2698 3904 2905 3944 memor
2937 3886 3079 3943 illius
3123 3886 3453 3958 Apostolici:
3508 3887 3643 3954 Quia
3686 3902 3805 3957 qua:

2199 3986 2434 4039 videntur
2464 3984 2765 4055 temporalia
2809 3991 2968 4047 sunt,
3000 3998 3114 4053 qua:
3153 3990 3321 4034 autem
3376 3996 3482 4035 non
3519 3981 3759 4035 videntur
3786 4022 3803 4049 ,

2200 4088 2391 4134 (eterna
2423 4078 2492 4148 (II
2533 4079 2650 4132 Cor.
2684 4094 2756 4145 tv,
2794 4078 2902 4147 18).
2932 4074 3103 4131 Piscis
3133 4085 3314 4131 autem
3356 4091 3536 4140 assus,
3586 4076 3805 4145 passio-

2200 4188 2323 4229 nem
2352 4172 2649 4243 signiﬁcat;
2682 4173 2895 4237 ﬂuctus,
2930 4172 3281 4227 tentationes.
3318 4170 3376 4227 In
3410 4172 3576 4241 psal.:
3612 4170 3806 4226 Omnia

2200 4266 2397 4320 excelsa
2452 4274 2561 4331 tua,
2610 4275 2655 4319 et
2681 4267 2869 4335 ﬂuctus
2919 4265 2993 4319 tui
3043 4280 3194 4333 super
3226 4280 3305 4318 me
3331 4265 3645 4319 transierunt
3675 4263 3797 4334 (Ps.

2200 4374 2310 4426 xu,
2344 4356 2420 4429 8).
2454 4357 2769 4429 Signiﬁcant
2800 4358 2962 4411 etiam
2993 4357 3209 4424 ﬂuctus,
3244 4358 3491 4412 timorem
3528 4356 3624 4412 Dei
3656 4368 3715 4412 ut
3744 4359 3796 4413 in

2132 4508 2160 4519 _
2201 4451 2339 4508 libro
2366 4451 2502 4507 Job:
2539 4451 2683 4507 Sicut
2708 4460 2956 4504 tumentes
2986 4453 3171 4516 ﬂuctus
3192 4466 3344 4518 super
3378 4466 3456 4503 me
3494 4450 3567 4503 sic
3595 4466 3801 4519 semper

495 4537 823 4608 Evangelio:
873 4532 1189 4603 Frequenter
1219 4547 1334 4585 eum
1364 4538 1410 4584 et
1453 4531 1503 4584 in
1544 4532 1714 4605 ignem
1742 4539 1786 4586 et
1816 4533 1867 4587 in
1903 4552 2090 4607 aquam
2114 4510 2169 4574 D

2197 4545 2341 4599 timui
2374 4542 2653 4597 Dominum
2684 4541 2803 4617 (Job
2854 4559 2999 4609 xxxr,
3052 4540 3168 4613 95).
3226 4542 3398 4611 Unde,
3459 4541 3599 4596 idem
3647 4544 3801 4612 quod

2196 4657 2357 4712 supra
2391 4641 2445 4695 in
2475 4638 2736 4695 Cantico:
2772 4637 3083 4693 Gelavcrunt
3140 4639 3296 4692 antire
3352 4639 3403 4691 in
3448 4636 3614 4691 medio
3660 4639 3804 4692 mari

2199 4731 2392 4804 (Exod.
2420 4748 2515 4799 xv,
2544 4726 2864 4803 8).Insul'.e,
2899 4733 3115 4799 animae,
3140 4732 3226 4785 vel
3256 4730 3509 4785 Ecclesiae
3534 4730 3653 4794 Dei,
3678 4745 3801 4799 qua!

2199 4826 2428 4881 diversis
2463 4825 2819 4881 tentationum
2855 4825 3149 4879 tunduntur
3180 4824 3455 4879 ﬂuetibus.
3507 4822 3562 4877 In
3616 4823 3753 4893 psal.
3786 4841 3798 4878 :

2197 4917 2457 4973 Lwtentur
2494 4919 2681 4973 insula:
2728 4916 2902 4971 multa:
2936 4915 3051 4987 (Ps.
3107 4931 3248 4979 xcv1,
3301 4915 3376 4986 1).
3428 4915 3625 4983 Littus,
3673 4915 3800 4970 ﬁnis

2200 5011 2404 5067 surculi.
2426 5000 2491 5063 In
2524 5009 2774 5079 Evangel.
2804 5025 2818 5063 :
2848 5007 2910 5061 Et
2935 5025 3079 5063 secus
3112 5010 3255 5062 littus
3282 5009 3509 5062 sedentes
3532 5006 3798 5081 elegerunt

2200 5102 2358 5157 bonos
2381 5102 2432 5155 in
2455 5118 2574 5155 uasa
2607 5099 2822 5172 (Matth.
2850 5116 2966 5167 XIII,
2998 5099 3115 5170 48).
3176 5102 3355 5156 Arena
3384 5100 3550 5155 maris
3572 5143 3588 5167 ,
3637 5101 3799 5156 innu-

2198 5209 2365 5251 merae
2395 5192 2633 5265 gentium
2665 5192 3058 5247 multitudines.
3080 5187 3145 5247 ‘In
3175 5192 3406 5248 Genesi:
3440 5191 3509 5247 Et
3542 5192 3803 5264 multipli-

2198 5291 2321 5345 cabo
2349 5306 2519 5345 semen
2550 5300 2693 5343 tuum
2719 5288 2793 5356 (id
2822 5298 2926 5356 est,
2950 5287 3191 5358 sanctos)
3219 5289 3351 5344 sicut
3382 5288 3557 5344 stellas
3586 5288 3729 5353 creti,
3750 5298 3802 5345 et

2198 5386 2328 5439 sicut
2352 5401 2562 5441 arenam
2593 5383 2953 5459 (peccatores)
2971 5400 3084 5457 qua:
3100 5394 3177 5440 est
3196 5386 3263 5439 ad
3286 5401 3429 5445 oram
3458 5385 3615 5442 maris
3636 5382 3797 5458 (Gen.

2195 5493 2327 5549 ω’
2361 5478 2471 5551 m'
2822 5546 3052 5606 caru'r
3086 5550 3156 5606 v.

2746 5644 2822 5698 De
2857 5642 3228 5697 Animantibus.

2261 5755 2423 5817 Aves,
2455 5756 2649 5820 sancti,
2682 5754 2823 5824 quod
2857 5754 2920 5810 ad
2952 5754 3233 5823 superiora
3265 5753 3431 5821 corde
3460 5753 3694 5812 evolent.
3733 5754 3792 5815 In
