4028 6184
170 226 337 326 ⁸119

970 218 1176 278 LIBER
1218 216 1697 278 FORMULARUM
1738 210 2119 274 SPIRITALIS
2162 211 2742 270 lNTELLlGENTIeE.

3409 225 3509 280 750

238 345 519 416 Evangel.:
562 342 629 397 Et
658 342 777 413 fecit
804 355 974 395 ramos
1002 356 1217 409 magnos
1244 380 1259 404 ,
1292 340 1366 392 ita
1394 345 1450 391 ut
1476 346 1683 408 possent
1714 335 1809 389 sub
1835 342 1885 399 Α
1916 335 2102 407 (Prov.
2136 349 2269 401 xxx,
2310 334 2418 404 17).
2448 334 2580 389 Item
2609 333 2665 388 in
2688 333 2883 387 bonam
2912 341 3140 404 partem.
3188 335 3247 392 In
3268 337 3508 399 Cantieis

235 441 415 495 umbra
441 440 545 510 ejus
585 452 697 491 aves
737 435 849 489 coeli
873 433 1107 487 habitare
1129 432 1323 505 (Marc.
1354 448 1428 500 tv,
1454 430 1566 501 52).
1612 428 1817 484 Intelli-

235 544 430 605 guntur
467 534 620 589 etiam
656 545 750 601 per
780 544 905 584 aves
939 526 1222 597 superfluae
1246 525 1600 597 cogitationes
1621 565 1636 591 ,
1667 521 1813 593 quod

236 634 559 681 monstratur
581 637 681 693 per
728 620 1011 685 Abraham,
1064 619 1152 688 qui
1195 634 1312 671 cum
1348 616 1664 685 sacriﬁcium
1705 613 1817 669 Deo

233 716 432 783 o/ferret
462 756 477 780 ,
526 714 839 769 insistentes
867 724 995 766 aves
1022 708 1331 780 perferebat
1359 749 1374 775 ,
1422 724 1554 777 quas
1582 704 1815 777 abigebat

234 807 382 878 (Gen.
409 822 504 872 xv,
529 805 655 878 H):
704 805 853 875 quod
885 804 1030 859 enim
1075 803 1129 857 in
1156 799 1417 857 orationis
1442 797 1711 855 sacrificio
1755 810 1815 852 se

234 900 550 970 importuna:
576 896 933 968 cogitationes
962 894 1246 965 ingerunt,
1269 900 1324 947 et
1350 890 1588 947 subortu:
1605 929 1621 953 ,
1649 885 1814 942 corda

230 994 488 1063 iustorum
511 993 797 1063 polluunt:
829 990 927 1046 sed
952 990 1082 1046 dum
1103 988 1265 1045 citius
1288 1002 1450 1043 manu
1468 982 1816 1041 discretionis

230 1087 535 1158 abiguntur,
571 1088 765 1144 festive
788 1086 992 1158 agitur,
1046 1100 1117 1140 ne
1159 1081 1342 1139 cordis
1395 1080 1587 1134 faciem
1637 1078 1816 1148 caligo

231 1182 540 1238 tentationis
560 1182 792 1253 operiat,
820 1196 941 1251 qua:
971 1187 1098 1233 ante
1123 1177 1235 1246 jam
1278 1189 1345 1229 ex
1374 1172 1555 1227 illicita
1579 1170 1816 1226 delecta-

231 1276 371 1331 tione
431 1274 700 1346 tangebat.
772 1271 1038 1335 Volatus,
1096 1274 1405 1321 sanctorum
1452 1275 1711 1318 excessus
1759 1260 1815 1314 in

228 1372 417 1441 Deum,
446 1374 530 1429 vel
560 1374 614 1427 in
645 1368 944 1439 Scripturis
974 1364 1301 1419 intellectus.
1342 1361 1399 1415 ιιι
1422 1358 1598 1414 Psal.:
1631 1355 1700 1411 Et
1726 1371 1815 1409 vo-

228 1466 337 1520 labo
375 1476 420 1519 et
464 1465 783 1537 requiescam
815 1459 934 1532 (Ps.
966 1473 1070 1523 Liv,
1108 1455 1184 1526 7).
1233 1454 1521 1519 Volucres,
1574 1452 1627 1505 in
1666 1450 1816 1505 bono

227 1558 572 1628 accipiuntur
605 1598 620 1622 ,
649 1566 710 1609 ut
731 1552 799 1608 de
827 1550 1015 1605 avibus
1040 1548 1292 1603 diximus.
1326 1546 1387 1599 In
1418 1543 1563 1598 malo
1591 1548 1769 1596 autem
1794 1582 1811 1609 ,

226 1652 458 1720 superba
488 1648 753 1705 daemonia
783 1646 1086 1715 designant,
1132 1651 1193 1697 ut
1239 1643 1291 1694 in
1331 1638 1587 1709 Evangel.
1634 1637 1817 1691 Domi-

1917 429 2250 486 canticorum
2284 428 2352 483 de
2377 442 2578 498 sponso
2604 445 2619 486 :
2651 429 2826 483 Crines
2846 430 2961 498 ejus
3005 440 3062 484 ut
3085 430 3273 487 abietes
3296 474 3310 500 ,
3371 437 3508 508 nigri

1916 523 2049 577 sicut
2073 521 2210 575 corvi
2234 518 2410 590 (Cant.
2438 535 2490 585 v,
2521 520 2629 591 11).
2685 520 2902 588 Perdix,
2948 521 3215 579 diabolus.
3259 524 3316 580 In
3378 542 3508 595 pro-

1917 616 2077 685 pheta
2106 633 2119 667 :
2152 613 2404 669 Clamavit
2433 614 2618 685 perdia:
2642 658 2655 681 ,
2684 616 3015 687 congregavit
3044 633 3158 687 qua
3180 634 3283 673 non
3313 622 3508 691 peperit

1920 709 2056 781 (Jer.
2086 725 2223 773 xvn.
2254 709 2369 781 11).
2393 707 2678 775 Columba,
2712 708 2947 778 Spiritus
2972 723 3212 768 sanctus.
3239 712 3297 769 lu
3325 715 3505 771 Evan-

1918 804 2091 874 gelia:
2124 802 2192 857 Et
2214 804 2321 858 vidi
2367 804 2626 875 Spiritum
2667 803 2765 858 Dei
2810 805 3198 861 descendentem
3234 810 3369 864 sicut
3414 827 3505 865 co-

1920 895 2144 950 lumbam
2170 895 2354 968 (lacn.
2389 912 2427 961 ι,
2459 895 2573 964 52).
2601 896 2731 951 Item
2776 897 2832 953 in
2860 900 3054 954 malam
3085 909 3321 969 partem,
3355 912 3412 958 ut
3450 905 3507 960 in

1919 990 2212 1060 propheta:
2234 987 2302 1043 Et
2324 993 2489 1061 factus
2508 988 2759 1061 Epnraim
2782 993 2931 1059 quasi
2954 994 3188 1048 columba
3212 996 3504 1064 sinesensu,
3536 1028 3541 1033 ~

1918 1098 2020 1135 non
2042 1082 2234 1136 habeas
2254 1097 2341 1135 cor
2369 1080 2585 1151 (Ezech.
2616 1097 2708 1149 vn,
2737 1081 2851 1153 11).
2883 1083 3099 1155 Turtur,
3124 1085 3356 1156 Spiritus
3382 1104 3507 1145 san-

1918 1183 2039 1229 ctus
2058 1214 2074 1241 ,
2103 1182 2196 1229 aut
2214 1174 2297 1229 vir
2317 1184 2536 1229 sanctus
2570 1219 2583 1245 ,
2608 1182 2701 1228 aut
2729 1175 3085 1247 intelligentia
3112 1180 3393 1249 spiritalis.
3444 1182 3507 1239 in

1917 1266 2155 1324 Canticis
2195 1267 2563 1324 canticorum:
2607 1266 2721 1323 Vox
2748 1271 2961 1325 turturis
2987 1273 3169 1326 audita
3198 1283 3269 1329 est
3290 1274 3345 1329 in
3372 1285 3509 1331 terra

1918 1368 2095 1415 nostra
2126 1358 2294 1431 (Cant.
2317 1376 2374 1426 ιι,
2411 1358 2524 1431 12).
2544 1360 2648 1416 Sed
2684 1370 2810 1415 tunc
2838 1363 3087 1419 columba
3121 1365 3353 1435 Spiritus
3382 1383 3509 1423 san-

1918 1464 2037 1512 ctus
2066 1455 2265 1511 dicitur
2288 1456 2501 1525 quando
2540 1454 2834 1527 Scripturae
2862 1472 3030 1513 sacrae
3061 1458 3341 1516 manifesta
3390 1461 3504 1517 dis-

1919 1548 2087 1603 sertio
2117 1556 2221 1603 est.
2255 1548 2406 1603 Tunc
2438 1562 2568 1602 vero
2590 1557 2773 1603 turtur
2798 1550 3032 1619 Spiritus
3059 1561 3277 1608 sanctus
3311 1554 3511 1609 intelli-

1922 1642 2089 1711 gitur,
2114 1656 2237 1697 cum
2286 1641 2585 1710 Scripturae
2614 1641 2737 1696 altis
2783 1652 2943 1713 atque
2971 1644 3216 1700 obscuris
3240 1648 3511 1718 mysteriis

227 1760 364 1799 nus:
397 1744 557 1798 Aliud
584 1760 752 1799 semen
783 1740 960 1796 cecidit
986 1754 1131 1794 secus
1176 1737 1333 1802 viam,
1366 1742 1411 1788 et
1440 1733 1668 1788 volucres
1704 1730 1817 1786 coeli
1847 1736 1896 1799 Β
1922 1734 2221 1791 elevantur.
2277 1733 2540 1788 Columba
2572 1737 2735 1789 etiam
2764 1735 3184 1805 simplicitatem,
3216 1746 3391 1796 turtur
3424 1742 3509 1796 iu-

222 1838 552 1891 comederunt
576 1836 709 1890 illud
731 1834 885 1908 (Luc.
918 1847 1035 1900 vui,
1067 1829 1153 1902 5):
1186 1829 1311 1899 quia
1349 1826 1565 1897 maligni
1596 1824 1818 1895 spiritus

224 1928 490 1984 humanas
513 1939 723 1986 mentes
742 1927 1078 1995 obsidentes,
1105 1924 1230 1979 dum
1257 1921 1608 1991 cogitationes
1631 1920 1820 1972 noxias

223 2021 494 2092 ingerunt,
523 2022 749 2079 verbum
777 2023 899 2075 vitae
929 2036 960 2075 e
982 2018 1245 2073 memoria
1269 2015 1532 2071 evellunt.
1565 2011 1821 2079 Alauduo

225 2114 592 2172 Testamenta.
620 2117 677 2171 In
706 2113 1019 2170 Ezechiele:
1059 2110 1473 2180 Unumquodque
1499 2105 1701 2159 duabus
1720 2105 1820 2158 alis

223 2208 421 2263 velabat
448 2227 636 2280 corpus
667 2226 814 2263 suum
840 2205 1058 2280 (Ezech.
1089 2220 1127 2271 ι,
1156 2202 1271 2273 25).
1317 2201 1455 2256 Sunt
1484 2199 1646 2254 etiam
1676 2196 1777 2250 alte
1801 2235 1817 2263 ,

224 2303 454 2357 virtutes
506 2310 815 2356 sanctorum
844 2342 859 2366 ,
892 2314 985 2369 per
1015 2312 1151 2368 quas
1191 2295 1255 2349 ad
1305 2292 1820 2361 contemplationem

224 2398 310 2450 vel
344 2396 412 2448 ad
437 2395 679 2451 cmleStia
707 2394 960 2449 evolant:
984 2392 1065 2445 vel
1094 2388 1359 2460 protectio
1388 2387 1587 2441 divina.
1622 2384 1821 2440 Pennte

223 2489 549 2559 Scriptura}.
592 2490 649 2544 In
699 2487 946 2558 psalmo:
1003 2486 1194 2539 Penno:
1240 2482 1489 2537 columba:
1541 2486 1823 2549 argentata:

223 2580 347 2655 (Ps.
380 2598 557 2649 van,
588 2583 700 2653 14).
733 2581 920 2647 Nidus,
951 2579 1216 2643 Ecclesia,
1240 2586 1331 2632 aut
1357 2579 1573 2647 requies
1602 2576 1821 2631 excelsa

223 2676 448 2732 sanctis.
477 2676 534 2731 In
560 2676 728 2747 psal.:
758 2675 825 2728 Et
866 2684 1031 2728 turtur
1059 2673 1240 2727 nidum
1284 2673 1417 2736 sibi,
1468 2671 1553 2724 ubi
1606 2677 1822 2739 reponat

222 2770 393 2840 pullos
422 2787 547 2824 suos
579 2768 697 2840 (Ps.
721 2784 947 2834 Lxxxnt,
995 2765 1078 2837 4).
1110 2766 1173 2820 Et
1205 2766 1363 2820 aliter
1389 2806 1403 2830 ,
1450 2763 1609 2817 nidus
1635 2803 1648 2826 ,
1680 2762 1821 2816 bona

223 2862 559 2917 conscientia
590 2903 604 2925 ,
656 2863 707 2914 in
732 2875 835 2931 qua
864 2860 1129 2915 bOnarum
1161 2856 1543 2926 cogitationum
1564 2854 1710 2908 fetus
1737 2852 1821 2906 fo-

222 2963 419 3010 ventur
445 3000 460 3023 ,
488 2964 648 3025 atque
672 2955 725 3008 in
758 2969 924 3023 opere
947 2952 1231 3020 pariuntur
1255 2992 1269 3017 ,
1299 2959 1355 3003 ut
1389 2959 1573 3017 postea
1603 2948 1696 3000 filii
1727 2960 1823 3013 ap-

222 3048 520 3117 pellentur.
566 3046 624 3100 In
656 3047 897 3114 psalmo:
933 3042 1064 3097 Filii
1092 3045 1201 3109 tui,
1248 3043 1377 3094 sicut
1409 3038 1619 3093 novellae
1664 3038 1824 3091 oliva-

1922 1827 2066 1882 dicat
2086 1834 2411 1891 castitatem,
2442 1828 2565 1896 quia
2587 1868 2602 1892 ,
2637 1826 2838 1882 amisso
2880 1828 3054 1897 primo
3085 1832 3333 1903 conjuge,
3367 1835 3507 1888 ultra

1922 1918 2127 1975 socium
2153 1935 2261 1974 non
2290 1919 2536 1988 requirit.
2566 1918 2757 1973 Milvus
2785 1920 3070 1990 stgnificat,
3093 1933 3153 1977 nt
3182 1934 3329 1993 puto,
3354 1942 3511 1996 rapa-

1921 2030 2039 2069 cem
2071 2054 2085 2078 ,
2121 2014 2204 2069 vel
2233 2010 2455 2069 clatum‘.
2508 2013 2567 2067 In
2594 2014 2831 2083 psalmo,
2886 2016 3181 2071 secundum
3212 2017 3469 2074 Hebraeos
3495 2037 3510 2075 :

1922 2107 2071 2162 Milvi
2100 2106 2250 2162 abies
2279 2106 2473 2161 domus
2503 2115 2607 2161 est.
2637 2107 2907 2176 Accipiter
2928 2152 2941 2175 ,
2972 2108 3239 2163 interdum
3268 2120 3510 2177 sanctus,

1924 2209 1983 2253 ut
2004 2208 2154 2269 puto,
2172 2200 2391 2269 rapiens
2409 2214 2632 2270 regnum
2659 2198 2754 2253 Dei
2773 2217 2786 2252 :
2804 2200 2891 2269 qui
2914 2209 3112 2254 mutata
3142 2203 3309 2257 veteri
3339 2218 3514 2272 penna

1922 2299 2292 2355 renovatur,et
2310 2291 2908 2362 projiciensinveterata
2924 2292 3097 2347 studia
3120 2293 3319 2349 dolosae
3345 2296 3515 2350 actio-

1924 2382 2007 2438 nis
2031 2426 2046 2450 ,
2096 2384 2373 2454 simplices
2403 2392 2555 2440 actus
2597 2384 2823 2439 assumit
2847 2386 2986 2441 bene
3017 2387 3257 2443 vivendi.
3286 2387 3341 2443 In
3371 2388 3474 2444 Job
3500 2407 3513 2443 :

1926 2476 2194 2547 Numquid
2216 2478 2272 2531 iu
2304 2479 2557 2547 sapientia
2604 2486 2691 2531 tua
2724 2479 2993 2547 plumescit
3021 2481 3306 2551 accipiter!
3334 2481 3518 2553 Nycti-

1924 2584 2086 2625 corax
2124 2569 2375 2624 Christus
2398 2612 2412 2635 ,
2444 2570 2529 2625 vel
2558 2571 2641 2625 vir
2665 2578 2884 2627 sanctus
2928 2572 3232 2630 infidelibus
3273 2575 3517 2645 des'piea-

1925 2665 2069 2720 bilis.
2094 2665 2151 2719 ln
2187 2667 2424 2736 psalmo:
2455 2663 2647 2721 Factus
2676 2685 2790 2722 sum
2834 2670 2966 2723 sicut
2994 2673 3298 2741 nycticorax
3324 2673 3377 2726 in
3421 2674 3519 2728 do—

1924 2761 2113 2814 micilio
2149 2759 2265 2832 (Ps.
2299 2776 2372 2828 cr,
2405 2759 2481 2831 7).
2514 2760 2709 2816 Passer
2735 2803 2749 2827 ,
2800 2778 3203 2833 nonnumquam
3236 2765 3517 2832 Dominus,

1926 2864 2017 2908 aut
2048 2855 2129 2908 vir
2159 2864 2401 2909 sanctus.
2429 2853 2491 2907 In
2522 2855 2756 2920 psalmo:
2780 2853 2988 2909 Etenim
3012 2873 3191 2925 passer
3212 2856 3403 2911 invenit
3421 2860 3519 2914 sibi

1926 2946 2131 2997 domum
2158 2944 2276 3016 (Ps.
2310 2945 2628 3014 Lxxxm,4).
2658 2948 2723 2999 Et
2743 2947 2895 3013 alibi,
2918 2948 3516 3020 quilibetChristianus,

1926 3036 2013 3089 cui
2031 3034 2097 3087 ab
2111 3034 2382 3088 haereticis
2398 3034 2612 3098 dicitur,
2629 3036 2721 3103 qui
2755 3036 3146 3107 Christum,qui
3161 3040 3211 3095 in
3226 3042 3518 3111 Scripturis

218 3153 339 3191 rum
380 3138 437 3189 in
490 3138 709 3190 circuitu
762 3151 946 3188 mensa:
986 3144 1087 3187 tute
1146 3132 1263 3203 (Ps.
1312 3146 1516 3197 cxxvn,
1547 3130 1624 3197 5).
1657 3128 1816 3193 Pulli,
1850 3124 1895 3188 C
1926 3142 2082 3182 mons
2128 3129 2458 3192 nominatur,
2495 3142 2613 3182 sese
2658 3129 3005 3185 solummodo
3042 3143 3231 3201 putant
3282 3136 3515 3195 habere:

221 3229 422 3285 sancti.
462 3225 520 3281 In
552 3227 688 3297 psal.
712 3235 769 3280 ut
792 3242 974 3295 supra.
1022 3226 1174 3280 Sicut
1217 3224 1271 3278 in
1304 3223 1449 3277 libro
1478 3221 1615 3276 Job:
1677 3219 1825 3274 Pulli

219 3326 334 3395 ejus
389 3322 612 3377 lambent
656 3321 959 3389 sanguinem
1009 3316 1128 3388 (Job
1172 3332 1336 3371 xxxrx
1367 3358 1380 3380 ,
1411 3315 1541 3379 '50):
1589 3314 1730 3385 quod
1757 3313 1825 3369 de

224 3418 355 3471 ﬁliis
384 3424 589 3470 sancta:
613 3412 873 3468 Ecclesia:
902 3411 1097 3465 dicitur
1126 3451 1139 3476 ,
1168 3411 1259 3479 qui
1284 3409 1597 3477 sanguinem
1621 3406 1827 3462 Christi

225 3507 445 3563 bibunt.
473 3507 540 3561 Et
569 3506 622 3559 in
654 3505 849 3559 malam
876 3512 1105 3571 partem.
1140 3501 1197 3556 ln
1224 3501 1513 3557 Salomone
1538 3518 1549 3551 :
1588 3500 1652 3553 Et
1694 3499 1828 3569 pulli

225 3600 526 3670 aquilarum
552 3598 791 3652 devorent
833 3612 947 3649 eum
997 3593 1181 3667 (Prov.
1240 3609 1377 3661 xxx,
1434 3592 1542 3661 17).
1600 3593 1826 3662 Aquilae,

226 3693 431 3750 sancti.
462 3690 521 3745 In
553 3691 875 3761 Evangelia:
910 3689 1007 3743 Ubi
1031 3690 1185 3759 fuerit
1209 3704 1393 3759 corpus
1418 3730 1433 3753 ,
1484 3687 1593 3741 illic
1616 3703 1830 3757 congre-

227 3788 496 3857 gabantur
520 3784 705 3851 aquila:
732 3781 948 3855 (Matth.
980 3797 1132 3850 xxiv,
1154 3780 1279 3850 28):
1324 3780 1446 3849 quia
1486 3780 1830 3850 egredientes

228 3886 440 3935 sanctae
471 3877 661 3930 anima:
689 3873 756 3929 de
783 3889 1012 3943 corpore
1042 3875 1108 3928 ad
1135 3872 1409 3928 Christum
1438 3914 1453 3939 ,
1485 3873 1575 3941 qui
1607 3888 1704 3941 pro
1724 3872 1831 3929 illis

226 3968 521 4026 moriendo
551 3968 781 4023 cadaver
822 3968 997 4021 factus
1026 3976 1148 4033 est,
1181 3975 1556 4037 aggregantur.
1594 3966 1787 4035 Aquila
1816 4007 1831 4033 ,

225 4064 512 4120 Christum
534 4063 695 4117 etiam
728 4059 1015 4131 significat,
1047 4068 1107 4114 ut
1133 4059 1429 4115 Salomon:
1494 4057 1592 4112 Via
1643 4059 1834 4129 aquila:

224 4162 276 4214 in
310 4160 447 4215 coelo
474 4156 657 4230 (Prov.
681 4171 818 4222 xxx,
852 4154 963 4227 19),
988 4153 1043 4209 id
1072 4162 1153 4209 est
1175 4198 1189 4221 ,
1220 4152 1421 4208 Christi
1465 4154 1729 4208 ascensio.
1763 4152 1833 4208 Et

227 4254 281 4308 in
313 4252 521 4308 malam
564 4261 809 4320 partem:
858 4247 1001 4303 Pulli
1047 4249 1347 4320 aquilarum
1392 4248 1657 4303 devorent
1683 4262 1827 4302 eum.

1932 3220 2263 3291 Transmigra
2277 3221 2556 3273 inmontcm
2570 3219 2700 3274 sicut
2715 3221 3080 3292 passer(Ps.x,
3097 3226 3177 3294 2).
3196 3227 3401 3297 Gallus,
3422 3232 3520 3287 Do—

1929 3313 2186 3379 minus,nt
2203 3322 2450 3383 puto,aut
2467 3322 2704 3369 sanctus.
2726 3314 2781 3368 In
2799 3314 3089 3374 Salomone
3108 3335 3122 3375 :
3141 3318 3205 3373 Et
3222 3323 3392 3394 gallus
3410 3343 3520 3382 απι-

1930 3408 2111 3462 bulans
2128 3408 2256 3461 inter
2269 3407 2489 3477 gallinas
2508 3408 2650 3461 la’tus
2668 3406 2787 3480 (Pr.
2804 3425 2939 3474 xxx,
2961 3410 3073 3481 31).
3092 3413 3225 3470 Elin
3241 3416 3371 3473 Job:
3395 3420 3519 3488 Quis

1930 3500 2067 3553 dedit
2081 3499 2619 3571 gallointelligentiam
2637 3500 2759 3573 (Job
2775 3518 3001 3570 xxxvm,
3015 3504 3128 3577 36).
3147 3507 3209 3562 Et
3224 3509 3274 3564 in
3290 3511 3521 3571 alteram

1932 3600 2138 3663 partem
2162 3608 2175 3644 :
2206 3591 2273 3644 Et
2301 3594 2563 3663 asportari
2593 3604 2640 3646 te
2665 3596 2853 3664 faciam
2876 3597 3004 3650 sicut
3033 3607 3329 3669 asportatur
3350 3605 3523 3677 gallus

1931 3688 2249 3763 gallinaceus
2278 3686 2412 3758 (Isa.
2448 3703 2581 3753 xm,
2614 3688 2726 3759 17).
2761 3690 2898 3744 Galli
2924 3694 3139 3749 nomine
3172 3696 3522 3768 designantur

1931 3781 2317 3853 praedicatores
2338 3783 2508 3837 sancti
2536 3782 2647 3851 qui,
2680 3782 2822 3835 inter
2850 3784 3102 3840 tenebras
3124 3788 3248 3852 vitae
3281 3805 3520 3857 przesen-

1933 3874 2023 3941 tis,
2057 3873 2276 3929 student
2302 3882 2580 3928 venturam
2616 3874 2787 3929 lucem
2828 3874 3168 3942 praedicando
3198 3881 3349 3947 quasi
3397 3897 3524 3937 can-

1934 3968 2094 4023 tando
2135 3968 2416 4023 nuntiare:
2470 3968 2657 4023 dicunt
2680 3970 2864 4023 enim:
2910 3967 3025 4024 Nox
3050 3974 3361 4043 prascessit,
3408 3977 3523 4032 dies

1933 4072 2112 4116 autem
2140 4060 2615 4131 appropinquabit.
2648 4060 2832 4117 Gallus
2853 4062 3015 4117 etiam
3037 4064 3309 4119 succinctis
3340 4067 3524 4125 (alubis

1932 4155 2165 4209 incedere
2190 4156 2428 4208 scribitur
2453 4152 2636 4227 (Prov.
2672 4170 2799 4219 xxx,
2826 4153 2939 4225 31),
2983 4156 3107 4226 quia
3140 4157 3239 4228 ipsi
3265 4161 3525 4229 praedica-

1939 4257 2085 4302 tores
2106 4248 2278 4301 sancti
2306 4250 2447 4301 inter
2478 4246 2638 4316 hujus
2670 4247 2845 4301 noctis
2874 4248 3124 4303 tenebras
3156 4265 3340 4306 verum
3364 4268 3525 4311 mane

230 4344 300 4401 Ut
340 4347 397 4398 in
436 4343 704 4397 Hieremia
730 4386 743 4407 ,
801 4340 869 4396 de
892 4342 1141 4410 malignis
1169 4340 1479 4409 spiritibus:
1546 4339 1834 4393 Velociores
1936 4339 2245 4393 nuntiantes
2271 4377 2286 4404 ,
2346 4338 2402 4391 in
2433 4338 2690 4392 membris
2738 4339 2849 4392 suis
2877 4340 3103 4394 luxuriae
3136 4340 3279 4398 ﬂuxa
3302 4347 3526 4401 restrin-

231 4437 445 4507 fuertmt
469 4444 814 4505 persecutores
842 4434 1002 4486 nostri
1023 4432 1209 4501 aquilis
1240 4430 1459 4501 (Thren.
1488 4447 1565 4497 IV,
1594 4432 1704 4501 l9).
1730 4430 1835 4484 Per
1935 4437 2087 4498 gunt,
2113 4429 2307 4498 quibus
2334 4442 2364 4481 a
2391 4428 2617 4482 Domino
2635 4428 2852 4496 dicitur,
2885 4431 3001 4485 Sint
3024 4432 3181 4486 lumbi
3207 4438 3364 4494 vestri
3389 4455 3524 4512 prm-

230 4528 472 4597 aquilam
525 4524 842 4593 designatur
866 4524 1031 4577 etiam
1062 4531 1273 4576 terrena
1292 4530 1617 4581 tempestas.
1673 4516 2259 4589 Stru-Dcincti(Luc.
2308 4521 2542 4591 xu,55).
2602 4520 2755 4576 Gallo
2810 4522 2969 4578 etiam
3020 4525 3372 4598 intelligentia
3429 4532 3527 4588 de-

234 4625 387 4690 thio,
422 4623 647 4691 quilioet
671 4618 980 4678 tmreticns,
1014 4616 1103 4676 vel
1131 4611 1507 4683 philosophus,
1540 4606 1625 4659 vel
1660 4608 1832 4675 bypo-
1933 4628 2097 4681 super
2128 4612 2398 4677 tribuitur,
2449 4614 2575 4683 quia
2626 4612 2834 4671 doctori
2881 4618 3132 4675 veritatis
3181 4622 3526 4681 discretionis

232 4720 375 4775 crita
400 4755 417 4779 ,
449 4713 540 4782 qui
582 4711 733 4780 quasi
781 4724 903 4762 cum
946 4708 1136 4777 pennis
1166 4700 1441 4772 sapientiae
1493 4707 1608 4762 est,
1654 4707 1831 4779 tamen

233 4825 349 4866 non
378 4803 576 4858 evolat.
603 4802 663 4856 lu
691 4801 826 4856 Isaia
862 4817 873 4852 :
910 4799 1024 4852 Erit
1045 4797 1209 4852 cubile
1230 4796 1536 4853 draconum,
1558 4799 1604 4841 et
1636 4802 1833 4855 pascua

232 4898 592 4959 struthionum
636 4893 771 4967 (Ira.
802 4909 987 4959 xxxrv,
1018 4890 1132 4961 15).
1172 4890 1238 4944 Et
1267 4883 1499 4941 struthio
1529 4896 1627 4937 ova
1659 4880 1830 4949 parit,

234 4992 339 5049 sed
376 4987 551 5060 pullos
578 4985 704 5041 inde
734 4999 839 5039 non
872 4984 1042 5037 nutrit
1069 4999 1084 5034 ε
1128 4981 1250 5050 quia
1282 4975 1560 5046 hypocrita
1589 4972 1837 5043 quamvis

237 5094 394 5141 recte
422 5078 697 5150 praedicet,
724 5084 906 5131 tamen
934 5090 1031 5147 per
1057 5087 1211 5127 exem
1222 5072 1364 5139 plum
1384 5068 1543 5121 boum
1568 5067 1695 5119 vitae
1719 5062 1839 5117 nul-

241 5179 325 5232 los
350 5175 489 5230 filios
510 5178 757 5245 generat,
785 5179 842 5224 ut
858 5170 918 5224 in
940 5167 1082 5223 libro
1103 5165 1204 5220 Job
1230 5182 1243 5216 :
1272 5161 1506 5218 Struthio
1527 5159 1581 5212 in
1605 5167 1739 5211 terra
1756 5172 1840 5210 re—

246 5270 439 5340 linquit
478 5283 571 5321 ova
612 5281 709 5321 sua
730 5308 744 5333 ,
774 5272 821 5317 et
851 5260 1165 5317 obliviscitur
1185 5256 1322 5328 quod
1349 5270 1435 5325 pes
1471 5251 1733 5306 conculcet
1776 5264 1841 5304 ea

248 5363 616 5436 (Johnstx,
660 5356 781 5429 4i).
825 5357 1140 5422 Pelicanns,
1194 5351 1459 5407 Dominus
1504 5347 1753 5403 Christus
1781 5346 1838 5402 in

249 5457 532 5521 Passione,
564 5462 655 5508 aut
674 5453 755 5507 vir
780 5459 1000 5506 sanctus
1018 5447 1297 5505 solitudini
1318 5443 1553 5500 deditus.
1572 5442 1632 5497 in
1659 5442 1794 5513 psal.
1811 5461 1832 5499 ι

256 5547 459 5604 Similis
504 5548 667 5615 factus
712 5560 821 5597 sum
851 5544 1085 5613 pelicano
1126 5537 1419 5594 solitudinis
1463 5533 1583 5608 (Ps.
1630 5550 1716 5601 οι,
1758 5533 1837 5603 7).

254 5642 486 5706 Corvus,
516 5638 734 5708 nigrcdo
766 5646 1107 5707 peccatorum
1132 5676 1144 5699 ,
1170 5634 1255 5688 vel
1282 5631 1575 5687 daemones.
1603 5627 1658 5681 In
1689 5626 1841 5682 Salo-

258 5750 420 5790 mone
452 5752 463 5790 :
503 5722 764 5800 Eﬁ'odiant
786 5746 901 5785 eum
929 5729 1065 5784 corvi
1087 5728 1149 5783 de
1187 5736 1406 5781 torrente
1434 5724 1513 5779 vel
1542 5727 1603 5777 dc
1629 5720 1842 5789 rupibus

1931 4704 2125 4771 virtus,
2155 4714 2214 4761 ut
2244 4706 2493 4775 noverit,
2524 4706 2719 4778 quibus
2744 4750 2759 4775 ,
2794 4709 2921 4780 quid
2949 4752 2963 4777 ,
2993 4714 3212 4783 quando
3234 4758 3248 4783 ,
3281 4719 3364 4774 vel
3394 4736 3527 4791 quo-

1938 4800 2099 4853 modo
2146 4801 2389 4867 inserat,
2419 4801 2678 4857 divinitus
2704 4802 3058 4862 ministratur.
3092 4809 3209 4865 Non
3242 4814 3386 4867 enim
3419 4830 3529 4870 una

1937 4892 2233 4962 eademque
2281 4894 2491 4949 cunctis
2550 4896 2854 4951 exhortatio
2902 4902 3196 4968 convenit,
3246 4906 3373 4974 quia
3426 4923 3528 4962 nec

1941 4993 2162 5039 cunctos
2184 5000 2281 5055 par
2307 5000 2517 5041 morum
2547 4987 2775 5057 qualitas
2797 4993 3136 5063 constringit.
3168 4993 3402 5063 Gallina,
3435 5014 3524 5052 sa-

1936 5076 2157 5146 pientia,
2200 5077 2314 5133 sive
2358 5078 2627 5147 Ecclesia,
2674 5083 2787 5137 sive
2832 5084 3029 5140 anima.
3083 5086 3139 5141 In
3191 5088 3526 5162 Evangelia:

1938 5170 2088 5225 Sicut
2115 5173 2311 5241 gallina
2331 5184 2607 5247 congregat
2625 5175 2796 5246 pullos
2820 5195 2936 5232 suos
2961 5182 3054 5235 sub
3074 5182 3171 5237 alis
3189 5186 3294 5239 suis
3310 5184 3526 5255 (Matth.

1935 5279 2085 5331 xxm,
2110 5265 2223 5333 57).
2260 5264 2721 5338 Vespertiliones,
2772 5270 3042 5329 idolorum
3088 5286 3330 5332 monstra
3376 5287 3531 5335 tene-

1938 5355 2051 5411 bris
2077 5356 2282 5413 dedita.
2311 5357 2368 5413 In
2394 5359 2693 5431 propheta:
2731 5360 2799 5417 Ut
2822 5365 3041 5420 adoretis
3069 5368 3235 5436 talpas
3260 5378 3304 5423 et
3335 5386 3531 5443 vesper-

1938 5449 2137 5506 tiliones
2181 5450 2336 5524 (lsai.
2386 5468 2448 5522 ιι,
2479 5451 2594 5526 20).
2636 5453 2775 5511 Sunt
2820 5457 2981 5512 etiam
3031 5458 3387 5531 cogitationes
3431 5463 3531 5519 im-

1941 5547 2181 5615 mundze,
2207 5563 2325 5619 quae
2353 5563 2453 5618 per
2478 5548 2754 5606 daemones
2780 5550 3002 5607 intrant.
3030 5552 3346 5612 Scarabaeus
3371 5599 3384 5624 ,
3414 5573 3531 5627 pro.

1941 5640 2129 5710 pheta:
2180 5641 2249 5697 Et
2276 5644 2583 5699 scarabaeus
2624 5644 2693 5699 de
2716 5643 2863 5716 ligno
2891 5646 3187 5717 clamabit,
3241 5660 3297 5706 ut
3347 5661 3530 5721 putant

1942 5732 2179 5813 quidam,
2210 5733 2278 5790 de
2310 5734 2559 5794 Domino.
2601 5736 2871 5805 Locustae,
2896 5740 3098 5809 pepuli.
3123 5738 3181 5796 1n
3209 5739 3531 5805 Evangelia;
