4028 6184
504 271 601 331 ⁸151

1481 260 1541 320 S.
1584 256 1907 318 EUCHERII
1946 251 2429 316 LUGDUNENSIS
2466 246 2775 310 EPISCOPI

3682 246 3791 303 752

505 380 639 437 Esca
666 386 837 433 autem
865 376 973 447 ejus
1000 382 1106 429 erat
1130 373 1327 427 locusta
1351 371 1569 442 (Matth.
1603 388 1681 438 tu,
1715 371 1795 441 1).
1832 370 2088 425 Locusta-
2118 372 2169 431 Α
2195 367 2342 423 ribus
2372 376 2673 421 versantur.
2721 363 2779 417 In
2805 360 2935 418 Job:
2970 360 3096 426 Quis
3124 360 3344 414 dimittet
3371 372 3627 430 onagrum
3657 360 3790 417 libe-

505 487 623 529 rum
648 469 863 525 nomine
881 465 1169 538 aliquando
1195 464 1512 520 Iudaeorum
1538 463 1787 532 populus,
1808 461 2096 531 aliquando

506 576 767 619 conversa
813 560 1085 631 gentilitas
1114 599 1129 625 ,
1183 556 1473 625 aliquando
1504 555 1839 609 adulantium
1870 554 2051 622 lingua
2079 593 2095 619 ,

506 653 798 723 aliquando
826 666 923 721 per
949 651 1409 718 comparationem
1455 650 1784 702 resurrectio
1816 645 2097 700 Dominica

505 746 843 814 designatur,
862 740 1150 811 aliquando
1175 740 1278 795 vita
1306 738 1718 809 praedicatorum
1738 736 2092 806 signiﬁcatur.

505 836 637 905 Apis
668 836 840 889 [urina
864 833 1208 902 virginitatis,
1237 832 1350 886 sive
1372 832 1673 901 sapientiae.
1693 829 1749 883 ln
1768 828 2093 884 Salomone:

513 928 658 982 Vade
680 929 748 981 ad
776 943 925 996 apem
953 938 1000 979 et
1026 928 1163 979 disce
1183 941 1335 994 quant
1354 925 1616 995 operatria;
1644 924 1711 976 sit
1730 918 2095 993 (Prov.vt,6).

504 1022 570 1079 Et
602 1022 653 1076 in
683 1021 875 1075 malam
907 1028 1147 1089 partem:
1175 1019 1226 1072 in
1258 1017 1552 1089 propheta:
1578 1016 1646 1069 Et
1668 1017 1780 1085 apis
1801 1032 1917 1086 qua:
1945 1024 2015 1069 est
2044 1014 2098 1067 in

506 1113 665 1166 Assur
690 1109 843 1182 (Isai.
878 1126 971 1176 vn,
1006 1108 1117 1179 18).
1148 1109 1214 1162 Et
1243 1108 1687 1162 circumdederunt
1714 1123 1795 1161 me
1819 1108 1949 1160 sicut
1977 1120 2097 1175 apes

510 1202 629 1275 (Ps.
653 1218 815 1267 cxvu,
852 1200 941 1271 I2)
967 1242 984 1267 ,
1018 1200 1068 1255 id
1096 1209 1215 1263 est,
1268 1199 1525 1254 malitiosi
1563 1208 1619 1253 et
1664 1197 1924 1253 iracundi.
1953 1197 2097 1265 Apes

506 1294 668 1350 etiam
699 1309 820 1364 qua)
841 1293 946 1347 mel
979 1294 1151 1346 inore
1185 1290 1385 1345 habent
1413 1332 1426 1355 ,
1480 1300 1535 1346 et
1566 1292 1617 1344 in
1669 1290 1880 1343 occulto
1909 1289 2097 1344 cauda:

506 1386 723 1450 vulnus,
771 1399 873 1438 suo
922 1384 1139 1438 nomine
1189 1383 1493 1451 signiﬁcant
1542 1396 1732 1435 omnes
1776 1382 1867 1449 qui
1916 1380 2096 1450 lingua

505 1480 890 1547 blandiuntur,
940 1478 1034 1533 sed
1068 1478 1301 1532 latenter
1344 1493 1409 1531 ex
1452 1477 1654 1530 malitia
1691 1475 1916 1529 feriunt:
1974 1475 2097 1544 quia

506 1570 777 1640 loquendo
804 1570 1142 1624 dulcedinem
1178 1569 1355 1623 mellis
1388 1568 1699 1638 prOpiuant,
1729 1567 1823 1621 sed
1855 1566 2097 1621 feriendo

506 1664 701 1719 vulnus
724 1665 982 1719 inferunt.
1018 1662 1253 1717 Possunt
1283 1662 1446 1717 etiam
1482 1661 1583 1715 hoc
1615 1661 1835 1716 nomine
1865 1660 2099 1727 pruden~

2198 477 2312 513 rum
2344 459 2463 531 (Job
2512 455 2805 527 xxxtx,5)?
2825 456 3005 510 Potest
3028 463 3080 509 et
3111 452 3339 524 populus
3372 451 3790 512 illeJudmornm

2198 567 2398 623 onager
2428 552 2555 617 dici,
2589 551 2711 621 quia
2745 548 2986 617 sequitur
3017 546 3069 599 in
3114 544 3305 599 eodem
3350 543 3530 599 libro:
3567 545 3633 599 Et
3675 548 3791 603 vin-

2198 651 2315 703 cula
2364 650 2481 717 ejus
2524 647 2645 716 quis
2671 643 2832 700 solvit
2877 641 3085 695 vincula
3132 639 3317 709 utique
3368 648 3782 709 prteceptorum.

2200 740 2486 806 Ilinnulus,
2520 737 2791 803 Christus,
2820 742 2912 789 aut
2940 736 3135 797 sancti,
3167 746 3263 801 pro
3290 732 3584 801 gratiarum
3614 733 3791 789 varie-

2200 841 2328 888 tate.
2357 833 2412 886 ln
2438 832 2729 888 Salomone
2757 846 2769 880 ε
2805 826 3004 882 Similis
3030 841 3081 879 es
3113 838 3186 888 tu,
3219 823 3481 893 fratruelis
3512 840 3668 892 meus,
3695 824 3789 878 da.

2198 926 2373 990 multa,
2400 934 2489 977 aut
2514 924 2730 977 hinnulo
2753 934 3015 974 cervorum
3038 915 3213 987 (Cant.
3247 930 3306 981 ιι,
3335 915 3415 985 9).
3439 914 3618 983 Dama,
3641 915 3787 971 idem

2198 1000 2339 1088 quod
2370 1031 2551 1085 supra.
2590 1015 2787 1083 Lepus,
2814 1013 3008 1066 timens
3048 1009 3240 1063 Deum.
3269 1006 3328 1061 In
3358 1008 3591 1079 psalmo:
3622 1007 3791 1062 Petra

2199 1112 2453 1184 refugium
2475 1109 2728 1179 leporibus
2750 1116 2796 1162 et
2819 1105 3054 1161 erinaciis
3078 1101 3199 1173 (Ps.
3222 1117 3335 1167 Clll,
3351 1101 3463 1171 18).
3483 1102 3785 1167 Erinacius,

2200 1204 2341 1259 idem
2367 1202 2508 1272 quod
2537 1216 2697 1270 supra
2722 1218 2733 1251 :
2763 1209 2819 1254 et
2840 1195 3063 1253 erinacii
3092 1209 3226 1264 gens
3256 1193 3508 1261 invalida,
3534 1194 3626 1263 qui
3650 1192 3791 1249 fece-

2201 1304 2328 1349 runt
2357 1296 2408 1349 in
2444 1294 2607 1363 petris
2634 1292 2823 1346 domos
2850 1289 2975 1345 sibi.

2276 1387 2496 1457 Vulpes,
2525 1385 2811 1440 hcereticus
2845 1382 2928 1437 vel
2959 1380 3208 1437 diabolus
3236 1422 3248 1443 ,
3281 1378 3363 1434 vel
3382 1388 3652 1462 peccator
3682 1380 3793 1435 cal-

2200 1482 2359 1538 lidus.
2376 1482 2435 1536 In
2467 1480 2789 1551 Evangelia:
2810 1478 2912 1543 Ite,
2936 1478 3088 1531 dicite
3117 1477 3256 1547 vulpi
3279 1477 3357 1530 illi
3372 1475 3523 1545 (Luc.
3545 1477 3790 1545 χωλοὶ).

2201 1576 2441 1639 Animal,
2472 1575 2634 1629 homo
2656 1571 2909 1626 carnalis.
2936 1570 2991 1623 In
3024 1572 3318 1637 Apostoto:
3344 1568 3595 1621 Animalis
3622 1578 3793 1622 autem

2201 1666 2356 1720 homo
2395 1682 2498 1719 non
2540 1664 2754 1737 percipit
2777 1679 2839 1716 ea
2863 1678 2977 1733 qua:
2998 1673 3116 1714 sunt
3140 1660 3351 1727 spiritus
3384 1658 3479 1714 Dei
3508 1660 3551 1731 (I
3580 1658 3698 1714 Cor.
3728 1674 3790 1727 ιι,

507 1758 638 1811 tium
667 1756 807 1811 dicta
839 1755 1064 1826 signari,
1096 1764 1153 1807 ut
1174 1763 1257 1808 est
1284 1754 1444 1807 illud:
1479 1753 1653 1806 Favus
1700 1752 1866 1806 mellis
1895 1768 2091 1806 sermo-
2124 1747 2173 1807 Β
2201 1759 2313 1826 14).
2342 1757 2673 1819 Iumentum,
2708 1755 2978 1809 intellectu
3012 1753 3095 1807 vel
3120 1752 3339 1822 eloquio
3363 1767 3559 1807 carens
3587 1794 3602 1815 ,
3628 1752 3794 1807 inter-

504 1864 592 1902 nes
614 1848 732 1902 boni
759 1846 938 1918 (Prov.
975 1862 1082 1911 χνι,
1106 1846 1221 1916 24).
1256 1846 1433 1901 Mosen
1460 1887 1473 1911 ,
1506 1845 1752 1901 diabolus
1776 1885 1789 1910 ,
1819 1846 1908 1899 vel
1939 1844 2099 1899 mini-

505 1950 618 1995 stcr
648 1942 765 2011 ejus
790 1983 805 2007 ,
855 1942 939 1995 vel
981 1940 1256 2010 spurcitia:
1288 1939 1633 1995 idololatriae.
1680 1941 1735 1994 ln
1767 1940 2093 1995 Salomone:

505 2033 704 2087 Musca:
742 2034 1009 2087 moritura:
1037 2033 1380 2086 exterminant
1418 2033 1518 2086 olei
1564 2034 1863 2087 suavitatem
1923 2029 2095 2102 (Eccl.

504 2142 559 2191 χ,
596 2126 673 2195 1).
709 2124 1209 2191 Βοειίω,ἀὶ;ιῐ›υ1ιιε,
1236 2125 1324 2180 vel
1356 2125 1603 2180 homines
1627 2126 1746 2179 feri.
1776 2125 1834 2179 ln
1857 2125 2094 2196 psalmo:

506 2216 590 2271 Ne
620 2217 795 2270 tradas
822 2217 993 2271 bestiis
1033 2217 1234 2270 animas
1262 2217 1560 2285 conﬁtentes
1610 2217 1698 2270 tibi
1736 2214 1856 2285 (Ps.
1908 2230 2094 2282 Lxxm,

507 2307 618 2379 19).
652 2308 781 2371 Leo,
818 2307 1094 2373 Dominus,
1128 2316 1189 2360 ut
1224 2306 1547 2377 Apostolus:
1588 2306 1723 2359 Vicit
1767 2306 1844 2359 leo
1873 2307 1936 2359 de
1965 2306 2099 2359 tribu

503 2399 646 2454 Juda
673 2400 857 2470 (Apoc.
890 2416 945 2466 v,
971 2400 1049 2469 5).
1082 2398 1215 2453 ltem
1239 2401 1291 2451 in
1313 2399 1505 2452 malam
1529 2407 1768 2467 partem:
1793 2397 1878 2452 Ne
1896 2398 2100 2467 quando

503 2494 670 2563 rapiat
694 2503 748 2545 ut
777 2493 855 2545 leo
884 2492 1111 2544 animam
1140 2508 1304 2544 meam
1334 2490 1450 2561 (Ps.
1479 2507 1575 2553 vn,
1606 2492 1683 2560 3).
1710 2492 1873 2546 Item:
1909 2490 2100 2545 Adver-

503 2586 670 2640 sarius
698 2594 867 2638 noster
893 2583 1127 2636 diabolus
1154 2584 1303 2652 quasi
1334 2583 1411 2637 leo
1456 2585 1635 2637 circuit
1667 2583 1709 2654 (l
1756 2582 1903 2637 Petr.
1940 2598 1992 2647 v,
2022 2584 2097 2651 8).

502 2678 699 2733 Leaena
744 2677 1011 2748 signiﬁcat
1046 2676 1311 2746 superbos
1341 2677 1426 2731 vel
1474 2676 1804 2746 praecipites.
1848 2674 2055 2729 Pardus
2081 2714 2096 2740 ,

507 2772 779 2835 diabolus,
809 2770 894 2825 vel
924 2778 1174 2841 peccator
1205 2771 1449 2825 moribus
1476 2771 1641 2825 variis
1666 2788 1679 2824 :
1710 2771 1763 2824 in
1795 2768 2057 2839 propheta
2086 2787 2097 2822 :

505 2863 655 2918 Sicut
689 2860 935 2932 xEthiOps
964 2879 1064 2916 non
1094 2863 1311 2915 mutabit
1340 2864 1549 2933 pellem,
1582 2870 1629 2916 et
1658 2861 1851 2931 pardus
1877 2861 2098 2914 varieta-

506 2963 605 3009 tem
652 2953 783 3024 (Jer.
821 2969 937 3021 xm,
983 2953 1099 3022 25).
1150 2951 1386 3023 Elephas
1428 2961 1680 3022 peccator
1717 2952 1988 3007 immanis.
2046 2953 2101 3006 In

2200 1850 2327 1905 dum
2357 1849 2692 1905 obcdientes.
2726 1848 2782 1901 In
2810 1846 3051 1917 psalmo:
3087 1844 3153 1899 Ut
3173 1846 3461 1915 jumentum
3492 1849 3663 1914 factus
3682 1860 3793 1899 sum

2200 1941 2340 2009 apud
2370 1951 2416 1994 te
2443 1939 2559 2011 (Ps.
2592 1954 2760 2005 Lxxu,
2787 1936 2899 2006 75),
2931 1935 3205 1991 interdum
3232 1935 3514 2001 luxuriosi,
3547 1943 3604 1989 ut
3627 1935 3788 1990 illud:

2200 2036 2631 2104 Computruerunt
2654 2036 2895 2105 jumenta
2924 2032 2975 2084 in
3006 2039 3229 2084 stercore
3258 2046 3351 2083 suo
3382 2026 3537 2099 (Joel.
3568 2043 3644 2093 tv,
3676 2026 3788 2099 17).

2202 2128 2407 2196 Equus,
2432 2127 2515 2179 vir
2536 2134 2776 2180 sanctus.
2808 2122 2863 2177 In
2896 2122 3112 2177 Abacuc
3138 2138 3150 2174 :
3205 2121 3306 2188 Qui
3335 2122 3606 2174 ascendens
3633 2136 3793 2186 super

2202 2236 2355 2289 equos
2385 2230 2495 2271 tuas
2519 2216 2703 2287 (Abac.
2729 2232 2806 2277 Ill,
2838 2214 2916 2285 8).
2947 2213 3015 2267 Et
3034 2213 3085 2266 in
3113 2212 3306 2265 malam
3334 2220 3566 2280 partem:
3591 2207 3795 2264 Fallax

2202 2328 2359 2381 equus
2389 2311 2457 2364 ad
2492 2312 2706 2365 salutem
2732 2308 2851 2379 (Ps.
2880 2322 3053 2371 xxx",
3081 2305 3154 2377 1),
3186 2304 3505 2360 irrationalis
3538 2304 3791 2373 quisque.

2205 2405 2261 2459 In
2292 2405 2500 2475 psalmo
2527 2421 2539 2457 :
2573 2403 2749 2457 Nolite
2770 2404 2882 2472 ﬁeri
2921 2404 3053 2457 sicut
3092 2417 3248 2468 equus
3276 2408 3325 2452 et
3367 2398 3538 2453 mulus
3566 2439 3580 2461 ,
3613 2398 3795 2463 quibus

2202 2516 2303 2553 non
2330 2509 2405 2553 est
2426 2500 2714 2553 intellectus
2745 2497 2863 2568 (Ps.
2896 2512 3059 2558 χχχι,
3092 2496 3171 2567 9).
3204 2495 3421 2559 Asinus,
3466 2509 3667 2563 corpus
3696 2493 3795 2547 hu-

2202 2607 2420 2645 manum
2453 2634 2467 2657 ,
2499 2590 2584 2645 vel
2634 2590 2864 2659 populus
2889 2588 3191 2658 gentilium.
3241 2586 3297 2641 In
3332 2587 3672 2658 Evangelio:
3726 2586 3794 2640 Et

2203 2680 2530 2733 adduxerunt
2571 2680 2638 2732 ad
2663 2678 2841 2732 Jesum
2870 2680 3067 2732 asinam
3104 2687 3150 2731 et
3183 2679 3380 2747 pullum
3401 2682 3517 2750 ejus
3548 2719 3564 2743 ,
3606 2690 3652 2732 et
3679 2694 3796 2731 eum

2203 2772 2420 2839 desuper
2458 2770 2632 2824 sedere
2680 2772 2909 2840 fecerunt
2945 2769 3166 2841 (Matth.
3211 2785 3320 2835 χχι,
3373 2769 3449 2835 7).
3503 2770 3797 2824 Asinorum

2205 2866 2425 2919 nomine
2452 2864 2737 2918 stultorum
2765 2864 2975 2933 pigritia
3004 2862 3365 2932 signiﬁcatur,
3412 2863 3538 2916 dum
3585 2862 3798 2934 Moyses

2206 2966 2452 3012 testatur.
2488 2958 2608 3010 Non
2636 2958 2807 3010 arabis
2832 2958 2883 3009 in
2908 2957 3028 3011 bove
3048 2958 3203 3009 simul
3232 2966 3278 3010 et
3305 2957 3447 3010 asino
3471 2955 3798 3026 (Deut.xxtt,

505 3048 749 3119 Regum:
781 3046 847 3101 Εῐ
869 3045 1211 3101 adducebant
1243 3044 1311 3099 ad
1337 3045 1681 3100 Salomonem
1709 3044 1887 3097 simias
1924 3052 1969 3097 et
2002 3043 2105 3096 ele—
2142 3117 2159 3119 A
2206 3051 2324 3119 10),
2358 3051 2458 3105 hoc
2488 3061 2590 3115 est,
2623 3052 2673 3103 in
2711 3049 3090 3119 prmdicatione
3113 3064 3219 3104 non
3247 3049 3540 3119 coniungas
3560 3050 3801 3118 pruden.

507 3117 727 3211 phantos
759 3138 851 3209 (Ill
882 3138 1014 3207 Reg.
1049 3155 1104 3206 χ,
1129 3137 1242 3209 22).
1276 3136 1476 3204 Ursus,
1506 3137 1753 3192 diabolus
1778 3179 1793 3204 ,
1821 3146 1913 3191 aut
1934 3136 2100 3191 duces
2126 3117 2171 3180 (ἶ
2208 3117 2315 3198 tem
2342 3158 2467 3197 cum
2501 3143 2675 3197 fatuo:
2713 3117 3046 3211 rsimplicitas
3093 3142 3237 3195 enim
3284 3117 3519 3197 ﬁdelium
3566 3117 3671 3197 hoc
3699 3159 3799 3197 no-

505 3235 657 3302 sazvi,
692 3232 775 3288 vel
819 3232 1185 3288 insidiatores.
1216 3232 1271 3286 ln
1303 3231 1644 3301 Regnorum:
1674 3230 1741 3284 Et
1772 3230 1958 3301 egressi
1982 3240 2101 3285 sunt

506 3326 611 3380 duo
634 3327 741 3379 ursi
769 3366 783 3391 ,
832 3333 878 3380 et
919 3326 1251 3378 comederunt
1288 3340 1371 3376 eos
1397 3322 1485 3394 (IV
1514 3322 1639 3393 Reg.
1669 3339 1704 3377 ιι
1733 3362 1749 3389 ,
1778 3321 1873 3391 9-4)
1901 3362 1917 3389 ,
1977 3322 2099 3391 quia

505 3421 873 3492 VeSpasianus
911 3430 967 3476 et
1010 3423 1161 3475 Titus
1210 3421 1438 3476 Romani
1486 3422 1843 3491 imperatores
1884 3422 2101 3476 Judazos

507 3514 843 3569 deleverunt.
874 3513 1099 3577 Cervus,
1128 3512 1394 3581 Christus,
1430 3514 1518 3568 vel
1546 3516 1737 3569 sancti.
1774 3514 1827 3568 In
1858 3514 2097 3583 psalmo:

506 3606 660 3663 Sicut
679 3619 851 3659 cervus
871 3602 1124 3657 desiderat
1155 3604 1224 3656 ad
1249 3605 1415 3674 fontes
1443 3621 1695 3676 aquarum
1724 3607 1842 3677 (Ps.
1879 3622 1987 3671 xu,
2019 3604 2098 3677 2).

505 3699 577 3755 Et
606 3711 795 3752 rursus
822 3697 875 3752 in
905 3696 1129 3767 psalm.:
1163 3697 1361 3753 Montes
1404 3701 1593 3755 excelsi
1616 3702 1773 3754 cervis
1794 3741 1809 3766 ,
1841 3711 1984 3771 petra
2021 3717 2104 3753 re-

506 3790 713 3864 fugium
738 3790 981 3844 erinaceis
1029 3790 1148 3861 (Ps.
1182 3806 1295 3858 cm,
1346 3790 1467 3863 18):
1521 3808 1644 3847 nam
1678 3792 1766 3846 hic
1812 3793 1935 3846 vitae
1965 3806 2100 3847 con.

506 3884 836 3955 templativze
859 3884 1025 3941 dediti
1055 3886 1449 3957 signiﬁcantur.
1479 3886 1666 3955 Lupus
1691 3930 1704 3955 ,
1738 3885 1984 3939 diabolus
2016 3884 2102 3940 vel

508 3978 823 4035 haereticus.
856 3979 911 4033 In
948 3978 1272 4047 Evangelia:
1308 3978 1627 4032 lntrinsecus
1656 3984 1826 4030 autem
1847 3986 1963 4030 sunt
1994 3976 2101 4047 lupi

507 4088 721 4143 rapaces
768 4069 983 4140 (Matth.
1035 4086 1128 4136 vn,
1164 4069 1277 4140 15).
1328 4070 1460 4124 Item
1510 4070 1564 4122 in
1616 4070 1809 4124 bonam
1854 4079 2097 4138 partem:

507 4162 783 4235 Benjamin
824 4162 980 4232 lupus
1027 4176 1191 4229 rapax
1243 4159 1397 4231 (Gen.
1444 4176 1600 4229 xux,
1641 4160 1758 4227 27),
1800 4163 2100 4231 apostolum

504 4256 739 4313 Paulum
787 4252 1116 4324 signilicans.
1178 4256 1319 4319 Aper
1349 4293 1365 4318 ,
1414 4252 1685 4308 diabolus.
1742 4253 1801 4309 In
1854 4255 2098 4323 psalmo:

507 4344 886 4402 Exterminabit
916 4359 1028 4396 eam
1058 4358 1179 4414 aper
1207 4342 1270 4395 dc
1302 4344 1432 4397 silva
1480 4344 1599 4415 (Ps.
1652 4362 1835 4417 ιχχιχ,
1872 4345 1981 4419 14).
2006 4348 2098 4403 Ti.

504 4439 618 4511 gris
643 4475 658 4502 ,
686 4438 913 4493 feminea
944 4436 1213 4491 interdum
1249 4447 1580 4507 arrogantia.
1617 4439 1674 4493 In
1722 4440 1860 4495 libro
1886 4442 1989 4496 Job
2015 4458 2102 4497 se-

2205 3236 2349 3293 mine
2377 3237 2697 3306 exprimitur
2722 3277 2737 3302 ,
2788 3250 2948 3306 quam
2977 3234 3226 3290 Christus
3253 3236 3492 3306 regendo
3523 3244 3579 3292 et
3612 3239 3801 3306 praesi-

2204 3328 2383 3383 dendo
2410 3328 2475 3382 ad
2510 3328 2861 3394 Hierusalem,
2891 3326 2943 3382 id
2969 3337 3072 3394 est,
3097 3329 3356 3383 visionem
3386 3328 3536 3398 pacis
3557 3328 3799 3387 deducit.

2206 3423 2362 3479 Unde
2390 3425 2615 3479 dicitur:
2670 3424 2884 3495 Agnovit
2926 3434 2973 3479 et
3006 3425 3183 3478 asinus
3221 3441 3446 3495 prazsepe
3489 3426 3691 3480 domini
3716 3429 3801 3482 sui

2206 3516 2356 3588 (Isai.
2391 3533 2430 3583 ι,
2464 3516 2552 3588 5):
2582 3531 2772 3572 rursus
2801 3517 2954 3571 asino
2983 3516 3295 3585 designatur
3324 3517 3677 3573 immoderata
3705 3535 3803 3589 pe-

2207 3609 2489 3663 tulantium
2520 3608 2751 3676 luxuria,
2785 3617 2843 3661 ut
2864 3607 3123 3678 propheta
3150 3626 3162 3661 :
3218 3608 3449 3676 Quorum
3477 3626 3657 3664 carnes
3678 3621 3803 3665 sunt

2206 3711 2261 3754 ut
2284 3718 2464 3755 carnes
2486 3702 2749 3755 asinorum
2778 3699 2989 3771 (Ezech.
3021 3716 3174 3768 χχιιι,
3206 3700 3320 3771 20).

2277 3793 2463 3857 Asina,
2495 3809 2624 3849 caro
2653 3793 2737 3847 vel
2761 3794 2913 3863 plebs
2937 3807 3132 3847 carens
3172 3792 3263 3847 Dei
3286 3794 3496 3851 notitia.
3527 3794 3584 3850 In
3614 3795 3800 3852 Evan-

2205 3885 2366 3954 gelio,
2420 3885 2561 3940 idem
2616 3884 2758 3955 quod
2811 3899 2994 3953 supra.
3049 3885 3325 3949 Camelus,
3383 3885 3579 3942 divites
3634 3888 3800 3944 rebus

2206 3976 2389 4029 saeculi
2416 3977 2592 4030 onusti
2621 4017 2636 4041 ,
2684 3975 2769 4030 vel
2816 3976 3059 4030 moribus
3091 3976 3324 4031 distorti.
3375 3975 3433 4031 In
3462 3977 3798 4049 Evangelia:

2206 4070 2441 4123 Facilius
2467 4078 2539 4123 est
2561 4070 2810 4124 camelum
2838 4086 2927 4139 per
2951 4072 3182 4140 foramen
3219 4087 3341 4124 acus
3368 4072 3606 4139 transire,
3640 4089 3803 4142 quam

2207 4162 2415 4215 divitem
2454 4162 2648 4216 intrare
2692 4162 2748 4216 in
2788 4178 2949 4234 regna
2987 4164 3226 4217 calorum
3274 4162 3489 4234 (Matth.
3534 4180 3647 4231 χιχ,
3676 4166 3800 4237 21).

2205 4253 2411 4310 Cameli
2441 4256 2661 4311 nomine
2687 4257 2846 4311 etiam
2878 4257 2995 4326 ipse
3021 4256 3275 4311 Dominus
3306 4257 3661 4327 signiﬁcatur,
3693 4268 3795 4315 ut:

2205 4346 2483 4415 Liquantes
2505 4349 2718 4403 culicem
2733 4364 2752 4402 :
2775 4350 3025 4403 camelum
3042 4360 3212 4405 autem
3233 4352 3790 4423 deglutientesylatth.

2206 4456 2357 4511 χχιιι,
2388 4440 2518 4513 24):
2550 4442 2651 4497 hoc
2681 4443 2734 4497 in
2763 4444 2883 4499 loco
2920 4444 3180 4499 Dominus
3224 4453 3409 4514 aperte
3435 4444 3751 4516 designatur
3775 4490 3789 4514 ,

507 4527 743 4584 cundum
772 4528 1088 4585 Hebraeum:
1116 4528 1281 4601 Tigris
1311 4531 1479 4597 periit,
1502 4546 1559 4585 eo
1580 4533 1714 4600 quod
1744 4549 1845 4586 non
1868 4532 2101 4589 habuerit
2126 4508 2181 4569 Ῑ)
2204 4535 2292 4604 qui
2322 4508 2515 4604 sponte
2545 4534 2857 4589 humiliatus
2880 4577 2894 4601 ,
2926 4508 3476 4593 inﬁrmitatis-nostra:
3506 4508 3673 4591 odera
3698 4508 3794 4594 su;

509 4622 745 4689 praedam
772 4619 895 4691 (Job
948 4636 1018 4687 tv,
1056 4621 1165 4691 11).
1194 4622 1544 4690 Monoceron,
1570 4624 1672 4679 hoc
1696 4632 1780 4680 est
1800 4626 2095 4685 unicornis.

504 4713 567 4769 In
602 4714 841 4784 psalmo:
886 4713 955 4767 Et
1004 4715 1216 4767 dilectus
1257 4718 1687 4786 quemadmodum
1728 4719 1864 4786 ﬁlius
1891 4721 2100 4775 unicor-

506 4805 654 4860 nium
681 4804 800 4878 (Ps.
834 4820 1017 4871 sxvm,
1048 4805 1122 4875 6),
1171 4805 1225 4859 id
1252 4817 1355 4871 est,
1389 4808 1680 4878 singularis
1710 4812 1983 4878 potentiae,
2013 4813 2099 4868 vel

506 4910 818 4955 sanctorum
865 4898 952 4966 qui
998 4908 1207 4952 teneant
1250 4900 1465 4954 unicum
1500 4901 1593 4956 Dei
1640 4902 1887 4957 verbum.
1930 4904 1998 4958 Et
2042 4906 2097 4959 in

504 4993 664 5048 aliam
696 5000 937 5061 partem:
990 4990 1058 5045 Et
1079 5009 1111 5044 a
1131 4992 1369 5046 cornibus
1400 4995 1727 5047 unicornium
1754 4995 2097 5051 humilitatem

503 5103 669 5144 nteant
695 5085 919 5156 (Psalm.
950 5102 1058 5152 xxi,
1086 5084 1203 5155 22).
1228 5085 1283 5140 ln
1307 5088 1503 5142 malam
1534 5096 1741 5157 partem
1763 5091 1978 5158 ponitur
1998 5105 2096 5161 pro

468 5181 746 5254 quolibet
790 5178 1025 5249 superbo
1071 5178 1346 5247 violento,
1395 5180 1480 5235 vel
1521 5196 1686 5235 unum
1717 5190 2093 5237 testamentum

498 5286 720 5333 tenente
744 5318 759 5342 ,
801 5283 859 5329 ut
892 5272 1177 5327 Psalmista
1224 5272 1277 5327 in
1320 5288 1549 5342 persona
1583 5275 1789 5341 passuri
1839 5275 2046 5330 Domini
2078 5293 2093 5332 :

500 5366 697 5424 Libera
753 5382 861 5431 me,
892 5363 1136 5426 Domine,
1166 5378 1196 5417 a
1250 5364 1509 5447 cornibus
1558 5365 2096 5426 unicornium.’Rhi-

500 5477 737 5518 noceron
768 5503 784 5525 ,
817 5460 969 5513 fortis
1001 5460 1233 5528 quique:
1266 5460 1348 5513 vel
1383 5460 1433 5513 in
1464 5461 1659 5515 bonam
1688 5462 1770 5516 vel
1805 5463 1855 5517 in
1894 5465 2088 5519 malam

2204 4626 2377 4694 Stulit,
2409 4637 2462 4681 et
2483 4640 2637 4681 acum
2666 4626 2993 4696 punctionis,
3020 4629 3403 4699 angustiasque
3429 4627 3710 4685 foraminis
3737 4633 3798 4692 in

2205 4720 2389 4775 dolore
2427 4736 2539 4775 suae
2582 4722 2869 4791 passionis.
2920 4721 3089 4777 Culex
3130 4722 3463 4778 susurrando
3502 4723 3798 4792 vulnerat,

2202 4813 2443 4868 camelus
2472 4823 2653 4868 autem
2681 4824 2875 4883 sponte
2918 4828 2979 4869 se
3013 4814 3083 4868 ad
3121 4814 3461 4883 suscipienda
3502 4831 3669 4872 onera
3708 4816 3797 4871 in—

2202 4906 2405 4961 clinat:
2438 4906 2778 4977 liquaverunt
2808 4921 2939 4977 ergo
2968 4905 3141 4961 Judaei
3181 4907 3407 4962 culicem
3435 4948 3449 4973 ,
3491 4908 3615 4978 quia
3646 4908 3795 4964 sedi-

2202 5000 2398 5054 tiosum
2428 5000 2689 5054 latronem
2720 4998 2914 5052 dimitti
2947 4998 3257 5067 petierunt:
3313 4999 3578 5054 camelum
3610 5008 3794 5056 autem

2199 5091 2516 5161 glutierunt,
2547 5091 2669 5161 quia
2691 5106 2813 5145 eum
2838 5092 2929 5159 qui
2961 5092 3028 5145 ad
3058 5092 3403 5161 suscipienda
3426 5101 3626 5148 nostra:
3653 5109 3794 5148 mor-

2202 5184 2425 5238 talitatis
2456 5197 2621 5237 onera
2652 5193 2844 5253 sponte
2873 5183 3236 5238 descenderat
3264 5226 3279 5248 ,
3308 5187 3655 5256 exstinguere
3681 5187 3794 5243 cla-

2199 5277 2398 5331 mando
2427 5276 2607 5331 conati
2635 5287 2780 5330 sunt.
2815 5278 2996 5340 Tauri,
3033 5278 3305 5345 principes
3332 5282 3675 5350 populorum.
3732 5280 3791 5336 In

2199 5371 2441 5441 psalmo:
2473 5368 2633 5423 Tauri
2662 5372 2875 5441 pingues
2904 5370 3211 5425 obsederunt
3232 5389 3313 5425 me
3357 5371 3476 5443 (Ps.
3504 5389 3594 5427 χχι
3622 5415 3637 5440 ,
3674 5372 3788 5445 15).

2197 5462 2369 5516 Boves
2393 5502 2407 5524 ,
2458 5460 2688 5530 apostoli
2714 5500 2731 5527 ,
2762 5462 2850 5530 qui
2879 5472 3130 5532 suscepto
3172 5462 3301 5532 jugo
3330 5461 3530 5519 Christi
3559 5505 3574 5530 ,
3608 5464 3789 5521 Evan-

499 5555 809 5626 partem.ln
843 5555 981 5610 libro
1007 5553 1440 5617 Job,secnndum
1474 5555 2088 5628 IIebrmnm:Numquid
2192 5556 2317 5627 gelii
2376 5569 2595 5609 vomere
2652 5554 2910 5608 mundum
2969 5565 3353 5610 exaraverunt.
3418 5556 3474 5611 In
3532 5557 3785 5625 psalmo:

502 5648 631 5699 volet
655 5648 949 5699 rhinoceros
975 5646 1161 5697 servire
1182 5645 1270 5696 tibi
1295 5641 1419 5713 (Job
1480 5660 1674 5709 χχχιχ,
1708 5646 1786 5717 9).

2195 5646 2425 5713 Olfcram
2464 5646 2566 5699 tibi
2608 5645 2755 5699 boves
2794 5662 2909 5700 cum
2938 5646 3093 5700 hircis
3138 5644 3255 5717 (Ps.
3296 5661 3419 5715 va,
3460 5646 3571 5719 15).
3609 5648 3789 5706 Boves

574 5732 783 5790 Onager
807 5770 821 5792 ,
849 5732 1070 5786 eremita
1099 5770 1113 5796 ,
1140 5732 1225 5784 vel
1258 5734 1348 5799 qui
1381 5736 1569 5790 remoti
1600 5750 1626 5789 a
1662 5737 1830 5792 turbis
1861 5741 2088 5807 popula-
2189 5740 2350 5794 etiam
2380 5737 2668 5793 stultorum
2693 5737 2999 5795 vecordiam
3026 5739 3372 5809 signiﬁcant,
3426 5748 3481 5795 ut
3508 5748 3659 5797 recte
3689 5756 3789 5813 per
