4028 6184
231 301 338 365 753

984 300 1186 357 LIBER
1225 297 1705 355 FORMULARUM
1747 297 2125 356 SPIHI'I‘ALIS
2164 302 2736 363 INTELLIGENTIrE.

3406 314 3508 371 756

229 424 577 481 Salomonem
604 421 827 476 dicitur:
858 418 1145 486 Statimque
1170 434 1284 471 eam
1302 417 1550 488 sequitur,
1563 413 1713 483 quasi
1732 414 1819 466 bos
1846 413 1901 474 Α
2000 414 2231 480 Vermis,
2253 414 2501 473 Christus
2531 434 2627 487 pro
2647 420 2947 477 humilitate
2960 424 3220 493 assumpti
3249 423 3506 483 hominis.

230 518 414 572 ductus
467 518 533 569 ad
576 515 834 569 victimam
878 510 1058 581 (Prov.
1092 528 1183 578 vn,
1214 508 1341 581 22):
1398 511 1556 564 boum
1599 507 1816 561 nomine

230 611 393 667 etiam
433 610 538 663 vita
595 604 1013 675 uniuscujusque
1054 605 1331 673 operantis
1368 601 1690 671 exprimitur
1713 643 1728 668 ,
1763 607 1819 652 ut

227 718 326 777 per
356 704 574 773 Moysen
601 717 615 753 :
645 698 767 753 Non
798 698 1035 770 alligabis
1064 698 1150 751 bos
1190 696 1303 750 bovi
1348 696 1607 748 trituranti
1636 692 1812 763 (Deut.

226 812 353 860 xxv,
387 795 445 866 ι)
468 813 477 846 ;
500 803 554 849 et
600 793 855 847 Dominus
890 809 903 843 :
943 791 1143 861 Dignus
1173 800 1244 843 est
1277 790 1541 858 operarius
1580 787 1692 840 cibo
1722 803 1818 840 suo

228 887 443 962 (Matth.
478 903 519 952 ι,
553 884 665 955 10).
702 883 892 938 Vacca:
918 925 935 951 ,
992 882 1299 937 carnalibus
1350 880 1495 934 vitiis
1543 879 1703 948 pleni.
1756 879 1813 934 In

226 985 470 1055 psalmo:
521 981 672 1036 Inter
722 996 901 1033 vaccas
951 978 1260 1049 papulorum
1292 973 1411 1047 (Ps.
1469 989 1639 1039 van,
1700 972 1813 1044 3i):

224 1077 415 1132 Vaccae
446 1074 609 1129 etiam
651 1072 836 1127 ﬁdeles
867 1084 1057 1125 omnes
1105 1069 1158 1123 in
1204 1066 1445 1122 Ecclesia
1487 1066 1813 1136 designant,

222 1174 311 1244 qui
350 1173 484 1228 dum
521 1169 660 1227 sacri
698 1167 899 1239 eloquii
935 1174 1199 1236 praecepta
1251 1163 1629 1219 considerant:
1664 1161 1817 1231 quasi

221 1262 700 1334 superimpositam
730 1259 830 1314 sibi
862 1256 1073 1312 Domini
1113 1271 1288 1309 arcam
1318 1262 1556 1325 portant:
1587 1268 1815 1322 quorum

222 1355 472 1426 plerique
494 1352 621 1408 loris
651 1350 960 1407 carnalibus
984 1346 1269 1402 aﬂ'ectibus
1301 1345 1530 1414 ligantur
1554 1388 1569 1410 ,
1601 1345 1691 1398 sed
1716 1359 1819 1397 non

223 1446 488 1501 declinant
518 1462 550 1498 a
577 1451 715 1498 recto
754 1442 963 1494 itinere:
992 1438 1115 1508 quia
1162 1450 1337 1489 arcam
1365 1434 1575 1489 Domini
1612 1443 1817 1505 portant

223 1540 275 1593 in
297 1547 471 1592 mente
501 1537 550 1607 (l
576 1535 703 1606 Reg.
726 1550 800 1603 γι,
837 1531 945 1603 η).

238 1672 241 1673 γ
294 1630 515 1684 Vitulus
540 1666 555 1692 ,
594 1626 841 1681 Christus
865 1665 879 1689 ,
922 1623 1037 1678 sive
1076 1622 1273 1677 sancti.
1313 1620 1373 1674 In
1402 1620 1646 1690 psalmo:
1674 1619 1817 1673 Tunc

220 1724 494 1794 imponent
524 1736 675 1791 super
705 1718 870 1772 altare
898 1726 1041 1769 tuum
1061 1714 1248 1768 vitulos
1290 1712 1407 1785 (Ps.
1438 1730 1491 1781 ι,
1521 1712 1633 1781 21).
1664 1710 1732 1765 Ει
1762 1712 1813 1764 in

1920 506 1977 560 In
2011 508 2201 577 psalm.
2238 527 2252 561 :
2282 508 2396 581 Ego
2423 518 2595 565 autem
2622 529 2736 566 sum
2770 515 2957 568 vermis
2986 525 3033 569 et
3061 531 3162 573 non
3191 516 3349 570 homo
3374 516 3508 588 (Ps.

1924 616 2040 666 nt,
2076 600 2156 671 7).
2185 600 2319 657 Item
2352 604 2405 658 in
2433 604 2592 659 aliam
2620 615 2850 674 partem.
2883 608 2939 663 In
2981 608 3115 665 Isaia
3148 628 3163 664 :
3202 611 3399 669 Vermis
3426 632 3512 670 eo-

1923 710 2042 747 rum
2090 710 2192 748 non
2230 697 2476 750 morietur
2499 696 2517 766 (
2542 696 2672 751 Isai.
2708 714 2852 767 vat,
2880 699 3011 771 21),
3045 702 3096 756 id
3118 714 3221 769 est,
3247 706 3362 761 sive
3391 706 3510 776 ipse

1919 784 2144 848 vermis,
2170 786 2287 840 sive
2308 787 2518 856 peccati
2547 790 2897 853 conscientia,
2924 792 3010 847 vel
3041 794 3356 863 inquietudo
3388 813 3510 866 pra-

1920 890 2001 929 vae
2030 877 2393 946 cogitationis.
2417 878 2904 947 Aranea,humana
2923 882 3205 954 fragilitas.
3237 886 3292 940 In
3327 889 3458 957 psal.
3489 908 3503 945 :

1920 966 1989 1020 Et
2018 969 2275 1022 tabescere
2300 970 2466 1039 fecisti
2496 971 2635 1025 velut
2678 989 2924 1026 araneam
2950 977 3176 1029 animam
3197 993 3362 1032 meant
3380 978 3504 1051 (Ps.

1919 1075 2144 1129 xxxvm,
2168 1060 2247 1130 2).
2280 1061 2425 1117 Tela:
2458 1078 2805 1132 aranearum,
2834 1075 2962 1121 sunt
2990 1083 3152 1137 opera
3194 1072 3506 1141 temporalis

1920 1153 2412 1221 concupiscentiae,
2458 1170 2579 1224 qua:
2622 1156 2769 1210 nulla
2818 1159 3123 1215 solidantur
3167 1161 3503 1228 subtilitate,

1920 1258 2041 1315 qua:
2088 1253 2281 1301 ventus
2322 1248 2461 1317 rapit
2506 1250 2771 1305 mortalis.
2812 1251 3075 1322 Serpens,
3115 1254 3385 1325 diabolus,
3422 1257 3506 1312 vel

1920 1338 2139 1408 maligni
2181 1339 2450 1395 homines.
2484 1341 2541 1397 In
2569 1343 2857 1412 Evangelio
2887 1361 2902 1397 :
2946 1346 3221 1416 Serpentes
3246 1350 3505 1420 genimina

1921 1431 2216 1500 viperarum
2246 1431 2461 1503 (Matth.
2496 1450 2648 1503 χχιιι,
2676 1436 2790 1505 55).
2824 1437 2954 1491 Item
2984 1438 3037 1494 in
3066 1441 3226 1494 aliam
3258 1452 3463 1511 partem
3484 1485 3503 1511 ,

1920 1522 1975 1577 in
2022 1522 2316 1591 Evangelio
2348 1542 2360 1575 :
2396 1523 2544 1579 Sicut
2596 1524 2802 1597 Moyses
2841 1529 3088 1584 exultavit
3128 1542 3411 1601 serpentem
3454 1534 3508 1587 in

1922 1614 2119 1669 deserto
2150 1616 2333 1685 (Joan.
2365 1632 2445 1683 ιιι,
2484 1618 2606 1688 14);
2641 1634 2863 1688 serpens
2888 1620 3159 1691 signiﬁcat
3186 1623 3347 1678 etiam
3384 1641 3507 1695 pru-

1921 1705 2133 1772 dentes,
2168 1707 2317 1763 utihi
2352 1725 2367 1765 :
2402 1706 2581 1763 Estote
2611 1716 2883 1780 prudentes
2911 1714 3044 1767 sicut
3059 1726 3318 1785 serpentes
3344 1716 3506 1788 (Mat.

222 1818 387 1872 aliam
419 1823 663 1886 partem:
710 1808 1165 1868 Circumdederunt
1214 1822 1293 1859 me
1320 1806 1465 1859 vituli
1513 1804 1662 1857 multi
1693 1802 1812 1869 (Ps.
1847 1799 1896 1859 B
1922 1815 1978 1864 x,
2006 1799 2117 1870 16).
2147 1800 2341 1865 Draco,
2372 1802 2623 1858 diabolus
2644 1844 2659 1870 ,
2694 1805 2775 1859 vel
2816 1815 3037 1875 apertus
3079 1818 3423 1878 persecutor;
3453 1812 3507 1868 in

220 1925 342 1976 nt,
381 1908 499 1979 l3),
546 1907 646 1960 hoc
692 1912 815 1969 est,
862 1900 1231 1957 lascivientes.
1285 1897 1443 1960 Sues,
1503 1904 1818 1965 peccatores

221 2000 512 2056 immundi.
566 1998 623 2054 In
658 1994 897 2066 Epistola
927 1993 1105 2049 Petri:
1135 1991 1205 2045 Et
1232 2007 1317 2045 sus
1348 1991 1453 2043 lota
1472 1990 1525 2043 in
1552 1988 1818 2042 volutabra

220 2095 317 2149 luti
340 2093 411 2165 (ll
444 2092 589 2147 Petr.
621 2105 683 2156 ιι,
712 2088 829 2158 22).
861 2086 1076 2142 Arietes
1102 2128 1116 2153 ,
1148 2082 1409 2152 aposmli,
1438 2080 1521 2134 vel
1552 2080 1819 2134 Ecclesia-

218 2202 336 2244 rum
366 2184 657 2255 principes.
691 2181 749 2235 In
781 2178 1020 2248 psalmo:
1076 2175 1266 2244 Alferte
1291 2170 1514 2226 Domino
1536 2172 1672 2241 ﬁlios
1692 2172 1821 2225 arie-

220 2289 327 2332 tum
359 2276 481 2349 (Ps.
516 2290 700 2341 xxvut,
730 2271 983 2344 l).0ves,
1015 2268 1198 2339 populi
1226 2266 1428 2321 ﬁdeles.
1449 2265 1503 2319 In
1527 2265 1817 2333 Evangel.:

222 2374 355 2426 Oves
377 2386 507 2425 mea:
529 2386 698 2424 vocem
723 2383 887 2421 meam
908 2366 1125 2419 audiunt
1148 2362 1331 2433 (Joan.
1357 2377 1412 2427 χ,
1434 2360 1527 2430 27)
1554 2378 1568 2415 :
1592 2360 1815 2426 Pecora,

219 2462 590 2534 simpliciores
648 2461 891 2531 quique,
950 2458 1132 2512 minus
1191 2454 1404 2526 praediti
1463 2451 1820 2508 ratiocinandi

217 2557 545 2614 subtilitate.
608 2554 668 2609 In
724 2552 1052 2608 Salomone:
1103 2548 1270 2603 Pasce
1323 2548 1520 2601 animas
1574 2561 1819 2617 pecorum

219 2649 639 2722 tuorum(Prov.
685 2662 871 2716 xxvn,
899 2644 1015 2715 25).
1062 2643 1250 2710 Hirci,
1304 2652 1656 2711 peccatores,
1701 2639 1820 2694 sive

219 2744 474 2814 gentiles.
506 2742 562 2797 In
594 2740 842 2796 Daniele:
880 2737 1011 2792 Ecce
1032 2749 1203 2791 autem
1232 2735 1404 2788 hircus
1434 2748 1708 2803 caprarum
1734 2748 1820 2785 ve-

220 2837 390 2892 niebat
411 2837 478 2891 ab
520 2832 796 2889 Occidente
835 2847 987 2902 super
1033 2830 1217 2898 facient
1248 2828 1403 2881 totius
1452 2834 1601 2880 terra:
1648 2824 1815 2896 (Dan.

220 2944 338 2995 vui,
370 2932 449 2998 5).
478 2929 608 2984 Item
642 2927 697 2981 in
743 2925 939 2981 bonam
986 2930 1229 2992 partem:
1293 2918 1523 2986 Olferam
1555 2918 1644 2970 tibi
1668 2917 1818 2970 boves

221 3038 339 3075 cum
361 3020 519 3074 hircis
542 3016 658 3089 (Ps.
690 3031 815 3080 ων,
850 3015 963 3080 15).
995 3011 1182 3080 Caprm
1210 3050 1225 3075 ,
1273 3009 1408 3078 justi
1450 3006 1716 3061 interdum
1748 3019 1819 3058 ex

218 3115 477 3187 gentibus
508 3112 805 3167 venientes.
855 3109 912 3162 In
960 3106 1289 3160 Salomone:
1342 3100 1664 3169 Capitlatura
1708 3106 1797 3150 tua

1922 1894 2132 1963 psalmo
2160 1912 2175 1948 :
2204 1893 2280 1948 Tu
2308 1897 2605 1966 confregisti
2628 1908 2780 1969 caput
2805 1900 3063 1967 draconis,
3094 1902 3285 1958 dedisti
3312 1920 3425 1958 eum
3452 1906 3509 1962 in

1923 2004 2089 2042 escam
2121 1989 2313 2059 populo
2358 1988 2670 2061 /Ethi0pum
2693 1990 2812 2062 (Ps.
2862 2009 3046 2059 Lum,
3075 1996 3141 2049 14
3162 1996 3204 2067 ).
3244 1997 3505 2069 Scorpio,

1924 2080 2196 2146 diabolus,
2231 2082 2315 2135 vel
2347 2082 2577 2136 ministri
2612 2084 2764 2153 ejus;
2795 2085 2847 2138 in
2879 2085 3176 2156 Evangelio
3207 2108 3219 2141 :
3254 2089 3388 2144 Dedi
3417 2107 3507 2145 vo-

1924 2171 2001 2226 bis
2045 2182 2343 2241 potestatem
2381 2174 2622 2226 calcandi
2663 2191 2816 2241 super
2860 2186 3122 2245 serpentes
3142 2187 3190 2233 et
3216 2180 3508 2250 scorpiones

1925 2265 2078 2337 (Luc.
2108 2282 2165 2329 ι,
2197 2264 2305 2338 19).
2346 2266 2533 2337 Vipera
2575 2267 2715 2323 idem
2758 2269 2903 2339 quod
2940 2285 3131 2339 supra;
3164 2272 3216 2326 in
3262 2273 3507 2343 Evange-

1923 2361 1999 2416 lio
2034 2378 2046 2413 :
2078 2358 2349 2414 Genimina
2385 2361 2672 2431 viperarum
2704 2361 2858 2432 (Luc.
2890 2380 2967 2429 ιιι,
3001 2365 3077 2434 7).

2538 2494 2766 2554 CAPUT
2806 2498 2895 2555 VI.

2172 2606 2255 2665 De
2287 2609 2445 2663 variis
2498 2612 2764 2665 nominum
2789 2614 3246 2683 appellationibus.

1995 2728 2191 2794 Homo,
2225 2736 2316 2782 aut
2346 2728 2507 2782 homo
2537 2736 2703 2795 totus,
2732 2738 2827 2784 aut
2845 2746 3021 2787 mens.
3056 2733 3113 2788 In
3136 2734 3371 2791 Genesi:
3405 2730 3510 2792 Fe-

1922 2819 1991 2873 cit
2024 2816 2165 2872 Deus
2190 2819 2446 2871 hominem
2474 2818 2540 2871 ad
2570 2820 2845 2890 imaginem
2873 2831 2919 2875 et
2936 2822 3331 2880 similitudinem
3360 2843 3508 2881 suam

1924 2909 2077 2981 (Gen.
2113 2925 2151 2975 ι,
2174 2909 2293 2979 26).
2327 2910 2397 2963 Et
2423 2910 2476 2964 in
2513 2911 2709 2965 malam
2746 2923 2987 2981 partem;
3017 2915 3070 2967 in
3102 2918 3312 2983 psalmo
3347 2936 3359 2970 :
3394 2917 3510 2973 Ea:-

1920 3016 2100 3069 surge,
2146 2998 2396 3063 Domine,
2428 3016 2531 3053 non
2583 3003 2897 3071 confortetur
2923 3005 3116 3073 homo(
3144 3005 3237 3061 Ps.
3271 3024 3346 3073 ιιι.
3378 3010 3506 3080 20),

1922 3089 2025 3143 hoc
2053 3100 2136 3145 est
2154 3103 2301 3156 caro,
2336 3092 2418 3144 vel
2443 3090 2709 3147 diabolus.
2739 3093 2929 3149 Nonne
2967 3095 3201 3152 hominis
3227 3100 3387 3154 etiam
3420 3116 3510 3158 re-

218 3174 354 3261 ;icut
376 3219 500 3276 grex
521 3216 814 3273 caprarum,
832 3213 945 3266 qua:
964 3197 1195 3250 revelata:
1209 3192 1402 3246 suntde
1417 3188 1616 3243 Galaad
1635 3186 1811 3258 (Cant.
1844 3174 1890 3238 C
1922 3180 2212 3250 prehensio
2238 3180 2570 3251 dCSignatur,
2596 3192 2655 3238 ut
2690 3183 2742 3237 in
2776 3183 2878 3239 hoc
2911 3188 3151 3259 Apostoli
3175 3206 3188 3242 ζ
3215 3188 3345 3245 Cum
3372 3193 3510 3247 εηεηι

218 3313 293 3363 vt,
319 3295 400 3367 4).
418 3290 885 3362 Quemadmodum
912 3296 1090 3341 autem
1116 3298 1292 3354 caprae
1311 3282 1576 3353 praecipue
1601 3288 1811 3348 pastum

222 3393 279 3448 in
311 3391 425 3445 allo
452 3395 738 3460 quaerunt,
794 3385 873 3439 sic
921 3390 977 3437 et
1002 3380 1172 3435 sancti
1225 3376 1413 3433 mundi
1442 3375 1710 3445 baptismo
1759 3383 1815 3429 et

219 3483 543 3557 poenitentia
594 3480 646 3534 in
707 3474 959 3546 supernis
1017 3484 1225 3541 pastum
1282 3469 1623 3532 desiderant;
1674 3466 1815 3521 unde

219 3576 530 3648 apostolus:
552 3572 747 3627 Nostra
766 3569 1074 3624 conversatio
1107 3568 1158 3620 in
1185 3563 1321 3619 caelis
1351 3558 1812 3634 est(Pltil.tu,20).

219 3671 446 3741 Capreze
468 3677 593 3723 sunt
624 3670 816 3720 anima:
842 3660 1178 3718 cﬂ'eratiores
1206 3658 1362 3713 facta:
1395 3672 1488 3725 per
1514 3669 1704 3709 vanam
1726 3653 1814 3709 do-

223 3765 451 3820 ctrinam
496 3759 943 3831 phil050phorum
971 3799 985 3824 ,
1034 3753 1127 3808 sed
1168 3753 1279 3822 jam
1332 3752 1469 3805 intra
1516 3749 1811 3804 Ecclesiam

219 3863 466 3913 sanctam
497 3868 593 3923 per
628 3858 874 3906 sanctum
912 3846 1290 3916 Evangelium.
1334 3843 1470 3913 Agni
1520 3842 1768 3895 Christus
1795 3881 1811 3905 ,

222 3951 305 4008 vel
329 3948 562 4020 apostoli
587 3990 601 4015 ,
650 3957 737 4000 aut
770 3944 964 4000 sancti.
1010 3943 1065 3997 In
1096 3941 1426 4013 Evangelia:
1461 3938 1627 3993 Pasce
1651 3953 1814 4007 agnos

223 4062 359 4101 meos
383 4042 561 4113 (Joan.
580 4058 619 4107 ι,
637 4039 748 4112 15).
767 4038 912 4094 Haedi
940 4046 1271 4106 peccatores,
1295 4034 1378 4088 vel
1404 4041 1582 4087 motus
1611 4031 1810 4087 carnis.

224 4136 282 4193 In
309 4137 513 4206 Evang.
540 4153 552 4187 :
578 4132 774 4187 deos
805 4141 976 4183 autem
1003 4146 1035 4182 a
1055 4127 1277 4181 sinistris
1309 4122 1521 4197 (Matth.
1550 4138 1673 4188 xxv,
1697 4121 1809 4191 55).

294 4230 499 4300 Τειιρῖθ,
532 4228 698 4292 idola,
726 4225 812 4281 vel
845 4222 1107 4285 haeretici,
1139 4221 1228 4290 qui
1255 4235 1360 4273 non
1393 4218 1578 4272 vident
1605 4216 1809 4271 verita-

225 4333 354 4381 tem.
402 4323 460 4377 In
510 4321 691 4376 Isaia:
729 4318 796 4374 Ut
837 4317 1065 4372 adoretis
1112 4314 1285 4385 talpas
1336 4321 1382 4366 et
1425 4312 1811 4383 vespertiliones

225 4418 377 4491 (lsai.
412 4434 471 4483 ιι,
504 4416 618 4485 20).
652 4413 831 4476 Canis,
860 4410 1124 4473 diabolus,
1158 4407 1239 4461 vel
1285 4404 1504 4460 Judazus
1528 4445 1543 4469 ,
1576 4404 1658 4458 vel
1684 4419 1814 4473 gen-

227 4511 356 4565 tilis.
393 4511 450 4565 In
478 4508 615 4579 psal.
650 4523 663 4559 :
690 4504 758 4557 Et
785 4504 847 4557 de
877 4518 1032 4555 manu
1068 4500 1211 4553 canis
1238 4499 1446 4551 unicam
1486 4513 1652 4549 meam
1680 4494 1808 4564 (Ps.

227 4618 318 4671 xx,
348 4565 642 4671 21).-Etin
672 4597 829 4649 aliam
859 4601 1062 4661 partem
1082 4632 1097 4655 ,
1134 4590 1189 4643 in
1220 4588 1547 4643 Ecclesiaste
1579 4605 1590 4639 :
1624 4585 1813 4639 Melior
1844 4565 1896 4623 Ῐ)

227 4707 297 4749 est
322 4696 464 4748 canis
508 4691 651 4743 vivus
702 4689 845 4740 leone
882 4694 1081 4737 mortuo
1110 4680 1318 4753 (Eccle.
1348 4696 1425 4744 ιιι,
1451 4676 1529 4751 4).
1574 4679 1671 4734 Hic
1700 4680 1811 4733 leo-

227 4804 350 4843 nem
391 4783 663 4838 diabolum
684 4823 698 4847 ,
726 4793 912 4834 canem
942 4791 1067 4831 vero
1095 4774 1381 4845 gentilem,
1414 4773 1499 4826 vel
1539 4773 1810 4828 hominem

228 4887 570 4952 peccatorem
595 4871 968 4942 accipiendum
997 4878 1186 4938 putant
1218 4884 1229 4919 :
1263 4865 1406 4936 quod
1429 4866 1519 4920 ille
1550 4866 1615 4920 ad
1650 4865 1811 4921 ﬁdem

227 4976 307 5029 vel
343 4971 713 5043 paenitentiam
761 4965 928 5036 possit
978 4962 1187 5029 venire,
1220 4961 1310 5015 ille
1358 4970 1537 5015 autem
1585 4976 1691 5016 non
1720 4976 1812 5017 ve-

229 5069 361 5122 niat.
405 5063 569 5118 Canis
611 5062 738 5116 item
784 5071 977 5127 segnes
1026 5054 1409 5125 praedicatores
1446 5053 1725 5124 designat,
1758 5063 1814 5108 ut

232 5160 300 5215 ibi
337 5179 349 5214 :
382 5158 549 5215 Canes
579 5156 707 5210 muti
732 5169 836 5207 non
875 5152 1096 5205 valentes
1125 5150 1315 5202 latrare
1341 5147 1509 5217 (lsai.
1542 5163 1650 5214 LVI,
1679 5146 1745 5203 10
1767 5146 1807 5218 ).

232 5251 427 5320 Ranae,
452 5250 749 5307 dannones.
790 5246 848 5301 In
877 5244 1045 5313 Apoc.
1082 5259 1095 5295 :
1130 5240 1199 5294 Et
1228 5241 1333 5294 vidi
1365 5241 1429 5295 de
1459 5256 1548 5294 ore
1576 5240 1814 5294 draconis

233 5346 440 5414 spiritus
484 5355 587 5398 tres
616 5336 907 5395 immundos
934 5338 988 5389 in
1014 5334 1224 5388 modum
1254 5349 1523 5386 ranarum.
1557 5332 1691 5387 Sunt
1721 5348 1816 5385 au-

236 5447 332 5491 tem
355 5437 565 5509 spiritus
591 5432 964 5488 daemoniorum
995 5427 1246 5501 (Apocal.
1280 5440 1388 5493 xvt,
1424 5424 1537 5497 l3).
1571 5424 1701 5480 Item
1733 5439 1816 5478 ra-

237 5546 340 5600 nae,
368 5529 640 5595 haeretici,
682 5528 773 5599 qui
812 5528 866 5581 in
912 5539 1070 5581 emno
1116 5521 1501 5578 vilissimorum
1557 5532 1812 5574 sensuum

239 5632 653 5689 eommorantes,
683 5635 817 5675 vana
846 5619 1160 5689 garrulitate
1201 5616 1470 5669 oblatrare
1521 5628 1625 5667 non
1662 5611 1811 5666 desi-

243 5725 389 5773 nant.
429 5708 992 5785 Formica,providus,
1026 5711 1112 5766 vel
1153 5707 1453 5779 operarius.
1485 5706 1541 5762 In
1569 5704 1768 5762 Salom.
1796 5720 1812 5759 :

254 5806 389 5866 Vade
418 5809 487 5864 ad
515 5806 804 5880 formicam,
838 5820 867 5859 o
898 5800 1233 5877 piger(Prov.
1266 5815 1335 5855 νι.
1368 5799 1424 5868 6)

1918 3278 2021 3330 sint
2044 3276 2176 3329 inter
2200 3292 2287 3330 vos
2310 3278 2454 3332 zelus
2484 3287 2532 3332 et
2561 3281 2843 3347 contentio,
2876 3298 3045 3338 nonne
3081 3287 3315 3342 carnales
3352 3291 3502 3357 estis,

1920 3382 2091 3420 nonne
2112 3368 2348 3421 homines
2372 3369 2493 3424 estis
2519 3370 2561 3441 (Ι
2592 3369 2707 3423 Cor.
2736 3387 2814 3438 ιιι,
2850 3373 2905 3446 4)
2933 3376 2955 3430 ?
2980 3385 3032 3431 et
3051 3376 3176 3433 alibi
3210 3395 3224 3432 :
3254 3377 3505 3437 Inimicus

1920 3462 2071 3515 homo
2118 3462 2214 3516 hoc
2248 3464 2364 3532 fecit
2393 3462 2619 3535 (Matth.
2669 3482 2762 3520 xut
2784 3508 2800 3533 ,
2842 3468 2914 3523 28
2940 3469 2981 3537 ),
3012 3471 3063 3525 id
3093 3480 3194 3534 est.
3227 3474 3499 3531 diabolus.

1919 3557 2051 3611 Item
2077 3558 2145 3612 ab
2177 3558 2434 3627 Apostolo
2460 3559 2659 3615 dicitur
2688 3562 2839 3617 homo
2867 3566 3061 3632 peccati
3091 3577 3137 3620 et
3160 3568 3302 3635 ﬁlius
3330 3571 3508 3639 perdi-

1920 3650 2074 3703 tionis
2098 3648 2165 3720 (ΙΙ
2196 3648 2295 3703 Th.
2322 3665 2380 3713 ιι.
2409 3650 2488 3722 5),
2531 3652 2581 3706 id
2627 3664 2709 3708 est
2750 3655 3155 3725 Antichristus;
3186 3661 3279 3715 sed
3308 3672 3362 3716 et
3387 3676 3509 3719 car-

1918 3748 2005 3801 nis
2031 3747 2247 3801 nomine
2275 3746 2521 3803 homines
2551 3748 2945 3817 significantur,
2977 3753 3101 3808 inde
3129 3763 3244 3809 est:
3275 3754 3339 3810 Et
3362 3757 3505 3810 vide-

1919 3838 1991 3892 bit
2019 3840 2181 3894 omnis
2212 3856 2332 3894 caro
2360 3839 2589 3895 salutare
2616 3839 2712 3895 Dei
2743 3842 2891 3913 (Luc.
2926 3860 3005 3911 ιιι,
3037 3846 3136 3915 6).
3171 3848 3363 3902 Anima
3395 3857 3503 3904 tam

1919 3932 2198 3987 hominum
2229 3949 2389 4003 quam
2413 3932 2779 4001 iumentorum
2808 3936 3037 4000 dicitur;
3063 3937 3133 3990 ita
3160 3937 3213 3990 in
3254 3937 3355 3993 Job
3382 3955 3397 3991 :
3429 3939 3505 3993 Λ-

1918 4024 2060 4077 nima
2089 4026 2255 4079 omnis
2286 4026 2454 4079 vivens
2475 4035 2523 4078 et
2553 4026 2770 4096 spiritus
2798 4027 3048 4081 universa:
3073 4027 3242 4080 carnis
3263 4030 3316 4081 in
3338 4038 3508 4099 potes-

1919 4128 2023 4173 tate
2063 4129 2138 4173 est
2179 4118 2585 4189 Omnipotentis
2614 4117 2737 4187 (Job
2770 4136 2865 4186 xu,
2903 4119 2993 4190 10)
3028 4137 3042 4174 :
3077 4120 3311 4175 animam
3342 4123 3508 4177 ratio-

1919 4215 2097 4269 nalem
2131 4213 2411 4269 hominum
2464 4228 2637 4285 usque
2684 4214 2752 4269 ad
2792 4214 3122 4284 spiritualem
3171 4215 3507 4274 intellectum

1917 4310 2187 4375 sublevat,
2244 4310 2476 4364 animam
2528 4318 2706 4364 autem
2752 4308 3198 4365 irrationabilium
3229 4324 3399 4381 usque
3436 4310 3507 4367 ad

1918 4417 2215 4472 corporeos
2241 4418 2433 4458 sensus
2474 4404 2726 4457 vivilicat.

1991 4492 2106 4560 Vir,
2161 4496 2404 4561 Spiritus,
2440 4495 2492 4548 id
2552 4505 2633 4551 est
2662 4509 2834 4548 mens.
2886 4496 2945 4551 In
3000 4496 3263 4567 Apostolo
3295 4516 3308 4552 :
3338 4498 3505 4572 Caput

1919 4585 2153 4638 mulieris
2181 4586 2259 4637 vir
2282 4585 2324 4653 (l
2358 4584 2474 4638 Cor.
2511 4601 2593 4654 xl,
2626 4585 2705 4656 3).
2743 4587 2871 4641 Item
2901 4586 3014 4652 vir,
3042 4587 3096 4643 in
3133 4589 3327 4645 malam
3376 4606 3503 4662 par-

1918 4688 2048 4732 tem.
2082 4677 2139 4731 In
2168 4676 2365 4732 Genesi
2393 4696 2405 4730 :
2434 4677 2578 4731 Bona
2609 4679 2741 4747 facie
2762 4680 2909 4734 valde
2933 4683 3096 4752 virgo,
3126 4700 3281 4754 quam
3298 4686 3374 4739 vir
3399 4703 3504 4742 non

1918 4778 2223 4841 cognoverat
2255 4767 2410 4840 (Gen.
2440 4785 2587 4836 xxnv,
2623 4771 2737 4840 16),
2768 4772 2820 4826 id
2853 4781 2937 4828 est
2964 4775 3238 4841 diabolus,
3270 4778 3357 4846 qui
3390 4778 3506 4847 ple-

1916 4877 2148 4933 rumque
2172 4871 2404 4916 mentem
2436 4863 2768 4932 cogitatione
2792 4867 3111 4935 corrumpit.
3143 4865 3354 4935 Mulier,
3384 4868 3503 4924 ani-

1916 4974 2024 5026 ma,
2054 4960 2166 5012 sive
2192 4971 2319 5011 caro
2348 4957 2602 5011 humana.
2630 4956 2686 5011 In
2724 4957 2985 5025 Apostulo
3020 4977 3031 5012 :
3066 4958 3236 5029 Caput
3264 4961 3503 5018 mulieris

1918 5052 2015 5105 vir.
2049 5049 2240 5105 Mulier
2273 5065 2369 5115 pro
2398 5060 2663 5115 sexu,ut:
2696 5048 2841 5104 Misit
2861 5049 3000 5105 Deus
3016 5049 3211 5105 Filium
3233 5071 3383 5108 suum
3403 5070 3505 5109 na-

1921 5154 2027 5196 tum
2048 5159 2111 5196 ex
2140 5143 2375 5206 muliere,
2406 5143 2599 5212 factum
2622 5142 2717 5195 sub
2748 5142 2857 5214 lege
2882 5142 3036 5210 (Gal.
3061 5160 3132 5211 IV,
3164 5144 3251 5209 4).
3287 5146 3389 5201 Pro
3422 5147 3506 5201 in-

1918 5232 2204 5299 ﬁrmitate,
2247 5243 2304 5286 ut
2342 5231 2483 5302 apud
2532 5232 2841 5301 Sapientem
2877 5248 2893 5287 :
2926 5231 3114 5287 Melior
3146 5244 3221 5288 est
3260 5237 3504 5305 iniquitas

1917 5328 2013 5382 viri
2032 5343 2184 5398 quam
2205 5327 2386 5381 mulier
2406 5327 2724 5398 benefaciens
2756 5324 2925 5398 (Eccl.
2951 5343 3079 5389 xw,
3104 5328 3216 5400 14).

1991 5420 2182 5487 Virgo,
2212 5418 2474 5487 Ecclesia,
2508 5418 2593 5473 vel
2621 5428 2822 5474 sancta:
2862 5420 3077 5473 animos.
3112 5419 3167 5474 In
3193 5418 3454 5490 Apostolo
3486 5438 3500 5472 :

1919 5513 2188 5585 Despondi
2216 5515 2351 5567 enim
2377 5528 2464 5566 vos
2485 5513 2575 5566 uni
2608 5513 2718 5565 viro
2752 5511 2998 5583 virginem
3038 5521 3230 5566 castam
3269 5511 3505 5566 exhibere

1919 5606 2122 5663 Christo
2146 5606 2212 5677 (Il
2246 5606 2366 5661 Cor.
2398 5621 2474 5671 xl,
2507 5604 2618 5675 I2).
2651 5602 2782 5658 Etin
2799 5604 2991 5657 malam
3024 5603 3504 5675 parteszesren-

1923 5700 2005 5765 de,
2025 5700 2144 5754 sede
2170 5699 2227 5753 in
2249 5698 2474 5769 pulvere,
2493 5697 2632 5769 virgo
2652 5695 2763 5761 ﬁlia
2774 5693 3053 5767 Babylonis
3075 5695 3231 5768 (Isai.
3248 5695 3501 5767 suum),

1928 5793 1980 5852 id
2005 5801 2087 5849 est
2114 5792 2293 5849 anima
2324 5791 2563 5848 bonitate
2591 5788 2816 5859 sterilis,
2847 5803 2964 5860 quae
2997 5789 3267 5865 hypocrisi
3284 5788 3367 5848 vol
3389 5803 3504 5845 ma.
