4028 6184
486 279 585 338 75!)

1468 276 1525 331 S.
1570 274 1899 332 EUCHERII
1939 276 2421 339 ιυοῡυΝΕΝδιε
2461 278 2770 336 EPISCOPI

3682 293 3785 349 ’ἴδε

482 401 599 457 Iitia
644 398 703 453 ﬁt
736 396 1073 453 confusionis
1123 395 1253 448 ﬁlia.
1307 392 1419 447 Rex
1442 432 1456 455 ,
1504 392 1776 447 Dominus.
1820 389 1878 444 In
1935 390 2079 460 Apo-
2108 395 2159 454 Α
2186 393 2259 446 ibi
2289 413 2302 448 :
2341 392 2433 448 Vae
2454 395 2565 457 tibi,
2598 404 2753 461 terra,
2783 395 2931 464 cujus
2960 400 3050 449 res
3072 398 3277 466 juvenis
3304 407 3378 451 est
3401 396 3783 475 (Eccl.s,l6).

484 494 627 548 stole
659 511 670 544 :
699 490 811 545 Res:
839 507 1014 558 regum
1041 530 1055 553 ,
1083 498 1132 541 et
1167 488 1416 541 Dominus
1457 487 1832 539 dominantium
1866 484 1921 556 (I
1946 486 2082 540 Tim.

483 601 560 654 γι,
591 587 709 655 15).
734 586 801 640 Et
821 585 873 637 in
904 584 1098 637 malam
1132 589 1361 651 partem,
1392 590 1451 634 ut
1479 580 1546 635 de
1568 579 1785 633 diabolo
1818 594 1832 633 :
1870 578 1992 647 Ipse
2014 588 2086 633 est

485 697 576 735 rex
614 694 769 747 super
819 678 1082 730 unicersos
1125 673 1263 741 ﬁlios
1307 673 1560 741 superbia:
1612 668 1752 742 (Job
1807 668 2084 741 ιιι,25).

486 772 716 842 Regina,
743 768 1009 825 Ecclesia.
1047 767 1105 822 In
1138 766 1386 836 psalmo:
1413 766 1587 819 Astitit
1623 766 1807 836 regina
1833 781 1864 817 a
1890 764 2088 819 dextris

486 866 587 919 tuis
619 863 737 935 (Ps.
772 878 920 929 xuv,
960 861 1068 929 10).
1106 859 1175 913 Et
1214 858 1408 912 iterum
1447 858 1651 926 regina,
1694 856 1874 911 anima
1917 856 2088 925 impe-

486 974 615 1015 rans
635 958 874 1027 corpori.
910 956 1093 1020 Pater,
1143 952 1429 1007 Dominus.
1480 951 1533 1006 In
1563 951 1828 1021 propheta
1859 970 1871 1006 :
1909 950 1972 1004 Et
1995 965 2087 1005 ero

487 1052 630 1108 vobis
666 1054 719 1106 in
751 1060 967 1122 patrem,
995 1059 1043 1103 et
1072 1064 1160 1101 vos
1198 1048 1340 1101 eritis
1377 1046 1504 1100 mihi
1549 1048 1603 1099 in
1639 1045 1776 1115 ﬁlias
1822 1054 1867 1099 et
1910 1048 2084 1115 filias,

489 1148 611 1200 dicit
629 1145 880 1200 Dominus
901 1144 1215 1213 omnipotens
1232 1140 1446 1212 (Jerem.
1465 1156 1613 1203 uxr,
1632 1140 1722 1209 9‘);
1750 1149 1806 1195 et
1827 1140 1877 1194 in
1903 1140 2085 1195 Evan—

488 1240 669 1309 gelia:
706 1236 855 1293 Unus
895 1247 969 1290 est
1014 1236 1152 1289 enim
1190 1232 1350 1287 Pater
1395 1242 1589 1299 vester,
1636 1234 1728 1303 qui
1770 1234 1821 1286 in
1849 1233 1987 1287 caelis
2013 1241 2085 1286 est

490 1330 558 1401 (11
588 1330 707 1385 Cor.
739 1346 792 1395 ν,
830 1331 944 1396 18).
968 1326 1101 1382 Item
1138 1326 1205 1380 de
1227 1325 1444 1379 diabolo
1480 1342 1492 1378 :
1521 1325 1659 1391 Quia
1687 1326 1908 1379 mendas:
1940 1339 2010 1379 est
2040 1335 2087 1379 et

488 1432 636 1495 paler
677 1425 789 1494 ejus
816 1421 1032 1491 (Matth.
1066 1434 1218 1487 nm,
1244 1419 1322 1489 9),
1348 1419 1509 1474 Pater
1564 1418 1831 1474 mendacii
1874 1429 1927 1474 et
1971 1434 2087 1473 om-

490 1516 639 1569 nium
668 1515 757 1584 qui
802 1514 856 1568 in
900 1512 1126 1567 veritate
1174 1527 1281 1565 non
1323 1514 1739 1581 permanserint.

559 1606 750 1671 Mater,
780 1606 1044 1671 Ecclesia,
1077 1605 1160 1660 vel
1193 1604 1534 1660 Hierusalem
1566 1606 1826 1661 cmlestis.
1854 1604 1908 1661 In
1943 1607 2088 1675 Apo-

489 1702 638 1758 stolo
666 1720 679 1754 :
706 1700 815 1755 Illa
841 1710 1013 1755 autem
1042 1717 1158 1771 qua:
1185 1716 1389 1754 sursum
1419 1709 1491 1754 est
1524 1699 1847 1755 Hierusalem
1873 1744 1886 1765 ,
1926 1702 2087 1755 libera

2191 486 2487 551 Parvulos,
2532 498 2714 541 mente
2742 486 2960 542 humilis
2988 498 3041 543 et
3063 490 3315 559 simplex.
3348 490 3406 545 In
3431 493 3729 563 Evangelio
3761 515 3776 551 :

2190 580 2635 635 Abscondistihatc
2658 598 2691 633 a
2718 582 3031 650 sapientibus
3054 592 3099 635 et
3124 583 3459 651 prudentibus
3481 596 3527 641 et
3550 592 3784 647 revelasti

2188 689 2251 725 ea
2288 674 2517 742 parvulis
2549 672 2739 740 (Marc.
2772 673 2983 742 11,25).
3016 674 3084 728 Et
3111 675 3164 728 in
3190 676 3485 747 Evangelio
3512 698 3524 733 :
3562 680 3683 736 Nisi
3705 690 3782 756 εῙο

2188 767 2438 834 ﬁciamini
2459 770 2589 821 sicut
2616 767 2841 837 parvuli,
2874 784 2975 820 non
2996 768 3252 821 intrabitis
3287 772 3340 823 in
3382 788 3596 841 regnum
3627 777 3780 831 (αἰεί

2188 876 2300 914 rum
2332 860 2547 928 (Matth.
2592 877 2749 927 xvm,
2777 862 2811 916 5
2836 862 2875 933 ).
2924 860 2993 915 Et
3040 864 3337 928 Apostolus
3374 883 3385 918 :
3421 866 3627 922 Malitia
3656 889 3782 943 par-

2186 955 2293 1008 vuli
2320 962 2500 1020 estote,
2530 955 2756 1009 sensibus
2785 964 2954 1009 autem
2980 956 3189 1026 perfecti
3224 968 3385 1012 estote
3410 959 3462 1030 (I
3490 961 3605 1014 Cor.
3654 980 3741 1018 XIV
3760 1008 3779 1031 ,

2186 1046 2300 1116 ‘20).
2336 1048 2465 1103 Item
2495 1049 2545 1103 in
2579 1049 2805 1103 alteram
2848 1060 3087 1118 partem;
3133 1052 3186 1104 in
3216 1051 3481 1121 Apostolo
3510 1055 3670 1108 :Cutn
3700 1073 3782 1111 εει

2187 1142 2588 1213 semparvulus,
2626 1142 2865 1212 loquebar
2906 1151 2959 1195 ut
2992 1143 3237 1213 parvulus
3261 1144 3315 1215 (I
3343 1143 3464 1199 Cor.
3514 1162 3636 1211 xm,
3669 1149 3781 1205 ΗΜ

2188 1232 2450 1288 Parvulos
2480 1235 2644 1289 etiam
2673 1233 2925 1290 Christus
2953 1236 3268 1307 intelligitur
3289 1279 3302 1304 ,
3336 1238 3424 1308 qui
3451 1255 3507 1293 se
3535 1239 3787 1295 humilia-

2188 1328 2255 1379 vit
2282 1344 2439 1398 usque
2468 1328 2538 1381 ad
2567 1337 2778 1381 mortem
2805 1327 2979 1397 (Phil.
3002 1345 3061 1392 ιι,
3091 1331 3169 1397 8).

2260 1422 2532 1487 Meretrix,
2560 1423 2733 1477 anima
2754 1426 3052 1493 peccatrix,
3069 1440 3212 1494 ante,
3234 1426 3642 1482 relictocozlesti
3664 1428 3789 1484 viro

2188 1530 2305 1580 suo,
2342 1515 2391 1569 id
2424 1525 2504 1569 est
2529 1514 2749 1571 Christo
2768 1558 2781 1582 ,
2808 1508 3146 1573 adulterinos
3168 1520 3236 1572 de
3261 1518 3479 1574 diabolo
3506 1521 3732 1589 iniquita
3750 1550 3773 1564 -

2189 1607 2257 1661 tis
2288 1608 2497 1663 fructus
2526 1610 2796 1679 concepit.
2826 1610 2881 1665 In
2908 1610 3176 1665 Ieremia:
3206 1611 3393 1669 Facite
3413 1615 3641 1667 mulieris
3673 1631 3779 1669 rne-

2189 1701 2388 1755 retricis
2414 1707 2555 1771 facta
2579 1712 2654 1756 est
2685 1703 2774 1756 tibi
2804 1702 2946 1775 (Jer.
2982 1718 3058 1768 ιιι,
3087 1706 3121 1758 5
3147 1706 3186 1776 ).
3215 1706 3479 1775 Operarii,
3514 1707 3774 1776 apostoli,

489 1807 587 1865 est,
618 1814 732 1867 qua
763 1806 836 1852 est
861 1807 1026 1850 mater
1069 1806 1247 1849 nostra
1280 1794 1476 1865 (Joan.
1516 1811 1634 1863 vnt,
1664 1794 1789 1865 M).
1825 1793 1960 1851 Item
1996 1796 2087 1865 qui
2117 1790 2165 1853 Β
2200 1795 2290 1851 vel
2333 1796 2718 1867 praedicatores
2748 1796 3044 1866 Evangelii.
3104 1798 3163 1851 In
3231 1799 3529 1870 Evangelia
3559 1818 3574 1854 :
3606 1800 3790 1855 Moesis

488 1894 635 1948 bene
674 1891 942 1963 loquendo
969 1890 1157 1945 ﬁdeles
1178 1891 1399 1945 Christo
1431 1900 1694 1958 generant
1724 1899 1779 1945 et
1810 1890 2044 1946 educant
2070 1933 2085 1957 ,

488 1996 697 2043 matres
732 1989 785 2042 in
831 1997 1062 2055 utroque
1091 2001 1248 2051 sexu,
1284 1986 1396 2053 ipso
1419 1982 1624 2038 Christo
1666 1995 1806 2049 teste,
1840 1987 2090 2041 existunt

490 2080 636 2152 (Gal,
660 2098 729 2145 iv,
753 2079 869 2152 26).
898 2080 1112 2142 Frater,
1142 2078 1414 2143 Christus,
1436 2078 1517 2131 vel
1537 2078 1837 2147 proximus.
1867 2078 1922 2131 In
1946 2077 2090 2148 psal-

489 2191 581 2231 mo
611 2193 626 2231 :
660 2175 899 2230 Narrabo
945 2190 1130 2229 nomen
1171 2184 1317 2227 tuum
1361 2172 1609 2243 fratribus
1656 2174 1780 2226 meis
1812 2172 1943 2239 (Ps.
1974 2189 2085 2239 xxi,

490 2269 619 2339 25);
653 2281 708 2323 et
746 2270 862 2337 ipse
890 2269 960 2322 ait
994 2285 1007 2321 :
1042 2266 1146 2332 Ite,
1183 2266 1415 2319 nuntiate
1436 2263 1686 2333 fratribus
1716 2266 1840 2317 meis
1869 2264 2088 2333 (Matth.

490 2377 676 2423 xxvtn,
715 2362 825 2432 10).

567 2452 767 2516 Soror,
801 2450 1062 2516 Ecclesia,
1094 2450 1402 2520 Synagoga,
1435 2449 1519 2503 vel
1557 2447 1762 2503 Christi
1796 2451 1997 2504 anima.
2031 2451 2087 2505 In

493 2543 727 2599 Canticis
758 2544 1092 2597 canticorum
1128 2560 1140 2595 :
1177 2541 1341 2597 Soror
1369 2558 1479 2593 utea
1502 2558 1694 2610 sponsa
1720 2542 1897 2612 (Cant.
1929 2544 2085 2613 tv,9).

492 2636 593 2693 Vir
616 2646 671 2691 et.
701 2650 858 2701 uxor,
891 2634 1142 2689 Christus
1187 2640 1241 2688 et
1272 2632 1514 2689 Ecclesia
1544 2676 1557 2697 ,
1595 2634 1898 2690 intellectus
1932 2637 2091 2705 spiri-

492 2730 618 2785 talis
648 2737 701 2785 et
730 2729 956 2784 historia
984 2728 1419 2798 Scripturarum.
1452 2728 1504 2781 In
1525 2728 1809 2797 Apostolo,
1851 2728 1982 2795 Viri,
2013 2731 2091 2782 di-

493 2826 638 2896 ligite
666 2839 853 2879 uxores
879 2833 1092 2889 vestras,
1113 2824 1245 2876 sicut
1275 2833 1322 2876 et
1344 2822 1581 2876 Christus
1610 2819 2093 2877 dilexitEcclesiam

496 2918 712 2991 (Ephes.
748 2933 828 2986 ιιι,
850 2918 967 2989 25).
1001 2916 1265 2987 Sponsus,
1298 2916 1545 2971 Christus
1568 2958 1581 2979 ,
1618 2915 1741 2970 ideo
1764 2915 1906 2986 quod
1931 2931 1959 2969 a
1987 2914 2091 2969 Pa-

497 3025 581 3067 tre
607 3013 676 3067 ab
702 3012 856 3067 initio
882 3010 956 3066 sit
978 3011 1293 3079 promissus.
1328 3008 1381 3062 In
1408 3009 1620 3078 psalmo
1656 3026 1667 3059 :
1705 3006 1773 3060 Et
1808 3009 1915 3077 ipse
1962 3017 2095 3061 tam-

495 3122 648 3176 quam
669 3120 889 3175 sponsus
913 3104 1196 3175 procedens
1228 3102 1289 3157 de
1313 3102 1543 3156 thalamo
1566 3116 1659 3154 suo
1677 3100 1793 3171 (Ps.
1828 3117 1985 3170 xvm,
2012 3101 2089 3173 9).

494 3198 565 3253 Et
612 3200 663 3252 in
713 3196 1057 3267 Evangelio:
1097 3198 1199 3265 Qui
1241 3197 1389 3251 habet
1444 3211 1687 3264 sponsam
1741 3212 1960 3267 sponsus
2017 3206 2089 3252 est
2120 3177 2167 3244 (ἶ

496 3290 677 3363 (Joan.
712 3305 792 3357 ιιι,
815 3290 929 3362 29).

566 3385 797 3455 Sponsa,
822 3385 1088 3452 Ecclesia,
1113 3399 1232 3454 qua:
1263 3384 1449 3454 utique
1478 3381 1675 3437 divinis
1704 3383 2089 3453 sponsionibus

496 3478 567 3531 sit
592 3477 879 3545 promissa.
903 3478 958 3530 In
990 3475 1229 3531 Canticis
1260 3477 1597 3531 canticorum
1627 3493 1638 3527 :
1672 3474 1849 3530 Venia
1870 3475 2088 3545 Libano,

497 3584 709 3641 sponsa,
738 3571 850 3622 veni
876 3586 908 3623 a
932 3569 1132 3622 Libano
1173 3567 1349 3639 (Cant.
1382 3584 1462 3633 tv,
1491 3570 1569 3639 8).
1612 3568 1783 3624 Filius
1814 3587 1825 3623 :
1863 3572 2093 3640 populus

498 3663 859 3720 credentium.
887 3664 946 3719 In
972 3663 1237 3733 Apostolo
1270 3681 1282 3716 :
1315 3660 1436 3718 Iam
1464 3681 1565 3719 non
1596 3676 1669 3719 est
1690 3681 1887 3734 servus,
1910 3667 1998 3721 sed
2029 3668 2094 3737 [i-

500 3760 643 3825 lius;
672 3758 812 3829 quod
835 3760 880 3814 si
909 3760 1069 3829 ﬁlius,
1096 3768 1143 3813 et
1170 3757 1332 3813 haeres
1360 3776 1450 3832 per
1475 3758 1642 3814 Deum
1669 3760 1686 3830 (
1718 3758 1835 3815 Gal.
1873 3776 1945 3826 tv,
1972 3762 2003 3814 7
2032 3760 2051 3831 )
2078 3778 2089 3813 :

496 3854 660 3923 ﬁlius,
702 3855 753 3909 id
796 3864 917 3924 est,
971 3853 1272 3923 Dominus;
1318 3864 1378 3911 ut
1408 3854 1482 3911 ibi
1519 3856 1702 3925 :quod
1740 3856 1785 3910 si
1816 3854 1984 3909 Filius
2006 3871 2096 3910 vos

496 3948 786 4004 liberaverit
812 3949 1127 4023 (.Ioan.vm,
1158 3949 1273 4020 56).

565 4045 735 4114 Filia,
770 4046 950 4101 anima
1011 4044 1234 4101 ﬁdelis?
1266 4045 1383 4099 sive
1426 4042 1690 4099 Ecclesia.
1724 4041 1781 4095 In
1839 4042 2091 4112 psalmo:

495 4144 665 4213 Audi,
713 4142 857 4212 ﬁlia,
897 4150 944 4194 et
967 4141 1080 4193 vide
1107 4139 1225 4209 (Ps.
1261 4138 1559 4205 xuv,ll);
1588 4135 1718 4190 etin
1750 4134 1947 4190 malam
1972 4152 2096 4204 par-

496 4249 607 4295 tem
641 4256 653 4292 :
682 4235 855 4304 Super
899 4234 1065 4304 ﬁliam
1106 4247 1290 4303 vagam
1328 4232 1546 4299 dispone
1591 4229 1880 4283 custodiam
1911 4226 2091 4301 (Eccl.

494 4345 627 4397 xui,
660 4330 775 4399 11),
795 4326 849 4382 id
868 4334 972 4395 est,
1002 4324 1198 4379 anima:
1222 4323 1518 4378 levitatem.
1549 4320 1811 4389 Proximi,
1840 4319 1946 4376 title
1971 4334 2097 4389 pro-

493 4422 702 4495 pinqui,
727 4429 782 4479 et
809 4421 901 4491 qui
930 4417 1360 4475 misericordiam
1388 4415 1705 4485 impendunt
1730 4415 1896 4485 inopi.
1920 4414 1976 4469 In
1999 4415 2097 4470 Sa-

494 4517 715 4573 lomone
743 4533 755 4570 :
792 4514 998 4582 Venite,
1027 4516 1358 4582 manducata,
1393 4520 1440 4567 ct
1464 4511 1634 4579 bibite,
1659 4518 1707 4565 et
1739 4510 2089 4581 inebriamini,

495 4612 718 4684 proximi
743 4610 916 4684 (Cant.
948 4626 1002 4678 v,
1038 4608 1113 4681 1).

566 4704 778 4772 Amici,
810 4703 1114 4760 concordes
1162 4703 1215 4757 in
1262 4702 1457 4758 Deum.
1508 4700 1568 4757 In
1610 4699 1905 4772 Evangelio
1941 4718 1952 4753 :
1994 4699 2091 4756 Vos

494 4799 651 4856 amici
680 4799 778 4854 mei
827 4799 945 4854 estis
972 4796 1163 4870 (Joan.
1200 4812 1290 4862 xv,
1324 4794 1435 4867 M).
1468 4794 1662 4859 Senes,
1698 4805 2090 4851 consummata:

494 4894 739 4967 iustitiae.
771 4891 831 4947 In
856 4889 1053 4947 Genesi
1085 4908 1097 4943 :
1134 4888 1201 4943 Et
1233 4898 1461 4942 mortuus
1490 4895 1561 4942 est
1588 4888 1847 4941 Abraham
1865 4905 2018 4942 senex
2045 4898 2092 4942 et

494 4990 678 5063 plenus
708 4988 909 5041 dierum
940 4982 1091 5056 (Gen.
1121 4998 1251 5050 xxv,
1286 4983 1358 5050 8).
1390 4981 1445 5036 In
1470 4981 1794 5036 Salomone:
1830 4980 2094 5035 Canisunt

496 5081 720 5135 hominis
779 5096 976 5145 sensus,
1038 5085 1086 5131 et
1141 5088 1265 5130 tetas
1302 5076 1573 5129 senectutis
1607 5075 1709 5128 vita
1750 5075 2087 5129 immaculata

498 5174 656 5247 (Sap.
682 5189 755 5240 tv,
785 5173 862 5246 9).
898 5173 962 5227 Et
994 5173 1044 5226 in
1075 5170 1349 5226 sinistram
1385 5178 1611 5240 partem,
1667 5168 1733 5223 de
1756 5169 2047 5225 Salomone
2079 5188 2090 5222 :

498 5268 725 5337 Cumque
745 5270 861 5339 jam
883 5281 1036 5319 senes:
1066 5272 1218 5330 esset,
1252 5263 1586 5333 depravatum
1616 5271 1690 5316 est
1741 5279 1827 5317 cor
1862 5265 1969 5335 ejus
1995 5262 2014 5332 (
2030 5262 2094 5319 lll

498 5360 626 5431 Reg.
664 5377 737 5425 ιι,
764 5358 849 5432 4).
879 5357 1140 5422 Iuvenes,
1180 5356 1389 5411 alacres
1420 5357 1473 5410 in
1507 5356 1699 5411 Deum.
1752 5353 1813 5409 In
1847 5353 2091 5425 Epistola

497 5454 721 5509 Joannis
755 5471 769 5509 :
804 5452 986 5509 Scriba
1025 5451 1193 5517 vobis,
1231 5452 1483 5523 juvenes,
1519 5451 1637 5518 quia
1680 5449 1836 5517 fortes
1865 5450 2017 5515 estis;
2046 5458 2094 5504 ct

497 5550 707 5603 verbum
734 5548 829 5604 Dei
858 5550 910 5602 in
935 5548 1072 5603 vobis
1089 5558 1282 5613 manet,
1303 5556 1347 5600 et
1362 5546 1549 5599 vicistis
1572 5542 1859 5616 Malignttm
1877 5541 2090 5615 (lJoan.

498 5658 556 5707 ιι,
596 5641 702 5713 tl).
737 5644 807 5698 Et
835 5642 889 5697 in
920 5644 1114 5697 malam
1144 5652 1373 5711 partem,
1420 5641 1475 5693 in
1505 5638 1813 5707 Regnorum
1856 5638 1999 5692 libro
2026 5636 2095 5693 de

501 5731 745 5785 Roboam
780 5752 791 5783 ε
830 5731 1083 5785 Derelicto
1116 5731 1327 5783 consilio
1358 5731 1642 5793 seniorum,
1675 5729 1875 5783 locutus
1906 5740 1977 5784 est
2013 5747 2089 5783 se-

505 5818 734 5875 cundum
781 5819 1053 5872 consilium
1090 5825 1339 5888 juvenum
1371 5818 1468 5888 (IlI
1496 5819 1623 5887 Reg.
1662 5835 1754 5887 xu,
1794 5820 1856 5877 11
1880 5820 1922 5890 ).
1960 5819 2093 5876 Item

2116 4578 2173 4640 D

2190 1891 2392 1962 quidem
2424 1893 2609 1956 multa,
2634 1892 2855 1963 aperarii
2880 1901 3049 1946 autem
3068 1893 3220 1959 pauci
3251 1891 3470 1963 (Matth.
3522 1910 3599 1957 ts,
3631 1895 3747 1963 57).

2261 1983 2472 2049 Pastor,
2504 1984 2760 2039 Dominus
2792 2003 2803 2037 :
2839 1982 2948 2055 Ego
2968 2001 3080 2038 sum
3109 1984 3301 2039 Pastor
3331 1985 3493 2041 bonus
3515 1987 3695 2057 (Joan.
3724 2006 3781 2056 κ,

2195 2076 2305 2147 11).
2335 2075 2465 2131 Item
2501 2086 2681 2146 pastor
2706 2078 3014 2145 Apostolus.
3047 2078 3102 2131 In
3136 2078 3636 2149 Evangelio:Pasce
3665 2097 3787 2135 oves

2192 2186 2330 2225 meas
2361 2170 2537 2241 (Joan.
2574 2186 2687 2235 xxi,
2722 2171 2847 2241 l7);
2876 2182 2928 2225 et
2960 2172 3011 2225 in
3055 2172 3248 2225 malum
3280 2180 3478 2242 partem
3512 2190 3523 2224 :
3559 2171 3622 2227 lit
3649 2174 3781 2227 abiit

2194 2276 2247 2318 ut
2276 2275 2502 2334 pasceret
2530 2281 2713 2335 porcos
2743 2265 2894 2334 (Luc.
2928 2280 3016 2329 xv,
3054 2266 3171 2336 15),
3202 2266 3253 2320 id
3277 2274 3377 2335 est,
3408 2269 3495 2336 qui
3524 2278 3653 2321 sunt.
3676 2271 3783 2321 im-

2196 2357 2412 2412 mundis
2460 2357 2898 2425 cogitationibus.
2950 2358 3294 2423 Mereenarii,
3334 2361 3639 2415 servientes
3669 2361 3785 2415 Do-

2194 2451 2343 2505 mino
2365 2465 2471 2504 non
2502 2465 2599 2519 pro
2630 2465 2819 2505 amore
2846 2460 3054 2506 tantum
3087 2452 3292 2519 divino,
3325 2452 3420 2507 sed
3456 2469 3556 2522 pro
3582 2464 3789 2521 tempo-

2195 2544 2294 2599 rali
2353 2544 2737 2599 retributione.
2771 2545 2829 2599 In
2870 2544 3168 2615 Evangelia
3197 2563 3208 2597 :
3242 2545 3435 2609 Quanti
3489 2548 3789 2599 mercenarii

2195 2638 2353 2707 prtris
2384 2637 2480 2689 mei
2508 2636 2767 2689 abundant
2803 2636 3022 2705 panibus
3055 2635 3211 2707 (Luc.
3244 2652 3331 2700 xv,
3365 2635 3511 2706 l7)?
3542 2636 3787 2691 Piscato-

2194 2744 2299 2793 res,
2345 2730 2598 2799 apostoli,
2624 2730 2709 2784 vel
2742 2729 3022 2785 doctores.
3054 2728 3111 2784 In
3140 2730 3430 2799 Evangelio
3460 2746 3475 2784 :
3510 2729 3579 2784 Et
3598 2732 3792 2800 faciant

2196 2838 2282 2877 vos
2306 2822 2421 2890 fieri
2456 2823 2734 2893 piscatores
2758 2822 3021 2876 hominum
3042 2820 3255 2893 (Matth.
3283 2838 3362 2888 Iv,
3382 2822 3495 2891 15).
3514 2823 3781 2889 Medicus,

2196 2915 2473 2982 Christus,
2516 2918 2599 2971 vel
2640 2916 2853 2971 doctus.
2899 2917 2955 2970 In
2985 2916 3275 2973 Salomone
3313 2934 3323 2970 :
3361 2915 3659 2970 Mansuetus
3715 2919 3797 2970 vir

2197 3010 2368 3063 cordis
2409 3018 2485 3063 est
2525 3010 2770 3063 medicus.
2808 3010 2937 3064 Item
2956 3051 2969 3075 ,
2996 3009 3119 3063 Non
3143 3018 3289 3083 egent
3318 3012 3428 3063 sani
3456 3010 3674 3077 medico,
3700 3011 3795 3064 sed

2199 3103 2333 3157 male
2362 3102 2600 3156 habentes
2638 3102 2797 3174 (Luc.
2831 3119 2881 3167 v,
2912 3104 3039 3173 51).
3070 3104 3229 3157 Dives
3256 3146 3268 3167 ,
3301 3103 3475 3158 ﬁdelis
3505 3103 3796 3159 abundans

2196 3198 2529 3266 spiritalibus
2555 3198 2729 3251 bonis.
2764 3198 2819 3251 In
2839 3196 3105 3267 Apostolo
3133 3214 3143 3249 :
3180 3197 3315 3263 Quia
3343 3198 3521 3249 divites
3551 3198 3677 3267 facti
3705 3213 3794 3250 es-

2197 3290 2262 3343 tis
2294 3290 2345 3343 in
2382 3289 2475 3343 illo
2518 3290 2571 3343 in
2598 3291 2735 3343 omni
2767 3290 2981 3343 scientia
3011 3298 3058 3343 et
3088 3291 3139 3343 in
3178 3291 3317 3342 amyli
3346 3290 3493 3343 verbo
3526 3291 3568 3361 (I
3595 3290 3712 3344 Cor.
3746 3307 3789 3360 ι,

2196 3382 2252 3455 5)
2280 3401 2293 3449 ;
2328 3384 2479 3438 dives
2513 3384 2675 3439 etiam
2702 3383 2967 3449 Christus,
3004 3392 3061 3437 ut
3088 3384 3219 3439 illud
3251 3401 3262 3436 :
3294 3382 3446 3439 Dives
3473 3386 3524 3438 in
3554 3385 3799 3440 omnibus

2194 3478 2281 3547 qui
2310 3478 2544 3531 invocant
2572 3477 2719 3531 illum
2748 3478 2923 3549 (Rom.
2943 3494 2996 3545 ι,
3018 3478 3127 3548 I0).
3159 3477 3292 3531 Elin
3326 3479 3484 3531 aliam
3520 3489 3729 3545 partem
3773 3496 3786 3531 :

2200 3572 2254 3625 in
2290 3571 2577 3640 Evangelio
2606 3588 2620 3625 :
2659 3571 2745 3625 Va:
2772 3572 2910 3625 vobis
2940 3571 3178 3624 diritibus
3205 3570 3354 3642 (Luc.
3381 3587 3455 3636 vr,
3486 3570 3617 3642 ⁸21).
3651 3571 3801 3627 Part-

2201 3679 2316 3736 per,
2352 3664 2572 3720 humilis
2603 3684 2613 3717 :
2642 3666 2691 3719 in
2722 3666 3011 3734 Evangelio
3045 3684 3056 3719 :
3088 3663 3158 3718 Et
3182 3675 3289 3718 erat
3321 3667 3525 3735 quidem
3555 3666 3799 3721 Lazarus

2203 3758 2570 3830 pauper(Luc.
2596 3774 2705 3825 xvi,
2733 3759 2847 3829 2i).
2881 3758 2950 3812 Et
2975 3759 3168 3813 iterum
3202 3757 3389 3813 :Beati
3418 3776 3666 3829 pauperes
3689 3764 3803 3831 spi-

2200 3854 2303 3904 ritu
2334 3850 2565 3921 (Matth.
2600 3868 2651 3915 ν,
2684 3852 2779 3921 5).
2826 3851 3036 3922 Pauper
3085 3853 3246 3905 etiam
3288 3860 3372 3907 est
3416 3853 3698 3917 Christus,
3733 3864 3799 3908 ut

2200 3943 2500 4014 Apostolus
2559 3963 2569 3996 :
2623 3944 2855 3999 Christus
2902 3962 3087 4015 egenus
3144 3962 3238 4017 pro
3274 3948 3418 4000 nobis
3463 3946 3630 4015 factus
3683 3958 3797 4012 ess,

2202 4053 2315 4091 cum
2336 4048 2465 4091 esset
2496 4038 2631 4092 dives
2664 4037 2730 4108 (ll
2762 4038 2881 4091 Cor.
2910 4052 3025 4104 vttt,
3052 4036 3130 4108 9).
3160 4040 3221 4092 Et
3243 4039 3297 4092 in
3338 4039 3536 4093 malam
3560 4050 3798 4109 partem.

2202 4129 2259 4184 In
2318 4130 2565 4199 psalmo:
2606 4132 2739 4197 Quia
2792 4148 3040 4202 pauperes
3077 4133 3201 4201 facti
3238 4147 3415 4187 sumus
3454 4133 3605 4186 nimis
3646 4131 3771 4205 (Ps.

2201 4238 2422 4290 Lxxvm,
2447 4223 2544 4295 8).

2274 4316 2513 4373 Vestitus
2538 4360 2550 4381 ,
2594 4317 2796 4374 habens
2846 4317 3101 4388 baptismi
3140 4319 3219 4373 vel
3250 4318 3367 4374 ﬁdei
3396 4319 3788 4388 integritatem,

2204 4417 2295 4464 aut
2327 4408 2552 4479 juStitiae
2585 4411 2981 4465 indumentum.
3012 4412 3068 4465 In
3103 4413 3394 4483 Evangelia
3425 4432 3437 4467 :
3464 4410 3532 4465 Et
3562 4414 3690 4465 vidit
3718 4415 3792 4471 ibi

2206 4505 2461 4558 hominem
2486 4522 2585 4559 non
2614 4506 2846 4559 vestitum
2864 4516 2992 4560 reste
3018 4507 3239 4577 nuptiali
3264 4505 3470 4578 (Matth.
3499 4520 3638 4573 xx",
3662 4507 3792 4578 H);

2200 4617 2253 4663 et
2282 4607 2576 4677 Apostolus
2602 4622 2615 4660 :
2650 4605 2838 4661 Omnes
2862 4608 2949 4677 qui
2976 4605 3178 4661 Christo
3210 4605 3446 4677 baptisati
3461 4606 3599 4669 estis,
3635 4603 3792 4659 Citri-

2202 4709 2337 4756 stum
2364 4700 2605 4755 induistis
2630 4698 2771 4768 (Gal.
2807 4714 2885 4765 ιιι,
2916 4698 3030 4769 27).
3066 4698 3273 4764 Nudus,
3304 4713 3499 4754 carens
3532 4697 3793 4767 Daptismi

2198 4804 2542 4850 sacramento
2571 4790 2753 4867 [Forte
2778 4792 3139 4861 vesﬁmcnto],
3176 4794 3255 4846 vel
3286 4791 3470 4846 divino
3497 4790 3790 4861 adjutorio,

2202 4887 2286 4943 vel
2316 4887 2474 4943 bonis
2506 4886 2783 4956 operibus.
2812 4885 2866 4939 In
2898 4885 3223 4957 Apocalypsi
3254 4902 3265 4937 :
3301 4884 3381 4939 Tu
3418 4892 3589 4938 autem
3619 4885 3792 4938 nudus

2200 4992 2246 5038 et
2277 4984 2430 5037 miser
2456 4982 2641 5054 (Apoc.
2664 4997 2743 5046 nt,
2777 4981 2884 5052 17).
2909 4981 2970 5035 Et
2999 4980 3050 5034 in
3074 4981 3267 5035 bonam
3293 4988 3519 5049 partem.
3544 4978 3599 5034 In
3616 4979 3793 5035 Evan-

2202 5075 2342 5143 gelio
2377 5094 2389 5127 :
2425 5073 2485 5128 Et
2512 5076 2725 5144 rejecta.
2774 5073 2965 5143 inquit,
3006 5072 3223 5125 sindone
3258 5072 3428 5126 nudus
3469 5073 3701 5142 profugit
3729 5071 3791 5123 ab

2198 5168 2269 5221 eis
2303 5166 2495 5237 (Marc.
2525 5182 2633 5232 xw,
2666 5165 2782 5235 52),
2817 5164 2867 5219 id
2899 5173 2981 5218 est
3011 5163 3186 5218 nudus
3218 5171 3432 5218 terrena
3467 5160 3750 5217 facultate.

2275 5256 2408 5327 Vivi,
2440 5258 2595 5328 justi.
2631 5254 2685 5311 In
2718 5258 2947 5327 psalmo,
2980 5254 3205 5308 Placebo
3241 5253 3462 5308 Domino
3490 5256 3541 5307 in
3570 5255 3783 5323 regione

2196 5357 2424 5409 vivorum
2446 5353 2564 5424 (Ps.
2594 5368 2738 5420 cxrv,
2769 5353 2845 5423 9).
2881 5351 2946 5406 Et
2977 5353 3028 5405 in
3061 5354 3285 5405 alteram
3320 5359 3569 5420 partem;
3605 5349 3660 5404 in
3692 5348 3789 5403 Sa-

2193 5448 2414 5504 lomone
2434 5464 2446 5500 :
2470 5445 2534 5499 Et
2557 5445 2764 5500 laudavi
2785 5445 2945 5515 magis
2964 5453 3189 5499 mortuos
3210 5460 3361 5514 quam
3382 5444 3602 5497 viventes
3624 5442 3785 5513 (Eccl.

2202 5559 2273 5609 tv,
2306 5541 2385 5613 2).
2416 5541 2631 5606 Mortui,
2666 5550 3001 5609 peccatores,
3032 5538 3109 5593 vel
3152 5536 3419 5592 inﬁdeles.
3449 5536 3505 5591 In
3549 5536 3792 5605 Evange-

2200 5636 2310 5691 lio:
2349 5636 2478 5692 Sine
2500 5645 2727 5688 mortuos
2758 5634 2973 5704 sepelire
2997 5648 3115 5687 suos
3145 5638 3368 5686 mortuos
3405 5630 3633 5700 (Matth.
3678 5641 3784 5695 vttt,

2198 5729 2314 5798 22).
2341 5728 2410 5783 Et
2436 5729 2487 5782 in
2520 5728 2714 5783 bonam
2752 5738 2958 5796 partem
2993 5746 3005 5780 :
3049 5726 3193 5781 Beati
3227 5726 3417 5780 mortui
3455 5727 3542 5795 qui
3587 5725 3640 5779 in
3685 5723 3789 5778 Do-

2200 5820 2341 5875 mino
2374 5820 2660 5872 moriuntur
2689 5820 2927 5891 (Apocal.
2954 5836 3062 5883 xxv,
3098 5819 3202 5889 15).
3240 5819 3369 5875 Item
3394 5817 3623 5874 τινοινΙυὶ
3647 5816 3783 5882 estis,
