  <div class='ocr_page' id='page_1' title='image "/cluster/home/n/w/nwhite01/storage/ocr_20150623/50/uva.x000827094/388.png"; bbox 0 0 4028 6184; ppageno 0'>
   <div class='ocr_carea' id='block_1_1' title="bbox 262 256 363 313">
    <p class='ocr_par' dir='ltr' id='par_1_1' title="bbox 262 256 363 313">
     <span class='ocr_line' id='line_1_1' title="bbox 262 256 363 313; baseline 0 0"><span class='ocrx_word' id='word_1_1' title='bbox 262 256 363 313; x_wconf 68' lang='grc' dir='ltr'><strong>ῖὸἴ</strong></span> 
     </span>
    </p>
   </div>
   <div class='ocr_carea' id='block_1_2' title="bbox 1014 258 2766 329">
    <p class='ocr_par' dir='ltr' id='par_1_2' title="bbox 1014 258 2766 329">
     <span class='ocr_line' id='line_1_2' title="bbox 1014 258 2766 329; baseline 0.007 -15"><span class='ocrx_word' id='word_1_2' title='bbox 1014 259 1216 316; x_wconf 81' lang='lat' dir='ltr'><strong>LIBER</strong></span> <span class='ocrx_word' id='word_1_3' title='bbox 1254 261 1734 318; x_wconf 74' lang='lat' dir='ltr'><strong>FORMULARUM</strong></span> <span class='ocrx_word' id='word_1_4' title='bbox 1777 258 2150 317; x_wconf 61' lang='lat' dir='ltr'><strong>SPIIIII&#39;ALIS</strong></span> <span class='ocrx_word' id='word_1_5' title='bbox 2190 266 2766 329; x_wconf 70' lang='lat' dir='ltr'><strong>INTELLIGENTL‘E.</strong></span> 
     </span>
    </p>
   </div>
   <div class='ocr_carea' id='block_1_3' title="bbox 3432 285 3534 341">
    <p class='ocr_par' dir='ltr' id='par_1_3' title="bbox 3432 285 3534 341">
     <span class='ocr_line' id='line_1_3' title="bbox 3432 285 3534 341; baseline 0.039 -4"><span class='ocrx_word' id='word_1_6' title='bbox 3432 285 3534 341; x_wconf 67' lang='grc'><strong>751]</strong></span> 
     </span>
    </p>
   </div>
   <div class='ocr_carea' id='block_1_4' title="bbox 255 371 3533 467">
    <p class='ocr_par' dir='ltr' id='par_1_4' title="bbox 255 371 3533 467">
     <span class='ocr_line' id='line_1_4' title="bbox 255 371 3533 467; baseline 0.009 -44"><span class='ocrx_word' id='word_1_7' title='bbox 255 381 301 423; x_wconf 84' lang='lat' dir='ltr'><strong>et</strong></span> <span class='ocrx_word' id='word_1_8' title='bbox 322 372 426 424; x_wconf 86' lang='lat' dir='ltr'><strong>vita</strong></span> <span class='ocrx_word' id='word_1_9' title='bbox 466 377 634 429; x_wconf 71' lang='lat' dir='ltr'><strong>vestra</strong></span> <span class='ocrx_word' id='word_1_10' title='bbox 672 371 969 429; x_wconf 85' lang='lat' dir='ltr'><strong>abscondita</strong></span> <span class='ocrx_word' id='word_1_11' title='bbox 1002 382 1073 427; x_wconf 88' lang='lat' dir='ltr'><strong>est</strong></span> <span class='ocrx_word' id='word_1_12' title='bbox 1112 390 1228 429; x_wconf 86' lang='lat' dir='ltr'><strong>cum</strong></span> <span class='ocrx_word' id='word_1_13' title='bbox 1259 374 1461 433; x_wconf 77' lang='lat' dir='ltr'><strong>Christo</strong></span> <span class='ocrx_word' id='word_1_14' title='bbox 1492 375 1543 429; x_wconf 87' lang='lat' dir='ltr'><strong>in</strong></span> <span class='ocrx_word' id='word_1_15' title='bbox 1576 373 1683 430; x_wconf 88' lang='lat' dir='ltr'><strong>Deo</strong></span> <span class='ocrx_word' id='word_1_16' title='bbox 1713 374 1843 448; x_wconf 86' lang='lat' dir='ltr'><strong>(Co-</strong></span> <span class='ocrx_word' id='word_1_17' title='bbox 1870 378 1919 438; x_wconf 82' lang='grc' dir='ltr'><strong>Λ</strong></span> <span class='ocrx_word' id='word_1_18' title='bbox 1950 387 2004 433; x_wconf 82' lang='grc' dir='ltr'><strong>ιιι</strong></span> <span class='ocrx_word' id='word_1_19' title='bbox 2024 394 2118 449; x_wconf 86' lang='lat' dir='ltr'><strong>per</strong></span> <span class='ocrx_word' id='word_1_20' title='bbox 2162 383 2455 439; x_wconf 86' lang='lat' dir='ltr'><strong>Jeremiam</strong></span> <span class='ocrx_word' id='word_1_21' title='bbox 2492 387 2723 457; x_wconf 89' lang='lat' dir='ltr'><strong>(Thren.</strong></span> <span class='ocrx_word' id='word_1_22' title='bbox 2754 405 2834 458; x_wconf 85' lang='lat' dir='ltr'><strong>tu,</strong></span> <span class='ocrx_word' id='word_1_23' title='bbox 2869 389 3011 461; x_wconf 64' lang='lat'><strong>16):</strong></span> <span class='ocrx_word' id='word_1_24' title='bbox 3045 392 3223 467; x_wconf 82' lang='lat' dir='ltr'><strong>Fregit</strong></span> <span class='ocrx_word' id='word_1_25' title='bbox 3257 397 3325 450; x_wconf 87' lang='lat' dir='ltr'><strong>ad</strong></span> <span class='ocrx_word' id='word_1_26' title='bbox 3358 414 3533 455; x_wconf 71' lang='lat' dir='ltr'><strong>nume-</strong></span> 
     </span>
    </p>
   </div>
   <div class='ocr_carea' id='block_1_5' title="bbox 255 462 625 532">
    <p class='ocr_par' dir='ltr' id='par_1_5' title="bbox 255 462 625 532">
     <span class='ocr_line' id='line_1_5' title="bbox 255 462 625 532; baseline 0.005 -17"><span class='ocrx_word' id='word_1_27' title='bbox 255 462 383 519; x_wconf 83' lang='lat' dir='ltr'><strong>loss.</strong></span> <span class='ocrx_word' id='word_1_28' title='bbox 414 479 492 529; x_wconf 87' lang='grc' dir='ltr'>ιιι,</span> <span class='ocrx_word' id='word_1_29' title='bbox 528 464 563 518; x_wconf 80' lang='lat'><strong>5</strong></span> <span class='ocrx_word' id='word_1_30' title='bbox 586 465 625 532; x_wconf 92' lang='lat'><strong>).</strong></span> 
     </span>
    </p>
   </div>
   <div class='ocr_carea' id='block_1_6' title="bbox 323 554 1847 630">
    <p class='ocr_par' dir='ltr' id='par_1_6' title="bbox 323 554 1847 630">
     <span class='ocr_line' id='line_1_6' title="bbox 323 554 1847 630; baseline 0.003 -20"><span class='ocrx_word' id='word_1_31' title='bbox 323 554 634 624; x_wconf 84' lang='lat' dir='ltr'><strong>Cadavera,</strong></span> <span class='ocrx_word' id='word_1_32' title='bbox 683 556 979 613; x_wconf 87' lang='lat' dir='ltr'><strong>inﬁdelium</strong></span> <span class='ocrx_word' id='word_1_33' title='bbox 1022 572 1271 627; x_wconf 89' lang='lat' dir='ltr'><strong>corpora.</strong></span> <span class='ocrx_word' id='word_1_34' title='bbox 1308 561 1365 615; x_wconf 91' lang='lat' dir='ltr'><strong>In</strong></span> <span class='ocrx_word' id='word_1_35' title='bbox 1405 561 1671 630; x_wconf 83' lang='lat' dir='ltr'><strong>propheta</strong></span> <span class='ocrx_word' id='word_1_36' title='bbox 1724 579 1739 618; x_wconf 87' lang='lat'><strong>:</strong></span> <span class='ocrx_word' id='word_1_37' title='bbox 1778 562 1847 617; x_wconf 84' lang='lat' dir='ltr'><strong>Et</strong></span> 
     </span>
    </p>
   </div>
   <div class='ocr_carea' id='block_1_7' title="bbox 248 646 1840 722">
    <p class='ocr_par' dir='ltr' id='par_1_7' title="bbox 248 646 1840 722">
     <span class='ocr_line' id='line_1_7' title="bbox 248 646 1840 722; baseline 0.003 -19"><span class='ocrx_word' id='word_1_38' title='bbox 248 646 507 717; x_wconf 79' lang='lat' dir='ltr'><strong>impleam</strong></span> <span class='ocrx_word' id='word_1_39' title='bbox 534 651 734 706; x_wconf 85' lang='lat' dir='ltr'><strong>vallem</strong></span> <span class='ocrx_word' id='word_1_40' title='bbox 787 651 1045 722; x_wconf 80' lang='lat' dir='ltr'><strong>Josapltat</strong></span> <span class='ocrx_word' id='word_1_41' title='bbox 1082 654 1434 711; x_wconf 81' lang='lat' dir='ltr'><strong>cadaveribus</strong></span> <span class='ocrx_word' id='word_1_42' title='bbox 1482 664 1840 709; x_wconf 86' lang='lat' dir='ltr'><strong>mortuorum.</strong></span> 
     </span>
    </p>
   </div>
   <div class='ocr_carea' id='block_1_8' title="bbox 245 740 1845 814">
    <p class='ocr_par' dir='ltr' id='par_1_8' title="bbox 245 740 1845 814">
     <span class='ocr_line' id='line_1_8' title="bbox 245 740 1845 814; baseline 0.003 -20"><span class='ocrx_word' id='word_1_43' title='bbox 245 740 381 794; x_wconf 87' lang='lat' dir='ltr'><strong>Item</strong></span> <span class='ocrx_word' id='word_1_44' title='bbox 416 742 469 795; x_wconf 88' lang='lat' dir='ltr'><strong>itt</strong></span> <span class='ocrx_word' id='word_1_45' title='bbox 501 742 666 796; x_wconf 85' lang='lat' dir='ltr'><strong>aliam</strong></span> <span class='ocrx_word' id='word_1_46' title='bbox 699 754 906 814; x_wconf 86' lang='lat' dir='ltr'><strong>partem</strong></span> <span class='ocrx_word' id='word_1_47' title='bbox 937 761 949 796; x_wconf 89' lang='lat'><strong>:</strong></span> <span class='ocrx_word' id='word_1_48' title='bbox 984 743 1281 805; x_wconf 85' lang='lat' dir='ltr'><strong>Posuerunt</strong></span> <span class='ocrx_word' id='word_1_49' title='bbox 1310 746 1557 801; x_wconf 84' lang='lat' dir='ltr'><strong>cadavera</strong></span> <span class='ocrx_word' id='word_1_50' title='bbox 1584 762 1845 800; x_wconf 83' lang='lat' dir='ltr'><strong>servorum</strong></span> 
     </span>
    </p>
   </div>
   <div class='ocr_carea' id='block_1_9' title="bbox 244 834 1842 907">
    <p class='ocr_par' dir='ltr' id='par_1_9' title="bbox 244 834 1842 907">
     <span class='ocr_line' id='line_1_9' title="bbox 244 834 1842 907; baseline 0.004 -21"><span class='ocrx_word' id='word_1_51' title='bbox 244 835 488 903; x_wconf 89' lang='lat' dir='ltr'><strong>tuorum(</strong></span> <span class='ocrx_word' id='word_1_52' title='bbox 520 834 612 893; x_wconf 83' lang='lat' dir='ltr'><strong>Ps.</strong></span> <span class='ocrx_word' id='word_1_53' title='bbox 656 852 881 900; x_wconf 71' lang='lat' dir='ltr'><strong>Lxxvttt,</strong></span> <span class='ocrx_word' id='word_1_54' title='bbox 907 835 997 907; x_wconf 69' lang='lat'><strong>2).</strong></span> <span class='ocrx_word' id='word_1_55' title='bbox 1042 838 1204 903; x_wconf 88' lang='lat' dir='ltr'><strong>Item,</strong></span> <span class='ocrx_word' id='word_1_56' title='bbox 1240 837 1412 892; x_wconf 88' lang='lat' dir='ltr'><strong>illud:</strong></span> <span class='ocrx_word' id='word_1_57' title='bbox 1455 836 1709 891; x_wconf 76' lang='lat' dir='ltr'><strong>Videbunt</strong></span> <span class='ocrx_word' id='word_1_58' title='bbox 1756 854 1842 893; x_wconf 82' lang='lat' dir='ltr'><strong>ca-</strong></span> 
     </span>
    </p>
   </div>
   <div class='ocr_carea' id='block_1_10' title="bbox 243 926 1835 1002">
    <p class='ocr_par' dir='ltr' id='par_1_10' title="bbox 243 926 1835 1002">
     <span class='ocr_line' id='line_1_10' title="bbox 243 926 1835 1002; baseline 0.002 -24"><span class='ocrx_word' id='word_1_59' title='bbox 243 926 428 981; x_wconf 82' lang='lat' dir='ltr'><strong>davera</strong></span> <span class='ocrx_word' id='word_1_60' title='bbox 448 928 701 995; x_wconf 82' lang='lat' dir='ltr'><strong>virorum,</strong></span> <span class='ocrx_word' id='word_1_61' title='bbox 746 930 833 996; x_wconf 86' lang='lat' dir='ltr'><strong>qui</strong></span> <span class='ocrx_word' id='word_1_62' title='bbox 860 928 1113 985; x_wconf 75' lang='lat' dir='ltr'><strong>increduli</strong></span> <span class='ocrx_word' id='word_1_63' title='bbox 1156 930 1362 1000; x_wconf 74' lang='lat' dir='ltr'><strong>fuerunt</strong></span> <span class='ocrx_word' id='word_1_64' title='bbox 1402 937 1627 1002; x_wconf 64' lang='lat' dir='ltr'><strong>profecta</strong></span> <span class='ocrx_word' id='word_1_65' title='bbox 1670 927 1835 1000; x_wconf 88' lang='lat' dir='ltr'><strong>(Isai.</strong></span> 
     </span>
    </p>
   </div>
   <div class='ocr_carea' id='block_1_11' title="bbox 240 1020 1838 1093">
    <p class='ocr_par' dir='ltr' id='par_1_11' title="bbox 240 1020 1838 1093">
     <span class='ocr_line' id='line_1_11' title="bbox 240 1020 1838 1093; baseline 0.001 -18"><span class='ocrx_word' id='word_1_66' title='bbox 240 1029 382 1089; x_wconf 77' lang='lat' dir='ltr'><strong>txvr,</strong></span> <span class='ocrx_word' id='word_1_67' title='bbox 418 1020 534 1091; x_wconf 66' lang='lat'><strong>‘24).</strong></span> <span class='ocrx_word' id='word_1_68' title='bbox 570 1021 894 1092; x_wconf 81' lang='lat' dir='ltr'><strong>Sepulcrum</strong></span> <span class='ocrx_word' id='word_1_69' title='bbox 918 1065 931 1089; x_wconf 92' lang='lat'><strong>,</strong></span> <span class='ocrx_word' id='word_1_70' title='bbox 970 1037 1164 1092; x_wconf 85' lang='lat' dir='ltr'><strong>corpus</strong></span> <span class='ocrx_word' id='word_1_71' title='bbox 1196 1024 1531 1093; x_wconf 74' lang='lat' dir='ltr'><strong>peccatoris,</strong></span> <span class='ocrx_word' id='word_1_72' title='bbox 1571 1030 1838 1079; x_wconf 90' lang='lat' dir='ltr'><strong>mortuam</strong></span> 
     </span>
    </p>
   </div>
   <div class='ocr_carea' id='block_1_12' title="bbox 241 1112 1834 1184">
    <p class='ocr_par' dir='ltr' id='par_1_12' title="bbox 241 1112 1834 1184">
     <span class='ocr_line' id='line_1_12' title="bbox 241 1112 1834 1184; baseline 0 -18"><span class='ocrx_word' id='word_1_73' title='bbox 241 1112 384 1166; x_wconf 80' lang='lat' dir='ltr'><strong>vitiis</strong></span> <span class='ocrx_word' id='word_1_74' title='bbox 427 1113 666 1168; x_wconf 87' lang='lat' dir='ltr'><strong>animant</strong></span> <span class='ocrx_word' id='word_1_75' title='bbox 718 1114 1046 1173; x_wconf 87' lang='lat' dir='ltr'><strong>intrinsecus</strong></span> <span class='ocrx_word' id='word_1_76' title='bbox 1089 1116 1350 1171; x_wconf 89' lang='lat' dir='ltr'><strong>retinens.</strong></span> <span class='ocrx_word' id='word_1_77' title='bbox 1404 1114 1459 1175; x_wconf 86' lang='lat' dir='ltr'><strong>In</strong></span> <span class='ocrx_word' id='word_1_78' title='bbox 1494 1115 1834 1184; x_wconf 84' lang='lat' dir='ltr'><strong>Evangelio:</strong></span> 
     </span>
    </p>
   </div>
   <div class='ocr_carea' id='block_1_13' title="bbox 240 1202 1836 1276">
    <p class='ocr_par' dir='ltr' id='par_1_13' title="bbox 240 1202 1836 1276">
     <span class='ocr_line' id='line_1_13' title="bbox 240 1202 1836 1276; baseline 0 -19"><span class='ocrx_word' id='word_1_79' title='bbox 240 1202 455 1257; x_wconf 83' lang='lat' dir='ltr'><strong>Similes</strong></span> <span class='ocrx_word' id='word_1_80' title='bbox 485 1205 609 1259; x_wconf 86' lang='lat' dir='ltr'><strong>estis</strong></span> <span class='ocrx_word' id='word_1_81' title='bbox 653 1206 901 1276; x_wconf 84' lang='lat' dir='ltr'><strong>sepulcris</strong></span> <span class='ocrx_word' id='word_1_82' title='bbox 931 1205 1216 1274; x_wconf 85' lang='lat' dir='ltr'><strong>dealbatis,</strong></span> <span class='ocrx_word' id='word_1_83' title='bbox 1254 1222 1369 1276; x_wconf 80' lang='lat' dir='ltr'><strong>qua:</strong></span> <span class='ocrx_word' id='word_1_84' title='bbox 1406 1223 1437 1259; x_wconf 90' lang='lat' dir='ltr'><strong>a</strong></span> <span class='ocrx_word' id='word_1_85' title='bbox 1490 1205 1616 1276; x_wconf 84' lang='lat' dir='ltr'><strong>foris</strong></span> <span class='ocrx_word' id='word_1_86' title='bbox 1657 1212 1836 1272; x_wconf 87' lang='lat' dir='ltr'><strong>parent</strong></span> 
     </span>
    </p>
   </div>
   <div class='ocr_carea' id='block_1_14' title="bbox 238 1294 1834 1367">
    <p class='ocr_par' dir='ltr' id='par_1_14' title="bbox 238 1294 1834 1367">
     <span class='ocr_line' id='line_1_14' title="bbox 238 1294 1834 1367; baseline 0.003 -21"><span class='ocrx_word' id='word_1_87' title='bbox 238 1294 532 1351; x_wconf 81' lang='lat' dir='ltr'><strong>ltonu&#39;nibus</strong></span> <span class='ocrx_word' id='word_1_88' title='bbox 560 1314 817 1367; x_wconf 70' lang='lat' dir='ltr'><strong>speciosa,</strong></span> <span class='ocrx_word' id='word_1_89' title='bbox 850 1299 991 1359; x_wconf 83' lang='lat' dir='ltr'><strong>intus</strong></span> <span class='ocrx_word' id='word_1_90' title='bbox 1016 1316 1129 1354; x_wconf 88' lang='lat' dir='ltr'><strong>vero</strong></span> <span class='ocrx_word' id='word_1_91' title='bbox 1158 1300 1313 1367; x_wconf 80' lang='lat' dir='ltr'><strong>plena</strong></span> <span class='ocrx_word' id='word_1_92' title='bbox 1326 1308 1445 1353; x_wconf 88' lang='lat' dir='ltr'><strong>sunt</strong></span> <span class='ocrx_word' id='word_1_93' title='bbox 1474 1299 1670 1353; x_wconf 84' lang='lat' dir='ltr'><strong>ossibus</strong></span> <span class='ocrx_word' id='word_1_94' title='bbox 1694 1314 1834 1352; x_wconf 87' lang='lat' dir='ltr'><strong>mor-</strong></span> 
     </span>
    </p>
   </div>
   <div class='ocr_carea' id='block_1_15' title="bbox 236 1388 1832 1461">
    <p class='ocr_par' dir='ltr' id='par_1_15' title="bbox 236 1388 1832 1461">
     <span class='ocr_line' id='line_1_15' title="bbox 236 1388 1832 1461; baseline 0.004 -22"><span class='ocrx_word' id='word_1_95' title='bbox 236 1396 445 1441; x_wconf 88' lang='lat' dir='ltr'><strong>tuorum</strong></span> <span class='ocrx_word' id='word_1_96' title='bbox 469 1388 706 1459; x_wconf 83' lang='lat' dir='ltr'><strong>(Matth.</strong></span> <span class='ocrx_word' id='word_1_97' title='bbox 742 1406 893 1455; x_wconf 62' lang='grc' dir='ltr'>χχιιι,</span> <span class='ocrx_word' id='word_1_98' title='bbox 924 1390 1048 1459; x_wconf 66' lang='grc'><strong>27).</strong></span> <span class='ocrx_word' id='word_1_99' title='bbox 1084 1390 1125 1453; x_wconf 85' lang='grc' dir='ltr'>Ε</span> <span class='ocrx_word' id='word_1_100' title='bbox 1155 1391 1371 1449; x_wconf 88' lang='lat' dir='ltr'><strong>diverso</strong></span> <span class='ocrx_word' id='word_1_101' title='bbox 1402 1390 1534 1447; x_wconf 87' lang='lat' dir='ltr'><strong>dicit</strong></span> <span class='ocrx_word' id='word_1_102' title='bbox 1573 1390 1832 1461; x_wconf 89' lang='lat' dir='ltr'><strong>propheta</strong></span> 
     </span>
    </p>
   </div>
   <div class='ocr_carea' id='block_1_16' title="bbox 236 1481 1829 1557">
    <p class='ocr_par' dir='ltr' id='par_1_16' title="bbox 236 1481 1829 1557">
     <span class='ocr_line' id='line_1_16' title="bbox 236 1481 1829 1557; baseline 0.003 -20"><span class='ocrx_word' id='word_1_103' title='bbox 236 1481 300 1537; x_wconf 87' lang='lat' dir='ltr'><strong>de</strong></span> <span class='ocrx_word' id='word_1_104' title='bbox 330 1484 594 1552; x_wconf 81' lang='lat' dir='ltr'><strong>sepulcro</strong></span> <span class='ocrx_word' id='word_1_105' title='bbox 626 1485 840 1543; x_wconf 82' lang='lat' dir='ltr'><strong>Domini</strong></span> <span class='ocrx_word' id='word_1_106' title='bbox 872 1503 883 1537; x_wconf 95' lang='lat'><strong>:</strong></span> <span class='ocrx_word' id='word_1_107' title='bbox 920 1484 988 1541; x_wconf 86' lang='lat' dir='ltr'><strong>Et</strong></span> <span class='ocrx_word' id='word_1_108' title='bbox 1014 1487 1108 1543; x_wconf 83' lang='lat' dir='ltr'><strong>erit</strong></span> <span class='ocrx_word' id='word_1_109' title='bbox 1153 1489 1446 1555; x_wconf 77' lang='lat' dir='ltr'><strong>sepulcrum</strong></span> <span class='ocrx_word' id='word_1_110' title='bbox 1486 1486 1596 1556; x_wconf 84' lang='lat' dir='ltr'><strong>ejus</strong></span> <span class='ocrx_word' id='word_1_111' title='bbox 1634 1488 1829 1557; x_wconf 80' lang='lat' dir='ltr'><strong>glorio-</strong></span> 
     </span>
    </p>
   </div>
   <div class='ocr_carea' id='block_1_17' title="bbox 233 1575 787 1647">
    <p class='ocr_par' dir='ltr' id='par_1_17' title="bbox 233 1575 787 1647">
     <span class='ocr_line' id='line_1_17' title="bbox 233 1575 787 1647; baseline 0.009 -19"><span class='ocrx_word' id='word_1_112' title='bbox 233 1589 347 1629; x_wconf 89' lang='lat' dir='ltr'><strong>sum</strong></span> <span class='ocrx_word' id='word_1_113' title='bbox 377 1575 535 1646; x_wconf 82' lang='lat' dir='ltr'><strong>(Isai.</strong></span> <span class='ocrx_word' id='word_1_114' title='bbox 573 1593 648 1643; x_wconf 73' lang='lat' dir='ltr'><strong>XI,</strong></span> <span class='ocrx_word' id='word_1_115' title='bbox 678 1577 787 1647; x_wconf 88' lang='grc'><strong>10).</strong></span> 
     </span>
    </p>
   </div>
   <div class='ocr_carea' id='block_1_18' title="bbox 846 1668 1221 1730">
    <p class='ocr_par' dir='ltr' id='par_1_18' title="bbox 846 1668 1221 1730">
     <span class='ocr_line' id='line_1_18' title="bbox 846 1668 1221 1730; baseline 0.003 -6"><span class='ocrx_word' id='word_1_116' title='bbox 846 1668 1071 1729; x_wconf 85' lang='lat' dir='ltr'><strong>CAPUT</strong></span> <span class='ocrx_word' id='word_1_117' title='bbox 1110 1669 1221 1730; x_wconf 86' lang='lat' dir='ltr'><strong>VII.</strong></span> 
     </span>
    </p>
   </div>
   <div class='ocr_carea' id='block_1_19' title="bbox 732 1759 1324 1817">
    <p class='ocr_par' dir='ltr' id='par_1_19' title="bbox 732 1759 1324 1817">
     <span class='ocr_line' id='line_1_19' title="bbox 732 1759 1324 1817; baseline 0.003 -2"><span class='ocrx_word' id='word_1_118' title='bbox 732 1759 796 1816; x_wconf 83' lang='lat' dir='ltr'><strong>In</strong></span> <span class='ocrx_word' id='word_1_119' title='bbox 836 1762 1065 1817; x_wconf 88' lang='lat' dir='ltr'><strong>interiori</strong></span> <span class='ocrx_word' id='word_1_120' title='bbox 1103 1761 1324 1817; x_wconf 85' lang='lat' dir='ltr'><strong>homine.</strong></span> 
     </span>
    </p>
   </div>
   <div class='ocr_carea' id='block_1_20' title="bbox 302 1851 1827 1925">
    <p class='ocr_par' dir='ltr' id='par_1_20' title="bbox 302 1851 1827 1925">
     <span class='ocr_line' id='line_1_20' title="bbox 302 1851 1827 1925; baseline 0.005 -20"><span class='ocrx_word' id='word_1_121' title='bbox 302 1851 545 1907; x_wconf 87' lang='lat' dir='ltr'><strong>Interior</strong></span> <span class='ocrx_word' id='word_1_122' title='bbox 586 1852 769 1922; x_wconf 87' lang='lat' dir='ltr'><strong>homo,</strong></span> <span class='ocrx_word' id='word_1_123' title='bbox 801 1854 978 1911; x_wconf 82' lang='lat' dir='ltr'><strong>anima</strong></span> <span class='ocrx_word' id='word_1_124' title='bbox 1005 1855 1304 1911; x_wconf 75' lang='lat' dir='ltr'><strong>rationalis.</strong></span> <span class='ocrx_word' id='word_1_125' title='bbox 1332 1855 1387 1910; x_wconf 90' lang='lat' dir='ltr'><strong>Iu</strong></span> <span class='ocrx_word' id='word_1_126' title='bbox 1418 1858 1680 1925; x_wconf 86' lang='lat' dir='ltr'><strong>Apostolo</strong></span> <span class='ocrx_word' id='word_1_127' title='bbox 1712 1875 1722 1911; x_wconf 92' lang='lat'><strong>:</strong></span> <span class='ocrx_word' id='word_1_128' title='bbox 1760 1856 1827 1913; x_wconf 86' lang='lat' dir='ltr'><strong>In</strong></span> 
     </span>
    </p>
   </div>
   <div class='ocr_carea' id='block_1_21' title="bbox 229 1948 1826 2022">
    <p class='ocr_par' dir='ltr' id='par_1_21' title="bbox 229 1948 1826 2022">
     <span class='ocr_line' id='line_1_21' title="bbox 229 1948 1826 2022; baseline 0.004 -19"><span class='ocrx_word' id='word_1_129' title='bbox 229 1948 470 2003; x_wconf 80' lang='lat' dir='ltr'><strong>interiori</strong></span> <span class='ocrx_word' id='word_1_130' title='bbox 500 1949 707 2003; x_wconf 79' lang='lat' dir='ltr'><strong>homine</strong></span> <span class='ocrx_word' id='word_1_131' title='bbox 733 1948 965 2004; x_wconf 75' lang='lat' dir='ltr'><strong>habitare</strong></span> <span class='ocrx_word' id='word_1_132' title='bbox 987 1949 1246 2006; x_wconf 78' lang='lat' dir='ltr'><strong>Christum</strong></span> <span class='ocrx_word' id='word_1_133' title='bbox 1268 1967 1356 2022; x_wconf 88' lang='lat' dir='ltr'><strong>per</strong></span> <span class='ocrx_word' id='word_1_134' title='bbox 1380 1951 1535 2019; x_wconf 80' lang='lat' dir='ltr'><strong>ﬁdem</strong></span> <span class='ocrx_word' id='word_1_135' title='bbox 1562 1954 1614 2006; x_wconf 85' lang='lat' dir='ltr'><strong>in</strong></span> <span class='ocrx_word' id='word_1_136' title='bbox 1657 1955 1826 2009; x_wconf 86' lang='lat' dir='ltr'><strong>cordi-</strong></span> 
     </span>
    </p>
   </div>
   <div class='ocr_carea' id='block_1_22' title="bbox 229 2042 1002 2117">
    <p class='ocr_par' dir='ltr' id='par_1_22' title="bbox 229 2042 1002 2117">
     <span class='ocr_line' id='line_1_22' title="bbox 229 2042 1002 2117; baseline 0.001 -21"><span class='ocrx_word' id='word_1_137' title='bbox 229 2042 323 2097; x_wconf 78' lang='lat' dir='ltr'><strong>bus</strong></span> <span class='ocrx_word' id='word_1_138' title='bbox 356 2044 580 2113; x_wconf 81' lang='lat' dir='ltr'><strong>vestris(</strong></span> <span class='ocrx_word' id='word_1_139' title='bbox 608 2043 741 2115; x_wconf 84' lang='lat' dir='ltr'><strong>Eph.</strong></span> <span class='ocrx_word' id='word_1_140' title='bbox 768 2060 844 2110; x_wconf 84' lang='lat' dir='ltr'><strong>ut,</strong></span> <span class='ocrx_word' id='word_1_141' title='bbox 882 2045 1002 2117; x_wconf 84' lang='grc'><strong>16).</strong></span> 
     </span>
    </p>
   </div>
   <div class='ocr_carea' id='block_1_23' title="bbox 298 2133 1824 2211">
    <p class='ocr_par' dir='ltr' id='par_1_23' title="bbox 298 2133 1824 2211">
     <span class='ocr_line' id='line_1_23' title="bbox 298 2133 1824 2211; baseline 0.005 -22"><span class='ocrx_word' id='word_1_142' title='bbox 298 2133 481 2204; x_wconf 85' lang='lat' dir='ltr'><strong>Caput</strong></span> <span class='ocrx_word' id='word_1_143' title='bbox 534 2136 672 2205; x_wconf 85' lang='lat' dir='ltr'><strong>ejus,</strong></span> <span class='ocrx_word' id='word_1_144' title='bbox 732 2137 1000 2195; x_wconf 80' lang='lat' dir='ltr'><strong>Christus.</strong></span> <span class='ocrx_word' id='word_1_145' title='bbox 1058 2137 1115 2193; x_wconf 90' lang='lat' dir='ltr'><strong>In</strong></span> <span class='ocrx_word' id='word_1_146' title='bbox 1171 2139 1429 2209; x_wconf 80' lang='lat' dir='ltr'><strong>Apostoo</strong></span> <span class='ocrx_word' id='word_1_147' title='bbox 1461 2159 1472 2192; x_wconf 87' lang='lat'><strong>:</strong></span> <span class='ocrx_word' id='word_1_148' title='bbox 1509 2141 1673 2211; x_wconf 79' lang='lat' dir='ltr'><strong>Caput</strong></span> <span class='ocrx_word' id='word_1_149' title='bbox 1732 2144 1824 2197; x_wconf 86' lang='lat' dir='ltr'><strong>viri</strong></span> 
     </span>
    </p>
   </div>
   <div class='ocr_carea' id='block_1_24' title="bbox 228 2226 934 2301">
    <p class='ocr_par' dir='ltr' id='par_1_24' title="bbox 228 2226 934 2301">
     <span class='ocr_line' id='line_1_24' title="bbox 228 2226 934 2301; baseline 0.008 -21"><span class='ocrx_word' id='word_1_150' title='bbox 228 2226 465 2283; x_wconf 73' lang='lat' dir='ltr'><strong>Christus</strong></span> <span class='ocrx_word' id='word_1_151' title='bbox 502 2230 545 2299; x_wconf 93' lang='lat' dir='ltr'><strong>(l</strong></span> <span class='ocrx_word' id='word_1_152' title='bbox 576 2227 695 2285; x_wconf 86' lang='lat' dir='ltr'><strong>Cor.</strong></span> <span class='ocrx_word' id='word_1_153' title='bbox 728 2246 803 2295; x_wconf 78' lang='lat' dir='ltr'><strong>tu,</strong></span> <span class='ocrx_word' id='word_1_154' title='bbox 835 2230 869 2287; x_wconf 76' lang='grc' dir='ltr'>ὅ</span> <span class='ocrx_word' id='word_1_155' title='bbox 891 2229 934 2301; x_wconf 92' lang='grc'><strong>).</strong></span> 
     </span>
    </p>
   </div>
   <div class='ocr_carea' id='block_1_25' title="bbox 300 2319 1823 2393">
    <p class='ocr_par' dir='ltr' id='par_1_25' title="bbox 300 2319 1823 2393">
     <span class='ocr_line' id='line_1_25' title="bbox 300 2319 1823 2393; baseline 0.005 -19"><span class='ocrx_word' id='word_1_156' title='bbox 300 2319 517 2376; x_wconf 66' lang='grc' dir='ltr'>νει-ιω</span> <span class='ocrx_word' id='word_1_157' title='bbox 545 2362 560 2389; x_wconf 83' lang='grc'><em>,</em></span> <span class='ocrx_word' id='word_1_158' title='bbox 604 2323 886 2378; x_wconf 79' lang='lat' dir='ltr'><strong>summitas</strong></span> <span class='ocrx_word' id='word_1_159' title='bbox 929 2323 1171 2393; x_wconf 70' lang='lat' dir='ltr'><strong>justitiat.</strong></span> <span class='ocrx_word' id='word_1_160' title='bbox 1203 2324 1259 2379; x_wconf 91' lang='lat' dir='ltr'><strong>In</strong></span> <span class='ocrx_word' id='word_1_161' title='bbox 1291 2324 1584 2383; x_wconf 83' lang='lat' dir='ltr'><strong>Salomone</strong></span> <span class='ocrx_word' id='word_1_162' title='bbox 1617 2346 1628 2378; x_wconf 91' lang='lat'><strong>:</strong></span> <span class='ocrx_word' id='word_1_163' title='bbox 1662 2326 1823 2383; x_wconf 64' lang='grc' dir='ltr'><strong>σοι-ου</strong></span> 
     </span>
    </p>
   </div>
   <div class='ocr_carea' id='block_1_26' title="bbox 227 2414 1819 2492">
    <p class='ocr_par' dir='ltr' id='par_1_26' title="bbox 227 2414 1819 2492">
     <span class='ocr_line' id='line_1_26' title="bbox 227 2414 1819 2492; baseline 0.006 -27"><span class='ocrx_word' id='word_1_164' title='bbox 227 2428 355 2467; x_wconf 88' lang='lat' dir='ltr'><strong>nam</strong></span> <span class='ocrx_word' id='word_1_165' title='bbox 381 2414 529 2469; x_wconf 88' lang='lat' dir='ltr'><strong>enim</strong></span> <span class='ocrx_word' id='word_1_166' title='bbox 542 2416 827 2485; x_wconf 84' lang='lat' dir='ltr'><strong>gratiarum</strong></span> <span class='ocrx_word' id='word_1_167' title='bbox 855 2417 1067 2488; x_wconf 86' lang='lat' dir='ltr'><strong>accipiet</strong></span> <span class='ocrx_word' id='word_1_168' title='bbox 1096 2426 1212 2472; x_wconf 90' lang='lat' dir='ltr'><strong>tuus</strong></span> <span class='ocrx_word' id='word_1_169' title='bbox 1234 2429 1403 2473; x_wconf 67' lang='lat' dir='ltr'><strong>vertere</strong></span> <span class='ocrx_word' id='word_1_170' title='bbox 1434 2418 1616 2490; x_wconf 95' lang='lat' dir='ltr'><strong>(Prov.</strong></span> <span class='ocrx_word' id='word_1_171' title='bbox 1641 2436 1713 2486; x_wconf 91' lang='lat' dir='ltr'><strong>tv,</strong></span> <span class='ocrx_word' id='word_1_172' title='bbox 1744 2420 1819 2492; x_wconf 93' lang='lat'><strong>9).</strong></span> 
     </span>
    </p>
   </div>
   <div class='ocr_carea' id='block_1_27' title="bbox 227 2500 1823 2582">
    <p class='ocr_par' dir='ltr' id='par_1_27' title="bbox 227 2500 1823 2582">
     <span class='ocr_line' id='line_1_27' title="bbox 227 2500 1823 2582; baseline 0.004 -20"><span class='ocrx_word' id='word_1_173' title='bbox 227 2500 362 2562; x_wconf 77' lang='lat' dir='ltr'><strong>Item</strong></span> <span class='ocrx_word' id='word_1_174' title='bbox 397 2506 451 2560; x_wconf 88' lang='lat' dir='ltr'><strong>itt</strong></span> <span class='ocrx_word' id='word_1_175' title='bbox 484 2505 645 2562; x_wconf 84' lang='lat' dir='ltr'><strong>aliam</strong></span> <span class='ocrx_word' id='word_1_176' title='bbox 674 2517 889 2576; x_wconf 85' lang='lat' dir='ltr'><strong>partem</strong></span> <span class='ocrx_word' id='word_1_177' title='bbox 926 2526 938 2561; x_wconf 92' lang='lat'><strong>:</strong></span> <span class='ocrx_word' id='word_1_178' title='bbox 977 2508 1226 2565; x_wconf 85' lang='lat' dir='ltr'><strong>Verticem</strong></span> <span class='ocrx_word' id='word_1_179' title='bbox 1256 2510 1437 2582; x_wconf 83' lang='lat' dir='ltr'><strong>capilli</strong></span> <span class='ocrx_word' id='word_1_180' title='bbox 1461 2512 1823 2582; x_wconf 85' lang='lat' dir='ltr'><strong>perambulan-</strong></span> 
     </span>
    </p>
   </div>
   <div class='ocr_carea' id='block_1_28' title="bbox 227 2597 1819 2677">
    <p class='ocr_par' dir='ltr' id='par_1_28' title="bbox 227 2597 1819 2677">
     <span class='ocr_line' id='line_1_28' title="bbox 227 2597 1819 2677; baseline 0.006 -27"><span class='ocrx_word' id='word_1_181' title='bbox 227 2599 357 2650; x_wconf 85' lang='lat' dir='ltr'><strong>tium</strong></span> <span class='ocrx_word' id='word_1_182' title='bbox 402 2598 457 2651; x_wconf 88' lang='lat' dir='ltr'><strong>in</strong></span> <span class='ocrx_word' id='word_1_183' title='bbox 508 2597 709 2653; x_wconf 82' lang='lat' dir='ltr'><strong>delictis</strong></span> <span class='ocrx_word' id='word_1_184' title='bbox 756 2601 862 2655; x_wconf 89' lang='lat' dir='ltr'><strong>suis</strong></span> <span class='ocrx_word' id='word_1_185' title='bbox 887 2599 1014 2671; x_wconf 87' lang='lat' dir='ltr'><strong>(Ps.</strong></span> <span class='ocrx_word' id='word_1_186' title='bbox 1043 2618 1204 2671; x_wconf 82' lang='lat' dir='ltr'><strong>vau,</strong></span> <span class='ocrx_word' id='word_1_187' title='bbox 1228 2602 1358 2677; x_wconf 72' lang='lat'><strong>22),</strong></span> <span class='ocrx_word' id='word_1_188' title='bbox 1394 2603 1448 2658; x_wconf 88' lang='lat' dir='ltr'><strong>id</strong></span> <span class='ocrx_word' id='word_1_189' title='bbox 1472 2614 1579 2671; x_wconf 89' lang='lat' dir='ltr'><strong>est,</strong></span> <span class='ocrx_word' id='word_1_190' title='bbox 1612 2619 1819 2660; x_wconf 68' lang='lat' dir='ltr'><strong>sentina</strong></span> 
     </span>
    </p>
   </div>
   <div class='ocr_carea' id='block_1_29' title="bbox 228 2691 1819 2766">
    <p class='ocr_par' dir='ltr' id='par_1_29' title="bbox 228 2691 1819 2766">
     <span class='ocr_line' id='line_1_29' title="bbox 228 2691 1819 2766; baseline 0.008 -21"><span class='ocrx_word' id='word_1_191' title='bbox 228 2691 493 2761; x_wconf 85' lang='lat' dir='ltr'><strong>nequitia.</strong></span> <span class='ocrx_word' id='word_1_192' title='bbox 551 2692 762 2763; x_wconf 82' lang='lat' dir='ltr'><strong>Capilli,</strong></span> <span class='ocrx_word' id='word_1_193' title='bbox 814 2706 1032 2752; x_wconf 87' lang='lat' dir='ltr'><strong>ornatus</strong></span> <span class='ocrx_word' id='word_1_194' title='bbox 1088 2698 1313 2766; x_wconf 74' lang='lat' dir='ltr'><strong>justitize</strong></span> <span class='ocrx_word' id='word_1_195' title='bbox 1368 2699 1454 2753; x_wconf 85' lang='lat' dir='ltr'><strong>vel</strong></span> <span class='ocrx_word' id='word_1_196' title='bbox 1507 2714 1726 2756; x_wconf 83' lang='lat' dir='ltr'><strong>sensus.</strong></span> <span class='ocrx_word' id='word_1_197' title='bbox 1764 2702 1819 2758; x_wconf 92' lang='lat' dir='ltr'><strong>In</strong></span> 
     </span>
    </p>
   </div>
   <div class='ocr_carea' id='block_1_30' title="bbox 228 2783 1819 2864">
    <p class='ocr_par' dir='ltr' id='par_1_30' title="bbox 228 2783 1819 2864">
     <span class='ocr_line' id='line_1_30' title="bbox 228 2783 1819 2864; baseline 0.008 -25"><span class='ocrx_word' id='word_1_198' title='bbox 228 2783 537 2857; x_wconf 83' lang='lat' dir='ltr'><strong>Evangelio</strong></span> <span class='ocrx_word' id='word_1_199' title='bbox 568 2805 580 2841; x_wconf 90' lang='lat'><strong>:</strong></span> <span class='ocrx_word' id='word_1_200' title='bbox 622 2787 788 2844; x_wconf 88' lang='lat' dir='ltr'><strong>Vestri</strong></span> <span class='ocrx_word' id='word_1_201' title='bbox 813 2798 979 2845; x_wconf 85' lang='lat' dir='ltr'><strong>autem</strong></span> <span class='ocrx_word' id='word_1_202' title='bbox 1005 2801 1052 2847; x_wconf 87' lang='lat' dir='ltr'><strong>et</strong></span> <span class='ocrx_word' id='word_1_203' title='bbox 1076 2792 1254 2863; x_wconf 86' lang='lat' dir='ltr'><strong>capilli</strong></span> <span class='ocrx_word' id='word_1_204' title='bbox 1285 2794 1475 2864; x_wconf 88' lang='lat' dir='ltr'><strong>capitis</strong></span> <span class='ocrx_word' id='word_1_205' title='bbox 1517 2811 1687 2851; x_wconf 90' lang='lat' dir='ltr'><strong>omnes</strong></span> <span class='ocrx_word' id='word_1_206' title='bbox 1724 2813 1819 2851; x_wconf 89' lang='lat' dir='ltr'><strong>nu-</strong></span> 
     </span>
    </p>
   </div>
   <div class='ocr_carea' id='block_1_31' title="bbox 227 2880 1059 2955">
    <p class='ocr_par' dir='ltr' id='par_1_31' title="bbox 227 2880 1059 2955">
     <span class='ocr_line' id='line_1_31' title="bbox 227 2880 1059 2955; baseline 0.011 -24"><span class='ocrx_word' id='word_1_207' title='bbox 227 2880 416 2934; x_wconf 83' lang='lat' dir='ltr'><strong>merati</strong></span> <span class='ocrx_word' id='word_1_208' title='bbox 447 2890 567 2935; x_wconf 86' lang='lat' dir='ltr'><strong>sunt</strong></span> <span class='ocrx_word' id='word_1_209' title='bbox 598 2880 813 2950; x_wconf 75' lang='lat' dir='ltr'><strong>(Matth.</strong></span> <span class='ocrx_word' id='word_1_210' title='bbox 852 2901 906 2945; x_wconf 81' lang='lat' dir='ltr'><strong>x,</strong></span> <span class='ocrx_word' id='word_1_211' title='bbox 939 2884 1059 2955; x_wconf 82' lang='grc'><strong>50).</strong></span> 
     </span>
    </p>
   </div>
   <div class='ocr_carea' id='block_1_32' title="bbox 295 2972 1817 3047">
    <p class='ocr_par' dir='ltr' id='par_1_32' title="bbox 295 2972 1817 3047">
     <span class='ocr_line' id='line_1_32' title="bbox 295 2972 1817 3047; baseline 0.006 -19"><span class='ocrx_word' id='word_1_212' title='bbox 295 2972 537 3041; x_wconf 87' lang='lat' dir='ltr'><strong>Collum,</strong></span> <span class='ocrx_word' id='word_1_213' title='bbox 565 2985 747 3032; x_wconf 86' lang='lat' dir='ltr'><strong>sancta</strong></span> <span class='ocrx_word' id='word_1_214' title='bbox 791 2978 1093 3047; x_wconf 87' lang='lat' dir='ltr'><strong>Scriptura,</strong></span> <span class='ocrx_word' id='word_1_215' title='bbox 1124 2991 1179 3033; x_wconf 87' lang='lat' dir='ltr'><strong>ut</strong></span> <span class='ocrx_word' id='word_1_216' title='bbox 1220 2980 1270 3034; x_wconf 91' lang='lat' dir='ltr'><strong>in</strong></span> <span class='ocrx_word' id='word_1_217' title='bbox 1301 2979 1538 3035; x_wconf 87' lang='lat' dir='ltr'><strong>Canticis</strong></span> <span class='ocrx_word' id='word_1_218' title='bbox 1570 2999 1581 3033; x_wconf 91' lang='lat'><strong>:</strong></span> <span class='ocrx_word' id='word_1_219' title='bbox 1617 2980 1817 3039; x_wconf 80' lang='lat' dir='ltr'><strong>Collum</strong></span> 
     </span>
    </p>
   </div>
   <div class='ocr_carea' id='block_1_33' title="bbox 225 3067 1817 3142">
    <p class='ocr_par' dir='ltr' id='par_1_33' title="bbox 225 3067 1817 3142">
     <span class='ocr_line' id='line_1_33' title="bbox 225 3067 1817 3142; baseline 0.005 -24"><span class='ocrx_word' id='word_1_220' title='bbox 225 3073 373 3118; x_wconf 88' lang='lat' dir='ltr'><strong>tuum</strong></span> <span class='ocrx_word' id='word_1_221' title='bbox 404 3067 539 3119; x_wconf 81' lang='lat' dir='ltr'><strong>sicut</strong></span> <span class='ocrx_word' id='word_1_222' title='bbox 569 3069 725 3122; x_wconf 89' lang='lat' dir='ltr'><strong>turris</strong></span> <span class='ocrx_word' id='word_1_223' title='bbox 751 3067 966 3132; x_wconf 88' lang='lat' dir='ltr'><strong>Libani,</strong></span> <span class='ocrx_word' id='word_1_224' title='bbox 998 3088 1061 3124; x_wconf 78' lang='lat' dir='ltr'><strong>ex</strong></span> <span class='ocrx_word' id='word_1_225' title='bbox 1090 3088 1187 3139; x_wconf 88' lang='lat' dir='ltr'><strong>quo</strong></span> <span class='ocrx_word' id='word_1_226' title='bbox 1220 3073 1440 3141; x_wconf 84' lang='lat' dir='ltr'><strong>pendent</strong></span> <span class='ocrx_word' id='word_1_227' title='bbox 1485 3071 1623 3127; x_wconf 86' lang='lat' dir='ltr'><strong>mille</strong></span> <span class='ocrx_word' id='word_1_228' title='bbox 1653 3073 1817 3142; x_wconf 85' lang='lat' dir='ltr'><strong>clypei</strong></span> 
     </span>
    </p>
   </div>
   <div class='ocr_carea' id='block_1_34' title="bbox 1951 474 3533 560">
    <p class='ocr_par' dir='ltr' id='par_1_34' title="bbox 1951 474 3533 560">
     <span class='ocr_line' id='line_1_34' title="bbox 1951 474 3533 560; baseline 0.016 -36"><span class='ocrx_word' id='word_1_229' title='bbox 1951 488 2065 526; x_wconf 88' lang='lat' dir='ltr'><strong>rum</strong></span> <span class='ocrx_word' id='word_1_230' title='bbox 2093 474 2265 530; x_wconf 83' lang='lat' dir='ltr'><strong>dentes</strong></span> <span class='ocrx_word' id='word_1_231' title='bbox 2296 494 2466 544; x_wconf 83' lang='lat' dir='ltr'><strong>meos;</strong></span> <span class='ocrx_word' id='word_1_232' title='bbox 2494 478 2687 536; x_wconf 86' lang='lat' dir='ltr'><strong>dentes</strong></span> <span class='ocrx_word' id='word_1_233' title='bbox 2709 484 2870 546; x_wconf 88' lang='lat' dir='ltr'><strong>enim,</strong></span> <span class='ocrx_word' id='word_1_234' title='bbox 2902 485 3111 556; x_wconf 77' lang='lat' dir='ltr'><strong>singula</strong></span> <span class='ocrx_word' id='word_1_235' title='bbox 3142 503 3262 558; x_wconf 72' lang='lat' dir='ltr'><strong>quas</strong></span> <span class='ocrx_word' id='word_1_236' title='bbox 3291 491 3533 560; x_wconf 76' lang='lat' dir='ltr'><strong>cogitant</strong></span> 
     </span>
    </p>
   </div>
   <div class='ocr_carea' id='block_1_35' title="bbox 1950 568 3530 644">
    <p class='ocr_par' dir='ltr' id='par_1_35' title="bbox 1950 568 3530 644">
     <span class='ocr_line' id='line_1_35' title="bbox 1950 568 3530 644; baseline 0.014 -26"><span class='ocrx_word' id='word_1_237' title='bbox 1950 568 2103 635; x_wconf 84' lang='lat' dir='ltr'><strong>quasi</strong></span> <span class='ocrx_word' id='word_1_238' title='bbox 2144 568 2487 638; x_wconf 84' lang='lat' dir='ltr'><strong>manducant,</strong></span> <span class='ocrx_word' id='word_1_239' title='bbox 2532 580 2588 628; x_wconf 86' lang='lat' dir='ltr'><strong>et</strong></span> <span class='ocrx_word' id='word_1_240' title='bbox 2627 576 3034 644; x_wconf 85' lang='lat' dir='ltr'><strong>comminuunt,</strong></span> <span class='ocrx_word' id='word_1_241' title='bbox 3073 588 3131 635; x_wconf 89' lang='lat' dir='ltr'><strong>et</strong></span> <span class='ocrx_word' id='word_1_242' title='bbox 3176 580 3242 635; x_wconf 89' lang='lat' dir='ltr'><strong>ad</strong></span> <span class='ocrx_word' id='word_1_243' title='bbox 3286 592 3530 640; x_wconf 83' lang='lat' dir='ltr'><strong>ventrem</strong></span> 
     </span>
    </p>
   </div>
   <div class='ocr_carea' id='block_1_36' title="bbox 1949 658 3529 739">
    <p class='ocr_par' dir='ltr' id='par_1_36' title="bbox 1949 658 3529 739">
     <span class='ocr_line' id='line_1_36' title="bbox 1949 658 3529 739; baseline 0.015 -29"><span class='ocrx_word' id='word_1_244' title='bbox 1949 658 2226 715; x_wconf 65' lang='lat' dir='ltr'><strong>memorias</strong></span> <span class='ocrx_word' id='word_1_245' title='bbox 2274 663 2668 719; x_wconf 85' lang='lat' dir='ltr'><strong>transmittunt.</strong></span> <span class='ocrx_word' id='word_1_246' title='bbox 2694 667 2891 722; x_wconf 67' lang='lat' dir='ltr'><strong>Axilla:</strong></span> <span class='ocrx_word' id='word_1_247' title='bbox 2921 686 3039 739; x_wconf 78' lang='lat' dir='ltr'><strong>qua:</strong></span> <span class='ocrx_word' id='word_1_248' title='bbox 3071 683 3195 726; x_wconf 86' lang='lat' dir='ltr'><strong>sunt</strong></span> <span class='ocrx_word' id='word_1_249' title='bbox 3226 673 3375 728; x_wconf 87' lang='lat' dir='ltr'><strong>initia</strong></span> <span class='ocrx_word' id='word_1_250' title='bbox 3403 676 3529 732; x_wconf 82' lang='lat' dir='ltr'><strong>bra-</strong></span> 
     </span>
    </p>
   </div>
   <div class='ocr_carea' id='block_1_37' title="bbox 1948 747 3526 838">
    <p class='ocr_par' dir='ltr' id='par_1_37' title="bbox 1948 747 3526 838">
     <span class='ocr_line' id='line_1_37' title="bbox 1948 747 3526 838; baseline 0.013 -35"><span class='ocrx_word' id='word_1_251' title='bbox 1948 747 2196 805; x_wconf 85' lang='lat' dir='ltr'><strong>chiorum</strong></span> <span class='ocrx_word' id='word_1_252' title='bbox 2222 792 2236 817; x_wconf 91' lang='lat'><strong>,</strong></span> <span class='ocrx_word' id='word_1_253' title='bbox 2279 754 2585 822; x_wconf 77' lang='lat' dir='ltr'><strong>signiﬁcant</strong></span> <span class='ocrx_word' id='word_1_254' title='bbox 2630 757 2892 815; x_wconf 88' lang='lat' dir='ltr'><strong>bonorum</strong></span> <span class='ocrx_word' id='word_1_255' title='bbox 2936 777 3162 832; x_wconf 82' lang='lat' dir='ltr'><strong>Operam</strong></span> <span class='ocrx_word' id='word_1_256' title='bbox 3204 767 3526 838; x_wconf 79' lang='lat' dir='ltr'><strong>exordium,</strong></span> 
     </span>
    </p>
   </div>
   <div class='ocr_carea' id='block_1_38' title="bbox 1946 845 3528 925">
    <p class='ocr_par' dir='ltr' id='par_1_38' title="bbox 1946 845 3528 925">
     <span class='ocr_line' id='line_1_38' title="bbox 1946 845 3528 925; baseline 0.013 -31"><span class='ocrx_word' id='word_1_257' title='bbox 1946 857 2077 910; x_wconf 84' lang='lat' dir='ltr'><strong>quas</strong></span> <span class='ocrx_word' id='word_1_258' title='bbox 2110 859 2217 898; x_wconf 87' lang='lat' dir='ltr'><strong>non</strong></span> <span class='ocrx_word' id='word_1_259' title='bbox 2240 845 2473 902; x_wconf 81' lang='lat' dir='ltr'><strong>movisse</strong></span> <span class='ocrx_word' id='word_1_260' title='bbox 2506 848 2673 917; x_wconf 80' lang='lat' dir='ltr'><strong>pigro,</strong></span> <span class='ocrx_word' id='word_1_261' title='bbox 2703 850 3029 922; x_wconf 87' lang='lat' dir='ltr'><strong>sicimputat</strong></span> <span class='ocrx_word' id='word_1_262' title='bbox 3053 855 3332 925; x_wconf 81' lang='lat' dir='ltr'><strong>Scriptura</strong></span> <span class='ocrx_word' id='word_1_263' title='bbox 3374 878 3386 912; x_wconf 89' lang='lat'><strong>:</strong></span> <span class='ocrx_word' id='word_1_264' title='bbox 3421 861 3528 914; x_wconf 86' lang='lat' dir='ltr'><strong>Ab-</strong></span> 
     </span>
    </p>
   </div>
   <div class='ocr_carea' id='block_1_39' title="bbox 1943 936 3524 1023">
    <p class='ocr_par' dir='ltr' id='par_1_39' title="bbox 1943 936 3524 1023">
     <span class='ocr_line' id='line_1_39' title="bbox 1943 936 3524 1023; baseline 0.013 -36"><span class='ocrx_word' id='word_1_265' title='bbox 1943 936 2142 988; x_wconf 85' lang='lat' dir='ltr'><strong>scondit</strong></span> <span class='ocrx_word' id='word_1_266' title='bbox 2172 939 2316 1009; x_wconf 85' lang='lat' dir='ltr'><strong>piger</strong></span> <span class='ocrx_word' id='word_1_267' title='bbox 2342 956 2549 995; x_wconf 84' lang='lat' dir='ltr'><strong>manum</strong></span> <span class='ocrx_word' id='word_1_268' title='bbox 2578 957 2722 996; x_wconf 90' lang='lat' dir='ltr'><strong>suam</strong></span> <span class='ocrx_word' id='word_1_269' title='bbox 2751 946 2839 999; x_wconf 88' lang='lat' dir='ltr'><strong>sub</strong></span> <span class='ocrx_word' id='word_1_270' title='bbox 2869 947 3031 1000; x_wconf 59' lang='lat' dir='ltr'><strong>anilla</strong></span> <span class='ocrx_word' id='word_1_271' title='bbox 3057 945 3238 1021; x_wconf 82' lang='lat' dir='ltr'><strong>(Prov.</strong></span> <span class='ocrx_word' id='word_1_272' title='bbox 3263 966 3375 1019; x_wconf 76' lang='lat' dir='ltr'><strong>nx,</strong></span> <span class='ocrx_word' id='word_1_273' title='bbox 3409 951 3524 1023; x_wconf 73' lang='grc'><strong>24).</strong></span> 
     </span>
    </p>
   </div>
   <div class='ocr_carea' id='block_1_40' title="bbox 2015 1028 3524 1108">
    <p class='ocr_par' dir='ltr' id='par_1_40' title="bbox 2015 1028 3524 1108">
     <span class='ocr_line' id='line_1_40' title="bbox 2015 1028 3524 1108; baseline 0.012 -26"><span class='ocrx_word' id='word_1_274' title='bbox 2015 1028 2259 1093; x_wconf 86' lang='lat' dir='ltr'><strong>Humeri,</strong></span> <span class='ocrx_word' id='word_1_275' title='bbox 2290 1030 2548 1086; x_wconf 80' lang='lat' dir='ltr'><strong>fortitudo</strong></span> <span class='ocrx_word' id='word_1_276' title='bbox 2577 1036 2837 1103; x_wconf 79' lang='lat' dir='ltr'><strong>portantis</strong></span> <span class='ocrx_word' id='word_1_277' title='bbox 2863 1054 2878 1101; x_wconf 87' lang='lat'>;</span> <span class='ocrx_word' id='word_1_278' title='bbox 2922 1040 3183 1108; x_wconf 79' lang='lat' dir='ltr'><strong>propheta</strong></span> <span class='ocrx_word' id='word_1_279' title='bbox 3205 1041 3272 1096; x_wconf 88' lang='lat' dir='ltr'><strong>de</strong></span> <span class='ocrx_word' id='word_1_280' title='bbox 3298 1042 3524 1101; x_wconf 89' lang='lat' dir='ltr'><strong>Domino</strong></span> 
     </span>
    </p>
   </div>
   <div class='ocr_carea' id='block_1_41' title="bbox 1941 1124 3519 1203">
    <p class='ocr_par' dir='ltr' id='par_1_41' title="bbox 1941 1124 3519 1203">
     <span class='ocr_line' id='line_1_41' title="bbox 1941 1124 3519 1203; baseline 0.011 -31"><span class='ocrx_word' id='word_1_281' title='bbox 1941 1135 2155 1176; x_wconf 88' lang='lat' dir='ltr'><strong>crucem</strong></span> <span class='ocrx_word' id='word_1_282' title='bbox 2172 1131 2450 1191; x_wconf 78' lang='lat' dir='ltr'><strong>portatura</strong></span> <span class='ocrx_word' id='word_1_283' title='bbox 2468 1143 2479 1177; x_wconf 90' lang='lat'><strong>:</strong></span> <span class='ocrx_word' id='word_1_284' title='bbox 2498 1124 2735 1182; x_wconf 80' lang='lat' dir='ltr'><strong>Potestas</strong></span> <span class='ocrx_word' id='word_1_285' title='bbox 2758 1145 2909 1199; x_wconf 87' lang='lat' dir='ltr'><strong>super</strong></span> <span class='ocrx_word' id='word_1_286' title='bbox 2928 1129 3198 1186; x_wconf 80' lang='lat' dir='ltr'><strong>humerum</strong></span> <span class='ocrx_word' id='word_1_287' title='bbox 3213 1136 3324 1203; x_wconf 86' lang='lat' dir='ltr'><strong>ejus</strong></span> <span class='ocrx_word' id='word_1_288' title='bbox 3361 1133 3519 1203; x_wconf 82' lang='lat' dir='ltr'><strong>(Isai.</strong></span> 
     </span>
    </p>
   </div>
   <div class='ocr_carea' id='block_1_42' title="bbox 1940 1212 3521 1287">
    <p class='ocr_par' dir='ltr' id='par_1_42' title="bbox 1940 1212 3521 1287">
     <span class='ocr_line' id='line_1_42' title="bbox 1940 1212 3521 1287; baseline 0.011 -24"><span class='ocrx_word' id='word_1_289' title='bbox 1940 1226 2015 1278; x_wconf 87' lang='lat' dir='ltr'><strong>tx,</strong></span> <span class='ocrx_word' id='word_1_290' title='bbox 2049 1212 2127 1279; x_wconf 85' lang='lat'><strong>6).</strong></span> <span class='ocrx_word' id='word_1_291' title='bbox 2153 1214 2360 1282; x_wconf 83' lang='lat' dir='ltr'><strong>Manus,</strong></span> <span class='ocrx_word' id='word_1_292' title='bbox 2386 1231 2543 1285; x_wconf 88' lang='lat' dir='ltr'><strong>opus.</strong></span> <span class='ocrx_word' id='word_1_293' title='bbox 2575 1218 2630 1271; x_wconf 90' lang='lat' dir='ltr'><strong>lu</strong></span> <span class='ocrx_word' id='word_1_294' title='bbox 2662 1220 2895 1287; x_wconf 77' lang='lat' dir='ltr'><strong>psalmo:</strong></span> <span class='ocrx_word' id='word_1_295' title='bbox 2916 1221 2979 1276; x_wconf 86' lang='lat' dir='ltr'><strong>Et</strong></span> <span class='ocrx_word' id='word_1_296' title='bbox 3001 1224 3102 1277; x_wconf 85' lang='lat' dir='ltr'><strong>lavi</strong></span> <span class='ocrx_word' id='word_1_297' title='bbox 3130 1224 3263 1277; x_wconf 89' lang='lat' dir='ltr'><strong>inter</strong></span> <span class='ocrx_word' id='word_1_298' title='bbox 3282 1226 3521 1281; x_wconf 85' lang='lat' dir='ltr'><strong>innocen-</strong></span> 
     </span>
    </p>
   </div>
   <div class='ocr_carea' id='block_1_43' title="bbox 1940 1306 3519 1383">
    <p class='ocr_par' dir='ltr' id='par_1_43' title="bbox 1940 1306 3519 1383">
     <span class='ocr_line' id='line_1_43' title="bbox 1940 1306 3519 1383; baseline 0.013 -29"><span class='ocrx_word' id='word_1_299' title='bbox 1940 1311 2010 1356; x_wconf 87' lang='lat' dir='ltr'><strong>tes</strong></span> <span class='ocrx_word' id='word_1_300' title='bbox 2035 1320 2215 1358; x_wconf 84' lang='lat' dir='ltr'><strong>manus</strong></span> <span class='ocrx_word' id='word_1_301' title='bbox 2243 1306 2513 1377; x_wconf 87' lang='lat' dir='ltr'><strong>meas(Ps.</strong></span> <span class='ocrx_word' id='word_1_302' title='bbox 2547 1325 2678 1375; x_wconf 78' lang='lat' dir='ltr'><strong>xxv,</strong></span> <span class='ocrx_word' id='word_1_303' title='bbox 2713 1312 2766 1381; x_wconf 82' lang='lat'><strong>6)</strong></span> <span class='ocrx_word' id='word_1_304' title='bbox 2795 1329 2807 1376; x_wconf 90' lang='lat'><strong>;</strong></span> <span class='ocrx_word' id='word_1_305' title='bbox 2841 1323 2894 1367; x_wconf 86' lang='lat' dir='ltr'><strong>et</strong></span> <span class='ocrx_word' id='word_1_306' title='bbox 2917 1322 3265 1383; x_wconf 86' lang='lat' dir='ltr'><strong>potestas,ut</strong></span> <span class='ocrx_word' id='word_1_307' title='bbox 3292 1334 3303 1369; x_wconf 94' lang='lat'><strong>:</strong></span> <span class='ocrx_word' id='word_1_308' title='bbox 3330 1318 3519 1375; x_wconf 78' lang='lat' dir='ltr'><strong>Manus</strong></span> 
     </span>
    </p>
   </div>
   <div class='ocr_carea' id='block_1_44' title="bbox 1937 1398 3517 1477">
    <p class='ocr_par' dir='ltr' id='par_1_44' title="bbox 1937 1398 3517 1477">
     <span class='ocr_line' id='line_1_44' title="bbox 1937 1398 3517 1477; baseline 0.011 -29"><span class='ocrx_word' id='word_1_309' title='bbox 1937 1405 2039 1449; x_wconf 81' lang='lat' dir='ltr'><strong>tute</strong></span> <span class='ocrx_word' id='word_1_310' title='bbox 2066 1399 2293 1466; x_wconf 76' lang='lat' dir='ltr'><strong>fecerunt</strong></span> <span class='ocrx_word' id='word_1_311' title='bbox 2318 1415 2395 1454; x_wconf 87' lang='lat' dir='ltr'><strong>me</strong></span> <span class='ocrx_word' id='word_1_312' title='bbox 2422 1398 2538 1470; x_wconf 90' lang='lat' dir='ltr'><strong>(Ps.</strong></span> <span class='ocrx_word' id='word_1_313' title='bbox 2570 1404 2877 1475; x_wconf 78' lang='lat' dir='ltr'><strong>cxvut,73).</strong></span> <span class='ocrx_word' id='word_1_314' title='bbox 2900 1407 3149 1473; x_wconf 80' lang='lat' dir='ltr'><strong>Dextera,</strong></span> <span class='ocrx_word' id='word_1_315' title='bbox 3174 1423 3336 1477; x_wconf 85' lang='lat' dir='ltr'><strong>opera</strong></span> <span class='ocrx_word' id='word_1_316' title='bbox 3354 1410 3517 1466; x_wconf 82' lang='lat' dir='ltr'><strong>bona.</strong></span> 
     </span>
    </p>
   </div>
   <div class='ocr_carea' id='block_1_45' title="bbox 1938 1487 3519 1569">
    <p class='ocr_par' dir='ltr' id='par_1_45' title="bbox 1938 1487 3519 1569">
     <span class='ocr_line' id='line_1_45' title="bbox 1938 1487 3519 1569; baseline 0.01 -28"><span class='ocrx_word' id='word_1_317' title='bbox 1938 1488 1993 1543; x_wconf 86' lang='lat' dir='ltr'><strong>In</strong></span> <span class='ocrx_word' id='word_1_318' title='bbox 2024 1487 2355 1558; x_wconf 80' lang='lat' dir='ltr'><strong>Evangelio:</strong></span> <span class='ocrx_word' id='word_1_319' title='bbox 2394 1491 2603 1547; x_wconf 75' lang='lat' dir='ltr'><strong>[Vescial</strong></span> <span class='ocrx_word' id='word_1_320' title='bbox 2632 1496 2840 1549; x_wconf 78' lang='lat' dir='ltr'><strong>sinistra</strong></span> <span class='ocrx_word' id='word_1_321' title='bbox 2864 1506 2952 1551; x_wconf 85' lang='lat' dir='ltr'><strong>tua</strong></span> <span class='ocrx_word' id='word_1_322' title='bbox 2988 1500 3108 1569; x_wconf 85' lang='lat' dir='ltr'><strong>quid</strong></span> <span class='ocrx_word' id='word_1_323' title='bbox 3147 1500 3304 1568; x_wconf 79' lang='lat' dir='ltr'><strong>faciat</strong></span> <span class='ocrx_word' id='word_1_324' title='bbox 3340 1487 3519 1557; x_wconf 55' lang='lat' dir='ltr'><strong>deétra</strong></span> 
     </span>
    </p>
   </div>
   <div class='ocr_carea' id='block_1_46' title="bbox 1935 1576 3517 1659">
    <p class='ocr_par' dir='ltr' id='par_1_46' title="bbox 1935 1576 3517 1659">
     <span class='ocr_line' id='line_1_46' title="bbox 1935 1576 3517 1659; baseline 0.012 -28"><span class='ocrx_word' id='word_1_325' title='bbox 1935 1588 2021 1632; x_wconf 87' lang='lat' dir='ltr'><strong>tua</strong></span> <span class='ocrx_word' id='word_1_326' title='bbox 2051 1580 2262 1649; x_wconf 82' lang='lat' dir='ltr'><strong>(Matth.</strong></span> <span class='ocrx_word' id='word_1_327' title='bbox 2298 1599 2370 1648; x_wconf 80' lang='lat' dir='ltr'><strong>vr,</strong></span> <span class='ocrx_word' id='word_1_328' title='bbox 2404 1585 2479 1651; x_wconf 77' lang='grc'><strong>5).</strong></span> <span class='ocrx_word' id='word_1_329' title='bbox 2514 1584 2766 1655; x_wconf 84' lang='lat' dir='ltr'><strong>Sinistra,</strong></span> <span class='ocrx_word' id='word_1_330' title='bbox 2803 1604 2969 1659; x_wconf 88' lang='lat' dir='ltr'><strong>opera</strong></span> <span class='ocrx_word' id='word_1_331' title='bbox 3000 1607 3107 1647; x_wconf 87' lang='lat' dir='ltr'><strong>non</strong></span> <span class='ocrx_word' id='word_1_332' title='bbox 3136 1592 3275 1648; x_wconf 87' lang='lat' dir='ltr'><strong>bona</strong></span> <span class='ocrx_word' id='word_1_333' title='bbox 3299 1637 3314 1659; x_wconf 90' lang='lat'><strong>,</strong></span> <span class='ocrx_word' id='word_1_334' title='bbox 3346 1576 3517 1649; x_wconf 50' lang='lat' dir='ltr'><strong>utsu;</strong></span> 
     </span>
    </p>
   </div>
   <div class='ocr_carea' id='block_1_47' title="bbox 1934 1672 3517 1755">
    <p class='ocr_par' dir='ltr' id='par_1_47' title="bbox 1934 1672 3517 1755">
     <span class='ocr_line' id='line_1_47' title="bbox 1934 1672 3517 1755; baseline 0.01 -31"><span class='ocrx_word' id='word_1_335' title='bbox 1934 1685 2045 1739; x_wconf 89' lang='lat' dir='ltr'><strong>pra.</strong></span> <span class='ocrx_word' id='word_1_336' title='bbox 2100 1672 2297 1729; x_wconf 75' lang='lat' dir='ltr'><strong>Dextra</strong></span> <span class='ocrx_word' id='word_1_337' title='bbox 2321 1675 2482 1731; x_wconf 87' lang='lat' dir='ltr'><strong>etiam</strong></span> <span class='ocrx_word' id='word_1_338' title='bbox 2514 1677 2619 1731; x_wconf 89' lang='lat' dir='ltr'><strong>vita</strong></span> <span class='ocrx_word' id='word_1_339' title='bbox 2654 1688 2886 1749; x_wconf 68' lang='lat' dir='ltr'><strong>aeterna,</strong></span> <span class='ocrx_word' id='word_1_340' title='bbox 2920 1682 3137 1739; x_wconf 87' lang='lat' dir='ltr'><strong>sinistra</strong></span> <span class='ocrx_word' id='word_1_341' title='bbox 3167 1694 3345 1741; x_wconf 88' lang='lat' dir='ltr'><strong>autem</strong></span> <span class='ocrx_word' id='word_1_342' title='bbox 3376 1701 3517 1755; x_wconf 68' lang='lat' dir='ltr'><strong>prse-</strong></span> 
     </span>
    </p>
   </div>
   <div class='ocr_carea' id='block_1_48' title="bbox 1860 1767 3518 1844">
    <p class='ocr_par' dir='ltr' id='par_1_48' title="bbox 1860 1767 3518 1844">
     <span class='ocr_line' id='line_1_48' title="bbox 1860 1767 3518 1844; baseline 0.01 -28"><span class='ocrx_word' id='word_1_343' title='bbox 1860 1767 1908 1837; x_wconf 71' lang='lat' dir='ltr'><strong>B</strong></span> <span class='ocrx_word' id='word_1_344' title='bbox 1938 1779 2083 1833; x_wconf 83' lang='lat' dir='ltr'><strong>sens,</strong></span> <span class='ocrx_word' id='word_1_345' title='bbox 2108 1776 2167 1820; x_wconf 89' lang='lat' dir='ltr'><strong>ut</strong></span> <span class='ocrx_word' id='word_1_346' title='bbox 2215 1767 2348 1821; x_wconf 90' lang='lat' dir='ltr'><strong>illud</strong></span> <span class='ocrx_word' id='word_1_347' title='bbox 2392 1786 2404 1821; x_wconf 88' lang='lat'><strong>:</strong></span> <span class='ocrx_word' id='word_1_348' title='bbox 2449 1769 2600 1825; x_wconf 80' lang='lat' dir='ltr'><strong>Lazva</strong></span> <span class='ocrx_word' id='word_1_349' title='bbox 2637 1775 2750 1843; x_wconf 88' lang='lat' dir='ltr'><strong>ejus</strong></span> <span class='ocrx_word' id='word_1_350' title='bbox 2784 1774 2873 1827; x_wconf 87' lang='lat' dir='ltr'><strong>sub</strong></span> <span class='ocrx_word' id='word_1_351' title='bbox 2904 1777 3071 1844; x_wconf 85' lang='lat' dir='ltr'><strong>capite</strong></span> <span class='ocrx_word' id='word_1_352' title='bbox 3100 1792 3230 1843; x_wconf 89' lang='lat' dir='ltr'><strong>meo,</strong></span> <span class='ocrx_word' id='word_1_353' title='bbox 3256 1786 3305 1834; x_wconf 89' lang='lat' dir='ltr'><strong>et</strong></span> <span class='ocrx_word' id='word_1_354' title='bbox 3333 1778 3518 1834; x_wconf 76' lang='lat' dir='ltr'><strong>dextra</strong></span> 
     </span>
    </p>
   </div>
   <div class='ocr_carea' id='block_1_49' title="bbox 1928 1856 2998 1937">
    <p class='ocr_par' dir='ltr' id='par_1_49' title="bbox 1928 1856 2998 1937">
     <span class='ocr_line' id='line_1_49' title="bbox 1928 1856 2998 1937; baseline 0.011 -29"><span class='ocrx_word' id='word_1_355' title='bbox 1928 1856 2069 1909; x_wconf 86' lang='lat' dir='ltr'><strong>illius</strong></span> <span class='ocrx_word' id='word_1_356' title='bbox 2097 1858 2477 1928; x_wconf 73' lang='lat' dir='ltr'><strong>amplexabitur</strong></span> <span class='ocrx_word' id='word_1_357' title='bbox 2508 1878 2587 1915; x_wconf 89' lang='lat' dir='ltr'><strong>me</strong></span> <span class='ocrx_word' id='word_1_358' title='bbox 2614 1860 2790 1934; x_wconf 84' lang='lat' dir='ltr'><strong>(Cant.</strong></span> <span class='ocrx_word' id='word_1_359' title='bbox 2824 1881 2882 1931; x_wconf 89' lang='grc' dir='ltr'>ιι,</span> <span class='ocrx_word' id='word_1_360' title='bbox 2920 1866 2998 1937; x_wconf 89' lang='lat'><strong>6).</strong></span> 
     </span>
    </p>
   </div>
   <div class='ocr_carea' id='block_1_50' title="bbox 1998 1948 3516 2030">
    <p class='ocr_par' dir='ltr' id='par_1_50' title="bbox 1998 1948 3516 2030">
     <span class='ocr_line' id='line_1_50' title="bbox 1998 1948 3516 2030; baseline 0.011 -28"><span class='ocrx_word' id='word_1_361' title='bbox 1998 1948 2213 2018; x_wconf 89' lang='lat' dir='ltr'><strong>Pectus,</strong></span> <span class='ocrx_word' id='word_1_362' title='bbox 2246 1954 2903 2024; x_wconf 48' lang='lat' dir='ltr'><strong>arcanumiutelligentias.</strong></span> <span class='ocrx_word' id='word_1_363' title='bbox 2939 1957 2993 2012; x_wconf 90' lang='lat' dir='ltr'><strong>In</strong></span> <span class='ocrx_word' id='word_1_364' title='bbox 3026 1959 3315 2030; x_wconf 79' lang='lat' dir='ltr'><strong>Evangelio</strong></span> <span class='ocrx_word' id='word_1_365' title='bbox 3347 1976 3360 2016; x_wconf 94' lang='lat'><strong>:</strong></span> <span class='ocrx_word' id='word_1_366' title='bbox 3392 1958 3516 2017; x_wconf 87' lang='lat' dir='ltr'><strong>Dis-</strong></span> 
     </span>
    </p>
   </div>
   <div class='ocr_carea' id='block_1_51' title="bbox 1927 2040 3513 2123">
    <p class='ocr_par' dir='ltr' id='par_1_51' title="bbox 1927 2040 3513 2123">
     <span class='ocr_line' id='line_1_51' title="bbox 1927 2040 3513 2123; baseline 0.008 -30"><span class='ocrx_word' id='word_1_367' title='bbox 1927 2040 2188 2095; x_wconf 86' lang='lat' dir='ltr'><strong>cuntbebat</strong></span> <span class='ocrx_word' id='word_1_368' title='bbox 2217 2052 2382 2096; x_wconf 89' lang='lat' dir='ltr'><strong>autem</strong></span> <span class='ocrx_word' id='word_1_369' title='bbox 2413 2060 2565 2113; x_wconf 82' lang='lat' dir='ltr'><strong>super</strong></span> <span class='ocrx_word' id='word_1_370' title='bbox 2595 2055 2766 2113; x_wconf 81' lang='lat' dir='ltr'><strong>pectus</strong></span> <span class='ocrx_word' id='word_1_371' title='bbox 2798 2046 3007 2102; x_wconf 80' lang='lat' dir='ltr'><strong>Domini</strong></span> <span class='ocrx_word' id='word_1_372' title='bbox 3034 2050 3338 2121; x_wconf 75' lang='lat' dir='ltr'><strong>discipulus,</strong></span> <span class='ocrx_word' id='word_1_373' title='bbox 3363 2068 3513 2123; x_wconf 85' lang='lat' dir='ltr'><strong>quem</strong></span> 
     </span>
    </p>
   </div>
   <div class='ocr_carea' id='block_1_52' title="bbox 1926 2132 3513 2212">
    <p class='ocr_par' dir='ltr' id='par_1_52' title="bbox 1926 2132 3513 2212">
     <span class='ocr_line' id='line_1_52' title="bbox 1926 2132 3513 2212; baseline 0.009 -25"><span class='ocrx_word' id='word_1_374' title='bbox 1926 2132 2078 2187; x_wconf 75' lang='lat' dir='ltr'><strong>Iesus</strong></span> <span class='ocrx_word' id='word_1_375' title='bbox 2103 2134 2304 2188; x_wconf 90' lang='lat' dir='ltr'><strong>amabat</strong></span> <span class='ocrx_word' id='word_1_376' title='bbox 2331 2136 2614 2206; x_wconf 88' lang='lat' dir='ltr'><strong>plurimum</strong></span> <span class='ocrx_word' id='word_1_377' title='bbox 2646 2138 2663 2209; x_wconf 95' lang='lat'><strong>(</strong></span> <span class='ocrx_word' id='word_1_378' title='bbox 2686 2138 2843 2193; x_wconf 83' lang='lat' dir='ltr'><strong>Joan.</strong></span> <span class='ocrx_word' id='word_1_379' title='bbox 2867 2156 2982 2206; x_wconf 78' lang='lat' dir='ltr'><strong>xm,</strong></span> <span class='ocrx_word' id='word_1_380' title='bbox 3006 2141 3122 2212; x_wconf 75' lang='grc'><strong>25).</strong></span> <span class='ocrx_word' id='word_1_381' title='bbox 3154 2143 3354 2200; x_wconf 82' lang='lat' dir='ltr'><strong>Venter</strong></span> <span class='ocrx_word' id='word_1_382' title='bbox 3374 2187 3387 2209; x_wconf 94' lang='lat'><strong>,</strong></span> <span class='ocrx_word' id='word_1_383' title='bbox 3421 2162 3513 2201; x_wconf 85' lang='lat' dir='ltr'><strong>ca-</strong></span> 
     </span>
    </p>
   </div>
   <div class='ocr_carea' id='block_1_53' title="bbox 1928 2226 3511 2296">
    <p class='ocr_par' dir='ltr' id='par_1_53' title="bbox 1928 2226 3511 2296">
     <span class='ocr_line' id='line_1_53' title="bbox 1928 2226 3511 2296; baseline 0.009 -17"><span class='ocrx_word' id='word_1_384' title='bbox 1928 2226 2130 2296; x_wconf 89' lang='lat' dir='ltr'><strong>pacitas</strong></span> <span class='ocrx_word' id='word_1_385' title='bbox 2162 2227 2410 2283; x_wconf 80' lang='lat' dir='ltr'><strong>rationis.</strong></span> <span class='ocrx_word' id='word_1_386' title='bbox 2438 2228 2494 2282; x_wconf 91' lang='lat' dir='ltr'><strong>In</strong></span> <span class='ocrx_word' id='word_1_387' title='bbox 2549 2230 2798 2285; x_wconf 83' lang='lat' dir='ltr'><strong>Ilabacuc</strong></span> <span class='ocrx_word' id='word_1_388' title='bbox 2833 2250 2844 2285; x_wconf 89' lang='lat'><strong>:</strong></span> <span class='ocrx_word' id='word_1_389' title='bbox 2878 2231 3061 2287; x_wconf 84' lang='lat' dir='ltr'><strong>Venter</strong></span> <span class='ocrx_word' id='word_1_390' title='bbox 3098 2251 3238 2290; x_wconf 86' lang='lat' dir='ltr'><strong>meus</strong></span> <span class='ocrx_word' id='word_1_391' title='bbox 3286 2238 3511 2293; x_wconf 85' lang='lat' dir='ltr'><strong>turbatus</strong></span> 
     </span>
    </p>
   </div>
   <div class='ocr_carea' id='block_1_54' title="bbox 1926 2320 3510 2397">
    <p class='ocr_par' dir='ltr' id='par_1_54' title="bbox 1926 2320 3510 2397">
     <span class='ocr_line' id='line_1_54' title="bbox 1926 2320 3510 2397; baseline 0.01 -25"><span class='ocrx_word' id='word_1_392' title='bbox 1926 2330 1996 2373; x_wconf 86' lang='lat' dir='ltr'><strong>est</strong></span> <span class='ocrx_word' id='word_1_393' title='bbox 2027 2320 2078 2374; x_wconf 90' lang='lat' dir='ltr'><strong>in</strong></span> <span class='ocrx_word' id='word_1_394' title='bbox 2109 2337 2185 2374; x_wconf 88' lang='lat' dir='ltr'><strong>me</strong></span> <span class='ocrx_word' id='word_1_395' title='bbox 2232 2320 2409 2393; x_wconf 86' lang='lat' dir='ltr'><strong>(Hab.</strong></span> <span class='ocrx_word' id='word_1_396' title='bbox 2440 2336 2529 2389; x_wconf 85' lang='grc' dir='ltr'>ιιι,</span> <span class='ocrx_word' id='word_1_397' title='bbox 2564 2322 2674 2395; x_wconf 87' lang='grc'><strong>16).</strong></span> <span class='ocrx_word' id='word_1_398' title='bbox 2698 2324 2900 2381; x_wconf 85' lang='lat' dir='ltr'><strong>Venter</strong></span> <span class='ocrx_word' id='word_1_399' title='bbox 2925 2328 3113 2393; x_wconf 89' lang='lat' dir='ltr'><strong>etiam,</strong></span> <span class='ocrx_word' id='word_1_400' title='bbox 3136 2345 3309 2397; x_wconf 87' lang='lat' dir='ltr'><strong>mens,</strong></span> <span class='ocrx_word' id='word_1_401' title='bbox 3334 2340 3391 2388; x_wconf 86' lang='lat' dir='ltr'><strong>ut</strong></span> <span class='ocrx_word' id='word_1_402' title='bbox 3419 2332 3510 2387; x_wconf 82' lang='lat' dir='ltr'><strong>Je-</strong></span> 
     </span>
    </p>
   </div>
   <div class='ocr_carea' id='block_1_55' title="bbox 1926 2412 3511 2493">
    <p class='ocr_par' dir='ltr' id='par_1_55' title="bbox 1926 2412 3511 2493">
     <span class='ocr_line' id='line_1_55' title="bbox 1926 2412 3511 2493; baseline 0.008 -26"><span class='ocrx_word' id='word_1_403' title='bbox 1926 2415 2159 2467; x_wconf 89' lang='lat' dir='ltr'><strong>remias:</strong></span> <span class='ocrx_word' id='word_1_404' title='bbox 2198 2412 2437 2470; x_wconf 87' lang='lat' dir='ltr'><strong>Ventrem</strong></span> <span class='ocrx_word' id='word_1_405' title='bbox 2468 2432 2631 2469; x_wconf 83' lang='lat' dir='ltr'><strong>meum</strong></span> <span class='ocrx_word' id='word_1_406' title='bbox 2663 2418 2810 2472; x_wconf 89' lang='lat' dir='ltr'><strong>doleo</strong></span> <span class='ocrx_word' id='word_1_407' title='bbox 2842 2419 2971 2490; x_wconf 84' lang='lat' dir='ltr'><strong>(Jer.</strong></span> <span class='ocrx_word' id='word_1_408' title='bbox 3007 2436 3079 2475; x_wconf 88' lang='lat' dir='ltr'><strong>tv.</strong></span> <span class='ocrx_word' id='word_1_409' title='bbox 3117 2420 3231 2493; x_wconf 86' lang='grc'><strong>19),</strong></span> <span class='ocrx_word' id='word_1_410' title='bbox 3265 2423 3407 2492; x_wconf 89' lang='lat' dir='ltr'><strong>quod</strong></span> <span class='ocrx_word' id='word_1_411' title='bbox 3440 2424 3511 2479; x_wconf 86' lang='lat' dir='ltr'><strong>de</strong></span> 
     </span>
    </p>
   </div>
   <div class='ocr_carea' id='block_1_56' title="bbox 1925 2503 3507 2584">
    <p class='ocr_par' dir='ltr' id='par_1_56' title="bbox 1925 2503 3507 2584">
     <span class='ocr_line' id='line_1_56' title="bbox 1925 2503 3507 2584; baseline 0.004 -24"><span class='ocrx_word' id='word_1_412' title='bbox 1925 2503 2153 2573; x_wconf 73' lang='lat' dir='ltr'><strong>epiritali</strong></span> <span class='ocrx_word' id='word_1_413' title='bbox 2199 2515 2253 2560; x_wconf 91' lang='lat' dir='ltr'><strong>et</strong></span> <span class='ocrx_word' id='word_1_414' title='bbox 2302 2521 2409 2561; x_wconf 91' lang='lat' dir='ltr'><strong>non</strong></span> <span class='ocrx_word' id='word_1_415' title='bbox 2459 2522 2723 2577; x_wconf 89' lang='lat' dir='ltr'><strong>corporeo</strong></span> <span class='ocrx_word' id='word_1_416' title='bbox 2775 2522 2965 2565; x_wconf 88' lang='lat' dir='ltr'><strong>ventre</strong></span> <span class='ocrx_word' id='word_1_417' title='bbox 3010 2512 3184 2579; x_wconf 76' lang='lat' dir='ltr'><strong>dixit,</strong></span> <span class='ocrx_word' id='word_1_418' title='bbox 3212 2514 3457 2584; x_wconf 70' lang='lat' dir='ltr'><strong>adiungit</strong></span> <span class='ocrx_word' id='word_1_419' title='bbox 3491 2534 3507 2567; x_wconf 86' lang='lat'><strong>:</strong></span> 
     </span>
    </p>
   </div>
   <div class='ocr_carea' id='block_1_57' title="bbox 1927 2594 3511 2673">
    <p class='ocr_par' dir='ltr' id='par_1_57' title="bbox 1927 2594 3511 2673">
     <span class='ocr_line' id='line_1_57' title="bbox 1927 2594 3511 2673; baseline 0.008 -22"><span class='ocrx_word' id='word_1_420' title='bbox 1927 2594 2118 2651; x_wconf 82' lang='lat' dir='ltr'><strong>Sensus</strong></span> <span class='ocrx_word' id='word_1_421' title='bbox 2148 2598 2318 2652; x_wconf 87' lang='lat' dir='ltr'><strong>cordis</strong></span> <span class='ocrx_word' id='word_1_422' title='bbox 2349 2599 2446 2652; x_wconf 90' lang='lat' dir='ltr'><strong>mei</strong></span> <span class='ocrx_word' id='word_1_423' title='bbox 2472 2602 2757 2655; x_wconf 87' lang='lat' dir='ltr'><strong>conturbati</strong></span> <span class='ocrx_word' id='word_1_424' title='bbox 2788 2601 3133 2673; x_wconf 80' lang='lat' dir='ltr'><strong>sunt(lbid.).</strong></span> <span class='ocrx_word' id='word_1_425' title='bbox 3161 2605 3227 2659; x_wconf 87' lang='lat' dir='ltr'><strong>Et</strong></span> <span class='ocrx_word' id='word_1_426' title='bbox 3247 2606 3511 2663; x_wconf 83' lang='lat' dir='ltr'><strong>Dominus</strong></span> 
     </span>
    </p>
   </div>
   <div class='ocr_carea' id='block_1_58' title="bbox 1924 2690 3509 2767">
    <p class='ocr_par' dir='ltr' id='par_1_58' title="bbox 1924 2690 3509 2767">
     <span class='ocr_line' id='line_1_58' title="bbox 1924 2690 3509 2767; baseline 0.005 -22"><span class='ocrx_word' id='word_1_427' title='bbox 1924 2690 1977 2745; x_wconf 84' lang='lat' dir='ltr'><strong>in</strong></span> <span class='ocrx_word' id='word_1_428' title='bbox 2019 2692 2309 2762; x_wconf 77' lang='lat' dir='ltr'><strong>Evangelia</strong></span> <span class='ocrx_word' id='word_1_429' title='bbox 2348 2709 2363 2748; x_wconf 87' lang='lat'><strong>:</strong></span> <span class='ocrx_word' id='word_1_430' title='bbox 2402 2692 2501 2759; x_wconf 86' lang='lat' dir='ltr'><strong>Qui</strong></span> <span class='ocrx_word' id='word_1_431' title='bbox 2541 2697 2703 2749; x_wconf 85' lang='lat' dir='ltr'><strong>credit</strong></span> <span class='ocrx_word' id='word_1_432' title='bbox 2741 2696 2794 2749; x_wconf 89' lang='lat' dir='ltr'><strong>in</strong></span> <span class='ocrx_word' id='word_1_433' title='bbox 2838 2713 2942 2763; x_wconf 90' lang='lat' dir='ltr'><strong>me,</strong></span> <span class='ocrx_word' id='word_1_434' title='bbox 2983 2700 3198 2767; x_wconf 84' lang='lat' dir='ltr'><strong>ﬂumina</strong></span> <span class='ocrx_word' id='word_1_435' title='bbox 3236 2700 3299 2752; x_wconf 88' lang='lat' dir='ltr'><strong>de</strong></span> <span class='ocrx_word' id='word_1_436' title='bbox 3340 2710 3509 2754; x_wconf 82' lang='lat' dir='ltr'><strong>ventre</strong></span> 
     </span>
    </p>
   </div>
   <div class='ocr_carea' id='block_1_59' title="bbox 1924 2785 3505 2857">
    <p class='ocr_par' dir='ltr' id='par_1_59' title="bbox 1924 2785 3505 2857">
     <span class='ocr_line' id='line_1_59' title="bbox 1924 2785 3505 2857; baseline 0.001 -16"><span class='ocrx_word' id='word_1_437' title='bbox 1924 2785 2033 2855; x_wconf 81' lang='lat' dir='ltr'><strong>ejus</strong></span> <span class='ocrx_word' id='word_1_438' title='bbox 2063 2786 2224 2855; x_wconf 83' lang='lat' dir='ltr'><strong>ﬂuent</strong></span> <span class='ocrx_word' id='word_1_439' title='bbox 2252 2802 2402 2855; x_wconf 77' lang='lat' dir='ltr'><strong>aqua:</strong></span> <span class='ocrx_word' id='word_1_440' title='bbox 2431 2789 2553 2840; x_wconf 76' lang='lat' dir='ltr'><strong>vince</strong></span> <span class='ocrx_word' id='word_1_441' title='bbox 2584 2786 2775 2857; x_wconf 81' lang='lat' dir='ltr'><strong>(Joan.</strong></span> <span class='ocrx_word' id='word_1_442' title='bbox 2812 2804 2917 2856; x_wconf 82' lang='lat' dir='ltr'><strong>vtt,</strong></span> <span class='ocrx_word' id='word_1_443' title='bbox 2948 2790 3017 2843; x_wconf 80' lang='lat'><strong>38</strong></span> <span class='ocrx_word' id='word_1_444' title='bbox 3038 2790 3077 2857; x_wconf 82' lang='lat'><strong>).</strong></span> <span class='ocrx_word' id='word_1_445' title='bbox 3113 2791 3322 2857; x_wconf 83' lang='lat' dir='ltr'><strong>Renes,</strong></span> <span class='ocrx_word' id='word_1_446' title='bbox 3364 2792 3505 2844; x_wconf 60' lang='lat' dir='ltr'><strong>inte»</strong></span> 
     </span>
    </p>
   </div>
   <div class='ocr_carea' id='block_1_60' title="bbox 1924 2878 3505 2950">
    <p class='ocr_par' dir='ltr' id='par_1_60' title="bbox 1924 2878 3505 2950">
     <span class='ocr_line' id='line_1_60' title="bbox 1924 2878 3505 2950; baseline 0.001 -17"><span class='ocrx_word' id='word_1_447' title='bbox 1924 2878 2064 2933; x_wconf 88' lang='lat' dir='ltr'><strong>riora</strong></span> <span class='ocrx_word' id='word_1_448' title='bbox 2087 2892 2303 2934; x_wconf 85' lang='lat' dir='ltr'><strong>sensus.</strong></span> <span class='ocrx_word' id='word_1_449' title='bbox 2334 2878 2392 2932; x_wconf 91' lang='lat' dir='ltr'><strong>In</strong></span> <span class='ocrx_word' id='word_1_450' title='bbox 2425 2880 2670 2949; x_wconf 87' lang='lat' dir='ltr'><strong>psalmo:</strong></span> <span class='ocrx_word' id='word_1_451' title='bbox 2705 2879 2925 2950; x_wconf 86' lang='lat' dir='ltr'><strong>Insuper</strong></span> <span class='ocrx_word' id='word_1_452' title='bbox 2960 2891 3007 2935; x_wconf 88' lang='lat' dir='ltr'><strong>et</strong></span> <span class='ocrx_word' id='word_1_453' title='bbox 3037 2897 3193 2950; x_wconf 88' lang='lat' dir='ltr'><strong>usque</strong></span> <span class='ocrx_word' id='word_1_454' title='bbox 3214 2881 3280 2933; x_wconf 90' lang='lat' dir='ltr'><strong>ad</strong></span> <span class='ocrx_word' id='word_1_455' title='bbox 3308 2892 3505 2934; x_wconf 88' lang='lat' dir='ltr'><strong>noctem</strong></span> 
     </span>
    </p>
   </div>
   <div class='ocr_carea' id='block_1_61' title="bbox 1919 2970 3502 3043">
    <p class='ocr_par' dir='ltr' id='par_1_61' title="bbox 1919 2970 3502 3043">
     <span class='ocr_line' id='line_1_61' title="bbox 1919 2970 3502 3043; baseline 0.003 -20"><span class='ocrx_word' id='word_1_456' title='bbox 1919 2970 2283 3038; x_wconf 87' lang='lat' dir='ltr'><strong>increpuerunt</strong></span> <span class='ocrx_word' id='word_1_457' title='bbox 2310 2986 2387 3023; x_wconf 93' lang='lat' dir='ltr'><strong>me</strong></span> <span class='ocrx_word' id='word_1_458' title='bbox 2412 2986 2554 3024; x_wconf 83' lang='lat' dir='ltr'><strong>renes</strong></span> <span class='ocrx_word' id='word_1_459' title='bbox 2588 2973 2686 3024; x_wconf 90' lang='lat' dir='ltr'><strong>mei</strong></span> <span class='ocrx_word' id='word_1_460' title='bbox 2714 2970 2830 3041; x_wconf 88' lang='lat' dir='ltr'><strong>(Ps.</strong></span> <span class='ocrx_word' id='word_1_461' title='bbox 2876 2987 2967 3037; x_wconf 84' lang='lat' dir='ltr'><strong>xv,</strong></span> <span class='ocrx_word' id='word_1_462' title='bbox 3000 2972 3087 3043; x_wconf 91' lang='lat'><strong>7).</strong></span> <span class='ocrx_word' id='word_1_463' title='bbox 3134 2972 3275 3026; x_wconf 85' lang='lat' dir='ltr'><strong>Nihil</strong></span> <span class='ocrx_word' id='word_1_464' title='bbox 3316 2974 3502 3027; x_wconf 86' lang='lat' dir='ltr'><strong>occul-</strong></span> 
     </span>
    </p>
   </div>
   <div class='ocr_carea' id='block_1_62' title="bbox 1924 3062 3491 3135">
    <p class='ocr_par' dir='ltr' id='par_1_62' title="bbox 1924 3062 3491 3135">
     <span class='ocr_line' id='line_1_62' title="bbox 1924 3062 3491 3135; baseline 0.003 -21"><span class='ocrx_word' id='word_1_465' title='bbox 1924 3062 2029 3115; x_wconf 88' lang='lat' dir='ltr'><strong>tius</strong></span> <span class='ocrx_word' id='word_1_466' title='bbox 2057 3063 2111 3115; x_wconf 92' lang='lat' dir='ltr'><strong>in</strong></span> <span class='ocrx_word' id='word_1_467' title='bbox 2143 3063 2359 3116; x_wconf 86' lang='lat' dir='ltr'><strong>homine</strong></span> <span class='ocrx_word' id='word_1_468' title='bbox 2381 3078 2537 3132; x_wconf 87' lang='lat' dir='ltr'><strong>quant</strong></span> <span class='ocrx_word' id='word_1_469' title='bbox 2570 3078 2663 3117; x_wconf 88' lang='lat' dir='ltr'><strong>cor</strong></span> <span class='ocrx_word' id='word_1_470' title='bbox 2692 3072 2748 3119; x_wconf 89' lang='lat' dir='ltr'><strong>et</strong></span> <span class='ocrx_word' id='word_1_471' title='bbox 2775 3078 2970 3128; x_wconf 87' lang='lat' dir='ltr'><strong>renes;</strong></span> <span class='ocrx_word' id='word_1_472' title='bbox 2999 3064 3143 3119; x_wconf 90' lang='lat' dir='ltr'><strong>unde</strong></span> <span class='ocrx_word' id='word_1_473' title='bbox 3182 3065 3491 3135; x_wconf 88' lang='lat' dir='ltr'><strong>Scriptura:</strong></span> 
     </span>
    </p>
   </div>
   <div class='ocr_carea' id='block_1_63' title="bbox 228 3144 1817 3232">
    <p class='ocr_par' dir='ltr' id='par_1_63' title="bbox 228 3156 1817 3232">
     <span class='ocr_line' id='line_1_63' title="bbox 228 3156 1817 3232; baseline 0.006 -24"><span class='ocrx_word' id='word_1_474' title='bbox 228 3156 398 3209; x_wconf 87' lang='lat' dir='ltr'><strong>onmis</strong></span> <span class='ocrx_word' id='word_1_475' title='bbox 428 3167 694 3212; x_wconf 81' lang='lat' dir='ltr'><strong>armatura</strong></span> <span class='ocrx_word' id='word_1_476' title='bbox 720 3161 926 3227; x_wconf 75' lang='lat' dir='ltr'><strong>fortium</strong></span> <span class='ocrx_word' id='word_1_477' title='bbox 962 3162 1132 3231; x_wconf 86' lang='lat' dir='ltr'><strong>(Cant.</strong></span> <span class='ocrx_word' id='word_1_478' title='bbox 1165 3178 1235 3228; x_wconf 87' lang='lat' dir='ltr'><strong>tv,</strong></span> <span class='ocrx_word' id='word_1_479' title='bbox 1262 3162 1341 3232; x_wconf 74' lang='grc'><strong>4),</strong></span> <span class='ocrx_word' id='word_1_480' title='bbox 1374 3163 1426 3216; x_wconf 90' lang='lat' dir='ltr'><strong>id</strong></span> <span class='ocrx_word' id='word_1_481' title='bbox 1452 3172 1554 3229; x_wconf 87' lang='lat' dir='ltr'><strong>est,</strong></span> <span class='ocrx_word' id='word_1_482' title='bbox 1578 3164 1817 3218; x_wconf 81' lang='lat' dir='ltr'><strong>testiino-</strong></span> 
     </span>
    </p>
   </div>
   <div class='ocr_carea' id='block_1_64' title="bbox 1925 3144 3213 3232">
    <p class='ocr_par' dir='ltr' id='par_1_64' title="bbox 1925 3150 3213 3226">
     <span class='ocr_line' id='line_1_64' title="bbox 1925 3150 3213 3226; baseline 0.001 -19"><span class='ocrx_word' id='word_1_483' title='bbox 1925 3150 2175 3207; x_wconf 74' lang='lat' dir='ltr'><strong>Scrutaris</strong></span> <span class='ocrx_word' id='word_1_484' title='bbox 2207 3151 2365 3204; x_wconf 88' lang='lat' dir='ltr'><strong>corda</strong></span> <span class='ocrx_word' id='word_1_485' title='bbox 2393 3162 2439 3205; x_wconf 88' lang='lat' dir='ltr'><strong>et</strong></span> <span class='ocrx_word' id='word_1_486' title='bbox 2462 3168 2604 3205; x_wconf 88' lang='lat' dir='ltr'><strong>renes</strong></span> <span class='ocrx_word' id='word_1_487' title='bbox 2639 3152 2776 3207; x_wconf 84' lang='lat' dir='ltr'><strong>Deus</strong></span> <span class='ocrx_word' id='word_1_488' title='bbox 2806 3152 2825 3226; x_wconf 92' lang='lat'><strong>(</strong></span> <span class='ocrx_word' id='word_1_489' title='bbox 2851 3153 2941 3206; x_wconf 88' lang='lat' dir='ltr'><strong>Ps.</strong></span> <span class='ocrx_word' id='word_1_490' title='bbox 2974 3168 3066 3219; x_wconf 81' lang='lat' dir='ltr'><strong>vn,</strong></span> <span class='ocrx_word' id='word_1_491' title='bbox 3100 3154 3213 3224; x_wconf 88' lang='grc'><strong>10).</strong></span> 
     </span>
    </p>
   </div>
   <div class='ocr_carea' id='block_1_65' title="bbox 225 3252 1815 3323">
    <p class='ocr_par' dir='ltr' id='par_1_65' title="bbox 225 3252 1815 3323">
     <span class='ocr_line' id='line_1_65' title="bbox 225 3252 1815 3323; baseline 0.006 -18"><span class='ocrx_word' id='word_1_492' title='bbox 225 3253 315 3305; x_wconf 88' lang='lat' dir='ltr'><strong>nia</strong></span> <span class='ocrx_word' id='word_1_493' title='bbox 339 3259 658 3305; x_wconf 88' lang='lat' dir='ltr'><strong>sanctarum</strong></span> <span class='ocrx_word' id='word_1_494' title='bbox 687 3252 1113 3321; x_wconf 84' lang='lat' dir='ltr'><strong>Scripturarnm,</strong></span> <span class='ocrx_word' id='word_1_495' title='bbox 1146 3255 1281 3308; x_wconf 87' lang='lat' dir='ltr'><strong>alias</strong></span> <span class='ocrx_word' id='word_1_496' title='bbox 1330 3256 1617 3323; x_wconf 88' lang='lat' dir='ltr'><strong>superbia:</strong></span> <span class='ocrx_word' id='word_1_497' title='bbox 1655 3254 1722 3311; x_wconf 89' lang='lat' dir='ltr'><strong>Ut</strong></span> <span class='ocrx_word' id='word_1_498' title='bbox 1755 3258 1815 3314; x_wconf 81' lang='lat' dir='ltr'><strong>fi-</strong></span> 
     </span>
    </p>
   </div>
   <div class='ocr_carea' id='block_1_66' title="bbox 223 3342 1811 3421">
    <p class='ocr_par' dir='ltr' id='par_1_66' title="bbox 223 3342 1811 3421">
     <span class='ocr_line' id='line_1_66' title="bbox 223 3342 1811 3421; baseline 0.007 -25"><span class='ocrx_word' id='word_1_499' title='bbox 223 3343 312 3397; x_wconf 78' lang='lat' dir='ltr'><strong>lite</strong></span> <span class='ocrx_word' id='word_1_500' title='bbox 343 3342 477 3397; x_wconf 89' lang='lat' dir='ltr'><strong>Sion</strong></span> <span class='ocrx_word' id='word_1_501' title='bbox 526 3343 912 3399; x_wconf 80' lang='lat' dir='ltr'><strong>ambulaverunt</strong></span> <span class='ocrx_word' id='word_1_502' title='bbox 961 3356 1163 3401; x_wconf 75' lang='lat' dir='ltr'><strong>extento</strong></span> <span class='ocrx_word' id='word_1_503' title='bbox 1210 3346 1342 3402; x_wconf 89' lang='lat' dir='ltr'><strong>collo</strong></span> <span class='ocrx_word' id='word_1_504' title='bbox 1385 3347 1550 3421; x_wconf 86' lang='lat' dir='ltr'><strong>(Isai.</strong></span> <span class='ocrx_word' id='word_1_505' title='bbox 1583 3366 1664 3416; x_wconf 87' lang='grc' dir='ltr'>ιιι,</span> <span class='ocrx_word' id='word_1_506' title='bbox 1698 3350 1811 3420; x_wconf 92' lang='grc'><strong>16).</strong></span> 
     </span>
    </p>
   </div>
   <div class='ocr_carea' id='block_1_67' title="bbox 225 3438 1810 3517">
    <p class='ocr_par' dir='ltr' id='par_1_67' title="bbox 225 3438 1810 3517">
     <span class='ocr_line' id='line_1_67' title="bbox 225 3438 1810 3517; baseline 0.004 -23"><span class='ocrx_word' id='word_1_507' title='bbox 225 3438 427 3495; x_wconf 83' lang='lat' dir='ltr'><strong>Cervix</strong></span> <span class='ocrx_word' id='word_1_508' title='bbox 455 3481 470 3505; x_wconf 94' lang='lat'><strong>,</strong></span> <span class='ocrx_word' id='word_1_509' title='bbox 522 3441 812 3511; x_wconf 83' lang='lat' dir='ltr'><strong>superbia,</strong></span> <span class='ocrx_word' id='word_1_510' title='bbox 865 3451 921 3496; x_wconf 93' lang='lat' dir='ltr'><strong>ut</strong></span> <span class='ocrx_word' id='word_1_511' title='bbox 951 3460 963 3496; x_wconf 96' lang='lat'><strong>:</strong></span> <span class='ocrx_word' id='word_1_512' title='bbox 998 3441 1143 3495; x_wconf 89' lang='lat' dir='ltr'><strong>Dura</strong></span> <span class='ocrx_word' id='word_1_513' title='bbox 1175 3444 1367 3497; x_wconf 88' lang='lat' dir='ltr'><strong>cervice</strong></span> <span class='ocrx_word' id='word_1_514' title='bbox 1396 3444 1531 3516; x_wconf 82' lang='lat' dir='ltr'><strong>(Act.</strong></span> <span class='ocrx_word' id='word_1_515' title='bbox 1574 3461 1666 3513; x_wconf 85' lang='lat' dir='ltr'><strong>vtt,</strong></span> <span class='ocrx_word' id='word_1_516' title='bbox 1698 3445 1810 3517; x_wconf 83' lang='grc'><strong>51).</strong></span> 
     </span>
    </p>
   </div>
   <div class='ocr_carea' id='block_1_68' title="bbox 223 3532 1809 3607">
    <p class='ocr_par' dir='ltr' id='par_1_68' title="bbox 223 3532 1809 3607">
     <span class='ocr_line' id='line_1_68' title="bbox 223 3532 1809 3607; baseline 0.002 -20"><span class='ocrx_word' id='word_1_517' title='bbox 223 3532 402 3598; x_wconf 91' lang='lat' dir='ltr'><strong>Oculi,</strong></span> <span class='ocrx_word' id='word_1_518' title='bbox 448 3533 755 3588; x_wconf 83' lang='lat' dir='ltr'><strong>intellectus</strong></span> <span class='ocrx_word' id='word_1_519' title='bbox 806 3533 979 3588; x_wconf 89' lang='lat' dir='ltr'><strong>ﬁdelis</strong></span> <span class='ocrx_word' id='word_1_520' title='bbox 1010 3544 1064 3588; x_wconf 87' lang='lat' dir='ltr'><strong>et</strong></span> <span class='ocrx_word' id='word_1_521' title='bbox 1088 3534 1337 3604; x_wconf 85' lang='lat' dir='ltr'><strong>simplex.</strong></span> <span class='ocrx_word' id='word_1_522' title='bbox 1371 3536 1426 3591; x_wconf 92' lang='lat' dir='ltr'><strong>In</strong></span> <span class='ocrx_word' id='word_1_523' title='bbox 1476 3538 1763 3607; x_wconf 81' lang='lat' dir='ltr'><strong>Evangelio</strong></span> <span class='ocrx_word' id='word_1_524' title='bbox 1798 3557 1809 3590; x_wconf 92' lang='lat'><strong>:</strong></span> 
     </span>
    </p>
   </div>
   <div class='ocr_carea' id='block_1_69' title="bbox 235 3623 1809 3701">
    <p class='ocr_par' dir='ltr' id='par_1_69' title="bbox 235 3623 1809 3701">
     <span class='ocr_line' id='line_1_69' title="bbox 235 3623 1809 3701; baseline 0.004 -23"><span class='ocrx_word' id='word_1_525' title='bbox 235 3623 403 3679; x_wconf 82' lang='lat' dir='ltr'><strong>Vestri</strong></span> <span class='ocrx_word' id='word_1_526' title='bbox 432 3640 599 3679; x_wconf 89' lang='lat' dir='ltr'><strong>autem</strong></span> <span class='ocrx_word' id='word_1_527' title='bbox 625 3628 755 3680; x_wconf 89' lang='lat' dir='ltr'><strong>beati</strong></span> <span class='ocrx_word' id='word_1_528' title='bbox 789 3624 923 3679; x_wconf 85' lang='lat' dir='ltr'><strong>oculi</strong></span> <span class='ocrx_word' id='word_1_529' title='bbox 953 3627 1225 3693; x_wconf 87' lang='lat' dir='ltr'><strong>quivident</strong></span> <span class='ocrx_word' id='word_1_530' title='bbox 1258 3627 1485 3698; x_wconf 84' lang='lat' dir='ltr'><strong>(Matth.</strong></span> <span class='ocrx_word' id='word_1_531' title='bbox 1523 3645 1636 3697; x_wconf 81' lang='lat' dir='ltr'><strong>xui,</strong></span> <span class='ocrx_word' id='word_1_532' title='bbox 1674 3629 1737 3686; x_wconf 88' lang='grc'><strong>16</strong></span> <span class='ocrx_word' id='word_1_533' title='bbox 1758 3631 1809 3701; x_wconf 86' lang='lat'><strong>);</strong></span> 
     </span>
    </p>
   </div>
   <div class='ocr_carea' id='block_1_70' title="bbox 223 3716 1814 3790">
    <p class='ocr_par' dir='ltr' id='par_1_70' title="bbox 223 3716 1814 3790">
     <span class='ocr_line' id='line_1_70' title="bbox 223 3716 1814 3790; baseline 0.006 -21"><span class='ocrx_word' id='word_1_534' title='bbox 223 3726 278 3769; x_wconf 81' lang='lat' dir='ltr'><strong>et</strong></span> <span class='ocrx_word' id='word_1_535' title='bbox 311 3716 445 3770; x_wconf 86' lang='lat' dir='ltr'><strong>alibi</strong></span> <span class='ocrx_word' id='word_1_536' title='bbox 488 3734 498 3768; x_wconf 95' lang='lat'><strong>:</strong></span> <span class='ocrx_word' id='word_1_537' title='bbox 535 3716 687 3771; x_wconf 87' lang='lat' dir='ltr'><strong>Oculi</strong></span> <span class='ocrx_word' id='word_1_538' title='bbox 731 3718 977 3786; x_wconf 82' lang='lat' dir='ltr'><strong>sapientis</strong></span> <span class='ocrx_word' id='word_1_539' title='bbox 1008 3719 1057 3772; x_wconf 90' lang='lat' dir='ltr'><strong>in</strong></span> <span class='ocrx_word' id='word_1_540' title='bbox 1086 3720 1253 3790; x_wconf 84' lang='lat' dir='ltr'><strong>capite</strong></span> <span class='ocrx_word' id='word_1_541' title='bbox 1285 3722 1415 3790; x_wconf 81' lang='lat' dir='ltr'><strong>ejus,</strong></span> <span class='ocrx_word' id='word_1_542' title='bbox 1447 3723 1499 3775; x_wconf 87' lang='lat' dir='ltr'><strong>id</strong></span> <span class='ocrx_word' id='word_1_543' title='bbox 1543 3733 1635 3789; x_wconf 90' lang='lat' dir='ltr'><strong>est,</strong></span> <span class='ocrx_word' id='word_1_544' title='bbox 1666 3726 1814 3778; x_wconf 89' lang='lat' dir='ltr'><strong>intel-</strong></span> 
     </span>
    </p>
   </div>
   <div class='ocr_carea' id='block_1_71' title="bbox 222 3808 1808 3883">
    <p class='ocr_par' dir='ltr' id='par_1_71' title="bbox 222 3808 1808 3883">
     <span class='ocr_line' id='line_1_71' title="bbox 222 3808 1808 3883; baseline 0.006 -23"><span class='ocrx_word' id='word_1_545' title='bbox 222 3808 387 3861; x_wconf 82' lang='lat' dir='ltr'><strong>lectus</strong></span> <span class='ocrx_word' id='word_1_546' title='bbox 411 3809 467 3860; x_wconf 87' lang='lat' dir='ltr'><strong>in</strong></span> <span class='ocrx_word' id='word_1_547' title='bbox 500 3808 651 3863; x_wconf 81' lang='lat' dir='ltr'><strong>corde</strong></span> <span class='ocrx_word' id='word_1_548' title='bbox 680 3808 944 3879; x_wconf 85' lang='lat' dir='ltr'><strong>prudentis</strong></span> <span class='ocrx_word' id='word_1_549' title='bbox 972 3808 1139 3879; x_wconf 84' lang='lat' dir='ltr'><strong>(Eccl.</strong></span> <span class='ocrx_word' id='word_1_550' title='bbox 1165 3825 1222 3875; x_wconf 90' lang='lat' dir='ltr'><strong>tt,</strong></span> <span class='ocrx_word' id='word_1_551' title='bbox 1258 3812 1322 3865; x_wconf 74' lang='grc'><strong>14</strong></span> <span class='ocrx_word' id='word_1_552' title='bbox 1346 3812 1390 3883; x_wconf 92' lang='grc'><strong>).</strong></span> <span class='ocrx_word' id='word_1_553' title='bbox 1423 3814 1485 3866; x_wconf 82' lang='lat' dir='ltr'><strong>Et</strong></span> <span class='ocrx_word' id='word_1_554' title='bbox 1524 3814 1576 3868; x_wconf 89' lang='lat' dir='ltr'><strong>itt</strong></span> <span class='ocrx_word' id='word_1_555' title='bbox 1616 3816 1808 3870; x_wconf 88' lang='lat' dir='ltr'><strong>malam</strong></span> 
     </span>
    </p>
   </div>
   <div class='ocr_carea' id='block_1_72' title="bbox 225 3902 1812 3978">
    <p class='ocr_par' dir='ltr' id='par_1_72' title="bbox 225 3902 1812 3978">
     <span class='ocr_line' id='line_1_72' title="bbox 225 3902 1812 3978; baseline 0.005 -23"><span class='ocrx_word' id='word_1_556' title='bbox 225 3913 440 3971; x_wconf 87' lang='lat' dir='ltr'><strong>partem</strong></span> <span class='ocrx_word' id='word_1_557' title='bbox 468 3918 482 3967; x_wconf 92' lang='lat'><strong>;</strong></span> <span class='ocrx_word' id='word_1_558' title='bbox 515 3903 564 3957; x_wconf 92' lang='lat' dir='ltr'><strong>in</strong></span> <span class='ocrx_word' id='word_1_559' title='bbox 590 3902 883 3973; x_wconf 81' lang='lat' dir='ltr'><strong>Evangelio</strong></span> <span class='ocrx_word' id='word_1_560' title='bbox 909 3920 921 3957; x_wconf 87' lang='lat'><strong>:</strong></span> <span class='ocrx_word' id='word_1_561' title='bbox 946 3903 1007 3959; x_wconf 86' lang='lat' dir='ltr'><strong>Si</strong></span> <span class='ocrx_word' id='word_1_562' title='bbox 1034 3905 1211 3959; x_wconf 87' lang='lat' dir='ltr'><strong>oculus</strong></span> <span class='ocrx_word' id='word_1_563' title='bbox 1243 3913 1361 3961; x_wconf 87' lang='lat' dir='ltr'><strong>tuus</strong></span> <span class='ocrx_word' id='word_1_564' title='bbox 1405 3923 1622 3977; x_wconf 85' lang='lat' dir='ltr'><strong>nequam</strong></span> <span class='ocrx_word' id='word_1_565' title='bbox 1658 3909 1812 3978; x_wconf 77' lang='lat' dir='ltr'><strong>fuerit</strong></span> 
     </span>
    </p>
   </div>
   <div class='ocr_carea' id='block_1_73' title="bbox 222 3995 1809 4072">
    <p class='ocr_par' dir='ltr' id='par_1_73' title="bbox 222 3995 1809 4072">
     <span class='ocr_line' id='line_1_73' title="bbox 222 3995 1809 4072; baseline 0.006 -24"><span class='ocrx_word' id='word_1_566' title='bbox 222 3995 446 4064; x_wconf 82' lang='lat' dir='ltr'><strong>(Matth.</strong></span> <span class='ocrx_word' id='word_1_567' title='bbox 478 4012 546 4060; x_wconf 85' lang='lat' dir='ltr'><strong>vt,</strong></span> <span class='ocrx_word' id='word_1_568' title='bbox 580 3995 693 4068; x_wconf 67' lang='lat'><strong>25).</strong></span> <span class='ocrx_word' id='word_1_569' title='bbox 724 3997 898 4053; x_wconf 86' lang='lat' dir='ltr'><strong>Aures</strong></span> <span class='ocrx_word' id='word_1_570' title='bbox 926 3996 1232 4053; x_wconf 86' lang='lat' dir='ltr'><strong>obedientia</strong></span> <span class='ocrx_word' id='word_1_571' title='bbox 1262 3998 1454 4055; x_wconf 88' lang='lat' dir='ltr'><strong>ﬁdelis.</strong></span> <span class='ocrx_word' id='word_1_572' title='bbox 1478 4002 1530 4055; x_wconf 94' lang='lat' dir='ltr'><strong>In</strong></span> <span class='ocrx_word' id='word_1_573' title='bbox 1563 4002 1809 4072; x_wconf 79' lang='lat' dir='ltr'><strong>Evange-</strong></span> 
     </span>
    </p>
   </div>
   <div class='ocr_carea' id='block_1_74' title="bbox 225 4086 1807 4168">
    <p class='ocr_par' dir='ltr' id='par_1_74' title="bbox 225 4086 1807 4168">
     <span class='ocr_line' id='line_1_74' title="bbox 225 4086 1807 4168; baseline 0.009 -27"><span class='ocrx_word' id='word_1_574' title='bbox 225 4089 297 4141; x_wconf 89' lang='lat' dir='ltr'><strong>lio</strong></span> <span class='ocrx_word' id='word_1_575' title='bbox 330 4106 342 4140; x_wconf 94' lang='lat'><strong>:</strong></span> <span class='ocrx_word' id='word_1_576' title='bbox 374 4086 449 4141; x_wconf 89' lang='lat' dir='ltr'><strong>Et</strong></span> <span class='ocrx_word' id='word_1_577' title='bbox 475 4105 626 4144; x_wconf 88' lang='lat' dir='ltr'><strong>aures</strong></span> <span class='ocrx_word' id='word_1_578' title='bbox 652 4097 829 4143; x_wconf 69' lang='lat' dir='ltr'><strong>vestra:</strong></span> <span class='ocrx_word' id='word_1_579' title='bbox 857 4105 969 4155; x_wconf 66' lang='lat' dir='ltr'><strong>qua:</strong></span> <span class='ocrx_word' id='word_1_580' title='bbox 990 4090 1211 4145; x_wconf 86' lang='lat' dir='ltr'><strong>audiunt</strong></span> <span class='ocrx_word' id='word_1_581' title='bbox 1236 4090 1467 4160; x_wconf 72' lang='lat' dir='ltr'><strong>(Matth.</strong></span> <span class='ocrx_word' id='word_1_582' title='bbox 1518 4110 1637 4163; x_wconf 80' lang='lat' dir='ltr'><strong>xm,</strong></span> <span class='ocrx_word' id='word_1_583' title='bbox 1675 4096 1739 4154; x_wconf 81' lang='grc'><strong>16</strong></span> <span class='ocrx_word' id='word_1_584' title='bbox 1766 4099 1807 4168; x_wconf 93' lang='grc'><strong>).</strong></span> 
     </span>
    </p>
   </div>
   <div class='ocr_carea' id='block_1_75' title="bbox 222 4178 1809 4254">
    <p class='ocr_par' dir='ltr' id='par_1_75' title="bbox 222 4178 1809 4254">
     <span class='ocr_line' id='line_1_75' title="bbox 222 4178 1809 4254; baseline 0.008 -20"><span class='ocrx_word' id='word_1_585' title='bbox 222 4178 414 4246; x_wconf 77' lang='lat' dir='ltr'><strong>Nares,</strong></span> <span class='ocrx_word' id='word_1_586' title='bbox 451 4182 777 4249; x_wconf 88' lang='lat' dir='ltr'><strong>spiraculum</strong></span> <span class='ocrx_word' id='word_1_587' title='bbox 818 4182 972 4248; x_wconf 89' lang='lat' dir='ltr'><strong>lidei,</strong></span> <span class='ocrx_word' id='word_1_588' title='bbox 999 4181 1372 4254; x_wconf 78' lang='lat' dir='ltr'><strong>bonarumque</strong></span> <span class='ocrx_word' id='word_1_589' title='bbox 1429 4192 1706 4247; x_wconf 91' lang='lat' dir='ltr'><strong>virtutum.</strong></span> <span class='ocrx_word' id='word_1_590' title='bbox 1753 4194 1809 4247; x_wconf 91' lang='lat' dir='ltr'><strong>In</strong></span> 
     </span>
    </p>
   </div>
   <div class='ocr_carea' id='block_1_76' title="bbox 222 4272 1807 4356">
    <p class='ocr_par' dir='ltr' id='par_1_76' title="bbox 222 4272 1807 4356">
     <span class='ocr_line' id='line_1_76' title="bbox 222 4272 1807 4356; baseline 0.009 -29"><span class='ocrx_word' id='word_1_591' title='bbox 222 4272 321 4329; x_wconf 78' lang='lat' dir='ltr'><strong>Job</strong></span> <span class='ocrx_word' id='word_1_592' title='bbox 357 4294 368 4327; x_wconf 87' lang='lat'><strong>:</strong></span> <span class='ocrx_word' id='word_1_593' title='bbox 403 4274 471 4328; x_wconf 86' lang='lat' dir='ltr'><strong>Et</strong></span> <span class='ocrx_word' id='word_1_594' title='bbox 508 4276 717 4347; x_wconf 87' lang='lat' dir='ltr'><strong>spiritus</strong></span> <span class='ocrx_word' id='word_1_595' title='bbox 745 4274 962 4331; x_wconf 81' lang='lat' dir='ltr'><strong>Divinas</strong></span> <span class='ocrx_word' id='word_1_596' title='bbox 994 4279 1048 4331; x_wconf 88' lang='lat' dir='ltr'><strong>in</strong></span> <span class='ocrx_word' id='word_1_597' title='bbox 1070 4280 1279 4338; x_wconf 78' lang='lat' dir='ltr'><strong>naribus</strong></span> <span class='ocrx_word' id='word_1_598' title='bbox 1318 4285 1597 4356; x_wconf 83' lang='lat' dir='ltr'><strong>meis(.lob</strong></span> <span class='ocrx_word' id='word_1_599' title='bbox 1641 4304 1807 4355; x_wconf 82' lang='lat' dir='ltr'><strong>xxvtt,</strong></span> 
     </span>
    </p>
   </div>
   <div class='ocr_carea' id='block_1_77' title="bbox 222 4362 1809 4447">
    <p class='ocr_par' dir='ltr' id='par_1_77' title="bbox 222 4362 1809 4447">
     <span class='ocr_line' id='line_1_77' title="bbox 222 4362 1809 4447; baseline 0.01 -30"><span class='ocrx_word' id='word_1_600' title='bbox 222 4362 296 4436; x_wconf 78' lang='grc'><strong>5).</strong></span> <span class='ocrx_word' id='word_1_601' title='bbox 331 4367 464 4422; x_wconf 90' lang='lat' dir='ltr'><strong>Item</strong></span> <span class='ocrx_word' id='word_1_602' title='bbox 495 4384 506 4419; x_wconf 91' lang='lat'><strong>:</strong></span> <span class='ocrx_word' id='word_1_603' title='bbox 538 4366 714 4423; x_wconf 87' lang='lat' dir='ltr'><strong>Nasus</strong></span> <span class='ocrx_word' id='word_1_604' title='bbox 740 4378 857 4422; x_wconf 86' lang='lat' dir='ltr'><strong>tuus</strong></span> <span class='ocrx_word' id='word_1_605' title='bbox 886 4370 1017 4425; x_wconf 78' lang='lat' dir='ltr'><strong>sicut</strong></span> <span class='ocrx_word' id='word_1_606' title='bbox 1049 4373 1211 4430; x_wconf 81' lang='lat' dir='ltr'><strong>turris</strong></span> <span class='ocrx_word' id='word_1_607' title='bbox 1250 4394 1366 4447; x_wconf 69' lang='lat' dir='ltr'><strong>quae</strong></span> <span class='ocrx_word' id='word_1_608' title='bbox 1399 4388 1471 4431; x_wconf 87' lang='lat' dir='ltr'><strong>est</strong></span> <span class='ocrx_word' id='word_1_609' title='bbox 1506 4380 1559 4431; x_wconf 88' lang='lat' dir='ltr'><strong>in</strong></span> <span class='ocrx_word' id='word_1_610' title='bbox 1605 4378 1809 4433; x_wconf 84' lang='lat' dir='ltr'><strong>clibano</strong></span> 
     </span>
    </p>
   </div>
   <div class='ocr_carea' id='block_1_78' title="bbox 222 4456 1809 4538">
    <p class='ocr_par' dir='ltr' id='par_1_78' title="bbox 222 4456 1809 4538">
     <span class='ocr_line' id='line_1_78' title="bbox 222 4456 1809 4538; baseline 0.009 -28"><span class='ocrx_word' id='word_1_611' title='bbox 222 4456 394 4527; x_wconf 88' lang='lat' dir='ltr'><strong>(Cant.</strong></span> <span class='ocrx_word' id='word_1_612' title='bbox 433 4474 527 4524; x_wconf 80' lang='lat' dir='ltr'><strong>VII,</strong></span> <span class='ocrx_word' id='word_1_613' title='bbox 550 4460 628 4530; x_wconf 73' lang='grc'><strong>4).</strong></span> <span class='ocrx_word' id='word_1_614' title='bbox 664 4461 730 4513; x_wconf 83' lang='grc' dir='ltr'>Ει</span> <span class='ocrx_word' id='word_1_615' title='bbox 753 4461 803 4513; x_wconf 90' lang='lat' dir='ltr'><strong>in</strong></span> <span class='ocrx_word' id='word_1_616' title='bbox 827 4460 1024 4519; x_wconf 72' lang='lat' dir='ltr'><strong>malam</strong></span> <span class='ocrx_word' id='word_1_617' title='bbox 1059 4478 1266 4534; x_wconf 89' lang='lat' dir='ltr'><strong>partem</strong></span> <span class='ocrx_word' id='word_1_618' title='bbox 1298 4483 1311 4519; x_wconf 76' lang='grc' dir='ltr'><strong><em>τ</em></strong></span> <span class='ocrx_word' id='word_1_619' title='bbox 1345 4468 1421 4521; x_wconf 87' lang='lat' dir='ltr'><strong>De</strong></span> <span class='ocrx_word' id='word_1_620' title='bbox 1472 4469 1683 4523; x_wconf 86' lang='lat' dir='ltr'><strong>naribus</strong></span> <span class='ocrx_word' id='word_1_621' title='bbox 1699 4472 1809 4538; x_wconf 82' lang='lat' dir='ltr'><strong>ejus</strong></span> 
     </span>
    </p>
   </div>
   <div class='ocr_carea' id='block_1_79' title="bbox 1985 3243 3496 3320">
    <p class='ocr_par' dir='ltr' id='par_1_79' title="bbox 1985 3243 3496 3320">
     <span class='ocr_line' id='line_1_79' title="bbox 1985 3243 3496 3320; baseline 0.002 -22"><span class='ocrx_word' id='word_1_622' title='bbox 1985 3244 2197 3309; x_wconf 86' lang='lat' dir='ltr'><strong>Lumbi,</strong></span> <span class='ocrx_word' id='word_1_623' title='bbox 2215 3243 2475 3299; x_wconf 83' lang='lat' dir='ltr'><strong>fortitudo</strong></span> <span class='ocrx_word' id='word_1_624' title='bbox 2491 3244 2681 3300; x_wconf 88' lang='lat' dir='ltr'><strong>animi.</strong></span> <span class='ocrx_word' id='word_1_625' title='bbox 2696 3245 2753 3299; x_wconf 92' lang='lat' dir='ltr'><strong>In</strong></span> <span class='ocrx_word' id='word_1_626' title='bbox 2770 3245 3033 3314; x_wconf 83' lang='lat' dir='ltr'><strong>Apostolo</strong></span> <span class='ocrx_word' id='word_1_627' title='bbox 3050 3264 3061 3299; x_wconf 89' lang='lat'><strong>:</strong></span> <span class='ocrx_word' id='word_1_628' title='bbox 3080 3247 3343 3320; x_wconf 79' lang='lat' dir='ltr'><strong>Accingite</strong></span> <span class='ocrx_word' id='word_1_629' title='bbox 3357 3249 3496 3303; x_wconf 87' lang='lat' dir='ltr'><strong>lum-</strong></span> 
     </span>
    </p>
   </div>
   <div class='ocr_carea' id='block_1_80' title="bbox 1916 3336 3497 3411">
    <p class='ocr_par' dir='ltr' id='par_1_80' title="bbox 1916 3336 3497 3411">
     <span class='ocr_line' id='line_1_80' title="bbox 1916 3336 3497 3411; baseline 0.003 -19"><span class='ocrx_word' id='word_1_630' title='bbox 1916 3338 2003 3392; x_wconf 85' lang='lat' dir='ltr'><strong>bos</strong></span> <span class='ocrx_word' id='word_1_631' title='bbox 2019 3338 2199 3391; x_wconf 89' lang='lat' dir='ltr'><strong>mentis</strong></span> <span class='ocrx_word' id='word_1_632' title='bbox 2216 3346 2391 3391; x_wconf 74' lang='lat' dir='ltr'><strong>vestra:</strong></span> <span class='ocrx_word' id='word_1_633' title='bbox 2410 3336 2780 3409; x_wconf 71' lang='lat' dir='ltr'><strong>(Eccl.rt,I-i),</strong></span> <span class='ocrx_word' id='word_1_634' title='bbox 2799 3346 2851 3394; x_wconf 86' lang='lat' dir='ltr'><strong>et</strong></span> <span class='ocrx_word' id='word_1_635' title='bbox 2870 3338 3098 3408; x_wconf 82' lang='lat' dir='ltr'><strong>luxuria,</strong></span> <span class='ocrx_word' id='word_1_636' title='bbox 3118 3350 3175 3394; x_wconf 86' lang='lat' dir='ltr'><strong>ut</strong></span> <span class='ocrx_word' id='word_1_637' title='bbox 3190 3340 3239 3395; x_wconf 93' lang='lat' dir='ltr'><strong>in</strong></span> <span class='ocrx_word' id='word_1_638' title='bbox 3262 3341 3497 3411; x_wconf 85' lang='lat' dir='ltr'><strong>Evange-</strong></span> 
     </span>
    </p>
   </div>
   <div class='ocr_carea' id='block_1_81' title="bbox 1916 3430 3490 3504">
    <p class='ocr_par' dir='ltr' id='par_1_81' title="bbox 1916 3430 3490 3504">
     <span class='ocr_line' id='line_1_81' title="bbox 1916 3430 3490 3504; baseline 0.003 -19"><span class='ocrx_word' id='word_1_639' title='bbox 1916 3431 1987 3485; x_wconf 91' lang='lat' dir='ltr'><strong>lio</strong></span> <span class='ocrx_word' id='word_1_640' title='bbox 2014 3450 2024 3483; x_wconf 96' lang='lat'><strong>:</strong></span> <span class='ocrx_word' id='word_1_641' title='bbox 2046 3430 2162 3486; x_wconf 82' lang='lat' dir='ltr'><strong>Sint</strong></span> <span class='ocrx_word' id='word_1_642' title='bbox 2181 3431 2339 3486; x_wconf 88' lang='lat' dir='ltr'><strong>lumbi</strong></span> <span class='ocrx_word' id='word_1_643' title='bbox 2358 3434 2507 3487; x_wconf 80' lang='lat' dir='ltr'><strong>vestri</strong></span> <span class='ocrx_word' id='word_1_644' title='bbox 2529 3432 2951 3503; x_wconf 80' lang='lat' dir='ltr'><strong>prwcincti(Luc.</strong></span> <span class='ocrx_word' id='word_1_645' title='bbox 2979 3448 3073 3500; x_wconf 74' lang='lat' dir='ltr'><strong>stt,</strong></span> <span class='ocrx_word' id='word_1_646' title='bbox 3095 3433 3205 3504; x_wconf 80' lang='grc'>55),</span> <span class='ocrx_word' id='word_1_647' title='bbox 3224 3444 3279 3490; x_wconf 88' lang='lat' dir='ltr'><strong>et</strong></span> <span class='ocrx_word' id='word_1_648' title='bbox 3300 3434 3351 3490; x_wconf 89' lang='lat' dir='ltr'><strong>in</strong></span> <span class='ocrx_word' id='word_1_649' title='bbox 3365 3435 3490 3490; x_wconf 87' lang='lat' dir='ltr'><strong>Job:</strong></span> 
     </span>
    </p>
   </div>
   <div class='ocr_carea' id='block_1_82' title="bbox 1916 3523 3495 3597">
    <p class='ocr_par' dir='ltr' id='par_1_82' title="bbox 1916 3523 3495 3597">
     <span class='ocr_line' id='line_1_82' title="bbox 1916 3523 3495 3597; baseline 0.003 -18"><span class='ocrx_word' id='word_1_650' title='bbox 1916 3525 2136 3593; x_wconf 85' lang='lat' dir='ltr'><strong>Accinge</strong></span> <span class='ocrx_word' id='word_1_651' title='bbox 2174 3524 2306 3577; x_wconf 86' lang='lat' dir='ltr'><strong>sicut</strong></span> <span class='ocrx_word' id='word_1_652' title='bbox 2334 3525 2408 3577; x_wconf 87' lang='lat' dir='ltr'><strong>vir</strong></span> <span class='ocrx_word' id='word_1_653' title='bbox 2438 3524 2633 3578; x_wconf 88' lang='lat' dir='ltr'><strong>luntbos</strong></span> <span class='ocrx_word' id='word_1_654' title='bbox 2682 3535 2796 3579; x_wconf 89' lang='lat' dir='ltr'><strong>tuos</strong></span> <span class='ocrx_word' id='word_1_655' title='bbox 2819 3523 2961 3596; x_wconf 77' lang='lat' dir='ltr'><strong>(Job.</strong></span> <span class='ocrx_word' id='word_1_656' title='bbox 2987 3540 3214 3585; x_wconf 80' lang='lat' dir='ltr'><strong>xxxvm.</strong></span> <span class='ocrx_word' id='word_1_657' title='bbox 3252 3527 3328 3597; x_wconf 68' lang='grc' dir='ltr'><strong>ὅ).</strong></span> <span class='ocrx_word' id='word_1_658' title='bbox 3366 3528 3495 3583; x_wconf 80' lang='lat' dir='ltr'><strong>Uin-</strong></span> 
     </span>
    </p>
   </div>
   <div class='ocr_carea' id='block_1_83' title="bbox 1915 3615 3497 3685">
    <p class='ocr_par' dir='ltr' id='par_1_83' title="bbox 1915 3615 3497 3685">
     <span class='ocr_line' id='line_1_83' title="bbox 1915 3615 3497 3685; baseline 0.003 -14"><span class='ocrx_word' id='word_1_659' title='bbox 1915 3616 2126 3680; x_wconf 90' lang='lat' dir='ltr'><strong>bilicus,</strong></span> <span class='ocrx_word' id='word_1_660' title='bbox 2160 3615 2430 3685; x_wconf 86' lang='lat' dir='ltr'><strong>appetitus</strong></span> <span class='ocrx_word' id='word_1_661' title='bbox 2473 3616 2945 3685; x_wconf 69' lang='lat' dir='ltr'><strong>concupiscentice.</strong></span> <span class='ocrx_word' id='word_1_662' title='bbox 2979 3617 3031 3671; x_wconf 88' lang='lat' dir='ltr'><strong>In</strong></span> <span class='ocrx_word' id='word_1_663' title='bbox 3063 3617 3164 3673; x_wconf 87' lang='lat' dir='ltr'><strong>Job</strong></span> <span class='ocrx_word' id='word_1_664' title='bbox 3199 3634 3214 3668; x_wconf 89' lang='lat'><strong>:</strong></span> <span class='ocrx_word' id='word_1_665' title='bbox 3243 3617 3307 3673; x_wconf 87' lang='lat' dir='ltr'><strong>Et</strong></span> <span class='ocrx_word' id='word_1_666' title='bbox 3334 3620 3497 3676; x_wconf 87' lang='lat' dir='ltr'><strong>virtus</strong></span> 
     </span>
    </p>
   </div>
   <div class='ocr_carea' id='block_1_84' title="bbox 1914 3708 3498 3783">
    <p class='ocr_par' dir='ltr' id='par_1_84' title="bbox 1914 3708 3498 3783">
     <span class='ocr_line' id='line_1_84' title="bbox 1914 3708 3498 3783; baseline 0.003 -18"><span class='ocrx_word' id='word_1_667' title='bbox 1914 3712 2026 3781; x_wconf 85' lang='lat' dir='ltr'><strong>ejus</strong></span> <span class='ocrx_word' id='word_1_668' title='bbox 2047 3709 2140 3763; x_wconf 86' lang='lat' dir='ltr'><strong>sub</strong></span> <span class='ocrx_word' id='word_1_669' title='bbox 2166 3708 2406 3763; x_wconf 80' lang='lat' dir='ltr'><strong>umbilico</strong></span> <span class='ocrx_word' id='word_1_670' title='bbox 2435 3711 2622 3763; x_wconf 87' lang='lat' dir='ltr'><strong>ventris</strong></span> <span class='ocrx_word' id='word_1_671' title='bbox 2655 3710 2798 3777; x_wconf 86' lang='lat' dir='ltr'><strong>(Job.</strong></span> <span class='ocrx_word' id='word_1_672' title='bbox 2834 3727 2924 3774; x_wconf 76' lang='lat' dir='ltr'><strong>XL,</strong></span> <span class='ocrx_word' id='word_1_673' title='bbox 2958 3710 3017 3766; x_wconf 84' lang='grc'><strong>11</strong></span> <span class='ocrx_word' id='word_1_674' title='bbox 3046 3709 3095 3783; x_wconf 89' lang='grc'><strong>);</strong></span> <span class='ocrx_word' id='word_1_675' title='bbox 3126 3712 3177 3767; x_wconf 88' lang='lat' dir='ltr'><strong>id</strong></span> <span class='ocrx_word' id='word_1_676' title='bbox 3211 3724 3315 3779; x_wconf 87' lang='lat' dir='ltr'><strong>est,</strong></span> <span class='ocrx_word' id='word_1_677' title='bbox 3350 3716 3498 3783; x_wconf 79' lang='lat' dir='ltr'><strong>quod</strong></span> 
     </span>
    </p>
   </div>
   <div class='ocr_carea' id='block_1_85' title="bbox 1914 3800 3493 3872">
    <p class='ocr_par' dir='ltr' id='par_1_85' title="bbox 1914 3800 3493 3872">
     <span class='ocr_line' id='line_1_85' title="bbox 1914 3800 3493 3872; baseline 0.004 -16"><span class='ocrx_word' id='word_1_678' title='bbox 1914 3802 2129 3857; x_wconf 74' lang='lat' dir='ltr'><strong>femina:</strong></span> <span class='ocrx_word' id='word_1_679' title='bbox 2173 3800 2431 3871; x_wconf 82' lang='lat' dir='ltr'><strong>genitalia</strong></span> <span class='ocrx_word' id='word_1_680' title='bbox 2472 3816 2566 3871; x_wconf 89' lang='lat' dir='ltr'><strong>per</strong></span> <span class='ocrx_word' id='word_1_681' title='bbox 2612 3803 2712 3855; x_wconf 87' lang='lat' dir='ltr'><strong>hoc</strong></span> <span class='ocrx_word' id='word_1_682' title='bbox 2761 3802 3060 3872; x_wconf 83' lang='lat' dir='ltr'><strong>signiﬁcet,</strong></span> <span class='ocrx_word' id='word_1_683' title='bbox 3102 3804 3262 3863; x_wconf 86' lang='lat' dir='ltr'><strong>sicin</strong></span> <span class='ocrx_word' id='word_1_684' title='bbox 3296 3806 3493 3863; x_wconf 84' lang='lat' dir='ltr'><strong>lumbis</strong></span> 
     </span>
    </p>
   </div>
   <div class='ocr_carea' id='block_1_86' title="bbox 1914 3893 3494 3967">
    <p class='ocr_par' dir='ltr' id='par_1_86' title="bbox 1914 3893 3494 3967">
     <span class='ocr_line' id='line_1_86' title="bbox 1914 3893 3494 3967; baseline 0.002 -17"><span class='ocrx_word' id='word_1_685' title='bbox 1914 3896 2172 3951; x_wconf 88' lang='lat' dir='ltr'><strong>virorum.</strong></span> <span class='ocrx_word' id='word_1_686' title='bbox 2204 3895 2404 3963; x_wconf 87' lang='lat' dir='ltr'><strong>Adeps,</strong></span> <span class='ocrx_word' id='word_1_687' title='bbox 2433 3893 2704 3967; x_wconf 78' lang='lat' dir='ltr'><strong>pinguedo</strong></span> <span class='ocrx_word' id='word_1_688' title='bbox 2734 3894 2917 3966; x_wconf 69' lang='lat' dir='ltr'><strong>gratia:</strong></span> <span class='ocrx_word' id='word_1_689' title='bbox 2944 3897 3141 3952; x_wconf 76' lang='lat' dir='ltr'><strong>divina:</strong></span> <span class='ocrx_word' id='word_1_690' title='bbox 3165 3940 3181 3964; x_wconf 90' lang='lat'><strong>,</strong></span> <span class='ocrx_word' id='word_1_691' title='bbox 3224 3900 3306 3954; x_wconf 85' lang='lat' dir='ltr'><strong>vel</strong></span> <span class='ocrx_word' id='word_1_692' title='bbox 3348 3911 3494 3954; x_wconf 88' lang='lat' dir='ltr'><strong>satu-</strong></span> 
     </span>
    </p>
   </div>
   <div class='ocr_carea' id='block_1_87' title="bbox 1912 3988 3494 4063">
    <p class='ocr_par' dir='ltr' id='par_1_87' title="bbox 1912 3988 3494 4063">
     <span class='ocr_line' id='line_1_87' title="bbox 1912 3988 3494 4063; baseline 0 -19"><span class='ocrx_word' id='word_1_693' title='bbox 1912 3990 2043 4048; x_wconf 83' lang='lat' dir='ltr'><strong>ritas</strong></span> <span class='ocrx_word' id='word_1_694' title='bbox 2074 4004 2324 4063; x_wconf 59' lang='lat' dir='ltr'><strong>supernte</strong></span> <span class='ocrx_word' id='word_1_695' title='bbox 2354 3992 2651 4062; x_wconf 65' lang='lat' dir='ltr'><strong>sapientius.</strong></span> <span class='ocrx_word' id='word_1_696' title='bbox 2700 3988 2757 4044; x_wconf 91' lang='lat' dir='ltr'><strong>In</strong></span> <span class='ocrx_word' id='word_1_697' title='bbox 2799 3988 3009 4060; x_wconf 90' lang='lat' dir='ltr'><strong>psalmo</strong></span> <span class='ocrx_word' id='word_1_698' title='bbox 3048 4007 3059 4043; x_wconf 94' lang='lat'><strong>:</strong></span> <span class='ocrx_word' id='word_1_699' title='bbox 3096 3989 3241 4044; x_wconf 78' lang='lat' dir='ltr'><strong>Sicut</strong></span> <span class='ocrx_word' id='word_1_700' title='bbox 3271 3992 3422 4062; x_wconf 83' lang='lat' dir='ltr'><strong>adipe</strong></span> <span class='ocrx_word' id='word_1_701' title='bbox 3451 4002 3494 4046; x_wconf 87' lang='lat' dir='ltr'><strong>et</strong></span> 
     </span>
    </p>
   </div>
   <div class='ocr_carea' id='block_1_88' title="bbox 1912 4080 3489 4160">
    <p class='ocr_par' dir='ltr' id='par_1_88' title="bbox 1912 4080 3489 4160">
     <span class='ocr_line' id='line_1_88' title="bbox 1912 4080 3489 4160; baseline -0.003 -19"><span class='ocrx_word' id='word_1_702' title='bbox 1912 4088 2218 4160; x_wconf 86' lang='lat' dir='ltr'><strong>pinguedine</strong></span> <span class='ocrx_word' id='word_1_703' title='bbox 2238 4087 2495 4157; x_wconf 88' lang='lat' dir='ltr'><strong>repleatur</strong></span> <span class='ocrx_word' id='word_1_704' title='bbox 2519 4085 2689 4139; x_wconf 87' lang='lat' dir='ltr'><strong>animo</strong></span> <span class='ocrx_word' id='word_1_705' title='bbox 2715 4081 2830 4153; x_wconf 89' lang='lat' dir='ltr'><strong>(Ps.</strong></span> <span class='ocrx_word' id='word_1_706' title='bbox 2856 4080 3096 4153; x_wconf 79' lang='lat' dir='ltr'><strong>xxv1,6).</strong></span> <span class='ocrx_word' id='word_1_707' title='bbox 3126 4080 3257 4137; x_wconf 91' lang='lat' dir='ltr'><strong>Item</strong></span> <span class='ocrx_word' id='word_1_708' title='bbox 3290 4082 3344 4136; x_wconf 90' lang='lat' dir='ltr'><strong>in</strong></span> <span class='ocrx_word' id='word_1_709' title='bbox 3367 4099 3489 4137; x_wconf 86' lang='lat' dir='ltr'><strong>ma-</strong></span> 
     </span>
    </p>
   </div>
   <div class='ocr_carea' id='block_1_89' title="bbox 1910 4172 3489 4248">
    <p class='ocr_par' dir='ltr' id='par_1_89' title="bbox 1910 4172 3489 4248">
     <span class='ocr_line' id='line_1_89' title="bbox 1910 4172 3489 4248; baseline -0.003 -14"><span class='ocrx_word' id='word_1_710' title='bbox 1910 4179 2021 4234; x_wconf 90' lang='lat' dir='ltr'><strong>lam</strong></span> <span class='ocrx_word' id='word_1_711' title='bbox 2062 4187 2264 4248; x_wconf 85' lang='lat' dir='ltr'><strong>partem</strong></span> <span class='ocrx_word' id='word_1_712' title='bbox 2287 4220 2302 4247; x_wconf 91' lang='lat'><strong>,</strong></span> <span class='ocrx_word' id='word_1_713' title='bbox 2346 4177 2545 4247; x_wconf 89' lang='lat' dir='ltr'><strong>adeps,</strong></span> <span class='ocrx_word' id='word_1_714' title='bbox 2602 4175 2905 4232; x_wconf 86' lang='lat' dir='ltr'><strong>crassitudo</strong></span> <span class='ocrx_word' id='word_1_715' title='bbox 2940 4174 3185 4230; x_wconf 77' lang='lat' dir='ltr'><strong>malitize.</strong></span> <span class='ocrx_word' id='word_1_716' title='bbox 3219 4172 3277 4229; x_wconf 92' lang='lat' dir='ltr'><strong>In</strong></span> <span class='ocrx_word' id='word_1_717' title='bbox 3306 4174 3445 4246; x_wconf 88' lang='lat' dir='ltr'><strong>psal.</strong></span> <span class='ocrx_word' id='word_1_718' title='bbox 3477 4194 3489 4229; x_wconf 90' lang='lat'><strong>:</strong></span> 
     </span>
    </p>
   </div>
   <div class='ocr_carea' id='block_1_90' title="bbox 1912 4268 3111 4341">
    <p class='ocr_par' dir='ltr' id='par_1_90' title="bbox 1912 4268 3111 4341">
     <span class='ocr_line' id='line_1_90' title="bbox 1912 4268 3111 4341; baseline -0.003 -14"><span class='ocrx_word' id='word_1_719' title='bbox 1912 4273 2124 4340; x_wconf 82' lang='lat' dir='ltr'><strong>Adipem</strong></span> <span class='ocrx_word' id='word_1_720' title='bbox 2150 4288 2301 4327; x_wconf 90' lang='lat' dir='ltr'><strong>suum</strong></span> <span class='ocrx_word' id='word_1_721' title='bbox 2328 4272 2682 4326; x_wconf 85' lang='lat' dir='ltr'><strong>concluserunt</strong></span> <span class='ocrx_word' id='word_1_722' title='bbox 2702 4270 2821 4341; x_wconf 82' lang='lat' dir='ltr'><strong>(Ps.</strong></span> <span class='ocrx_word' id='word_1_723' title='bbox 2860 4286 2970 4334; x_wconf 73' lang='lat' dir='ltr'><strong>xw,</strong></span> <span class='ocrx_word' id='word_1_724' title='bbox 3002 4268 3111 4340; x_wconf 83' lang='grc'><strong>10).</strong></span> 
     </span>
    </p>
   </div>
   <div class='ocr_carea' id='block_1_91' title="bbox 1980 4362 3493 4432">
    <p class='ocr_par' dir='ltr' id='par_1_91' title="bbox 1980 4362 3493 4432">
     <span class='ocr_line' id='line_1_91' title="bbox 1980 4362 3493 4432; baseline -0.002 -12"><span class='ocrx_word' id='word_1_725' title='bbox 1980 4365 2138 4431; x_wconf 87' lang='lat' dir='ltr'><strong>Ossa,</strong></span> <span class='ocrx_word' id='word_1_726' title='bbox 2165 4365 2392 4421; x_wconf 88' lang='lat' dir='ltr'><strong>ﬁrmitas</strong></span> <span class='ocrx_word' id='word_1_727' title='bbox 2422 4365 2606 4419; x_wconf 89' lang='lat' dir='ltr'><strong>animi.</strong></span> <span class='ocrx_word' id='word_1_728' title='bbox 2632 4364 2690 4419; x_wconf 92' lang='lat' dir='ltr'><strong>In</strong></span> <span class='ocrx_word' id='word_1_729' title='bbox 2722 4363 2914 4432; x_wconf 83' lang='lat' dir='ltr'><strong>psalm.</strong></span> <span class='ocrx_word' id='word_1_730' title='bbox 2946 4380 2960 4418; x_wconf 90' lang='lat'><strong>:</strong></span> <span class='ocrx_word' id='word_1_731' title='bbox 3004 4362 3192 4416; x_wconf 88' lang='lat' dir='ltr'><strong>Omnia</strong></span> <span class='ocrx_word' id='word_1_732' title='bbox 3228 4377 3342 4417; x_wconf 87' lang='lat' dir='ltr'><strong>ossa</strong></span> <span class='ocrx_word' id='word_1_733' title='bbox 3378 4379 3493 4417; x_wconf 83' lang='lat' dir='ltr'><strong>mea</strong></span> 
     </span>
    </p>
   </div>
   <div class='ocr_carea' id='block_1_92' title="bbox 1912 4452 3493 4526">
    <p class='ocr_par' dir='ltr' id='par_1_92' title="bbox 1912 4452 3493 4526">
     <span class='ocr_line' id='line_1_92' title="bbox 1912 4452 3493 4526; baseline 0.001 -17"><span class='ocrx_word' id='word_1_734' title='bbox 1912 4458 2101 4520; x_wconf 87' lang='lat' dir='ltr'><strong>dicent,</strong></span> <span class='ocrx_word' id='word_1_735' title='bbox 2138 4454 2373 4521; x_wconf 90' lang='lat' dir='ltr'><strong>Domine,</strong></span> <span class='ocrx_word' id='word_1_736' title='bbox 2396 4458 2509 4526; x_wconf 87' lang='lat' dir='ltr'><strong>quis</strong></span> <span class='ocrx_word' id='word_1_737' title='bbox 2529 4454 2713 4508; x_wconf 87' lang='lat' dir='ltr'><strong>similis</strong></span> <span class='ocrx_word' id='word_1_738' title='bbox 2742 4453 2831 4506; x_wconf 87' lang='lat' dir='ltr'><strong>tibi</strong></span> <span class='ocrx_word' id='word_1_739' title='bbox 2858 4452 2977 4524; x_wconf 84' lang='lat' dir='ltr'><strong>(1’s.</strong></span> <span class='ocrx_word' id='word_1_740' title='bbox 3032 4468 3211 4519; x_wconf 79' lang='lat' dir='ltr'><strong>xxxrv,</strong></span> <span class='ocrx_word' id='word_1_741' title='bbox 3244 4454 3372 4525; x_wconf 68' lang='lat'><strong>10)?</strong></span> <span class='ocrx_word' id='word_1_742' title='bbox 3426 4455 3493 4510; x_wconf 79' lang='lat' dir='ltr'><strong>Et</strong></span> 
     </span>
    </p>
   </div>
   <div class='ocr_carea' id='block_1_93' title="bbox 224 4525 3492 4625">
    <p class='ocr_par' dir='ltr' id='par_1_93' title="bbox 224 4525 3492 4625">
     <span class='ocr_line' id='line_1_93' title="bbox 224 4525 3492 4625; baseline 0 -24"><span class='ocrx_word' id='word_1_743' title='bbox 224 4525 457 4615; x_wconf 84' lang='lat' dir='ltr'><strong>procedit</strong></span> <span class='ocrx_word' id='word_1_744' title='bbox 485 4525 657 4621; x_wconf 81' lang='lat' dir='ltr'><strong>fumus</strong></span> <span class='ocrx_word' id='word_1_745' title='bbox 691 4549 815 4619; x_wconf 76' lang='lat' dir='ltr'><strong>(Job</strong></span> <span class='ocrx_word' id='word_1_746' title='bbox 868 4572 975 4620; x_wconf 72' lang='grc' dir='ltr'>ιιι,</span> <span class='ocrx_word' id='word_1_747' title='bbox 1013 4525 1121 4625; x_wconf 57' lang='grc'><strong>11),</strong></span> <span class='ocrx_word' id='word_1_748' title='bbox 1146 4558 1197 4611; x_wconf 84' lang='lat' dir='ltr'><strong>id</strong></span> <span class='ocrx_word' id='word_1_749' title='bbox 1226 4568 1328 4622; x_wconf 69' lang='lat' dir='ltr'><strong>est,</strong></span> <span class='ocrx_word' id='word_1_750' title='bbox 1351 4558 1569 4613; x_wconf 73' lang='lat' dir='ltr'><strong>diaboli,</strong></span> <span class='ocrx_word' id='word_1_751' title='bbox 1604 4525 1806 4614; x_wconf 42' lang='lat' dir='ltr'><strong>Fau&#39;ces</strong></span> <span class='ocrx_word' id='word_1_752' title='bbox 1836 4525 1887 4585; x_wconf 77' lang='lat' dir='ltr'><strong><em>D</em></strong></span> <span class='ocrx_word' id='word_1_753' title='bbox 1914 4550 1967 4603; x_wconf 90' lang='lat' dir='ltr'><strong>in</strong></span> <span class='ocrx_word' id='word_1_754' title='bbox 1993 4550 2183 4603; x_wconf 88' lang='lat' dir='ltr'><strong>malam</strong></span> <span class='ocrx_word' id='word_1_755' title='bbox 2216 4559 2458 4617; x_wconf 81' lang='lat' dir='ltr'><strong>partem;</strong></span> <span class='ocrx_word' id='word_1_756' title='bbox 2490 4549 2545 4601; x_wconf 87' lang='lat' dir='ltr'><strong>itt</strong></span> <span class='ocrx_word' id='word_1_757' title='bbox 2575 4546 2676 4600; x_wconf 79' lang='lat' dir='ltr'><strong>Job</strong></span> <span class='ocrx_word' id='word_1_758' title='bbox 2708 4560 2719 4595; x_wconf 87' lang='lat'><strong>:</strong></span> <span class='ocrx_word' id='word_1_759' title='bbox 2751 4544 2883 4598; x_wconf 88' lang='lat' dir='ltr'><strong>Ossa</strong></span> <span class='ocrx_word' id='word_1_760' title='bbox 2911 4546 3021 4613; x_wconf 85' lang='lat' dir='ltr'><strong>ejus</strong></span> <span class='ocrx_word' id='word_1_761' title='bbox 3036 4546 3357 4615; x_wconf 81' lang='lat' dir='ltr'><strong>velutﬁstula</strong></span> <span class='ocrx_word' id='word_1_762' title='bbox 3373 4548 3492 4601; x_wconf 79' lang='lat' dir='ltr'><strong>teris</strong></span> 
     </span>
    </p>
   </div>
   <div class='ocr_carea' id='block_1_94' title="bbox 223 4642 1807 4718">
    <p class='ocr_par' dir='ltr' id='par_1_94' title="bbox 223 4642 1807 4718">
     <span class='ocr_line' id='line_1_94' title="bbox 223 4642 1807 4718; baseline 0.005 -21"><span class='ocrx_word' id='word_1_763' title='bbox 223 4642 486 4713; x_wconf 82' lang='lat' dir='ltr'><strong>iudicium</strong></span> <span class='ocrx_word' id='word_1_764' title='bbox 517 4644 844 4703; x_wconf 82' lang='lat' dir='ltr'><strong>intellectus.</strong></span> <span class='ocrx_word' id='word_1_765' title='bbox 897 4649 953 4703; x_wconf 93' lang='lat' dir='ltr'><strong>In</strong></span> <span class='ocrx_word' id='word_1_766' title='bbox 992 4650 1127 4703; x_wconf 89' lang='lat' dir='ltr'><strong>libro</strong></span> <span class='ocrx_word' id='word_1_767' title='bbox 1167 4649 1309 4704; x_wconf 82' lang='lat' dir='ltr'><strong>Job:</strong></span> <span class='ocrx_word' id='word_1_768' title='bbox 1349 4650 1413 4702; x_wconf 86' lang='lat' dir='ltr'><strong>Et</strong></span> <span class='ocrx_word' id='word_1_769' title='bbox 1457 4650 1631 4718; x_wconf 82' lang='lat' dir='ltr'><strong>fauces</strong></span> <span class='ocrx_word' id='word_1_770' title='bbox 1679 4667 1807 4706; x_wconf 77' lang='lat' dir='ltr'><strong>mete</strong></span> 
     </span>
    </p>
   </div>
   <div class='ocr_carea' id='block_1_95' title="bbox 222 4742 1801 4812">
    <p class='ocr_par' dir='ltr' id='par_1_95' title="bbox 222 4742 1801 4812">
     <span class='ocr_line' id='line_1_95' title="bbox 222 4742 1801 4812; baseline 0 -16"><span class='ocrx_word' id='word_1_771' title='bbox 222 4757 394 4796; x_wconf 76' lang='lat' dir='ltr'><strong>nonne</strong></span> <span class='ocrx_word' id='word_1_772' title='bbox 420 4743 725 4809; x_wconf 83' lang='lat' dir='ltr'><strong>sapientiam</strong></span> <span class='ocrx_word' id='word_1_773' title='bbox 750 4742 1100 4795; x_wconf 85' lang='lat' dir='ltr'><strong>meditantur?</strong></span> <span class='ocrx_word' id='word_1_774' title='bbox 1131 4743 1195 4796; x_wconf 88' lang='lat' dir='ltr'><strong>Et</strong></span> <span class='ocrx_word' id='word_1_775' title='bbox 1218 4744 1268 4795; x_wconf 92' lang='lat' dir='ltr'><strong>in</strong></span> <span class='ocrx_word' id='word_1_776' title='bbox 1311 4742 1503 4795; x_wconf 89' lang='lat' dir='ltr'><strong>ntalam</strong></span> <span class='ocrx_word' id='word_1_777' title='bbox 1558 4754 1760 4812; x_wconf 84' lang='lat' dir='ltr'><strong>partem</strong></span> <span class='ocrx_word' id='word_1_778' title='bbox 1789 4762 1801 4796; x_wconf 90' lang='lat'><strong>:</strong></span> 
     </span>
    </p>
   </div>
   <div class='ocr_carea' id='block_1_96' title="bbox 224 4832 1802 4905">
    <p class='ocr_par' dir='ltr' id='par_1_96' title="bbox 224 4832 1802 4905">
     <span class='ocr_line' id='line_1_96' title="bbox 224 4832 1802 4905; baseline 0.001 -18"><span class='ocrx_word' id='word_1_779' title='bbox 224 4834 416 4889; x_wconf 70' lang='lat' dir='ltr'><strong>Rauca:</strong></span> <span class='ocrx_word' id='word_1_780' title='bbox 464 4834 611 4897; x_wconf 66' lang='lat' dir='ltr'><strong>factas</strong></span> <span class='ocrx_word' id='word_1_781' title='bbox 656 4837 771 4905; x_wconf 76' lang='lat' dir='ltr'><strong>funt</strong></span> <span class='ocrx_word' id='word_1_782' title='bbox 809 4837 984 4903; x_wconf 80' lang='lat' dir='ltr'><strong>fauces</strong></span> <span class='ocrx_word' id='word_1_783' title='bbox 1038 4849 1161 4887; x_wconf 68' lang='lat' dir='ltr'><strong>mea:</strong></span> <span class='ocrx_word' id='word_1_784' title='bbox 1188 4835 1207 4904; x_wconf 92' lang='lat'><strong>(</strong></span> <span class='ocrx_word' id='word_1_785' title='bbox 1238 4832 1327 4887; x_wconf 84' lang='lat' dir='ltr'><strong>Ps.</strong></span> <span class='ocrx_word' id='word_1_786' title='bbox 1362 4848 1543 4899; x_wconf 80' lang='lat' dir='ltr'><strong>uvttt,</strong></span> <span class='ocrx_word' id='word_1_787' title='bbox 1578 4835 1665 4903; x_wconf 65' lang='grc'><strong>«1).</strong></span> <span class='ocrx_word' id='word_1_788' title='bbox 1698 4836 1802 4901; x_wconf 84' lang='lat' dir='ltr'><strong>0s,</strong></span> 
     </span>
    </p>
   </div>
   <div class='ocr_carea' id='block_1_97' title="bbox 221 4923 1835 5002">
    <p class='ocr_par' dir='ltr' id='par_1_97' title="bbox 221 4923 1835 5002">
     <span class='ocr_line' id='line_1_97' title="bbox 221 4923 1835 5002; baseline 0 -21"><span class='ocrx_word' id='word_1_789' title='bbox 221 4942 405 4981; x_wconf 86' lang='lat' dir='ltr'><strong>sermo</strong></span> <span class='ocrx_word' id='word_1_790' title='bbox 436 4924 567 4995; x_wconf 88' lang='lat' dir='ltr'><strong>ipse.</strong></span> <span class='ocrx_word' id='word_1_791' title='bbox 597 4925 649 4979; x_wconf 91' lang='lat' dir='ltr'><strong>In</strong></span> <span class='ocrx_word' id='word_1_792' title='bbox 676 4926 881 4995; x_wconf 86' lang='lat' dir='ltr'><strong>psalmo</strong></span> <span class='ocrx_word' id='word_1_793' title='bbox 914 4942 923 4977; x_wconf 92' lang='lat'><strong>:</strong></span> <span class='ocrx_word' id='word_1_794' title='bbox 954 4923 1025 4979; x_wconf 90' lang='lat' dir='ltr'><strong>0s</strong></span> <span class='ocrx_word' id='word_1_795' title='bbox 1058 4926 1190 4995; x_wconf 88' lang='lat' dir='ltr'><strong>justi</strong></span> <span class='ocrx_word' id='word_1_796' title='bbox 1233 4926 1562 4979; x_wconf 86' lang='lat' dir='ltr'><strong>meditabitur</strong></span> <span class='ocrx_word' id='word_1_797' title='bbox 1597 4928 1835 5002; x_wconf 47' lang='grc' dir='ltr'><strong>δηρὶεηη</strong></span> 
     </span>
    </p>
   </div>
   <div class='ocr_carea' id='block_1_98' title="bbox 222 5016 864 5090">
    <p class='ocr_par' dir='ltr' id='par_1_98' title="bbox 222 5016 864 5090">
     <span class='ocr_line' id='line_1_98' title="bbox 222 5016 864 5090; baseline 0.002 -19"><span class='ocrx_word' id='word_1_798' title='bbox 222 5021 346 5072; x_wconf 80' lang='lat' dir='ltr'><strong>tiam</strong></span> <span class='ocrx_word' id='word_1_799' title='bbox 379 5016 499 5090; x_wconf 80' lang='lat' dir='ltr'><strong>(Ps.</strong></span> <span class='ocrx_word' id='word_1_800' title='bbox 530 5031 716 5083; x_wconf 78' lang='lat' dir='ltr'><strong>xxxvr,</strong></span> <span class='ocrx_word' id='word_1_801' title='bbox 751 5016 864 5083; x_wconf 79' lang='grc'><strong>50).</strong></span> 
     </span>
    </p>
   </div>
   <div class='ocr_carea' id='block_1_99' title="bbox 292 5112 1805 5183">
    <p class='ocr_par' dir='ltr' id='par_1_99' title="bbox 292 5112 1805 5183">
     <span class='ocr_line' id='line_1_99' title="bbox 292 5112 1805 5183; baseline 0.001 -16"><span class='ocrx_word' id='word_1_802' title='bbox 292 5113 516 5183; x_wconf 75' lang='lat' dir='ltr'><strong>Lingua,</strong></span> <span class='ocrx_word' id='word_1_803' title='bbox 566 5113 705 5167; x_wconf 86' lang='lat' dir='ltr'><strong>idem</strong></span> <span class='ocrx_word' id='word_1_804' title='bbox 751 5112 891 5181; x_wconf 88' lang='lat' dir='ltr'><strong>quod</strong></span> <span class='ocrx_word' id='word_1_805' title='bbox 942 5127 1123 5183; x_wconf 77' lang='lat' dir='ltr'><strong>supra.</strong></span> <span class='ocrx_word' id='word_1_806' title='bbox 1155 5114 1209 5166; x_wconf 88' lang='lat' dir='ltr'><strong>In</strong></span> <span class='ocrx_word' id='word_1_807' title='bbox 1243 5114 1451 5183; x_wconf 87' lang='lat' dir='ltr'><strong>psalmo</strong></span> <span class='ocrx_word' id='word_1_808' title='bbox 1483 5130 1497 5170; x_wconf 90' lang='lat'><strong>:</strong></span> <span class='ocrx_word' id='word_1_809' title='bbox 1534 5114 1599 5167; x_wconf 87' lang='lat' dir='ltr'><strong>Et</strong></span> <span class='ocrx_word' id='word_1_810' title='bbox 1628 5116 1805 5183; x_wconf 79' lang='lat' dir='ltr'><strong>lingua</strong></span> 
     </span>
    </p>
   </div>
   <div class='ocr_carea' id='block_1_100' title="bbox 225 5202 1805 5277">
    <p class='ocr_par' dir='ltr' id='par_1_100' title="bbox 225 5202 1805 5277">
     <span class='ocr_line' id='line_1_100' title="bbox 225 5202 1805 5277; baseline 0.001 -19"><span class='ocrx_word' id='word_1_811' title='bbox 225 5207 335 5272; x_wconf 78' lang='lat' dir='ltr'><strong>eius</strong></span> <span class='ocrx_word' id='word_1_812' title='bbox 363 5207 599 5277; x_wconf 80' lang='lat' dir='ltr'><strong>loquetur</strong></span> <span class='ocrx_word' id='word_1_813' title='bbox 600 5205 863 5276; x_wconf 85' lang='lat' dir='ltr'><strong>judicium</strong></span> <span class='ocrx_word' id='word_1_814' title='bbox 886 5205 901 5272; x_wconf 93' lang='lat'><strong>(</strong></span> <span class='ocrx_word' id='word_1_815' title='bbox 926 5202 1119 5273; x_wconf 82' lang='lat' dir='ltr'><strong>Ibid.),</strong></span> <span class='ocrx_word' id='word_1_816' title='bbox 1152 5205 1233 5259; x_wconf 86' lang='lat' dir='ltr'><strong>vel</strong></span> <span class='ocrx_word' id='word_1_817' title='bbox 1259 5204 1625 5274; x_wconf 83' lang='lat' dir='ltr'><strong>Seripturu,ut</strong></span> <span class='ocrx_word' id='word_1_818' title='bbox 1648 5223 1658 5258; x_wconf 95' lang='lat'><strong>:</strong></span> <span class='ocrx_word' id='word_1_819' title='bbox 1680 5205 1805 5260; x_wconf 88' lang='lat' dir='ltr'><strong>Lin-</strong></span> 
     </span>
    </p>
   </div>
   <div class='ocr_carea' id='block_1_101' title="bbox 225 5297 1802 5369">
    <p class='ocr_par' dir='ltr' id='par_1_101' title="bbox 225 5297 1802 5369">
     <span class='ocr_line' id='line_1_101' title="bbox 225 5297 1802 5369; baseline -0.001 -16"><span class='ocrx_word' id='word_1_820' title='bbox 225 5316 322 5369; x_wconf 83' lang='lat' dir='ltr'><strong>gua</strong></span> <span class='ocrx_word' id='word_1_821' title='bbox 348 5316 460 5354; x_wconf 88' lang='lat' dir='ltr'><strong>mea</strong></span> <span class='ocrx_word' id='word_1_822' title='bbox 490 5301 720 5354; x_wconf 86' lang='lat' dir='ltr'><strong>calamus</strong></span> <span class='ocrx_word' id='word_1_823' title='bbox 746 5300 922 5352; x_wconf 75' lang='lat' dir='ltr'><strong>scribat</strong></span> <span class='ocrx_word' id='word_1_824' title='bbox 951 5297 1077 5368; x_wconf 86' lang='lat' dir='ltr'><strong>(Ps.</strong></span> <span class='ocrx_word' id='word_1_825' title='bbox 1115 5313 1255 5362; x_wconf 68' lang='grc' dir='ltr'><strong>κων,</strong></span> <span class='ocrx_word' id='word_1_826' title='bbox 1281 5298 1315 5349; x_wconf 70' lang='lat'><strong>‘2</strong></span> <span class='ocrx_word' id='word_1_827' title='bbox 1340 5297 1379 5368; x_wconf 91' lang='lat'><strong>).</strong></span> <span class='ocrx_word' id='word_1_828' title='bbox 1415 5298 1636 5360; x_wconf 82' lang='lat' dir='ltr'><strong>Dentes.</strong></span> <span class='ocrx_word' id='word_1_829' title='bbox 1671 5312 1802 5352; x_wconf 82' lang='lat' dir='ltr'><strong>san-</strong></span> 
     </span>
    </p>
   </div>
   <div class='ocr_carea' id='block_1_102' title="bbox 224 5390 1803 5463">
    <p class='ocr_par' dir='ltr' id='par_1_102' title="bbox 224 5390 1803 5463">
     <span class='ocr_line' id='line_1_102' title="bbox 224 5390 1803 5463; baseline -0.002 -17"><span class='ocrx_word' id='word_1_830' title='bbox 224 5394 293 5447; x_wconf 89' lang='lat' dir='ltr'><strong>cti</strong></span> <span class='ocrx_word' id='word_1_831' title='bbox 338 5393 742 5463; x_wconf 79' lang='lat' dir='ltr'><strong>praedicatores,</strong></span> <span class='ocrx_word' id='word_1_832' title='bbox 794 5391 883 5460; x_wconf 88' lang='lat' dir='ltr'><strong>qui</strong></span> <span class='ocrx_word' id='word_1_833' title='bbox 930 5399 1077 5445; x_wconf 88' lang='lat' dir='ltr'><strong>recte</strong></span> <span class='ocrx_word' id='word_1_834' title='bbox 1118 5390 1459 5460; x_wconf 62' lang='lat' dir='ltr'><strong>praecipiunt,</strong></span> <span class='ocrx_word' id='word_1_835' title='bbox 1504 5398 1561 5444; x_wconf 87' lang='lat' dir='ltr'><strong>et</strong></span> <span class='ocrx_word' id='word_1_836' title='bbox 1616 5406 1803 5460; x_wconf 87' lang='lat' dir='ltr'><strong>quem-</strong></span> 
     </span>
    </p>
   </div>
   <div class='ocr_carea' id='block_1_103' title="bbox 225 5482 1800 5552">
    <p class='ocr_par' dir='ltr' id='par_1_103' title="bbox 225 5482 1800 5552">
     <span class='ocr_line' id='line_1_103' title="bbox 225 5482 1800 5552; baseline 0.001 -18"><span class='ocrx_word' id='word_1_837' title='bbox 225 5483 511 5538; x_wconf 89' lang='lat' dir='ltr'><strong>admodum</strong></span> <span class='ocrx_word' id='word_1_838' title='bbox 533 5482 867 5552; x_wconf 74' lang='lat' dir='ltr'><strong>prmripiunt,</strong></span> <span class='ocrx_word' id='word_1_839' title='bbox 880 5482 951 5537; x_wconf 85' lang='lat' dir='ltr'><strong>ita</strong></span> <span class='ocrx_word' id='word_1_840' title='bbox 964 5483 1143 5539; x_wconf 83' lang='lat' dir='ltr'><strong>vivunt</strong></span> <span class='ocrx_word' id='word_1_841' title='bbox 1162 5491 1215 5538; x_wconf 89' lang='lat' dir='ltr'><strong>ut</strong></span> <span class='ocrx_word' id='word_1_842' title='bbox 1229 5484 1329 5538; x_wconf 87' lang='lat' dir='ltr'><strong>hoc</strong></span> <span class='ocrx_word' id='word_1_843' title='bbox 1345 5496 1557 5551; x_wconf 67' lang='lat' dir='ltr'><strong>sponsa:</strong></span> <span class='ocrx_word' id='word_1_844' title='bbox 1574 5483 1800 5537; x_wconf 85' lang='lat' dir='ltr'><strong>dictum:</strong></span> 
     </span>
    </p>
   </div>
   <div class='ocr_carea' id='block_1_104' title="bbox 227 5569 1803 5647">
    <p class='ocr_par' dir='ltr' id='par_1_104' title="bbox 227 5569 1803 5647">
     <span class='ocr_line' id='line_1_104' title="bbox 227 5569 1803 5647; baseline 0.001 -22"><span class='ocrx_word' id='word_1_845' title='bbox 227 5569 416 5630; x_wconf 86' lang='lat' dir='ltr'><strong>Dentes</strong></span> <span class='ocrx_word' id='word_1_846' title='bbox 446 5577 519 5629; x_wconf 88' lang='lat' dir='ltr'><strong>tui</strong></span> <span class='ocrx_word' id='word_1_847' title='bbox 539 5577 669 5629; x_wconf 84' lang='lat' dir='ltr'><strong>sicut</strong></span> <span class='ocrx_word' id='word_1_848' title='bbox 695 5592 867 5647; x_wconf 75' lang='lat' dir='ltr'><strong>greges</strong></span> <span class='ocrx_word' id='word_1_849' title='bbox 898 5585 1159 5630; x_wconf 81' lang='lat' dir='ltr'><strong>tonsarum</strong></span> <span class='ocrx_word' id='word_1_850' title='bbox 1202 5576 1391 5641; x_wconf 86' lang='lat' dir='ltr'><strong>ovium,</strong></span> <span class='ocrx_word' id='word_1_851' title='bbox 1422 5592 1535 5644; x_wconf 69' lang='lat' dir='ltr'><strong>qua:</strong></span> <span class='ocrx_word' id='word_1_852' title='bbox 1564 5575 1803 5629; x_wconf 86' lang='lat' dir='ltr'><strong>ascende-</strong></span> 
     </span>
    </p>
   </div>
   <div class='ocr_carea' id='block_1_105' title="bbox 227 5666 1805 5739">
    <p class='ocr_par' dir='ltr' id='par_1_105' title="bbox 227 5666 1805 5739">
     <span class='ocr_line' id='line_1_105' title="bbox 227 5666 1805 5739; baseline 0.003 -23"><span class='ocrx_word' id='word_1_853' title='bbox 227 5678 341 5719; x_wconf 88' lang='lat' dir='ltr'><strong>runt</strong></span> <span class='ocrx_word' id='word_1_854' title='bbox 374 5668 437 5719; x_wconf 85' lang='lat' dir='ltr'><strong>de</strong></span> <span class='ocrx_word' id='word_1_855' title='bbox 464 5666 682 5734; x_wconf 76' lang='lat' dir='ltr'><strong>latacro,</strong></span> <span class='ocrx_word' id='word_1_856' title='bbox 710 5685 822 5739; x_wconf 77' lang='lat' dir='ltr'><strong>qua:</strong></span> <span class='ocrx_word' id='word_1_857' title='bbox 851 5687 1019 5723; x_wconf 72' lang='lat' dir='ltr'><strong>(tumes</strong></span> <span class='ocrx_word' id='word_1_858' title='bbox 1067 5670 1271 5735; x_wconf 86' lang='lat' dir='ltr'><strong>pariunt</strong></span> <span class='ocrx_word' id='word_1_859' title='bbox 1301 5670 1546 5739; x_wconf 84' lang='lat' dir='ltr'><strong>geminos,</strong></span> <span class='ocrx_word' id='word_1_860' title='bbox 1578 5678 1629 5721; x_wconf 84' lang='lat' dir='ltr'><strong>et</strong></span> <span class='ocrx_word' id='word_1_861' title='bbox 1656 5670 1805 5722; x_wconf 81' lang='lat' dir='ltr'><strong>steri-</strong></span> 
     </span>
    </p>
   </div>
   <div class='ocr_carea' id='block_1_106' title="bbox 227 5755 1802 5827">
    <p class='ocr_par' dir='ltr' id='par_1_106' title="bbox 227 5755 1802 5827">
     <span class='ocr_line' id='line_1_106' title="bbox 227 5755 1802 5827; baseline 0.004 -20"><span class='ocrx_word' id='word_1_862' title='bbox 227 5755 286 5810; x_wconf 87' lang='lat' dir='ltr'><strong>lis</strong></span> <span class='ocrx_word' id='word_1_863' title='bbox 312 5774 413 5812; x_wconf 86' lang='lat' dir='ltr'><strong>uen</strong></span> <span class='ocrx_word' id='word_1_864' title='bbox 444 5769 515 5813; x_wconf 90' lang='lat' dir='ltr'><strong>est</strong></span> <span class='ocrx_word' id='word_1_865' title='bbox 542 5761 592 5813; x_wconf 87' lang='lat' dir='ltr'><strong>in</strong></span> <span class='ocrx_word' id='word_1_866' title='bbox 625 5761 695 5813; x_wconf 81' lang='lat' dir='ltr'><strong>sis</strong></span> <span class='ocrx_word' id='word_1_867' title='bbox 728 5758 898 5827; x_wconf 87' lang='lat' dir='ltr'><strong>(Cant.</strong></span> <span class='ocrx_word' id='word_1_868' title='bbox 932 5778 1001 5825; x_wconf 66' lang='lat' dir='ltr'><strong>tv,</strong></span> <span class='ocrx_word' id='word_1_869' title='bbox 1034 5762 1111 5825; x_wconf 71' lang='lat'><strong>‘2).</strong></span> <span class='ocrx_word' id='word_1_870' title='bbox 1144 5761 1276 5816; x_wconf 80' lang='lat' dir='ltr'><strong>Item</strong></span> <span class='ocrx_word' id='word_1_871' title='bbox 1311 5762 1592 5816; x_wconf 84' lang='lat' dir='ltr'><strong>interiores</strong></span> <span class='ocrx_word' id='word_1_872' title='bbox 1610 5775 1802 5815; x_wconf 74' lang='lat' dir='ltr'><strong>sensus</strong></span> 
     </span>
    </p>
   </div>
   <div class='ocr_carea' id='block_1_107' title="bbox 1908 4636 3493 4710">
    <p class='ocr_par' dir='ltr' id='par_1_107' title="bbox 1908 4636 3493 4710">
     <span class='ocr_line' id='line_1_107' title="bbox 1908 4636 3493 4710; baseline 0.001 -17"><span class='ocrx_word' id='word_1_873' title='bbox 1908 4640 2031 4709; x_wconf 82' lang='lat' dir='ltr'><strong>(Job</strong></span> <span class='ocrx_word' id='word_1_874' title='bbox 2059 4655 2146 4705; x_wconf 73' lang='grc' dir='ltr'>χι,</span> <span class='ocrx_word' id='word_1_875' title='bbox 2182 4640 2289 4710; x_wconf 69' lang='lat' dir='ltr'><strong>IS).</strong></span> <span class='ocrx_word' id='word_1_876' title='bbox 2318 4640 2471 4703; x_wconf 90' lang='lat' dir='ltr'><strong>Item,</strong></span> <span class='ocrx_word' id='word_1_877' title='bbox 2506 4636 2845 4692; x_wconf 82' lang='lat' dir='ltr'><strong>fraudulenta</strong></span> <span class='ocrx_word' id='word_1_878' title='bbox 2870 4638 3093 4692; x_wconf 90' lang='lat' dir='ltr'><strong>consilia</strong></span> <span class='ocrx_word' id='word_1_879' title='bbox 3124 4639 3493 4696; x_wconf 89' lang='lat' dir='ltr'><strong>ministrorum</strong></span> 
     </span>
    </p>
   </div>
   <div class='ocr_carea' id='block_1_108' title="bbox 1910 4729 3491 4803">
    <p class='ocr_par' dir='ltr' id='par_1_108' title="bbox 1910 4729 3491 4803">
     <span class='ocr_line' id='line_1_108' title="bbox 1910 4729 3491 4803; baseline 0 -16"><span class='ocrx_word' id='word_1_880' title='bbox 1910 4734 2254 4799; x_wconf 79' lang='lat' dir='ltr'><strong>Antichristi,</strong></span> <span class='ocrx_word' id='word_1_881' title='bbox 2287 4742 2344 4787; x_wconf 91' lang='lat' dir='ltr'><strong>ut</strong></span> <span class='ocrx_word' id='word_1_882' title='bbox 2375 4733 2428 4786; x_wconf 90' lang='lat' dir='ltr'><strong>in</strong></span> <span class='ocrx_word' id='word_1_883' title='bbox 2462 4732 2595 4801; x_wconf 85' lang='lat' dir='ltr'><strong>psal.</strong></span> <span class='ocrx_word' id='word_1_884' title='bbox 2634 4748 2646 4784; x_wconf 89' lang='lat'><strong>:</strong></span> <span class='ocrx_word' id='word_1_885' title='bbox 2681 4729 2821 4785; x_wconf 87' lang='lat' dir='ltr'><strong>Deus</strong></span> <span class='ocrx_word' id='word_1_886' title='bbox 2849 4732 3111 4803; x_wconf 84' lang='lat' dir='ltr'><strong>dissipavit</strong></span> <span class='ocrx_word' id='word_1_887' title='bbox 3141 4749 3254 4787; x_wconf 86' lang='lat' dir='ltr'><strong>ossa</strong></span> <span class='ocrx_word' id='word_1_888' title='bbox 3281 4734 3491 4793; x_wconf 84' lang='lat' dir='ltr'><strong>illorum</strong></span> 
     </span>
    </p>
   </div>
   <div class='ocr_carea' id='block_1_109' title="bbox 1906 4823 3488 4899">
    <p class='ocr_par' dir='ltr' id='par_1_109' title="bbox 1906 4823 3488 4899">
     <span class='ocr_line' id='line_1_109' title="bbox 1906 4823 3488 4899; baseline 0.001 -18"><span class='ocrx_word' id='word_1_889' title='bbox 1906 4830 1992 4899; x_wconf 86' lang='lat' dir='ltr'><strong>qui</strong></span> <span class='ocrx_word' id='word_1_890' title='bbox 2016 4828 2303 4881; x_wconf 88' lang='lat' dir='ltr'><strong>hominibus</strong></span> <span class='ocrx_word' id='word_1_891' title='bbox 2347 4826 2547 4894; x_wconf 84' lang='lat' dir='ltr'><strong>placent</strong></span> <span class='ocrx_word' id='word_1_892' title='bbox 2578 4823 2705 4896; x_wconf 89' lang='lat' dir='ltr'><strong>(Ps.</strong></span> <span class='ocrx_word' id='word_1_893' title='bbox 2739 4839 2839 4893; x_wconf 81' lang='grc' dir='ltr'>ιιι,</span> <span class='ocrx_word' id='word_1_894' title='bbox 2874 4826 2952 4895; x_wconf 86' lang='lat'><strong>6).</strong></span> <span class='ocrx_word' id='word_1_895' title='bbox 2978 4825 3245 4892; x_wconf 70' lang='lat' dir='ltr'><strong>Medullm,</strong></span> <span class='ocrx_word' id='word_1_896' title='bbox 3291 4827 3488 4882; x_wconf 82' lang='lat' dir='ltr'><strong>inlusio</strong></span> 
     </span>
    </p>
   </div>
   <div class='ocr_carea' id='block_1_110' title="bbox 1907 4916 3490 4987">
    <p class='ocr_par' dir='ltr' id='par_1_110' title="bbox 1907 4916 3490 4987">
     <span class='ocr_line' id='line_1_110' title="bbox 1907 4916 3490 4987; baseline -0.003 -12"><span class='ocrx_word' id='word_1_897' title='bbox 1907 4919 2186 4976; x_wconf 87' lang='lat' dir='ltr'><strong>charitatis</strong></span> <span class='ocrx_word' id='word_1_898' title='bbox 2235 4927 2287 4972; x_wconf 91' lang='lat' dir='ltr'><strong>et</strong></span> <span class='ocrx_word' id='word_1_899' title='bbox 2317 4918 2543 4972; x_wconf 89' lang='lat' dir='ltr'><strong>aliarum</strong></span> <span class='ocrx_word' id='word_1_900' title='bbox 2585 4918 2847 4970; x_wconf 86' lang='lat' dir='ltr'><strong>virtutum</strong></span> <span class='ocrx_word' id='word_1_901' title='bbox 2874 4957 2889 4983; x_wconf 90' lang='lat'><strong>,</strong></span> <span class='ocrx_word' id='word_1_902' title='bbox 2924 4927 2980 4971; x_wconf 90' lang='lat' dir='ltr'><strong>ut</strong></span> <span class='ocrx_word' id='word_1_903' title='bbox 3003 4918 3068 4987; x_wconf 51' lang='lat' dir='ltr'><strong>(in</strong></span> <span class='ocrx_word' id='word_1_904' title='bbox 3103 4917 3237 4982; x_wconf 87' lang='lat' dir='ltr'><strong>psal.</strong></span> <span class='ocrx_word' id='word_1_905' title='bbox 3274 4929 3289 4972; x_wconf 86' lang='lat'><strong>:</strong></span> <span class='ocrx_word' id='word_1_906' title='bbox 3324 4916 3490 4970; x_wconf 85' lang='lat' dir='ltr'><strong>Holo-</strong></span> 
     </span>
    </p>
   </div>
   <div class='ocr_carea' id='block_1_111' title="bbox 1909 5008 3487 5081">
    <p class='ocr_par' dir='ltr' id='par_1_111' title="bbox 1909 5008 3487 5081">
     <span class='ocr_line' id='line_1_111' title="bbox 1909 5008 3487 5081; baseline -0.002 -15"><span class='ocrx_word' id='word_1_907' title='bbox 1909 5023 2085 5067; x_wconf 87' lang='lat' dir='ltr'><strong>causta</strong></span> <span class='ocrx_word' id='word_1_908' title='bbox 2108 5010 2389 5066; x_wconf 82' lang='lat' dir='ltr'><strong>medullula</strong></span> <span class='ocrx_word' id='word_1_909' title='bbox 2420 5011 2738 5079; x_wconf 77' lang='lat' dir='ltr'><strong>olferamtibi</strong></span> <span class='ocrx_word' id='word_1_910' title='bbox 2757 5010 2931 5081; x_wconf 85' lang='lat' dir='ltr'><strong>(Psal.</strong></span> <span class='ocrx_word' id='word_1_911' title='bbox 2957 5027 3083 5077; x_wconf 71' lang='grc' dir='ltr'><strong>ων,</strong></span> <span class='ocrx_word' id='word_1_912' title='bbox 3104 5008 3216 5081; x_wconf 84' lang='grc'><strong>15).</strong></span> <span class='ocrx_word' id='word_1_913' title='bbox 3243 5010 3487 5077; x_wconf 75' lang='lat' dir='ltr'><strong>Viscera,</strong></span> 
     </span>
    </p>
   </div>
   <div class='ocr_carea' id='block_1_112' title="bbox 1909 5103 3491 5174">
    <p class='ocr_par' dir='ltr' id='par_1_112' title="bbox 1909 5103 3491 5174">
     <span class='ocr_line' id='line_1_112' title="bbox 1909 5103 3491 5174; baseline -0.002 -14"><span class='ocrx_word' id='word_1_914' title='bbox 1909 5105 2137 5161; x_wconf 73' lang='lat' dir='ltr'><strong>allectus</strong></span> <span class='ocrx_word' id='word_1_915' title='bbox 2167 5104 2381 5174; x_wconf 80' lang='lat' dir='ltr'><strong>pietatis</strong></span> <span class='ocrx_word' id='word_1_916' title='bbox 2397 5114 2451 5159; x_wconf 91' lang='lat' dir='ltr'><strong>et</strong></span> <span class='ocrx_word' id='word_1_917' title='bbox 2478 5104 2889 5160; x_wconf 65' lang='lat' dir='ltr'><strong>misericordias.</strong></span> <span class='ocrx_word' id='word_1_918' title='bbox 2922 5103 2977 5159; x_wconf 90' lang='lat' dir='ltr'><strong>In</strong></span> <span class='ocrx_word' id='word_1_919' title='bbox 3008 5104 3491 5174; x_wconf 88' lang='lat' dir='ltr'><strong>Apostolo:Siqua</strong></span> 
     </span>
    </p>
   </div>
   <div class='ocr_carea' id='block_1_113' title="bbox 1908 5192 3490 5267">
    <p class='ocr_par' dir='ltr' id='par_1_113' title="bbox 1908 5192 3490 5267">
     <span class='ocr_line' id='line_1_113' title="bbox 1908 5192 3490 5267; baseline -0.004 -14"><span class='ocrx_word' id='word_1_920' title='bbox 1908 5200 2099 5253; x_wconf 90' lang='lat' dir='ltr'><strong>viscera</strong></span> <span class='ocrx_word' id='word_1_921' title='bbox 2129 5196 2467 5252; x_wconf 85' lang='lat' dir='ltr'><strong>miserationis</strong></span> <span class='ocrx_word' id='word_1_922' title='bbox 2499 5194 2666 5267; x_wconf 87' lang='lat' dir='ltr'><strong>(Phil.</strong></span> <span class='ocrx_word' id='word_1_923' title='bbox 2699 5211 2757 5263; x_wconf 90' lang='lat' dir='ltr'><strong>tt,</strong></span> <span class='ocrx_word' id='word_1_924' title='bbox 2791 5192 2864 5265; x_wconf 89' lang='grc'><strong>1).</strong></span> <span class='ocrx_word' id='word_1_925' title='bbox 2902 5195 2967 5249; x_wconf 84' lang='lat' dir='ltr'><strong>Et</strong></span> <span class='ocrx_word' id='word_1_926' title='bbox 2998 5196 3049 5249; x_wconf 90' lang='lat' dir='ltr'><strong>in</strong></span> <span class='ocrx_word' id='word_1_927' title='bbox 3093 5194 3321 5249; x_wconf 79' lang='lat' dir='ltr'><strong>alterunt</strong></span> <span class='ocrx_word' id='word_1_928' title='bbox 3362 5209 3490 5263; x_wconf 84' lang='lat' dir='ltr'><strong>par-</strong></span> 
     </span>
    </p>
   </div>
   <div class='ocr_carea' id='block_1_114' title="bbox 1909 5284 3491 5359">
    <p class='ocr_par' dir='ltr' id='par_1_114' title="bbox 1909 5284 3491 5359">
     <span class='ocr_line' id='line_1_114' title="bbox 1909 5284 3491 5359; baseline -0.004 -14"><span class='ocrx_word' id='word_1_929' title='bbox 1909 5302 2045 5359; x_wconf 85' lang='lat' dir='ltr'><strong>tem;</strong></span> <span class='ocrx_word' id='word_1_930' title='bbox 2069 5291 2125 5345; x_wconf 88' lang='lat' dir='ltr'><strong>in</strong></span> <span class='ocrx_word' id='word_1_931' title='bbox 2150 5289 2367 5345; x_wconf 87' lang='lat' dir='ltr'><strong>Actibus</strong></span> <span class='ocrx_word' id='word_1_932' title='bbox 2393 5288 2765 5358; x_wconf 73' lang='lat' dir='ltr'><strong>apestolorum</strong></span> <span class='ocrx_word' id='word_1_933' title='bbox 2788 5288 2854 5342; x_wconf 91' lang='lat' dir='ltr'><strong>de</strong></span> <span class='ocrx_word' id='word_1_934' title='bbox 2877 5286 3009 5342; x_wconf 84' lang='lat' dir='ltr'><strong>Juda</strong></span> <span class='ocrx_word' id='word_1_935' title='bbox 3032 5303 3044 5339; x_wconf 92' lang='lat'><strong>:</strong></span> <span class='ocrx_word' id='word_1_936' title='bbox 3068 5285 3134 5339; x_wconf 86' lang='lat' dir='ltr'><strong>Et</strong></span> <span class='ocrx_word' id='word_1_937' title='bbox 3161 5284 3357 5353; x_wconf 68' lang='lat' dir='ltr'><strong>diffusa</strong></span> <span class='ocrx_word' id='word_1_938' title='bbox 3371 5295 3491 5339; x_wconf 86' lang='lat' dir='ltr'><strong>sunt</strong></span> 
     </span>
    </p>
   </div>
   <div class='ocr_carea' id='block_1_115' title="bbox 1908 5377 3487 5453">
    <p class='ocr_par' dir='ltr' id='par_1_115' title="bbox 1908 5377 3487 5453">
     <span class='ocr_line' id='line_1_115' title="bbox 1908 5377 3487 5453; baseline -0.005 -16"><span class='ocrx_word' id='word_1_939' title='bbox 1908 5384 2078 5437; x_wconf 84' lang='lat' dir='ltr'><strong>omnia</strong></span> <span class='ocrx_word' id='word_1_940' title='bbox 2109 5384 2300 5437; x_wconf 86' lang='lat' dir='ltr'><strong>viscera</strong></span> <span class='ocrx_word' id='word_1_941' title='bbox 2329 5384 2441 5453; x_wconf 91' lang='lat' dir='ltr'><strong>ejus</strong></span> <span class='ocrx_word' id='word_1_942' title='bbox 2470 5381 2607 5451; x_wconf 76' lang='lat' dir='ltr'><strong>(Act.</strong></span> <span class='ocrx_word' id='word_1_943' title='bbox 2650 5396 2687 5443; x_wconf 92' lang='grc' dir='ltr'>ι,</span> <span class='ocrx_word' id='word_1_944' title='bbox 2724 5377 2833 5449; x_wconf 90' lang='grc'><strong>18).</strong></span> <span class='ocrx_word' id='word_1_945' title='bbox 2876 5377 3043 5433; x_wconf 89' lang='lat' dir='ltr'><strong>Pellis</strong></span> <span class='ocrx_word' id='word_1_946' title='bbox 3084 5377 3297 5449; x_wconf 74' lang='lat' dir='ltr'><strong>signum</strong></span> <span class='ocrx_word' id='word_1_947' title='bbox 3338 5390 3487 5430; x_wconf 81' lang='lat' dir='ltr'><strong>mor-</strong></span> 
     </span>
    </p>
   </div>
   <div class='ocr_carea' id='block_1_116' title="bbox 1908 5472 3488 5545">
    <p class='ocr_par' dir='ltr' id='par_1_116' title="bbox 1908 5472 3488 5545">
     <span class='ocr_line' id='line_1_116' title="bbox 1908 5472 3488 5545; baseline -0.003 -16"><span class='ocrx_word' id='word_1_948' title='bbox 1908 5476 2153 5543; x_wconf 81' lang='lat' dir='ltr'><strong>talitatis.</strong></span> <span class='ocrx_word' id='word_1_949' title='bbox 2201 5475 2257 5531; x_wconf 89' lang='lat' dir='ltr'><strong>In</strong></span> <span class='ocrx_word' id='word_1_950' title='bbox 2300 5474 2497 5531; x_wconf 84' lang='lat' dir='ltr'><strong>Genesi</strong></span> <span class='ocrx_word' id='word_1_951' title='bbox 2544 5492 2553 5529; x_wconf 81' lang='lat'><strong>2</strong></span> <span class='ocrx_word' id='word_1_952' title='bbox 2595 5473 2662 5529; x_wconf 85' lang='lat' dir='ltr'><strong>Et</strong></span> <span class='ocrx_word' id='word_1_953' title='bbox 2695 5474 2810 5543; x_wconf 78' lang='lat' dir='ltr'><strong>fecit</strong></span> <span class='ocrx_word' id='word_1_954' title='bbox 2855 5474 2928 5531; x_wconf 89' lang='lat' dir='ltr'><strong>eis</strong></span> <span class='ocrx_word' id='word_1_955' title='bbox 2984 5473 3185 5527; x_wconf 88' lang='lat' dir='ltr'><strong>tunicas</strong></span> <span class='ocrx_word' id='word_1_956' title='bbox 3246 5472 3488 5545; x_wconf 87' lang='lat' dir='ltr'><strong>pelliceas</strong></span> 
     </span>
    </p>
   </div>
   <div class='ocr_carea' id='block_1_117' title="bbox 1909 5564 3488 5641">
    <p class='ocr_par' dir='ltr' id='par_1_117' title="bbox 1909 5564 3488 5641">
     <span class='ocr_line' id='line_1_117' title="bbox 1909 5564 3488 5641; baseline -0.006 -15"><span class='ocrx_word' id='word_1_957' title='bbox 1909 5570 2061 5641; x_wconf 80' lang='lat' dir='ltr'><strong>(Cen.</strong></span> <span class='ocrx_word' id='word_1_958' title='bbox 2095 5585 2153 5635; x_wconf 89' lang='lat' dir='ltr'><strong>tt,</strong></span> <span class='ocrx_word' id='word_1_959' title='bbox 2180 5569 2238 5625; x_wconf 69' lang='lat'><strong>‘21</strong></span> <span class='ocrx_word' id='word_1_960' title='bbox 2266 5568 2301 5637; x_wconf 92' lang='lat'><strong>).</strong></span> <span class='ocrx_word' id='word_1_961' title='bbox 2347 5568 2500 5624; x_wconf 88' lang='lat' dir='ltr'><strong>Cutis</strong></span> <span class='ocrx_word' id='word_1_962' title='bbox 2524 5611 2537 5633; x_wconf 92' lang='lat'><strong>,</strong></span> <span class='ocrx_word' id='word_1_963' title='bbox 2574 5568 2650 5622; x_wconf 90' lang='lat' dir='ltr'><strong>illi</strong></span> <span class='ocrx_word' id='word_1_964' title='bbox 2688 5565 2778 5637; x_wconf 84' lang='lat' dir='ltr'><strong>qui</strong></span> <span class='ocrx_word' id='word_1_965' title='bbox 2820 5566 2951 5623; x_wconf 85' lang='lat' dir='ltr'><strong>solis</strong></span> <span class='ocrx_word' id='word_1_966' title='bbox 2989 5565 3361 5622; x_wconf 80' lang='lat' dir='ltr'><strong>exterioribus</strong></span> <span class='ocrx_word' id='word_1_967' title='bbox 3398 5564 3488 5619; x_wconf 82' lang='lat' dir='ltr'><strong>in-</strong></span> 
     </span>
    </p>
   </div>
   <div class='ocr_carea' id='block_1_118' title="bbox 1909 5658 3487 5728">
    <p class='ocr_par' dir='ltr' id='par_1_118' title="bbox 1909 5658 3487 5728">
     <span class='ocr_line' id='line_1_118' title="bbox 1909 5658 3487 5728; baseline -0.003 -11"><span class='ocrx_word' id='word_1_968' title='bbox 1909 5665 2066 5721; x_wconf 87' lang='lat' dir='ltr'><strong>tenti.</strong></span> <span class='ocrx_word' id='word_1_969' title='bbox 2104 5663 2327 5717; x_wconf 85' lang='lat' dir='ltr'><strong>interius</strong></span> <span class='ocrx_word' id='word_1_970' title='bbox 2358 5670 2715 5717; x_wconf 80' lang='lat' dir='ltr'><strong>marcescunt.</strong></span> <span class='ocrx_word' id='word_1_971' title='bbox 2750 5660 2871 5726; x_wconf 83' lang='lat' dir='ltr'><strong>Pili,</strong></span> <span class='ocrx_word' id='word_1_972' title='bbox 2905 5660 3027 5714; x_wconf 67' lang='lat' dir='ltr'><strong>vitae</strong></span> <span class='ocrx_word' id='word_1_973' title='bbox 3060 5660 3258 5715; x_wconf 87' lang='lat' dir='ltr'><strong>veteris</strong></span> <span class='ocrx_word' id='word_1_974' title='bbox 3284 5658 3487 5728; x_wconf 74' lang='lat' dir='ltr'><strong>cogita-</strong></span> 
     </span>
    </p>
   </div>
   <div class='ocr_carea' id='block_1_119' title="bbox 1907 5754 3486 5827">
    <p class='ocr_par' dir='ltr' id='par_1_119' title="bbox 1907 5754 3486 5827">
     <span class='ocr_line' id='line_1_119' title="bbox 1907 5754 3486 5827; baseline -0.002 -16"><span class='ocrx_word' id='word_1_975' title='bbox 1907 5760 2103 5825; x_wconf 81' lang='lat' dir='ltr'><strong>tiones,</strong></span> <span class='ocrx_word' id='word_1_976' title='bbox 2134 5759 2222 5827; x_wconf 84' lang='lat' dir='ltr'><strong>qui</strong></span> <span class='ocrx_word' id='word_1_977' title='bbox 2255 5768 2380 5813; x_wconf 76' lang='lat' dir='ltr'><strong>sunt</strong></span> <span class='ocrx_word' id='word_1_978' title='bbox 2415 5756 2707 5821; x_wconf 86' lang='lat' dir='ltr'><strong>incidendi,</strong></span> <span class='ocrx_word' id='word_1_979' title='bbox 2741 5755 2881 5813; x_wconf 85' lang='lat' dir='ltr'><strong>unde</strong></span> <span class='ocrx_word' id='word_1_980' title='bbox 2913 5770 3008 5825; x_wconf 87' lang='lat' dir='ltr'><strong>per</strong></span> <span class='ocrx_word' id='word_1_981' title='bbox 3044 5754 3264 5825; x_wconf 80' lang='lat' dir='ltr'><strong>Moysen</strong></span> <span class='ocrx_word' id='word_1_982' title='bbox 3298 5754 3486 5824; x_wconf 69' lang='lat' dir='ltr'><strong>prteri-</strong></span> 
     </span>
    </p>
   </div>
  </div>
