4028 6184
518 266 618 320 75⁸]

1503 264 1559 319 S.
1606 261 1926 318 EUCHEItII
1970 259 2447 316 LL’GIHJNEhSlS
2488 259 2791 318 EPISCOPI

3700 268 3811 325 760

512 380 659 449 pitur
691 396 704 433 :
740 379 929 433 Levita
965 379 1152 432 rodant
1187 395 1359 433 omnes
1400 380 1533 450 pilos
1569 380 1740 434 carnis
1769 396 1877 433 sua:
1904 378 2093 449 (Num.
2124 381 2180 437 Α
2207 392 2300 445 per
2334 379 2515 431 vinum
2556 377 2901 433 mordeantur
2929 377 3173 442 vulnera,
3218 394 3317 450 per
3345 380 3526 435 oleum
3574 380 3806 439 fovean-

514 488 625 536 vtu,
654 474 732 539 7).
764 472 1013 541 Sanguis,
1048 472 1289 540 operatio
1311 473 1574 537 carnalis;
1608 476 1660 527 in
1693 473 1828 542 psal.
1864 490 1876 525 :
1914 471 2102 524 Libera

512 580 592 617 me
621 565 683 617 de
706 564 1060 632 sanguinibus,
1098 562 1253 626 Deus,
1296 563 1433 617 Deus
1472 566 1653 618 salutis
1681 580 1805 617 mete
1835 562 2011 633 (Psal.
2046 580 2097 625 ι..

435 694 441 701 ο
511 658 623 723 16).
662 655 725 708 Et
753 656 879 707 item
913 672 925 706 :
962 652 1094 708 Caro
1118 666 1165 708 et
1193 658 1403 727 sanguis
1446 673 1655 726 regnum
1689 655 1785 710 Dei
1810 673 1909 709 non
1937 656 2099 726 possi-

507 747 697 801 debunt
726 746 769 814 (I
799 744 921 800 Cor.
958 762 1056 812 xv,
1103 747 1218 816 50).
1258 749 1323 801 Et
1364 750 1529 803 Isaias
1564 769 1575 801 :
1613 749 1843 821 Sanguis
1880 750 2095 819 sangui-

506 854 622 891 nem
648 838 813 906 tetigit
845 837 992 905 (Ose.
1025 836 1195 907 Iv,2).
1230 840 1361 893 Item
1414 842 1465 895 in
1508 842 1703 896 bonam
1746 854 1997 911 partem,
2042 852 2100 896 ut

505 930 831 997 Apostolus:
867 929 933 981 Et
962 933 1173 999 sanguis
1209 931 1334 985 Jesu
1390 932 1584 988 Christi
1623 938 1869 989 emundat
1906 953 1997 989 nos
2033 936 2096 989 ab

504 1023 642 1076 omni
682 1031 889 1091 peccato
913 1021 1071 1090 (Heb.
1107 1023 1221 1093 Ix);
1253 1039 1403 1092 caro,
1440 1026 1601 1080 homo
1641 1028 1901 1081 exterior.
1936 1028 1991 1082 In
2026 1033 2096 1083 A-

504 1116 756 1183 postolo:
788 1113 923 1168 Caro
953 1116 1087 1168 enim
1118 1120 1429 1185 concupiscit
1444 1122 1685 1173 adversus
1703 1121 2094 1191 spiritum,spi-

504 1209 635 1260 ritus
654 1218 826 1260 autent
844 1209 1088 1261 adversus
1116 1223 1322 1263 carnem
1352 1210 1494 1281 (Gal.
1531 1227 1582 1276 v,
1618 1211 1729 1281 I7).
1764 1210 1903 1265 Caro
1943 1212 2094 1279 juxta

503 1309 773 1361 naturam,
798 1307 855 1350 ut
887 1316 899 1349 :
931 1296 1047 1351 Hoc
1076 1314 1212 1351 nunc
1234 1316 1289 1353 os
1317 1317 1379 1353 ea;
1407 1303 1604 1355 ossibus
1629 1305 1772 1370 meis,
1804 1311 1849 1355 et
1878 1317 1998 1354 caro
2033 1301 2096 1355 de

503 1407 654 1444 carne
690 1409 803 1443 mea
825 1388 977 1459 (Gen.
1010 1405 1069 1453 II,
1098 1389 1216 1459 23),
1247 1402 1302 1446 et
1331 1394 1404 1447 ibi
1437 1414 1448 1448 :
1492 1394 1711 1447 Verbum
1742 1411 1863 1448 caro
1891 1395 2093 1462 factum

503 1495 577 1560 est
613 1482 809 1543 (Joau.
843 1501 881 1545 ι,
936 1486 1045 1555 14).
1082 1482 1234 1539 Unde
1282 1486 1571 1554 Apostolus
1608 1504 1619 1539 :
1679 1486 1775 1539 Vos
1814 1496 1985 1539 autem
2041 1486 2095 1537 in

502 1590 653 1627 carne
694 1592 797 1627 non
834 1579 984 1643 estis,
1032 1580 1119 1632 sed
1150 1580 1203 1632 in
1229 1579 1416 1649 spiritu
1451 1578 1468 1646 (
1497 1576 1644 1631 Rom.
1676 1594 1791 1643 vui,
1826 1578 1916 1647 9).
1961 1579 2093 1632 Item

503 1680 630 1721 caro
654 1667 807 1736 juxta
822 1670 1057 1736 culpam,
1093 1681 1150 1726 ut
1182 1690 1194 1725 :
1240 1670 1362 1724 Non
1391 1672 1701 1739 permanebit
1725 1672 1934 1741 spiritus
1952 1687 2093 1724 meus

2205 478 2313 523 tur.
2347 470 2562 535 Oleum,
2609 470 2999 535 misericordia,
3042 470 3121 526 vel
3175 470 3413 540 Spiritus
3453 484 3695 530 sanctus.
3745 479 3804 534 In

2204 563 2369 631 psal.,
2405 560 2470 616 In
2493 563 2605 616 oleo
2631 572 2808 615 sancto
2836 578 2944 615 meo
2966 562 3225 615 linivieum
3246 560 3369 630 (Ps.
3396 580 3661 631 Lxxxvm,
3681 568 3801 641 2t).

2203 655 2260 711 In
2292 657 2453 712 aliam
2488 665 2692 726 partem
2720 673 2733 709 :
2767 656 2949 710 Oleum
2978 666 3149 709 autem
3171 659 3453 723 peccatoris
3481 676 3587 714 non
3610 662 3804 732 impin-

2203 757 2320 817 guet
2348 758 2500 820 caput
2527 764 2697 801 meum
2730 747 2849 818 (Ps.
2879 764 3002 813 CXL,
3036 748 3115 815 5),
3145 747 3196 801 id
3234 758 3345 815 est,
3377 750 3640 807 adulatio.
3672 754 3789 809 Por-

2202 840 2345 906 cina,
2371 851 2608 910 peccata.
2634 842 2688 895 In
2714 842 2931 909 psalm.,
2956 840 3240 896 Saturatus
3255 856 3373 894 sum
3399 844 3638 911 porcina.
3662 849 3802 918 Azy'

2203 948 2368 998 mum,
2404 934 2692 989 sinceritas
2719 934 2922 998 cordis,
2975 933 3092 987 sine
3143 931 3412 989 fermento
3452 936 3687 992 malitiae.
3741 940 3803 995 In

2202 1030 2461 1094 Apostolo
2482 1048 2493 1079 :
2517 1026 2584 1080 In
2619 1029 2815 1097 azymis
2854 1027 3161 1081 sinceritatis
3191 1035 3239 1079 et
3269 1028 3495 1081 veritatis
3526 1028 3567 1100 (I
3595 1028 3713 1085 Cor.
3740 1049 3801 1099 v,

2202 1120 2279 1190 8).
2310 1120 2507 1185 Ovum,
2543 1134 2668 1189 spes
2702 1129 2850 1175 certa
2887 1118 3149 1175 ﬁdelium.
3181 1119 3313 1174 Item
3354 1121 3404 1174 in
3446 1122 3643 1176 malam
3671 1139 3803 1194 paro

2201 1219 2309 1264 tem
2346 1229 2356 1261 :
2396 1211 2497 1276 Qui
2547 1211 2821 1265 comederit
2871 1210 2935 1263 de
2971 1211 3078 1264 ovis
3119 1226 3293 1263 eorum
3345 1214 3594 1266 morietur
3642 1214 3798 1285 (lsai.

2201 1318 2318 1367 ιιι,
2338 1302 2415 1371 5),
2440 1300 2785 1371 deimprobis
2812 1310 2865 1357 et
2890 1302 3034 1356 male
3058 1301 3253 1356 doctis.
3278 1300 3557 1373 Similagn,
3592 1307 3801 1373 paritas

2201 1395 2417 1459 mentis,
2448 1404 2502 1449 et
2524 1394 2779 1449 fortitudo
2807 1394 3103 1448 cliaritatis.
3135 1392 3189 1446 In
3223 1393 3459 1449 Levitico
3485 1413 3499 1448 :
3527 1396 3592 1450 Si
3622 1408 3803 1451 autem

2200 1486 2378 1537 anima
2402 1484 2551 1551 offert
2592 1501 2779 1537 manus
2814 1485 3127 1553 sacriﬁcium
3160 1482 3290 1549 Deo,
3320 1486 3551 1555 similago
3590 1489 3657 1540 sit
3683 1506 3802 1542 mu-

2203 1592 2297 1628 nus
2349 1579 2461 1645 ejus
2520 1575 2681 1645 (Lev.
2732 1591 2800 1638 ιι,
2850 1573 2943 1644 1).
2995 1574 3413 1629 Subcineritium
3478 1576 3801 1633 humilitatis

2202 1668 2424 1723 oblatio.
2463 1668 2519 1722 In
2550 1668 2751 1723 Genesi
2783 1685 2794 1719 :
2832 1664 3159 1721 Festinanter
3196 1683 3475 1739 consperge
3518 1678 3618 1722 tres
3651 1688 3801 1725 men-

500 1762 555 1813 in
586 1762 874 1817 hominibus
905 1764 1035 1828 istis,
1058 1767 1181 1836 quia
1209 1783 1326 1818 caro
1356 1776 1475 1818 sunt
1507 1764 1662 1835 (Gen.
1696 1781 1770 1832 vi,
1803 1764 1880 1831 ὖ).
1906 1768 2095 1821 Genua
2122 1764 2174 1825 B
2202 1780 2351 1817 suras
2381 1762 2709 1831 similaginis,
2739 1772 2786 1815 et
2830 1761 2913 1829 {ac
2943 1760 3301 1814 subcineritios
3332 1759 3497 1827 (Gen.
3532 1778 3679 1826 xvut,
3714 1763 3793 1835 6).

501 1854 770 1909 confessio
804 1856 1141 1913 humilitatis.
1175 1859 1231 1913 In
1258 1858 1495 1922 Cautic.,
1531 1857 1598 1911 Et
1639 1876 1774 1911 nunc
1812 1860 1963 1927 ﬂecto
2006 1877 2093 1930 ge-

499 1964 603 2003 nua
650 1951 819 2003 cordis
857 1954 953 2005 mei
986 1952 1158 2024 (Eph.
1208 1970 1283 2019 ut,
1318 1954 1431 2022 11),
1466 1964 1521 2009 et
1550 1954 1605 2008 in
1634 1956 1838 2023 psalmo
1866 1973 1878 2008 :
1912 1954 2091 2009 Genua

498 2059 610 2095 mea
629 2044 891 2111 inﬁrmata
918 2055 1038 2099 sunt
1068 2049 1320 2118 ajejunio
1348 2046 1465 2118 (Ps.
1500 2064 1649 2110 cvm,
1681 2046 1795 2115 24).
1830 2048 2062 2116 Aliquan
2081 2081 2094 2091 -

499 2135 569 2189 d0
609 2136 779 2191 virtus
817 2137 979 2192 ﬁdei:
1026 2140 1077 2193 in
1124 2139 1388 2209 propheta
1437 2158 1446 2190 :
1496 2139 1696 2208 Reliqui
1738 2140 1863 2192 mihi
1897 2153 2092 2211 septem

498 2229 668 2282 millia
698 2232 958 2299 virorum,
1002 2234 1090 2303 qui
1130 2247 1231 2287 non
1273 2245 1607 2287 curvaverant
1634 2250 1799 2306 genua
1820 2245 1937 2287 ante
1962 2235 2092 2288 Baal

498 2319 601 2387 (III
624 2319 752 2391 Reg.
807 2339 992 2389 xxxix,
1031 2325 1154 2394 I8).
1194 2324 1385 2388 Pedes,
1417 2341 1609 2379 cursus
1639 2326 1782 2391 vitae,
1810 2327 1895 2380 vel
1927 2327 2093 2381 stabi-

497 2412 627 2466 litas
658 2416 875 2475 mentis,
901 2416 986 2468 vel
1020 2416 1167 2469 fidei.
1205 2417 1260 2471 In
1304 2419 1509 2486 psalmo
1547 2436 1557 2469 :
1595 2418 1803 2472 Stantes
1834 2431 1980 2473 erant
2005 2438 2092 2487 pe-

498 2508 587 2559 des
622 2508 782 2558 nostri
821 2506 949 2575 (Ps.
993 2522 1138 2573 cut,
1183 2508 1277 2579 2).
1330 2508 1393 2561 Et
1433 2509 1485 2561 in
1533 2510 1727 2563 malam
1760 2521 2001 2579 partem;
2035 2514 2090 2567 in

497 2596 759 2668 propheta
788 2617 799 2651 :
831 2598 935 2651 Cur
965 2598 1273 2654 claudicatis
1304 2610 1523 2671 utroque
1551 2603 1679 2671 pede
1701 2601 1789 2671 (ΙΙΙ
1816 2604 1941 2673 Reg.
1972 2606 2090 2675 2I).

497 2694 587 2757 Et,
629 2692 837 2747 Veloces
867 2693 1021 2763 pedes
1057 2710 1230 2747 eorum
1267 2695 1334 2747 ad
1368 2693 1737 2760 effundendum
1788 2700 2092 2770 sanguinem

498 2785 619 2857 (Ps.
653 2802 769 2851 xm,
802 2787 881 2857 5).
910 2786 1271 2854 Calcaneum,
1308 2790 1677 2857 supplantatio
1723 2792 1999 2846 vitiorum.
2035 2792 2090 2846 In

498 2879 697 2936 Genesi
736 2899 746 2931 :
784 2880 902 2950 Ipse
947 2890 1090 2934 tuum
1122 2883 1401 2936 observavit
1439 2893 1632 2950 caput,
1666 2894 1709 2937 et
1731 2894 1784 2938 tu
1815 2886 1956 2939 illius
1984 2887 2092 2939 cal-

498 2989 713 3027 caneum
752 2972 904 3044 (Gen.
931 2990 1010 3038 ut,
1048 2974 1167 3045 I5).
1202 2975 1353 3039 Item,
1382 2978 1643 3030 terminus
1672 2979 1924 3044 actionis,
1954 2981 2092 3034 utin

498 3066 710 3132 psalmo
745 3081 759 3121 :
794 3064 905 3133 Ipsi
952 3066 1253 3121 calcaneum
1289 3084 1458 3121 meum
1501 3068 1972 3141 observabuntU’s.
2006 3087 2092 3135 ιν,

2200 1854 2269 1909 Et
2297 1855 2350 1908 in
2383 1853 2576 1908 malam
2611 1862 2817 1922 partem
2857 1869 2869 1903 :
2906 1850 3097 1904 Factus
3129 1860 3201 1903 est
3233 1848 3487 1921 Ephraim
3515 1852 3798 1906 subcineri-

2200 1952 2301 2003 tius
2332 1949 2478 2019 (Use.
2511 1963 2667 2010 xvtu,
2697 1944 2775 2015 6).
2812 1945 2938 2011 Lac,
2988 1947 3184 2000 mentis
3212 1944 3515 1999 sinceritas.
3568 1944 3622 1998 In
3668 1945 3799 2015 Epi-

2200 2042 2336 2095 stola
2375 2041 2519 2095 Petri
2565 2058 2576 2092 :
2632 2038 2982 2093 Rationabiles
3026 2038 3136 2091 sine
3172 2035 3290 2090 dolo
3329 2038 3406 2092 lac
3450 2039 3801 2105 concupiscite

2200 2137 2240 2204 (Ι
2279 2135 2423 2188 Petr.
2452 2150 2511 2201 ιι,
2545 2133 2625 2201 2).
2662 2132 2792 2187 Item
2825 2135 2875 2185 in
2906 2131 3066 2184 aliam
3119 2139 3353 2199 partem,
3382 2129 3446 2183 de
3487 2129 3711 2184 rudibus
3743 2131 3800 2186 in

2201 2229 2442 2282 Ecclesia
2478 2244 2489 2278 :
2526 2225 2630 2279 Lac
2659 2225 2795 2278 vobis
2828 2233 3005 2293 potum
3035 2223 3175 2287 dedi,
3204 2239 3307 2276 non
3336 2238 3527 2287 escam;
3560 2224 3799 2276 nondum

2198 2322 2331 2374 enim
2362 2320 2605 2391 poteratis
2638 2318 2679 2389 (I
2710 2316 2833 2371 Cor.
2880 2331 2957 2382 ιιι,
2990 2315 3075 2385 2).
3109 2315 3205 2369 llic
3245 2315 3329 2369 Iac
3368 2314 3631 2384 exiguitas
3671 2329 3801 2369 sen‘

2199 2432 2312 2469 sus.
2366 2412 2475 2466 Lac
2519 2411 2885 2480 coagulatum,
2930 2410 3074 2463 vitiis
3120 2416 3457 2463 concretum.
3515 2407 3573 2461 In
3605 2408 3742 2477 psal.
3779 2423 3792 2464 ς

2200 2507 2541 2580 Coagulatum
2584 2516 2657 2559 est
2696 2506 2826 2558 sicut
2856 2503 2938 2557 lac
2968 2520 3059 2557 cor
3087 2519 3263 2557 eorum
3306 2500 3425 2572 (Ps.
3458 2517 3645 2566 cxvm,
3676 2504 3799 2572 70):

2200 2602 2311 2665 Sal,
2344 2599 2746 2655 condimentum
2782 2598 3082 2666 sapientia).
3137 2595 3195 2649 In
3240 2596 3485 2665 Evang.:
3519 2594 3624 2649 Vos
3672 2597 3794 2649 estis

2196 2696 2277 2748 sal
2301 2704 2447 2749 terra
2471 2690 2682 2759 (Matth.
2707 2708 2759 2755 v,
2787 2689 2900 2760 15),
2918 2699 2970 2744 et
2987 2690 3163 2743 habete
3184 2688 3260 2743 sal
3289 2691 3342 2741 in
3368 2688 3505 2743 vobis
3524 2688 3690 2760 (Mar.
3715 2704 3793 2753 lx,

2198 2786 2313 2856 49).
2346 2785 2471 2847 Mcl,
2493 2782 2725 2837 dulcedo
2758 2790 3149 2852 prteceptorum
3180 2782 3293 2836 Dei.
3323 2780 3381 2834 In
3411 2780 3547 2850 psal.
3578 2798 3589 2832 :
3623 2780 3797 2847 Quam

2198 2880 2372 2933 dulcia
2404 2878 2636 2949 faucibus
2668 2878 2790 2929 meis
2817 2877 3015 2945 eloquia
3040 2886 3150 2941 tua,
3174 2873 3416 2947 Domine,
3443 2892 3598 2946 super
3619 2877 3719 2929 mel
3748 2885 3797 2928 et

2198 2978 2371 3043 favum
2400 2973 2475 3024 ori
2503 2986 2612 3023 meo
2644 2968 2765 3038 (Ps.
2795 2985 2939 3033 cvm,
2990 2968 3135 3039 I03).
3180 2967 3310 3023 Item
3342 2968 3520 3034 aliter,
3553 2970 3604 3023 in
3636 2968 3797 3024 Salo-

2202 3082 2409 3123 mone:
2462 3062 2732 3118 Inveniens
2782 3064 2901 3125 mel,
2952 3063 3208 3117 manduca
3247 3062 3384 3131 quod
3424 3064 3546 3115 satis
3585 3074 3679 3128 est,
3730 3080 3796 3117 ne

499 3158 531 3211 7
551 3157 591 3228 ).
624 3157 857 3213 Gressus
883 3200 897 3224 ,
930 3160 1206 3226 profectus
1262 3174 1508 3227 operum.
1562 3160 1617 3213 In
1668 3162 1805 3229 psal.
1844 3139 1871 3213 εν
1893 3160 2094 3231 Perﬁce
2121 3139 2168 3204 (ἶ
2201 3164 2332 3229 forte
2358 3160 2571 3211 satiatus
2601 3172 2801 3211 evantas
2847 3154 3026 3227 (Prov.
3061 3170 3184 3220 xxv,
3215 3154 3329 3224 I8),
3365 3154 3417 3208 id
3456 3162 3559 3221 est,
3604 3154 3795 3208 altiora

504 3267 706 3319 gressus
736 3266 870 3304 meos
900 3252 951 3304 in
982 3252 1170 3306 semitis
1196 3252 1299 3306 tuis
1330 3250 1446 3317 (Ps.
1482 3269 1588 3316 xvi,
1616 3252 1692 3321 5).
1726 3252 1987 3323 Vestigia,
2023 3255 2095 3309 si-

504 3358 606 3412 gua
637 3342 920 3397 virtutum.
957 3343 1009 3395 In
1043 3344 1287 3412 psalmo:
1324 3344 1392 3398 Ut
1416 3360 1516 3397 non
1540 3357 1840 3399 moveantur
1885 3349 2095 3418 vestigia

499 3449 634 3486 mea.
672 3434 737 3487 Et
766 3435 817 3486 in
849 3436 1079 3487 alteram
1112 3446 1337 3502 partem,
1368 3437 1421 3489 in
1448 3436 1740 3493 Salomone
1769 3458 1781 3493 :
1815 3439 1881 3493 Et
1911 3449 2092 3495 trans-

500 3527 575 3578 iet
613 3524 720 3578 vita
754 3522 1091 3594 (impiorum)
1124 3535 1395 3594 tamquam
1439 3530 1720 3599 vestigium
1751 3532 1941 3585 maris.
1968 3531 2096 3587 Slo-

499 3618 581 3683 la,
634 3615 1010 3671 indumentum
1055 3617 1305 3688 baptismi
1344 3622 1424 3675 vel
1459 3624 1605 3678 fidei.
1640 3624 1694 3677 In
1741 3625 2038 3695 Evangelia
2077 3643 2093 3679 :

501 3709 614 3764 Cito
646 3712 868 3779 proferte
888 3711 1073 3764 stolam
1104 3714 1324 3783 primam
1356 3714 1507 3787 (Luc.
1544 3735 1633 3782 xv,
1667 3717 1782 3787 22).
1814 3718 2088 3783 Ciliciam,

500 3803 841 3873 poenitentia:
886 3804 1274 3859 testimonium.
1320 3807 1375 3860 In
1421 3809 1619 3879 Evang.
1673 3809 1810 3863 Olim
1846 3812 1897 3863 in
1928 3812 2094 3864 cinere

499 3908 547 3951 et
577 3897 743 3950 cilicio
774 3898 1121 3963 paenitentiam
1148 3900 1364 3969 egissent
1396 3900 1575 3971 (Matt.
1625 3918 1698 3968 xl,
1744 3902 1859 3972 2|).
1895 3904 2089 3971 Cingu-

498 3990 631 4056 lum,
667 3990 924 4057 Spiritalis
951 3992 1130 4059 operis
1162 3994 1456 4047 accinctus.
1491 3994 1545 4047 In
1581 3994 1788 4062 psalmo
1815 4014 1825 4047 :
1862 3994 1928 4047 Et
1960 4012 2093 4065 pra:-

500 4084 708 4137 cinxisti
740 4101 817 4137 me
847 4085 1025 4137 lwtitia
1057 4083 1174 4155 (Ps.
1210 4100 1356 4147 xxix,
1388 4086 1499 4154 I2).
1523 4085 1687 4151 Zona,
1723 4086 1903 4140 cordis
1932 4103 2087 4142 mun-

498 4177 651 4230 ditia.
686 4177 975 4242 Apostolus
1014 4192 1028 4229 :
1075 4175 1347 4229 Prtecincti
1384 4178 1519 4231 circa
1562 4178 1759 4231 lumbos
1803 4182 1945 4234 zonis
1994 4200 2091 4235 au-

495 4270 599 4323 reis
629 4270 813 4339 (Apoc.
850 4282 936 4329 xv,
976 4267 1050 4337 6).
1092 4266 1496 4332 Calciamenta,
1544 4270 1868 4340 praeparatio
1919 4273 2085 4340 pacis.

496 4362 554 4415 In
588 4362 845 4427 Apos‘toln
875 4379 889 4416 :
924 4361 1141 4415 Calciati
1173 4361 1322 4431 pedes
1355 4362 1407 4414 in
1447 4364 1873 4431 prazparationem
1918 4365 2091 4420 Evan-

497 4457 617 4525 gelii
647 4455 809 4525 pacis.
860 4459 1019 4510 Arma
1064 4456 1337 4511 interioris
1387 4455 1641 4520 hominis,
1676 4458 1727 4510 in
1784 4460 2085 4529 Apostolo:

2200 3262 2247 3306 te
2277 3269 2339 3306 ne
2364 3251 2629 3322 qua'sieris
2670 3246 2859 3315 (Eccli.
2882 3262 2963 3313 ιιι,
2987 3243 3101 3317 22).
3156 3246 3276 3313 Fel,
3306 3245 3611 3299 amaritudo
3639 3247 3795 3301 mali-

2200 3348 2307 3401 tias.
2342 3346 2397 3400 In
2430 3347 2677 3415 psalmo:
2709 3343 2974 3397 Dederunt
3018 3342 3073 3394 in
3120 3358 3287 3395 escam
3340 3357 3503 3395 meam
3546 3342 3617 3410 fel
3668 3339 3789 3413 (Ps.

2200 3452 2380 3502 uvtn,
2410 3436 2525 3506 22).

2270 3530 2519 3596 Acetum,
2552 3528 2816 3599 asperitas
2861 3537 3127 3596 corruptre
3158 3525 3375 3581 mentis.
3426 3522 3483 3579 In
3534 3525 3742 3594 psalmo
3774 3542 3790 3579 :

2198 3620 2267 3675 Et
2292 3623 2346 3675 in
2374 3623 2457 3675 siti
2488 3637 2600 3674 mea
2644 3630 2943 3685 potareruut
2990 3635 3069 3672 me
3108 3626 3250 3673 aceto
3298 3615 3421 3686 (Ps.
3457 3632 3638 3683 vam,
3673 3614 3787 3687 22).

2198 3715 2329 3769 Item
2371 3724 2608 3777 acetum,
2650 3714 2921 3779 correptio
2966 3711 3273 3774 doctorum,
3310 3710 3450 3763 unde
3478 3708 3737 3764 Salomon
3773 3726 3789 3762 :

2197 3808 2409 3860 Acetum
2463 3808 2515 3858 in
2563 3806 2697 3858 nitro
2736 3804 2823 3875 qui
2867 3815 3038 3857 cantat
3090 3805 3318 3857 carmina
3368 3803 3520 3857 corde
3569 3804 3793 3874 pessimo

2201 3897 2381 3969 (Prov.
2415 3913 2548 3962 xxv,
2572 3897 2688 3967 20).
2722 3897 2839 3963 Pix,
2874 3898 3335 3967 inquinamentum
3360 3909 3415 3952 et
3442 3897 3668 3966 nigredo
3696 3897 3793 3952 de-

2197 3990 2468 4045 lictorum.
2498 3989 2552 4043 In
2582 3989 2873 4045 Salomone
2898 4009 2908 4042 :
2947 3990 3048 4055 Qui
3077 3990 3240 4059 tangit
3272 3990 3455 4058 picem,
3489 3989 3788 4059 inquinabi-

2198 4094 2280 4137 tur
2309 4085 2372 4137 ab
2407 4101 2466 4137 ea
2497 4084 2665 4154 (Eccl.
2705 4101 2823 4149 xm,
2858 4084 2932 4156 I).
2981 4086 3189 4147 Sicera,
3231 4084 3499 4140 confectio
3541 4084 3789 4153 quaadam

2197 4178 2412 4232 malitiae
2441 4188 2492 4231 et
2524 4178 2799 4246 nequitia».
2827 4177 2882 4231 lu
2920 4177 3211 4247 Evangelia
3238 4196 3253 4231 :
3285 4177 3471 4231 Vinum
3498 4186 3545 4230 et
3570 4179 3790 4232 siceram

2196 4288 2295 4325 non
2326 4272 2455 4325 bibet
2478 4270 2632 4342 (Luc.
2665 4287 2703 4335 ι,
2734 4272 2844 4340 15).
2869 4270 3043 4335 Calix,
3076 4271 3287 4325 Domini
3320 4270 3517 4339 passio.
3546 4271 3601 4324 lu
3645 4270 3788 4340 psal-

2196 4381 2284 4419 mo
2312 4385 2323 4417 :
2360 4365 2580 4420 Calicem
2610 4366 2854 4419 salutaris
2881 4365 3130 4433 accipiam
3154 4364 3275 4433 (Ps.
3301 4379 3423 4429 cxv,
3445 4363 3553 4433 15).
3580 4363 3647 4417 Ει
3671 4364 3785 4433 ipse

2195 4458 2454 4513 Dominus
2475 4478 2485 4510 :
2506 4459 2683 4526 Pater,
2700 4462 2922 4528 transfer
2946 4459 3153 4511 calicem
3181 4458 3313 4510 hunc
3330 4473 3360 4507 a
3386 4473 3461 4509 me
3482 4454 3643 4525 (Mar.
3672 4472 3779 4519 xw,

494 4522 681 4601 induti
730 4548 943 4601 loricam
1000 4552 1251 4620 justitite,
1294 4561 1341 4603 et
1371 4558 1568 4603 scutum
1608 4551 1753 4618 ﬁdei,
1797 4522 1847 4606 ei
1884 4555 2085 4623 galeam
2119 4522 2167 4581 θ
2192 4551 2307 4623 56).
2349 4554 2417 4606 Et
2448 4552 2499 4605 in
2532 4522 2727 4605 malam
2776 4522 2980 4620 partem
3021 4569 3032 4601 :
3075 4547 3226 4603 Catia:
3268 4564 3449 4603 aureus
3493 4522 3781 4617 Babylonis

494 4640 715 4705 salutis,
763 4652 811 4695 et
856 4642 1089 4713 gladium
1137 4645 1382 4715 spiritus,
1427 4646 1564 4715 quod
1606 4656 1679 4699 est
1715 4644 1941 4700 Verbum
1989 4647 2085 4703 Dei

494 4731 658 4801 (Eph.
688 4749 756 4798 ιιι,
793 4732 899 4804 15).

706 4850 710 4854 ,
1095 4805 1322 4863 CAPUT
1355 4807 1488 4863 VIII.

642 4896 722 4950 De
750 4897 829 4951 his
859 4914 969 4966 qua:
1004 4898 1057 4951 in
1089 4915 1185 4952 usu
1212 4910 1364 4970 atque
1393 4902 1442 4952 in
1475 4901 1643 4954 medio
1671 4900 1945 4959 habentur.

565 5014 748 5077 Panis,
797 5010 1065 5078 Christus,
1115 5014 1201 5068 vel
1248 5029 1428 5069 sermo
1473 5015 1589 5070 Dei.
1646 5016 1699 5070 In
1737 5016 2077 5087 Evangelio:

491 5107 606 5178 Ego
631 5124 741 5160 sum
776 5110 921 5175 panis
954 5110 1088 5162 vivus
1121 5106 1298 5179 (Joan.
1334 5126 1404 5175 vt,
1438 5108 1529 5181 11)
1558 5126 1572 5175 ;
1605 5120 1657 5165 et
1688 5112 1818 5165 alibi
1852 5129 1865 5165 :
1902 5112 2082 5166 Mitta-

488 5217 601 5254 mus
629 5202 823 5273 lignum
854 5202 903 5252 in
932 5217 1113 5271 panem
1142 5204 1252 5273 ejus
1275 5198 1410 5273 (εἷεν.
1445 5218 1519 5270 χι,
1558 5201 1648 5272 19)
1682 5220 1695 5257 :
1730 5203 1781 5257 id
1812 5214 1919 5270 est,
1957 5220 2081 5259 cru-

487 5309 607 5349 cem
637 5294 687 5347 in
716 5307 912 5361 corpus
939 5293 1077 5361 ejus,
1105 5302 1159 5346 et
1190 5294 1342 5361 panis
1382 5294 1841 5360 quemadmodum
1873 5294 2079 5352 doctri-

477 5402 635 5447 nam,
664 5388 731 5439 ita
758 5395 809 5439 et
839 5386 1033 5438 tnalam
1062 5385 1349 5453 significat,
1386 5398 1443 5440 ut
1475 5385 1546 5440 ibi
1581 5407 1592 5440 :
1619 5385 1783 5441 Panis
1805 5388 2076 5443 abscondi-

481 5494 563 5534 tus
590 5480 800 5534 suavior
831 5476 1011 5545 (Prov.
1046 5492 1122 5542 ix,
1158 5477 1268 5547 I7).
1303 5477 1494 5534 Vinum
1544 5480 1686 5535 idem
1716 5482 1859 5550 quod
1888 5498 2073 5552 supra.

481 5576 536 5627 in
568 5573 780 5627 Saloni.
817 5590 827 5622 :
866 5570 926 5622 Et
954 5570 1105 5623 bibite
1130 5572 1299 5625 vinum
1330 5574 1468 5637 quod
1497 5575 1680 5628 miscui
1710 5575 1846 5629 vobis
1890 5574 2070 5646 (Prov.

484 5676 561 5727 ιιι,
594 5663 672 5730 5).
706 5658 903 5712 Vinum
937 5660 1100 5713 etiam
1131 5664 1475 5717 securitatem
1504 5666 1842 5721 rectitudinis
1872 5667 2077 5737 signiﬁ-

483 5758 598 5810 μιν
632 5756 727 5799 mi
759 5744 1046 5804 Ῑηίιιηιθεηε
1077 5749 1243 5799 oleum
1272 5761 1320 5802 et
1348 5754 1521 5805 vinum
1571 5755 1719 5821 (Luc.
1758 5774 1810 5823 x,
1842 5758 1967 5823 5t);
2016 5769 2077 5814 ιιι

2193 4642 2406 4711 (Jerem.
2441 4659 2513 4708 LI,
2547 4642 2626 4711 7).
2662 4642 2890 4708 Merum,
2928 4642 3210 4696 sinceritas
3237 4639 3421 4710 iudicii
3454 4650 3544 4693 aut
3581 4640 3779 4694 verita-

2190 4736 2281 4799 tis,
2315 4735 2397 4790 vel
2428 4734 2578 4790 calor
2631 4734 2777 4789 fidei.
2829 4734 2887 4788 In
2929 4734 3138 4803 psalmo
3184 4751 3196 4785 :
3259 4732 3379 4786 Vini
3424 4734 3547 4787 meri
3598 4732 3779 4803 plenus

2190 4830 2346 4883 mixto
2380 4826 2498 4899 (Ps.
2532 4843 2712 4893 Lxuv,
2739 4828 2818 4897 9).
2852 4826 2984 4893 Fex,
3021 4826 3266 4881 ultimum
3292 4826 3503 4895 judicii.
3539 4826 3596 4880 In
3632 4828 3779 4896 psal-

2190 4937 2304 4975 mo:
2336 4920 2689 4975 Verumtamen
2721 4922 2808 4991 [σε
2834 4922 2943 4992 ejus
2972 4937 3073 4975 non
3102 4931 3174 4975 est
3199 4922 3487 4975 exinanita.
3519 4920 3673 4987 Item,
3703 4920 3777 4975 illi

2186 5016 2273 5085 qui
2316 5028 2505 5069 secure
2552 5016 2602 5067 in
2645 5015 2881 5083 peccatis
2926 5015 3240 5083 quiescunt;
3294 5013 3437 5068 unde
3474 5014 3773 5083 propheta:

2187 5106 2447 5174 Requievit
2476 5107 2529 5159 in
2559 5105 2752 5173 fecibus
2795 5106 2900 5159 suis
2933 5103 3149 5175 (Jerem.
3194 5119 3383 5170 vant,
3432 5104 3549 5173 II).
3590 5102 3773 5166 Cibus,

2182 5213 2363 5252 sermo
2387 5198 2469 5253 vel
2498 5199 2745 5252 voluntas
2772 5198 3006 5252 Domini.
3037 5198 3093 5251 lu
3120 5198 3410 5269 Evangelio
3432 5214 3445 5251 :
3467 5195 3615 5250 Meus
3635 5195 3777 5250 cibus

2180 5300 2254 5344 est
2306 5300 2362 5343 ut
2404 5289 2590 5359 faciam
2636 5289 2946 5343 voluntatem
2996 5291 3106 5360 ejus
3151 5289 3239 5358 qui
3284 5305 3365 5343 me
3412 5287 3547 5341 misit
3596 5284 3775 5340 Patris

2185 5385 2366 5458 (Ioan.
2399 5401 2472 5447 iv,
2504 5384 2618 5454 51).
2650 5385 2837 5451 Potus,
2872 5384 3018 5440 idem
3041 5384 3184 5454 quod
3214 5398 3398 5455 supra.
3429 5383 3484 5438 In
3516 5380 3726 5450 psalmo
3755 5399 3769 5434 :

2187 5479 2246 5533 Et
2287 5488 2504 5533 torrente
2533 5479 2806 5548 voluptatis
2839 5487 2943 5532 tute
2989 5477 3187 5547 potabis
3214 5492 3300 5530 eos
3347 5474 3464 5547 (Ps.
3501 5490 3664 5535 xxxv,
3695 5474 3771 5543 9),

2179 5573 2231 5628 id
2263 5582 2346 5627 est
2368 5572 2569 5642 Spiritu
2600 5580 2809 5627 sancto.
2834 5570 2901 5625 Et
2924 5568 3213 5624 Psalmista
3238 5584 3251 5620 :
3278 5567 3334 5621 In
3356 5567 3771 5636 compungendo

2178 5678 2354 5737 potum
2380 5681 2546 5719 meum
2577 5681 2693 5718 cum
2721 5666 2845 5735 fletu
2876 5661 3219 5732 temperabam
3247 5657 3365 5731 (Ps.
3390 5672 3463 5724 cs,
3496 5658 3608 5729 I0).
3643 5661 3770 5715 Item

2179 5760 2231 5815 in
2265 5760 2425 5815 aliam
2471 5768 2677 5829 partem
2711 5778 2723 5812 :
2758 5758 2882 5814 Non
2913 5768 2988 5814 est
3026 5772 3240 5828 regnum
3270 5753 3366 5811 Dei
3398 5767 3515 5807 esca
3542 5762 3591 5809 et
3618 5764 3772 5827 potus
