4028 6184
231 260 328 318 761

988 238 1193 296 LIBER
1233 231 1711 293 FORMULARUII
1752 229 2131 285 SPIRITAIJS
2174 230 2745 291 INTELLIGENTUE.

236 377 408 450 (Rom.
442 386 546 435 xtv,
582 362 691 436 l7).
723 360 1117 429 Promptuaria,
1152 356 1334 411 cordis
1360 349 1715 450 receptacula.
1749 346 1806 400 In
1834 347 1889 408 Α
1913 346 2086 450 nullus
2114 348 2240 399 ordo
2268 345 2408 450 (Job.
2454 366 2509 415 x,
2544 350 2659 421 22).
2693 352 2895 450 Ἐιιιιίδ
2926 354 3115 410 umbra
3154 369 3259 412 non
3295 356 3454 429 longe

230 442 439 525 cantico
466 453 860 516 Denteronomii
892 470 903 504 :
934 451 989 505 In
1014 448 1394 520 promptuariis
1417 458 1602 499 eorum
1630 442 1808 495 timor.

228 560 386 623 Pera,
417 557 588 609 victus
616 545 940 609 sollicitudo,
972 556 1025 598 et
1068 542 1455 610 impedimenta
1499 534 1700 591 saeculi.
1753 532 1812 586 In

226 647 519 718 Evangelio
545 661 559 697 :
592 641 715 696 Non
739 656 914 709 peram
942 640 993 691 in
1016 640 1098 691 via
1129 634 1304 704 (Matt.
1332 635 1416 692 I0.
1445 631 1524 699 9).
1555 626 1813 682 Sacculus

226 737 603 798 thesaurizatio
632 736 685 789 in
717 734 847 788 Deo.
881 728 937 784 ιιι
964 728 1255 798 Evangelia
1286 743 1299 780 :
1329 724 1513 777 Facite
1542 721 1677 776 vobis
1698 735 1813 773 sac-

223 835 362 890 culos
392 832 479 902 qui
508 846 612 884 non
656 834 969 882 veterascant
999 824 1152 897 (Luc.
1184 836 1279 885 xtt,
1309 819 1422 889 55).
1472 818 1537 871 Ει
1570 816 1621 870 ἰη
1650 815 1811 867 aliam

223 937 427 999 partem
462 943 474 977 :
511 922 795 979 Saeculum
825 933 1146 973 communem
1176 914 1526 985 possideamus
1556 908 1740 978 (Prov.
1769 922 1808 973 ι,

224 1023 337 1087 ll),
371 1019 423 1074 id
454 1027 556 1085 est,
614 1014 911 1070 avaritiam.
968 1010 1224 1073 Pecunia,
1281 1006 1443 1061 verba
1491 1003 1692 1058 divina.
1753 1001 1811 1055 In

222 1116 515 1183 Evangelia
546 1131 559 1167 :
600 1110 843 1183 Oportuit
886 1125 1007 1181 ergo
1034 1116 1081 1160 te
1124 1105 1321 1157 mittere
1351 1100 1618 1169 pecuniam
1644 1109 1812 1149 meum

222 1207 528 1262 numnlariis
561 1205 717 1277 (Mat.
752 1220 876 1269 xxv,
913 1202 1030 1271 27).
1080 1200 1144 1253 Et
1171 1194 1451 1265 sapientia,
1484 1192 1629 1245 unde
1659 1188 1813 1243 Salo-

221 1315 344 1352 mon
378 1316 392 1353 :
426 1298 700 1369 Sapientia
728 1296 927 1349 occulta
957 1302 1003 1347 et
1034 1292 1305 1345 thesaurus
1334 1286 1554 1347 invisus,
1580 1296 1692 1351 qua:
1711 1280 1813 1334 uti-

224 1393 335 1444 litas
366 1393 418 1445 in
447 1395 679 1461 utrisque
722 1388 891 1460 (Eccl.
923 1403 1016 1450 xx,
1055 1383 1167 1453 52).
1200 1381 1409 1444 Vellus,
1455 1377 1700 1446 papulas.
1755 1374 1809 1428 In

221 1486 427 1552 psalmo
455 1503 467 1536 :
506 1484 572 1537 Et
604 1482 863 1536 descendit
910 1490 1165 1547 tamquam
1210 1476 1379 1543 pluvia
1409 1474 1462 1525 in
1500 1471 1661 1524 vellus
1691 1467 1807 1539 (Ps.

221 1590 364 1638 uxr,
397 1574 480 1643 6).
522 1575 737 1637 Linum,
768 1570 1026 1639 spiritalis
1057 1566 1334 1633 fortitudo,
1364 1564 1452 1619 vel
1475 1563 1698 1626 candor,
1724 1560 1811 1615 veI

217 1669 491 1722 subtilitas
519 1667 940 1734 Scripturarum.
967 1664 1021 1717 In
1041 1661 1234 1716 Exodo
1263 1679 1275 1713 :
1306 1659 1471 1712 Porro
1493 1657 1616 1724 ﬁliis
1638 1655 1811 1707 Aaron

1917 448 2001 493 est
2028 438 2096 493 ab
2124 454 2187 493 ea
2217 455 2277 494 re
2306 440 2458 509 cujus
2489 453 2572 497 est
2601 442 2876 498 umbraits
2907 454 2962 500 et
2988 460 3134 502 mors
3162 464 3267 504 non
3296 450 3456 522 longe

1916 541 1999 587 est
2027 547 2057 586 a
2086 547 2243 602 paena
2264 549 2385 603 qua:
2415 534 2578 591 infert
2602 546 2808 591 mortet.
2838 536 3039 594 Umbra
3066 541 3349 613 aliquando
3373 554 3457 602 est

1915 628 2205 685 delectatio
2235 641 2610 699 peccatorum;
2638 632 2692 686 in
2720 632 2785 687 Jo
2800 632 2868 689 de
2894 633 3111 690 diabolo
3142 652 3158 689 :
3188 636 3298 692 Sub
3336 656 3457 693 um-

1915 718 2008 772 bra
2034 722 2222 774 dormit
2250 722 2304 775 in
2325 730 2515 776 secreto
2540 723 2729 777 calami
2757 724 2787 778 ix
2822 726 2947 780 locis
2977 727 3303 783 humentibus
3332 728 3456 799 (Job

1914 830 2005 880 ιι,
2041 815 2150 885 16).
2178 817 2243 871 Ει
2272 831 2457 873 rursus
2479 819 2687 888 species
2708 818 2859 875 alios:
2882 821 3063 890 specie
3086 836 3189 876 una
3212 837 3300 878 res
3321 822 3459 879 mul-

1915 913 1998 961 tas
2025 906 2347 977 signiﬁcant.

1990 1000 2105 1055 Duo
2131 1009 2475 1069 testamenta,
2501 1017 2569 1058 eo
2598 1003 2742 1073 quod
2773 1002 2817 1060 lc
2862 1006 2970 1061 duo
3000 1005 3075 1061 illi
3105 1004 3313 1078 lapides
3341 1023 3459 1064 mo-

1914 1095 2057 1147 lares
2084 1094 2295 1161 possint
2322 1095 2647 1165 signiﬁcare,
2676 1099 3070 1153 memravimus.
3098 1099 3166 1155 Et
3195 1099 3321 1155 item
3350 1100 3462 1158 duo

1914 1190 2255 1249 testamenta,
2275 1187 2381 1241 duo
2408 1188 2705 1255 Cherubin,
2730 1191 2783 1244 in
2802 1192 2951 1247 .xodo
2971 1190 3169 1264 (Exod.
3196 1208 3319 1257 xxv,
3335 1194 3455 1265 20);

1914 1277 2022 1333 duo
2066 1280 2344 1347 animalia,
2397 1283 2450 1336 in
2506 1283 2915 1351 Habacucdua:
2946 1296 3134 1356 petrte,
3178 1287 3233 1341 in
3273 1287 3461 1342 Exodo

1917 1370 2112 1443 (Exod.
2154 1390 2281 1437 xvu,
2314 1374 2371 1445 6)
2406 1384 2461 1430 et
2506 1376 2558 1431 in
2587 1377 3141 1435 Canticiicanticorum
3193 1378 3367 1449 (Cant.
3398 1395 3456 1451 ιι,

1914 1463 2030 1533 14),
2060 1480 2283 1535 quarum
2317 1467 2639 1536 velamento,
2685 1486 2836 1540 span:
2873 1482 2921 1526 et
2953 1470 3158 1541 Moyses
3189 1480 3461 1541 protegun-

1917 1564 2031 1621 tur;
2054 1558 2158 1611 duo
2186 1569 2379 1613 montes
2404 1563 2550 1628 anei,
2577 1563 2629 1617 in
2653 1562 2896 1633 Zachria,
2926 1565 2993 1620 de
3014 1581 3233 1634 quorum
3260 1565 3462 1635 frutetis

1917 1653 2173 1721 myrtinis,
2208 1666 2264 1708 et
2293 1654 2521 1709 obscura
2551 1658 3158 1729 opacitategrediuntur
3187 1657 3460 1729 quadriga

217 1760 421 1812 tunicas
452 1760 614 1811 lineas
645 1730 852 1829 parabis
879 1754 1072 1825 (Exod.
1105 1766 1291 1813 xxvut,
1316 1750 1428 1820 50).
1456 1749 1586 1803 Item
1616 1748 1667 1800 in
1698 1760 1811 1800 ma-
1837 1730 1887 1789 Β
1913 1759 2037 1798 cum
2068 1747 2220 1816 equis
2246 1746 2394 1813 rutis,
2431 1748 2620 1817 nigris,
2652 1750 2791 1805 albis
2818 1760 2837 1805 t
2865 1750 3026 1805 variis
3072 1749 3256 1821 (Zach.
3281 1764 3356 1815 vt,
3385 1748 3460 1820 l).

215 1848 321 1904 Iam
355 1861 564 1919 partem
595 1866 609 1903 :
647 1848 767 1903 Non
790 1848 966 1902 indues
996 1854 1179 1898 vestem
1209 1859 1270 1896 ex
1296 1842 1417 1894 lana
1460 1840 1666 1907 linoque
1692 1853 1813 1889 con-

218 1948 411 1995 textam
442 1942 619 2013 (Deut.
654 1957 787 2008 χιιι,
828 1940 935 2010 II).
978 1938 1153 2000 Utres,
1186 1949 1313 1988 vasa
1362 1934 1579 1986 humani
1612 1945 1809 1998 corpo—

216 2033 307 2086 ris.
344 2033 399 2087 In
433 2034 728 2104 Evangelio
761 2050 774 2087 :
815 2031 1004 2084 Vinum
1035 2045 1221 2083 novum
1255 2029 1303 2079 in
1335 2037 1474 2080 utres
1503 2040 1655 2078 novos
1681 2023 1813 2075 mitti

218 2125 358 2178 debet
391 2125 541 2197 (Luc.
571 2142 623 2191 v,
648 2126 762 2197 38).
796 2123 1011 2189 Farina,
1040 2136 1177 2190 opus
1205 2120 1425 2181 bonum,
1453 2117 1533 2171 vel
1561 2114 1807 2169 scientia.

216 2212 273 2272 ει
324 2217 622 2287 Evangelio
672 2236 684 2271 :
734 2216 1015 2270 Abscondit
1046 2212 1229 2267 mulier
1260 2212 1313 2263 in
1357 2210 1544 2279 farina:
1574 2217 1686 2259 sata
1711 2206 1810 2257 tria

216 2306 375 2378 (Luc.
408 2326 526 2377 xm,
557 2309 672 2380 2t).
706 2309 833 2363 Item
867 2310 917 2362 in
950 2307 1143 2360 malam
1176 2312 1381 2373 partem
1416 2318 1430 2355 :
1464 2313 1632 2353 vanas
1660 2297 1810 2367 cogi-

216 2401 477 2468 tationes,
512 2411 573 2456 ut
607 2401 867 2471 propheta
903 2418 916 2453 :
948 2398 1097 2452 Tolle
1128 2398 1312 2451 molam
1343 2405 1389 2449 et
1428 2395 1561 2447 mole
1590 2392 1810 2461 farinam

219 2489 354 2558 (lsa.
387 2509 551 2560 xcvu,
584 2493 661 2564 2).
690 2492 847 2555 Mala,
873 2492 998 2545 vitae
1023 2492 1380 2545 conversatio.
1409 2488 1464 2542 In
1490 2487 1809 2552 Evangelio:

218 2578 355 2636 Dua-
376 2586 621 2639 molentes
650 2585 703 2637 in
730 2585 870 2637 mola
921 2583 1133 2647 (Matth.
1168 2597 1328 2647 xxiv,
1362 2580 1472 2649 ll).
1509 2580 1737 2633 Possunt
1760 2585 1811 2631 et

219 2671 327 2727 duo
370 2684 695 2731 testamenta
742 2674 947 2745 lapides
988 2674 1141 2729 molae
1186 2672 1509 2743 signiﬁcare,
1546 2686 1642 2740 per
1678 2683 1812 2739 quos

221 2764 408 2822 labore
447 2768 825 2824 disserentium
878 2768 1111 2822 triticum
1141 2766 1341 2821 veteris
1382 2762 1724 2818 Instrumenti
1758 2761 1810 2815 in

220 2856 450 2917 farinam
485 2861 761 2931 Evangelii
789 2871 1147 2916 convertatur.

293 2953 421 3009 Haec
469 2957 630 3026 igitur
671 2955 884 3010 nomina
932 2970 1052 3010 cum
1104 2955 1155 3007 in
1196 2961 1343 3007 textu
1374 2965 1539 3006 sacrzc
1567 2950 1813 3005 lectionis

222 3057 539 3113 occurrunt,
590 3049 662 3102 ita
699 3050 786 3101 vel
817 3049 1049 3102 maxime
1078 3056 1136 3101 ttt
1164 3046 1539 3115 exprimuntur
1575 3042 1812 3113 apertio-

222 3136 375 3190 ribus
404 3112 712 3207 accipienda
742 3140 1054 3203 traduntur,
1087 3138 1211 3197 licet
1234 3112 1284 3190 in
1307 3138 1546 3190 diversas
1578 3112 1811 3203 plerutn-
1838 3112 1884 3174 ε

223 3242 330 3295 que
361 3229 779 3301 signiﬁcationes
811 3244 910 3301 pro
935 3244 1164 3300 persona
1195 3229 1279 3283 vel
1311 3237 1553 3297 tempore
1585 3226 1665 3280 vel
1695 3224 1815 3279 loco

224 3332 445 3391 exeant,
477 3334 638 3392 atque
668 3325 721 3377 in
752 3321 947 3393 ﬁguras
997 3321 1131 3376 locis
1175 3336 1440 3391 congruas
1484 3335 1579 3389 pro
1609 3319 1816 3373 ratione

226 3414 535 3487 allegoricae
564 3417 1027 3486 interpretationis
1058 3422 1364 3483 erumpant.
1411 3413 1543 3467 Nam
1572 3423 1627 3467 et
1654 3413 1814 3481 abys-

227 3520 321 3559 sus
372 3507 716 3578 intelligitur,
774 3509 913 3563 sicut
966 3522 1126 3576 supra
1176 3506 1429 3570 diximus,
1480 3504 1815 3572 profunditas

228 3597 657 3670 Scripturarutn,
684 3610 738 3655 et
769 3601 895 3655 item
923 3600 1151 3671 abyssus
1176 3613 1328 3667 aqute
1350 3597 1681 3651 immensitas
1704 3613 1717 3648 :
1751 3594 1817 3650 Et

227 3694 366 3755 rupti
397 3703 514 3747 sunt
566 3693 730 3761 fontes
772 3693 943 3763 abyssi
985 3706 1184 3761 magna?
1214 3688 1366 3761 (Gen.
1399 3704 1487 3755 vn,
1526 3688 1635 3758 11).
1684 3688 1813 3741 Item

226 3781 485 3851 abyssus,
534 3783 823 3838 inelfabilia
848 3782 1048 3852 judicia
1081 3780 1196 3836 Dei.
1232 3781 1288 3835 In
1322 3780 1526 3849 psalmo
1560 3796 1575 3833 :
1606 3779 1816 3833 Judicia

228 3884 317 3926 tua
359 3878 571 3946 abyssus
603 3877 764 3929 multa
810 3874 929 3947 (Ps.
962 3891 1122 3939 xxxv,
1158 3874 1233 3945 7).
1266 3874 1397 3928 Item
1438 3874 1685 3943 abyssus,
1734 3873 1817 3927 in-

227 3964 413 4022 fernus
440 3985 452 4021 :
487 3968 589 4021 Aut
614 3970 727 4035 quis
756 3968 1014 4022 descendit
1054 3968 1110 4020 in
1138 3967 1377 4037 abyssum
1416 3964 1592 4034 (Rom.
1637 3983 1688 4032 x,
1721 3964 1815 4034 7)?

226 4056 278 4111 id
328 4071 437 4127 est,
480 4058 742 4115 Christum
778 4061 839 4114 de
867 4060 1081 4115 mortuis
1106 4068 1325 4114 revocat.
1383 4058 1511 4113 Item
1562 4057 1811 4129 abyssus,

227 4153 389 4207 corda
424 4153 699 4208 hominum
730 4153 1058 4208 facinoribus
1111 4154 1395 4208 tenebrosa
1428 4170 1439 4205 :
1473 4154 1697 4222 Abyssus
1728 4150 1813 4205 di-

228 4243 332 4298 xit:
352 4244 478 4299 Non
495 4255 565 4300 est
588 4262 782 4299 mecum
812 4244 935 4315 (Job
960 4260 1151 4311 xxvut,
1179 4244 1291 4316 14),
1322 4244 1377 4299 id
1399 4252 1500 4305 est.
1528 4243 1811 4313 sapientia.

230 4333 390 4406 Ignis,
415 4339 552 4393 sicut
580 4341 826 4409 superius
856 4338 1301 4403 memoravimus,
1347 4337 1609 4403 accipitur
1649 4335 1816 4404 Spiri-

232 4435 316 4485 tus
347 4440 586 4495 sanctus,
620 4439 675 4484 ut
704 4431 900 4484 Paulus
932 4447 946 4483 :
979 4429 1117 4483 Deus
1148 4440 1320 4483 noster
1348 4430 1478 4498 ignis
1517 4443 1812 4481 consumens

234 4532 301 4577 est
333 4523 492 4597 (Heb.
524 4493 619 4590 xu,
658 4522 773 4590 29).
804 4523 868 4575 Et
897 4523 1115 4585 iterum,
1152 4523 1288 4590 ignis
1316 4493 1549 4574 cliaritas
1579 4520 1809 4573 circum-
1839 4493 1893 4553 Ῑ)

233 4625 381 4685 septa
410 4616 549 4684 ejus,
606 4615 963 4680 circumsepta
1014 4612 1153 4681 ignis
1184 4612 1414 4665 ﬂamma:
1464 4611 1603 4679 ejus.
1646 4609 1808 4677 Ignis,

234 4707 533 4761 tribulatio.
585 4708 640 4760 In
674 4704 935 4759 Psalterio
969 4721 983 4757 :
1018 4702 1148 4774 Igne
1192 4720 1285 4756 nos
1315 4703 1643 4766 examinasti,
1682 4702 1813 4754 sicut

232 4798 349 4869 igne
386 4797 709 4850 examinatur
737 4806 1002 4865 argentum
1050 4793 1170 4863 (Ps.
1200 4811 1322 4859 va,
1359 4795 1446 4861 10,
1480 4794 1591 4864 11).
1632 4793 1761 4847 Item
1799 4810 1809 4844 :

234 4889 564 4942 transivimus
589 4905 678 4960 per
702 4889 871 4960 ignem
897 4896 941 4941 et
970 4904 1176 4957 aquam.
1202 4886 1362 4957 Ignis,
1388 4888 1459 4941 ira
1494 4905 1505 4938 :
1537 4886 1604 4940 Et
1624 4900 1817 4941 consu-

237 4997 377 5035 mam
410 4995 503 5035 eos
541 4982 591 5034 in
624 4982 747 5051 igne
774 4980 867 5034 ira:
896 4994 1053 5046 meae,
1087 4980 1161 5035 ait
1190 4980 1468 5034 Dominus.
1521 4979 1679 5047 Ignis,
1724 4994 1822 5032 vo-

239 5071 415 5144 luptas
458 5091 470 5127 :
520 5070 723 5128 Omnes
761 5072 1135 5126 adulterantur
1182 5073 1321 5127 sicut
1367 5070 1610 5126 clibanus
1657 5070 1819 5125 corda

241 5178 446 5220 eorum.
472 5163 603 5217 Item
629 5163 787 5233 ignis,
815 5163 1007 5218 mentis
1028 5162 1265 5225 malitia;
1290 5171 1343 5215 ut
1366 5180 1377 5213 :
1402 5161 1543 5214 Tunc
1571 5161 1704 5233 ignis
1719 5161 1817 5213 ad-

240 5259 484 5313 versarios
506 5258 758 5312 consumit
778 5256 936 5326 (Heb.
964 5256 1148 5328 x,27).
1175 5258 1305 5311 Item
1328 5257 1499 5311 virtus
1517 5256 1818 5323 charitatis,

242 5358 338 5405 ut:
371 5347 564 5405 Curras
593 5348 691 5402 Dei
720 5353 933 5419 ﬂamma
976 5351 1132 5421 ignis,
1162 5360 1290 5404 rota:
1317 5353 1431 5422 ejus
1467 5350 1599 5422 ignis
1634 5365 1816 5403 accen-

242 5459 324 5498 sus
354 5442 516 5513 (Dan.
549 5460 647 5511 vn,
677 5443 756 5513 9).
791 5442 1009 5511 Umbra,
1043 5454 1100 5498 ut
1130 5444 1506 5509 indicavimus,
1546 5442 1819 5513 signiﬁca-

244 5546 328 5589 tur
360 5539 618 5604 protectio
644 5537 843 5591 divina.
871 5538 999 5591 Item
1024 5539 1210 5593 umbra
1236 5538 1541 5607 aliquando,
1568 5546 1818 5606 peccata:

245 5627 484 5683 Sedentes
508 5630 561 5683 in
585 5631 798 5685 tenebris
837 5641 882 5684 et
906 5632 958 5685 in
988 5632 1167 5685 umbra
1191 5632 1364 5686 mortis
1391 5630 1509 5700 (Ps.
1534 5646 1677 5699 cvm,
1704 5630 1817 5702 10).

248 5720 441 5779 Umbra
472 5724 758 5794 aliquando
789 5739 969 5794 poena,
1027 5725 1079 5779 in
1107 5724 1211 5781 Job
1250 5744 1260 5777 :
1307 5722 1499 5779 Umbra
1541 5724 1718 5779 mortis
1772 5732 1821 5778 et

1917 1835 2023 1891 Sed
2055 1836 2150 1890 has
2201 1846 2305 1890 tam
2357 1838 2701 1895 multimodas
2741 1842 3123 1912 sigiﬁcationes
3152 1842 3207 1895 in
3237 1840 3464 1910 singulis

1913 1926 2171 1996 prosequi
2220 1926 2544 1992 nominibus,
2586 1945 2693 1984 non
2750 1936 2887 1985 solm
2935 1932 3137 1987 laboris
3186 1930 3462 1999 immensi,

1914 2034 2101 2073 verum
2133 2022 2294 2075 etiam
2327 2022 2657 2091 impossibile
2685 2025 2895 2080 arbitati
2924 2039 3127 2080 sumus.
3157 2024 3310 2080 Nunc
3336 2040 3466 2096 ergo

1917 2110 1983 2164 ad
2002 2126 2125 2165 eum
2149 2113 2605 2183 interpretationis
2630 2117 2813 2173 modus
2836 2126 2997 2186 atque
3022 2117 3289 2180 ordinem,
3305 2133 3464 2188 quem

1916 2204 2191 2273 paululum
2222 2221 2322 2275 pro
2368 2206 2685 2265 necessitate
2726 2210 3003 2266 diautandi
3050 2209 3464 2280 interrupimus,

1914 2307 2269 2354 revertamur.

1986 2391 2235 2461 Caphini,
2269 2394 2521 2462 apostoli.
2561 2393 2618 2449 In
2647 2395 2879 2470 Evangel.
2914 2416 2925 2451 :
2962 2397 3027 2451 Et
3068 2396 3299 2453 tulerunt
3344 2399 3469 2453 reli-

1914 2480 2060 2549 quias
2091 2482 2357 2537 duodecim
2386 2485 2623 2554 cophinos
2663 2490 3050 2560 fragmentorum
3094 2488 3271 2558 plenos
3310 2488 3467 2559 (Mat.

1915 2586 2024 2641 xtv,
2058 2573 2171 2645 20).
2204 2574 2333 2629 Item
2379 2576 2432 2630 in
2462 2577 2612 2631 aliam
2660 2591 2845 2647 partem
2891 2598 2903 2633 :
2951 2580 3138 2635 Manus
3166 2583 3278 2653 ejus
3300 2583 3355 2636 in
3384 2600 3471 2637 co-

1916 2664 2076 2733 phino
2105 2668 2381 2720 servierunt
2428 2666 2535 2737 (Ps.
2562 2684 2716 2735 anx,
2749 2672 2819 2743 7),
2865 2672 2915 2727 id
2956 2683 3059 2740 est,
3108 2674 3160 2726 in
3189 2675 3469 2740 servitute,

1915 2757 2001 2811 vel
2031 2757 2399 2824 tribulatione,
2433 2775 2577 2829 quam
2608 2760 2839 2832 Egyptii
2870 2763 3183 2817 intulerunt.

1988 2850 2277 2917 Cathedra,
2306 2852 2553 2906 doctrina.
2586 2852 2640 2906 In
2670 2854 2867 2920 psalmo
2897 2870 2909 2905 :
2943 2863 2991 2907 et
3024 2857 3079 2907 in
3125 2854 3371 2907 cathedra
3397 2871 3474 2907 se-

1916 2943 2121 2995 niorum
2148 2944 2357 2997 laudent
2390 2959 2491 2997 eum
2517 2942 2633 3012 (Ps.
2656 2957 2759 3003 tm.
2789 2945 2901 3015 52).
2931 2945 3063 2998 Item
3088 2945 3140 2998 in
3169 2945 3324 2999 aliam
3358 2961 3475 3013 par-

1918 3043 2026 3088 tem
2061 3051 2075 3088 :
2108 3036 2177 3089 Et
2202 3036 2254 3089 in
2296 3037 2525 3089 cathedra
2552 3035 2842 3106 pestilentia:
2882 3052 2985 3090 non
3015 3036 3144 3090 sedit
3176 3036 3293 3107 (Ps.
3328 3052 3366 3102 ι,
3395 3037 3473 3109 1),

1917 3128 1968 3183 id
1992 3138 2093 3193 est,
2124 3131 2178 3184 in
2202 3130 2440 3185 doctrina
2462 3128 2840 3185 haereticorum.
2867 3131 3195 3196 Scabellum,
3229 3130 3475 3186 humilia-

1917 3231 2090 3276 torum
2122 3222 2406 3291 subjectio.
2463 3223 2504 3277 In
2549 3220 2751 3291 psalmo
2779 3239 2792 3275 :
2821 3222 2995 3277 Donec
3025 3238 3212 3293 ponam
3241 3224 3474 3278 inimicos

1916 3324 2029 3369 tuos
2059 3314 2337 3369 scabellum
2360 3316 2531 3386 pedum
2559 3323 2759 3367 tuorum
2785 3314 2900 3385 (Ps.
2932 3329 3039 3381 cu,
3074 3312 3148 3384 I).
3190 3314 3342 3379 Item,
3378 3315 3476 3370 hu-

1916 3407 2147 3462 manitas
2175 3404 2397 3472 Christi,
2430 3405 2550 3461 utin
2573 3406 2806 3475 psalmo:
2840 3406 3066 3461 Adorate
3092 3405 3367 3460 scabellum
3390 3423 3477 3475 pe-

1920 3502 2043 3553 dum
2065 3504 2175 3570 ejus
2200 3498 2320 3570 (Ps.
2351 3516 2516 3564 xcvni,
2549 3498 2622 3569 5).
2675 3498 2899 3567 Statera,
2949 3501 3197 3570 aequitas,
3224 3500 3308 3554 vel
3336 3500 3474 3555 divi-

1917 3606 1999 3645 na:
2028 3590 2431 3660 gubernationis
2477 3591 2715 3657 patentia.
2764 3592 2818 3645 In
2866 3591 3002 3647 Isaia
3033 3609 3048 3647 :
3081 3590 3147 3645 Et
3190 3591 3393 3646 libravit
3423 3594 3477 3647 in

1917 3685 2140 3753 pondere
2158 3693 2372 3747 montes,
2404 3692 2449 3737 et
2473 3684 2609 3737 wlles
2632 3684 2682 3736 in
2713 3693 2893 3739 statera
2919 3684 3053 3755 (Isa.
3088 3701 3176 3753 XL,
3215 3686 3328 3757 1⁸2).

1988 3777 2157 3842 Cinis,
2192 3778 2440 3830 humanm
2471 3776 2751 3845 fragilitatis
2782 3776 3037 3829 inanitas.
3065 3777 3121 3830 In
3145 3777 3435 3832 Salomone
3461 3798 3473 3833 :

1921 3871 2057 3938 Quid
2082 3870 2337 3938 superbis,
2370 3880 2497 3924 terra
2526 3879 2573 3924 et
2620 3872 2736 3923 c-‘nis
2767 3867 2936 3940 (Eccl.
2963 3886 3016 3931 x.
3046 3870 3139 3938 9)?
3178 3871 3318 3938 Olla,
3353 3887 3478 3940 pro-

1915 3964 2085 4033 sapia.
2115 3962 2171 4016 In
2202 3964 2408 4029 psalmo
2435 3979 2448 4015 :
2485 3961 2627 4017 Moab
2648 3963 2750 4016 olla
2776 3962 2883 4031 spei
2912 3976 3036 4015 mete
3065 3959 3181 4029 (Ps.
3217 3977 3326 4025 ιιι.
3361 3962 3471 4033 10),

1916 4057 1968 4111 id
2012 4067 2115 4122 εει,
2145 4056 2288 4128 quod
2327 4055 2395 4111 de
2436 4055 2567 4110 Rath
2609 4054 2885 4110 Moabitide
2932 4054 3133 4110 Christi
3180 4055 3474 4110 secundum

1916 4166 2135 4205 carnem
2170 4149 2413 4219 prosapia
2436 4148 2774 4205 descenderit.
2810 4148 2937 4203 Item
2970 4148 3023 4201 in
3052 4147 3210 4201 aliam
3242 4157 3473 4217 partem,

1917 4246 2045 4313 olla,
2067 4244 2432 4300 tribulationis
2457 4246 2713 4312 excoctio;
2751 4244 2805 4298 in
2836 4245 3093 4313 propheta
3129 4261 3142 4297 :
3173 4241 3241 4296 Et
3270 4242 3373 4295 vidi
3401 4244 3479 4296 οι.

1919 4339 2021 4392 lam
2045 4355 2337 4391 succensum
2362 4356 2393 4392 a
2432 4340 2550 4408 facie
2579 4337 2824 4405 aquilonis
2852 4334 3065 4405 (Jerem.
3096 4350 3135 4398 ι,
3164 4334 3275 4402 15).
3324 4333 3480 4389 Lam-

1918 4430 2105 4499 pades,
2147 4430 2340 4483 animae
2374 4429 2568 4497 justitia
2610 4428 2892 4497 fulgentes.
2940 4426 2996 4480 In
3045 4426 3376 4495 Evangelio:
3413 4425 3480 4481 Et

1918 4532 2225 4594 paraverunt
2256 4522 2505 4591 lampadis
2532 4520 2838 4591 suas(Matt.
2866 4534 2992 4584 xxv,
3025 4519 3101 4590 7).
3135 4517 3288 4587 Item,
3322 4519 3480 4574 clari-

1916 4623 1999 4667 tas
2029 4612 2431 4681 miraculorum,
2457 4612 2527 4666 vel
2550 4612 2709 4666 verba
2737 4611 3304 4681 prcedicatorum,qua:
3326 4610 3479 4667 stulti

1916 4712 2289 4770 contemnunt,
2324 4712 2379 4757 ut
2416 4703 2508 4758 Jab
2548 4720 2561 4756 :
2603 4702 2814 4772 Lampus
2854 4709 3146 4773 contempta
3175 4702 3315 4773 apud
3343 4704 3481 4774 cogi—

1920 4796 2135 4848 tationes
2196 4794 2337 4849 stulti
2383 4793 2490 4867 (Job
2518 4810 2620 4861 xu,
2647 4794 2725 4861 5).
2777 4792 3034 4848 Tenebras
3095 4792 3483 4849 delectationes

1919 4891 2005 4945 vel
2034 4890 2292 4945 doctrinae
2322 4905 2509 4960 praue,
2563 4898 2618 4943 ut
2662 4889 2713 4943 in
2744 4888 2987 4958 psalmo:
3025 4886 3091 4942 In
3133 4887 3347 4942 tenebris
3372 4903 3484 4941 am-

1926 4984 2101 5038 bulant
2131 4982 2247 5052 (Ps.
2272 4998 2453 5043 uxxt,
2476 4982 2554 5052 5).
2582 4980 2729 5044 Item,
2762 4980 2964 5035 occulta
2980 4979 3180 5049 judicia
3209 4978 3405 5046 Dei,ut
3432 4980 3485 5035 in

1926 5074 2060 5147 psaI.
2088 5093 2100 5128 :
2137 5075 2318 5129 Posuit
2342 5074 2562 5128 tenebras
2590 5072 2849 5126 latibulum
2873 5088 3022 5125 suum
3050 5070 3170 5143 (Ps.
3201 5086 3333 5136 xvtt,
3368 5071 3480 5140 19.).

1926 5167 2081 5235 Item,
2115 5165 2400 5237 castigatio
2430 5164 2511 5219 vel
2549 5162 2859 5229 adversitas,
2910 5172 2967 5217 ut
2996 5162 3157 5217 Isaias
3191 5180 3205 5216 :
3239 5160 3351 5232 Ego
3379 5159 3486 5214 Da-

1926 5262 2093 5314 minus
2124 5264 2345 5331 formans
2375 5260 2557 5323 lucem,
2582 5268 2629 5312 et
2652 5273 2821 5312 creans
2842 5267 3073 5312 tenebras
3095 5268 3232 5327 (ιω,
3258 5271 3381 5322 va,
3407 5255 3485 5325 7).

1923 5353 2193 5420 Lucerna,
2219 5352 2469 5417 Ecclesia,
2521 5352 2601 5405 vel
2657 5350 2846 5404 anima.
2897 5350 2952 5406 In
3002 5348 3297 5421 Evangelio
3330 5367 3341 5401 :
3371 5347 3489 5404 Sint

1924 5445 2081 5500 lumbi
2108 5447 2259 5500 vestri
2279 5444 2487 5498 accincti
2515 5452 2561 5498 et
2586 5442 2804 5497 lucerna
2827 5443 3060 5497 ardentes
3082 5442 3233 5511 (Luc.
3260 5456 3351 5509 xtl,

1922 5538 2225 5609 Aliquoties
2243 5539 2488 5603 lucernas,
2506 5550 2665 5605 opera
2689 5535 2819 5589 bona
2845 5550 2859 5588 :
2882 5533 3159 5599 Sicluceat
3184 5532 3353 5589 lumen
3382 5549 3489 5588 ves-

1923 5641 2079 5699 trum,
2109 5640 2163 5685 ut
2188 5631 2382 5685 videant
2403 5645 2555 5700 opera
2576 5638 2737 5684 vestra
2765 5630 2891 5682 bona
2922 5627 3135 5701 (Matth.
3161 5643 3213 5697 v,
3243 5626 3357 5699 16).
3376 5626 3488 5682 Μοο

1924 5722 2067 5794 dius,
2097 5738 2292 5796 corpus
2314 5724 2618 5793 humanum,
2643 5721 2723 5777 vel
2744 5720 2871 5792 legis
2914 5720 3118 5793 littera,
3146 5720 3229 5778 vel
3256 5718 3490 5792 populus
