4028 6184
233 291 333 350 765

969 291 1168 345 LIBER
1206 289 1685 349 FORMULARUM
1725 291 2109 353 SPIIU'I'ALIS
2147 293 2720 353 INTELLIGENTIE.

3385 308 3487 365 766

233 386 284 439 in
312 384 506 438 civitate
529 380 680 450 (Luc.
710 395 865 448 xxiv,
882 380 996 452 4'9).
1023 381 1233 450 Jacere,
1261 392 1351 436 aut
1381 383 1548 448 vitiis,
1573 393 1662 438 aut
1688 393 1803 438 ten-
1827 386 1885 450 Δ
1905 394 2051 440 sanat
2078 403 2249 442 omnes
2281 389 2550 460 languores
2577 399 2694 445 tuos
2711 388 2828 464 (Ps.
2848 407 2944 461 cn,
2963 391 3044 464 ὅ).
3067 392 3138 453 Et
3162 397 3216 455 In
3244 397 3488 471 Evange-

235 479 517 533 tationibus
538 475 906 530 succumbere.
932 475 986 529 In
1004 474 1285 545 Evangel.:
1306 475 1369 528 Et
1393 475 1576 530 invenit
1594 493 1701 529 eam
1714 480 1802 550 ja-

233 583 416 626 centem
441 571 492 624 in
530 571 656 624 lecto
694 566 885 640 (Marc.
909 583 1003 634 vn,
1031 568 1143 639 50).
1178 568 1431 635 Currere,
1466 569 1515 623 in
1547 569 1800 640 operibus

232 664 380 719 bonis
423 676 729 734 properare.
762 661 818 716 In
857 661 1135 731 Apostolo.
1165 658 1253 716 Sic
1273 662 1458 715 currite
1486 668 1540 716 ut
1571 659 1801 734 compre-

229 757 453 812 hendatis
487 756 531 828 (Ι
562 753 681 809 Cor.
716 771 790 821 tt,
816 752 931 825 ‘24).

295 849 548 918 Vigilare,
583 848 879 903 custodiam
907 848 1086 903 cordis
1108 847 1385 917 adbibere,
1420 849 1499 902 vel
1547 849 1598 902 in
1633 849 1796 904 Deum

226 955 520 1010 resurgere.
571 941 626 994 In
675 941 925 1010 psalmo:
954 941 998 994 Α
1037 941 1209 1013 vigilia
1248 941 1497 994 matutina
1535 957 1688 1011 usque
1731 944 1802 996 ad

225 1047 412 1090 noctem
441 1034 561 1106 (Ps.
588 1050 770 1102 cxxrx,
799 1034 876 1106 6).
903 1033 969 1089 Et
999 1036 1284 1102 Apostolus
1314 1052 1326 1087 :
1362 1033 1613 1104 Evigitate
1641 1038 1794 1104 iuste,

223 1139 270 1182 et
287 1129 441 1182 nolite
462 1144 670 1198 peccare
695 1127 741 1200 (I
761 1127 877 1182 Cor.
912 1144 999 1193 xv,
1024 1127 1136 1198 5-5).
1169 1127 1301 1182 Item
1332 1126 1456 1180 alibi
1495 1145 1506 1178 :
1552 1126 1796 1199 I’igilate,

223 1229 349 1274 state
375 1221 426 1272 in
454 1221 576 1288 ﬁde,
608 1221 825 1273 viriliter
852 1221 984 1289 agite
1015 1219 1058 1289 (I
1087 1217 1202 1271 Cor.
1235 1233 1343 1285 xvr,
1376 1218 1484 1289 15).
1529 1217 1794 1285 Dormire,

222 1319 340 1381 post
366 1314 645 1367 transitum
681 1315 819 1381 apud
870 1311 1032 1366 Deum
1065 1312 1425 1380 requiescere.
1459 1309 1514 1364 In
1547 1312 1752 1380 psalmo
1779 1328 1793 1365 :

222 1401 486 1473 Numquid
510 1407 599 1476 qui
626 1406 836 1468 dormit,
860 1419 960 1456 non
986 1404 1200 1475 adjiciet
1227 1412 1280 1456 ut
1303 1412 1535 1476 resurgat
1565 1401 1678 1475 (Ps.
1711 1419 1793 1472 λι,

218 1486 308 1567 9)?
353 1497 421 1552 Et
458 1499 635 1561 aliter,
686 1497 942 1560 dormire,
987 1503 1324 1564 peccatorum
1375 1510 1569 1564 scporc
1619 1505 1797 1566 torpe-

217 1603 383 1645 scere.
419 1589 477 1643 In
508 1588 770 1658 Apostolo
799 1603 814 1642 :
846 1585 1139 1659 Surge,qui
1166 1587 1355 1639 dormis
1395 1585 1558 1658 (Eph.
1594 1602 1643 1651 v,
1683 1585 1793 1658 Ill).

216 1681 548 1738 Erubescere
589 1682 642 1735 in
689 1681 828 1734 malo
863 1682 1142 1750 optimum,
1177 1679 1229 1734 in
1274 1680 1412 1734 bono
1458 1680 1790 1749 pessimum;

1905 479 1976 535 lio
2007 497 2018 532 ;
2047 480 2167 552 Ipse
2187 485 2462 553 languores
2481 493 2681 540 nostros
2711 485 2828 539 tulit
2861 485 3012 558 (Isai.
3045 503 3155 555 Litt,
3179 489 3256 560 4).
3289 490 3482 562 Leprs,

1902 580 2246 644 peccatorum
2269 575 2676 633 contaminatio.
2703 577 2759 632 lu
2781 578 3077 651 Evangelia
3098 599 3111 638 :
3133 581 3199 641 Et
3219 586 3483 659 confestim

1900 668 2145 723 mundata
2170 676 2246 725 est
2269 666 2412 740 lepra
2443 671 2553 741 ejus
2587 669 2800 740 (Matth.
2823 687 2940 740 vm,
2961 673 3042 745 ὅ).

2531 803 2761 863 CAPUT
2797 808 2864 864 Χ.

2201 920 2279 976 De
2304 921 2630 978 Hierusalem
2647 963 2666 990 ,
2691 923 2769 979 vel
2797 923 3026 982 adversis
3062 931 3193 1001 ejus.

1975 1035 2330 1104 Hierusalem,
2345 1037 2583 1094 Ecclesia
2604 1038 2689 1095 vel
2710 1044 2904 1097 anim.
2929 1041 2986 1098 In
3010 1042 3247 1110 psalmo:
3270 1041 3475 1112 Leuda,

1904 1128 2237 1184 Hierusalem
2268 1127 2386 1202 (Ps.
2438 1145 2636 1196 omn,
2671 1130 2784 1202 1'2).
2842 1132 2912 1188 Et
2957 1135 3248 1190 notandum
3275 1179 3288 1202 ,
3337 1136 3477 1206 quod

1899 1236 2248 1294 quaecumque
2275 1224 2326 1275 in
2361 1221 2598 1276 Ecclesia
2631 1223 2952 1293 generaliter
2981 1224 3332 1295 conveniunt,
3362 1226 3479 1284 haec

1899 1314 1966 1369 ad
1989 1313 2222 1369 animant
2256 1313 2448 1369 referri
2477 1324 2722 1383 possunt.
2759 1314 2912 1382 Sion,
2937 1315 3076 1372 idem
3107 1317 3248 1386 quod
3291 1331 3474 1388 supra.

1899 1403 1955 1457 In
1990 1407 2196 1474 psalmo
2227 1423 2239 1457 :
2274 1404 2457 1460 Lauda
2505 1405 2672 1459 Deum
2701 1416 2846 1462 tuum
2871 1449 2887 1473 ,
2937 1407 3068 1465 Sion
3110 1407 3328 1478 (Ibid).
3360 1410 3480 1466 Filii

1898 1496 2052 1566 Sion,
2083 1497 2175 1553 ﬁlii
2199 1497 2477 1552 Ecclesizc.
2510 1499 2565 1552 In
2600 1500 2802 1568 psalmo
2833 1516 2848 1556 :
2879 1499 2944 1555 Et
2969 1501 3065 1570 ﬁlii
3095 1503 3225 1557 Sion
3246 1503 3477 1558 exsulta-

1897 1605 2073 1650 verunt
2100 1611 2254 1665 super
2279 1611 2448 1666 regem
2475 1610 2624 1648 suum
2654 1594 2773 1664 (Ps.
2803 1599 3084 1666 cntxﬂ).
3117 1595 3265 1652 Filia:
3291 1597 3482 1653 Hieru-

1898 1687 2091 1750 salem,
2119 1687 2264 1742 idem
2308 1695 2367 1741 ut
2411 1701 2569 1756 supra
2602 1703 2616 1743 :
2652 1686 2704 1742 id
2729 1697 2841 1750 est,
2873 1689 3068 1743 animae
3111 1688 3317 1744 coelein
3359 1691 3480 1745 vitae

214 1773 360 1828 unde
381 1773 576 1828 dicitur
606 1790 618 1825 :
646 1771 738 1826 Est
766 1772 998 1842 confusio
1020 1772 1277 1825 adducens
1303 1781 1584 1841 peccatum,
1609 1783 1655 1825 et
1677 1789 1799 1826 con-
1829 1778 1874 1840 Β
1903 1779 2120 1836 dedita,
2153 1781 2302 1835 Alias
2327 1779 2451 1835 ﬁlia;
2496 1789 2619 1834 sunt
2648 1779 2872 1836 inferna;
2921 1783 3140 1847 ιηίηιω,
3171 1794 3228 1838 ιη
3260 1785 3311 1838 in
3345 1784 3482 1842 ῃιπο

213 1867 350 1936 fusio
380 1866 640 1921 adducens
671 1868 888 1938 gloriam
918 1865 1090 1935 (Eccl.
1121 1882 1194 1932 tv,
1223 1866 1335 1936 ‘25).

281 1964 574 2028 Ascensus,
609 1960 876 2030 profectus
907 1961 959 2013 in
995 1961 1160 2013 Deum
1192 1979 1202 2011 :
1239 1958 1293 2013 In
1328 1960 1532 2029 psalmo
1559 1977 1572 2012 :
1605 1961 1796 2016 Ascen-

213 2068 295 2107 sus
324 2053 378 2106 in
404 2053 560 2106 corde
586 2053 695 2121 eius
718 2050 1075 2123 (Psuxxm,
1105 2050 1182 2122 6).
1214 2052 1538 2118 Descensus,
1562 2051 1801 2108 delectus

212 2158 243 2199 a
266 2145 393 2202 Deo.
419 2146 474 2200 In
502 2145 702 2217 Evang.
723 2164 734 2199 :
755 2145 923 2200 Homo
945 2145 1155 2216 quidam
1175 2146 1504 2200 descendebat
1529 2147 1590 2200 ab
1611 2146 1798 2201 Hieru-

213 2237 370 2294 salem
417 2241 471 2294 in
519 2239 728 2294 Jericho
786 2239 936 2312 (Luc.
971 2257 1023 2306 κ,
1073 2239 1185 2310 50).
1248 2239 1368 2306 Via,
1426 2238 1694 2295 Christus.
1742 2241 1800 2295 lu

212 2333 458 2405 Evang.:
493 2333 602 2402 Ego
632 2350 744 2388 sum
774 2335 872 2402 via,
906 2333 1087 2387 veritas
1127 2340 1174 2387 et
1213 2334 1312 2386 vita
1351 2332 1531 2403 (Joan.
1572 2349 1681 2400 xtv,
1720 2332 1798 2404 6).

213 2425 282 2481 Et
318 2425 499 2491 aliter,
531 2425 615 2479 via
656 2426 762 2479 vita
801 2424 1054 2479 hominis.
1101 2425 1154 2478 In
1200 2425 1449 2493 psalmo:
1504 2423 1622 2478 Vias
1667 2441 1803 2480 meas

215 2518 502 2584 enuntiavi,
532 2526 580 2571 et
608 2517 860 2571 exaudisti
892 2533 968 2569 me
1013 2515 1128 2586 (Ps.
1160 2532 1340 2579 cxvm,
1375 2515 1488 2589 26).
1537 2517 1602 2571 Et
1643 2515 1799 2573 Salo-

213 2625 342 2666 mon
379 2628 394 2665 :
425 2607 703 2664 Comedent
730 2609 955 2678 fructum
982 2609 1180 2662 viarum
1220 2626 1424 2663 suarum
1455 2609 1639 2680 (Prov.
1661 2626 1701 2678 ι,
1725 2611 1798 2682 5).

284 2702 572 2773 Speciosa,
603 2703 852 2756 vitiorum
883 2701 1151 2756 illecebris
1177 2701 1362 2755 dilata.
1394 2701 1447 2756 In
1474 2701 1800 2773 Evangelia:

213 2793 347 2850 Lata
375 2805 525 2867 porta
557 2804 602 2850 et
640 2795 866 2866 spatiosa
907 2795 1009 2862 via,
1038 2810 1154 2866 qutc
1191 2795 1331 2848 ducit
1358 2793 1425 2848 ad
1467 2795 1804 2863 perditionem

216 2892 431 2964 (Matth.
458 2908 549 2960 vn,
575 2891 700 2961 ¹15).
739 2895 923 2957 Arcla,
957 2891 1221 2952 districta,
1259 2900 1338 2946 vel
1375 2891 1803 2948 tribulationibus

214 3001 422 3057 pressa,
451 3002 568 3056 quae
597 2985 742 3040 ducit
763 2986 830 3039 ad
853 2987 1038 3039 vitam.
1074 2985 1128 3039 In
1163 2985 1452 3055 Evangelio
1478 3003 1489 3036 :
1525 2986 1692 3050 Quam
1714 3002 1806 3038 an-

213 3089 366 3150 gusta
394 3086 541 3149 porta
562 3085 608 3131 et
632 3086 772 3131 arcto
795 3080 876 3130 via
901 3093 1014 3147 qucc
1043 3077 1181 3130 ducit
1203 3078 1268 3129 ad
1298 3078 1448 3128 vitam
1476 3075 1687 3146 (Ibid.).

1902 1873 2192 1944 Sapientiae
2223 1891 2235 1925 :
2265 1870 2420 1926 Filia:
2441 1872 2532 1926 tibi
2554 1881 2690 1937 sunt,
2717 1888 2856 1928 serva
2881 1889 3063 1944 corpus
3085 1875 3476 1947 illarum(Ecel.

1906 1982 2002 2032 vn,
2024 1965 2138 2038 26).
2165 1963 2612 2030 Tabernaculum,
2635 1979 2832 2033 corpus
2856 1966 3085 2032 Domini,
3103 1967 3190 2022 vel
3221 1967 3478 2024 Ecclesia.

1901 2056 1962 2113 In
1993 2055 2196 2126 psalmo
2229 2073 2241 2110 :
2296 2052 2365 2107 In
2405 2056 2513 2110 sole
2541 2056 2714 2125 posuit
2761 2055 3146 2112 tabernaculum
3183 2075 3329 2113 suum
3361 2059 3479 2129 (Ps.

1905 2165 2062 2213 XVIII,
2084 2147 2165 2218 6).
2195 2149 2349 2211 Item,
2381 2147 2616 2204 caelestis
2649 2149 2837 2215 patria,
2865 2157 2926 2203 ut
2953 2150 3005 2204 in
3031 2151 3266 2218 psalmo:
3295 2149 3480 2222 Ingre-

1904 2243 2020 2295 diar
2047 2241 2103 2294 in
2127 2241 2298 2294 locum
2323 2239 2639 2294 tabernaculi
2660 2239 2778 2308 (Ps.
2810 2256 2914 2309 su,
2941 2241 3019 2311 5).

1977 2341 2138 2404 Area,
2169 2353 2296 2394 caro
2327 2338 2626 2403 Dominica,
2673 2340 2758 2394 vel
2807 2339 2972 2394 corda
3018 2350 3324 2396 sanctorum
3371 2343 3485 2399 Deo

1905 2432 2085 2503 plena.
2127 2431 2184 2486 In
2228 2432 2433 2500 psalmo
2469 2447 2482 2483 :
2514 2429 2595 2485 Tu
2635 2441 2684 2486 et
2741 2447 2865 2486 arca
2911 2433 3329 2502 sanctiﬁcationis
3384 2444 3485 2489 tute

1906 2522 2026 2594 (Ps.
2048 2538 2233 2589 cxxxt,
2258 2523 2336 2594 8).
2367 2523 2518 2587 Item,
2555 2537 2700 2589 arca,
2732 2523 2993 2589 Ecclesia,
3021 2525 3160 2578 intra
3183 2541 3343 2595 quam
3380 2525 3488 2583 sal-

1905 2615 2078 2671 vanda
2114 2615 2456 2672 clauduntur.
2487 2614 2541 2670 In
2568 2614 2765 2672 Genesi
2800 2634 2813 2671 :
2845 2615 3112 2672 Remansit
3138 2628 3308 2672 autent
3347 2620 3487 2674 solus

1907 2709 2047 2775 Noe,
2070 2719 2118 2764 et
2141 2711 2368 2780 quicum
2397 2725 2454 2764 eo
2485 2720 2629 2764 erant
2655 2711 2710 2764 in
2730 2727 2854 2764 arca
2883 2710 3037 2780 (Gen.
3072 2727 3164 2776 vn,
3192 2712 3307 2783 23).

1979 2803 2196 2860 Tabulae
2238 2804 2466 2874 lapideas
2485 2803 2626 2868 duae,
2655 2813 2714 2858 ut
2742 2812 2888 2873 puto,
2923 2815 3142 2874 propter
3166 2813 3486 2860 testamenta

1906 2897 2034 2963 duo,
2085 2895 2172 2951 vel
2202 2906 2420 2965 propter
2472 2895 2578 2949 duo
2624 2906 2890 2964 prmcepta
2943 2895 3248 2950 dilectionis
3302 2897 3394 2950 Dei
3434 2907 3488 2953 et

1907 2987 2158 3055 proximi.
2207 2986 2264 3040 In
2311 2984 2494 3040 Exodo
2525 3002 2541 3040 :
2575 2985 2643 3039 Et
2679 2985 2813 3039 dixit
2841 2986 3100 3040 Dominus
3128 2987 3192 3040 ad
3223 2985 3436 3056 Moysen
3468 3004 3481 3041 :

1910 3077 2107 3132 Excisis
2144 3079 2237 3132 tibi
2263 3079 2392 3132 duas
2425 3077 2624 3131 tabulas
2655 3076 2846 3146 (Exod.
2881 3093 3062 3141 xxstv,
3087 3078 3161 3146 I).
3190 3077 3318 3138 Lex.
3352 3092 3487 3147 pra:-

286 3167 526 3234 Directa,
560 3167 842 3236 praeceptis
873 3167 965 3220 Dei
997 3167 1262 3220 ordinata.
1303 3164 1358 3218 In
1404 3165 1577 3219 Isaia:
1627 3165 1807 3219 Rectus
1835 3161 1882 3226 C
1911 3181 2064 3240 cepta
2093 3171 2294 3225 divina.
2328 3170 2384 3226 In
2432 3171 2641 3239 psalmo
2682 3189 2694 3222 :
2743 3169 2852 3224 Lex
2899 3169 3109 3224 Domini
3157 3173 3484 3226 immaculata

216 3261 373 3330 facite
411 3260 618 3314 semitas
648 3262 758 3332 ejus
804 3257 959 3331 (Isai.
985 3274 1071 3322 XL,
1102 3259 1180 3326 ὃ).
1231 3257 1422 3324 Prava,
1467 3272 1495 3310 a
1542 3257 1634 3312 Dei
1672 3273 1808 3328 pra:-

214 3351 388 3424 ceptis
420 3352 596 3407 devia.
628 3350 686 3406 In
717 3349 853 3406 Isaia
884 3368 895 3402 :
932 3349 997 3403 Et
1039 3361 1185 3402 erant
1223 3365 1376 3421 prava
1418 3350 1470 3403 in
1508 3349 1716 3418 directa,
1761 3361 1806 3406 et

215 3465 405 3522 aspera
436 3449 486 3502 in
513 3448 620 3502 vias
648 3443 1067 3519 planas(1bid.).
1097 3443 1286 3511 Plana,
1319 3443 1625 3499 obcdientia
1664 3461 1804 3516 pra:-

216 3548 501 3610 ceptorum
534 3548 834 3609 exaequata.
867 3535 923 3590 In
957 3535 1115 3601 Isaia,
1150 3545 1208 3590 ut
1244 3550 1427 3604 supra.
1463 3536 1691 3604 Aspera,
1726 3537 1805 3592 in-

217 3633 546 3688 obedientiaa
571 3631 860 3701 asperitate
882 3629 1122 3696 horrida,
1155 3637 1212 3681 ut
1242 3644 1425 3697 supra.
1453 3629 1498 3682 Α
1522 3629 1746 3696 dextris,
1776 3645 1807 3685 a

218 3737 375 3797 parte
400 3725 644 3796 justitize.
693 3723 747 3778 In
783 3725 1113 3795 Evangelia:
1150 3724 1351 3779 Statttet
1386 3724 1589 3793 quidem
1622 3740 1734 3778 ores
1777 3741 1808 3778 α

217 3821 439 3886 dextris,
465 3818 639 3873 [tardos
660 3829 826 3873 autem
849 3837 880 3872 α
900 3819 1118 3874 sinistris
1147 3817 1338 3888 (Marc.
1366 3833 1500 3884 xxv,
1533 3815 1642 3888 55).
1674 3817 1720 3870 A
1741 3817 1810 3872 si-

220 3914 433 3979 nistris,
474 3928 503 3966 a
547 3921 696 3983 parte
737 3913 1034 3983 injustitim.
1080 3914 1136 3967 In
1171 3913 1490 3982 Evangelia,
1529 3920 1588 3965 ut
1625 3926 1806 3981 supra.

220 4005 422 4069 Fovea,
456 4003 634 4074 dolus,
669 4005 752 4060 vel
776 4007 956 4076 lapsus
980 4007 1029 4060 in
1062 4017 1312 4060 mortem.
1343 4004 1400 4059 In
1437 4005 1675 4073 psalmo:
1703 4003 1812 4060 Fo-

220 4099 408 4152 derunt
433 4107 550 4152 ante
571 4099 754 4168 faciem
775 4114 937 4152 meam
961 4098 1158 4168 foveam
1182 4096 1300 4168 (Ps.
1323 4113 1430 4167 LVI,
1452 4097 1565 4167 17).
1588 4097 1808 4165 Puteus,

221 4193 490 4263 diabolus,
522 4192 608 4248 vel
639 4192 900 4248 infernus.
926 4193 982 4247 In
1004 4192 1194 4262 psalm.
1225 4210 1238 4245 :
1264 4190 1443 4262 Neque
1463 4201 1638 4263 urgeat
1659 4209 1812 4262 super

223 4305 299 4343 me
319 4299 502 4359 puteus
532 4304 588 4342 os
615 4303 764 4342 suum
790 4286 907 4358 (Ps.
941 4302 1125 4353 vaut,
1159 4285 1268 4355 I6).
1299 4285 1369 4339 Et
1391 4285 1444 4339 in
1467 4285 1662 4340 bonam
1693 4301 1814 4355 par-

223 4391 360 4446 tem;
397 4383 450 4436 in
483 4380 679 4436 Genesi
707 4397 720 4433 :
753 4378 835 4433 Ad
857 4377 1359 4451 puteumjuramenti
1386 4376 1535 4446 (Gen.
1562 4393 1708 4448 xm,
1733 4377 1809 4448 I),

224 4470 276 4527 id
307 4484 411 4537 est,
445 4473 512 4528 ad
541 4487 731 4542 aquam
758 4470 904 4525 ﬁdei.
939 4471 1094 4534 Item,
1123 4469 1334 4524 initium
1357 4469 1500 4533 lidei,
1523 4476 1583 4523 ut
1602 4469 1653 4523 in
1676 4469 1813 4523 Can-

1909 3263 2030 3334 (Ps.
2053 3280 2208 3330 mu,
2229 3263 2305 3333 8).

1979 3354 2448 3425 Cltirographum,
2515 3354 2844 3424 conseriptio
2899 3355 3131 3411 hominis
3191 3356 3487 3425 peccatoris

1908 3464 2030 3506 cum
2061 3448 2279 3505 diabolo
2328 3463 2424 3519 per
2451 3461 2665 3503 manum
2720 3447 3038 3517 iniquitatis.
3085 3448 3140 3503 In
3185 3449 3483 3518 Apostolo:

1913 3541 2325 3616 Chirograpttnm
2380 3541 2572 3611 peccati
2630 3541 2765 3610 quod
2819 3549 2928 3595 erat
2977 3543 3297 3596 contrarium
3344 3541 3486 3595 nobis

1913 3631 2136 3702 (Cotoss.
2158 3647 2216 3696 tt,
2251 3633 2365 3701 Μ).

1982 3729 2223 3797 Pactum,
2258 3727 2644 3783 confoederatio
2668 3729 2856 3799 gratia:
2885 3729 3079 3783 divina
3105 3743 3226 3783 cum
3247 3727 3485 3784 homine.

1911 3821 1968 3875 In
1995 3821 2200 3890 psalmo
2233 3839 2244 3874 :
2282 3819 2403 3874 Vidi
2434 3835 2537 3874 non
2584 3829 2840 3873 servantes
2891 3830 3118 3890 pactum.
3169 3819 3487 3873 Testamen-

1911 3923 2046 3976 tum.
2074 3913 2412 3970 continuatio
2439 3912 2734 3968 voluntatis
2758 3911 2973 3965 divinis.
3006 3911 3063 3964 In
3095 3909 3350 3978 propheta
3383 3926 3396 3962 :
3422 3908 3492 3963 Et

1917 4007 2233 4076 conﬁrmabo
2285 4014 2638 4060 testamentum
2690 4019 2854 4057 meum
2899 4019 3052 4073 super
3104 4001 3310 4055 domum
3349 3999 3492 4054 Juda

1913 4098 2074 4170 (Heb.
2101 4113 2218 4163 vnt,
2271 4096 2348 4167 8).
2385 4096 2569 4167 Stylus
2621 4097 2812 4168 ferreus
2843 4093 2964 4165 (Job
3012 4107 3125 4162 ιιι,
3155 4092 3224 4146 2t
3247 4091 3291 4164 ),
3343 4091 3492 4146 fortis

1913 4193 2179 4250 sententia
2209 4192 2376 4249 divini
2401 4191 2572 4247 verbi.

1987 4285 2334 4354 Praaputium,
2364 4284 2469 4339 vita
2500 4283 2734 4353 gentilis.
2774 4282 2832 4337 In
2864 4280 3125 4352 Apostolo
3154 4297 3166 4333 :
3191 4277 3258 4334 In
3288 4292 3494 4350 μωρα-

1916 4381 1988 4434 tio
2019 4377 2204 4447 aliquis
2229 4388 2433 4432 vocatus
2455 4386 2549 4441 est,
2571 4392 2672 4431 non
2718 4375 3118 4430 circumcidatur
3147 4370 3197 4444 (I
3226 4371 3344 4427 Cor.
3388 4385 3490 4436 vn,

1917 4470 2032 4541 i8),
2066 4469 2118 4525 id
2150 4477 2256 4535 est,
2282 4469 2445 4524 etiam
2475 4469 2562 4538 qui
2599 4482 2664 4524 es
2695 4467 2944 4536 gentibus
2984 4464 3052 4520 ad
3096 4465 3254 4520 Iidem
3295 4462 3493 4518 Christi

224 4564 346 4620 ticis
381 4584 392 4618 :
427 4561 568 4617 Fons
592 4563 858 4616 hortorum
882 4561 998 4630 fons
1039 4577 1289 4630 aquarum
1325 4560 1596 4613 viventium
1637 4558 1808 4630 (Cant.
1836 4548 1890 4610 D
1915 4561 2080 4627 venit,
2104 4575 2331 4630 corpore
2361 4574 2469 4615 non
2498 4558 2934 4615 circumcidatur.

222 4670 294 4722 tv,
329 4656 446 4726 15).
481 4653 642 4717 Fons,
675 4652 942 4716 Christus,
985 4660 1042 4704 ut
1071 4652 1126 4704 in
1159 4650 1364 4719 psalmo
1395 4667 1409 4702 :
1446 4649 1812 4704 Sitivitanima

221 4766 335 4805 mea
370 4749 438 4801 ad
481 4745 758 4800 Dominum
789 4746 982 4812 fontem
1017 4743 1184 4796 vivum
1231 4740 1348 4812 (Ps.
1375 4757 1495 4810 _xu,
1535 4739 1614 4812 5).
1656 4743 1808 4808 Item,

218 4840 361 4896 dona
389 4836 508 4902 Dei,
537 4845 595 4890 ut
616 4836 670 4890 in
702 4834 948 4906 psalmo:
981 4832 1050 4886 Et
1071 4841 1428 4902 apparuerunt
1452 4833 1620 4902 fontes
1651 4848 1814 4904 aqua-

218 4948 338 4986 rum
369 4926 488 5000 (Ps.
524 4943 656 4996 xvu,
683 4925 794 5000 l6).
823 4925 949 4981 Item
973 4925 1027 4981 in
1049 4927 1244 4980 malam
1275 4935 1503 4995 partem,
1533 4939 1808 4996 perverso-

219 5041 338 5082 rum
363 5024 672 5094 dogmatum
696 5022 970 5088 doctores,
986 5031 1040 5076 et
1063 5021 1243 5089 iniqua
1257 5030 1500 5090 agentes,
1517 5029 1572 5074 ut
1586 5019 1807 5076 Petrus:

223 5115 295 5171 Hi
315 5125 431 5170 sunt
457 5114 623 5186 fontes
654 5115 764 5169 sine
777 5129 911 5184 aqua
932 5112 1000 5186 (Il
1021 5111 1162 5167 Petr.
1188 5127 1248 5179 ll,
1276 5108 1387 5182 17).
1416 5109 1674 5177 Torrens,
1697 5118 1814 5166 ten-

224 5209 483 5266 tationum
515 5209 596 5264 vis
620 5216 857 5264 mentem
890 5206 1198 5278 impellens,
1235 5215 1292 5259 ut
1321 5205 1373 5259 in
1407 5205 1617 5273 psalmo
1645 5221 1657 5257 :
1685 5202 1814 5258 Tor-

223 5314 410 5370 rentem
441 5304 768 5374 pertransivit
797 5303 970 5356 anima
991 5310 1164 5356 nostra
1184 5299 1302 5369 (Ps.
1327 5315 1496 5355 cum
1513 5340 1528 5365 ,
1553 5300 1632 5367 ὅ).
1660 5299 1809 5366 Item,

219 5395 388 5468 frigus
415 5405 780 5464 peccatorum,
820 5409 851 5448 a
898 5409 1004 5464 quo
1038 5391 1200 5448 David
1241 5393 1457 5448 liberari
1498 5392 1810 5448 desiderans

223 5490 293 5543 ait
312 5507 325 5544 :
345 5489 612 5557 Converte,
640 5487 879 5554 Domine,
907 5488 1254 5560 captivitatem
1279 5498 1528 5551 nostram,
1555 5488 1686 5542 sicut
1703 5497 1805 5542 tor-

222 5579 411 5635 rensin
439 5586 615 5634 austro
633 5578 749 5652 (Ps.
775 5594 934 5646 cxxv,
966 5578 1044 5650 6).
1075 5578 1316 5646 Sanitas,
1352 5580 1548 5634 mentis
1585 5579 1805 5649 integri-

224 5680 336 5737 tas;
375 5669 430 5725 in
453 5671 694 5742 psalmo:
731 5668 962 5726 Ctamavi
1003 5668 1070 5724 ad
1107 5678 1176 5740 te,
1219 5677 1268 5724 et
1313 5669 1514 5725 sanasti
1561 5685 1640 5724 me
1682 5669 1803 5738 (Ps.

224 5767 459 5837 xxix,5).
485 5766 754 5838 Languor,
779 5765 1030 5823 vitiorum
1051 5764 1302 5832 morbus;
1350 5765 1405 5822 in
1427 5764 1632 5836 psalmo
1657 5782 1670 5818 :
1705 5763 1807 5832 Qui

1986 4652 2371 4716 Circumcisio,
2431 4651 2750 4719 exspoliatio
2790 4649 3062 4706 vitiorum.
3103 4648 3160 4704 In
3190 4647 3489 4718 Apostolo:

1920 4743 2221 4800 Circumcisi
2247 4743 2368 4799 estis
2418 4741 2805 4797 circumcisione
2831 4756 2932 4795 non
2959 4755 3114 4793 manu
3141 4741 3296 4810 facta,
3325 4740 3382 4794 in
3402 4755 3492 4792 ee:-

1916 4837 2221 4909 spoliatione
2239 4838 2473 4907 corporis
2493 4836 2666 4892 carnis
2687 4834 2910 4906 (Coloss.
2940 4850 2999 4896 ιι,
3031 4832 3142 4904 II).
3158 4833 3358 4897 Cornu,
3383 4833 3495 4887 lor-

1917 4927 2122 4994 titudo,
2170 4928 2255 4985 vel
2303 4943 2550 4998 regnum.
2597 4927 2654 4985 In
2688 4925 3086 4995 IRegnorum;
3140 4922 3209 4979 Et
3252 4922 3498 4979 exultavit

1916 5037 2075 5076 cornu
2106 5018 2299 5076 Citriin
2326 5021 2408 5074 sui
2436 5020 2479 5091 (I
2510 5020 2635 5092 Reg.
2678 5035 2715 5074 ll
2739 5059 2756 5086 ,
2801 5018 2910 5087 10).
2959 5017 3224 5087 Purpura,
3253 5017 3494 5088 martyrii

1914 5113 2124 5184 species
2147 5128 2242 5184 per
2269 5127 2539 5169 cruorem.
2578 5112 2636 5166 In
2662 5109 2848 5167 Exodo
2879 5127 2892 5165 :
2941 5109 3122 5165 Omnis
3163 5109 3252 5180 qui
3285 5109 3498 5181 percipit

1915 5205 2090 5276 corde,
2121 5205 2299 5274 afferet
2329 5205 2476 5259 initia
2507 5203 2756 5270 Domino,
2781 5217 3004 5267 aurum,
3032 5211 3327 5273 argentum,
3367 5216 3498 5256 wra-

1915 5311 2160 5367 mentum,
2205 5301 2571 5371 Ityacinthum,
2614 5315 2924 5372 purpuram,
2973 5313 3181 5354 coccum
3223 5306 3392 5353 aetum
3449 5303 3498 5352 et

1919 5395 2128 5466 byssum
2165 5392 2364 5465 (Exod.
2397 5408 2566 5456 xxxv,
2599 5392 2678 5463 5).

1988 5486 2264 5553 Fimbria.
2299 5486 2465 5544 verba
2510 5485 2632 5541 ﬁdei
2661 5483 2950 5554 diligenter
2976 5483 3255 5542 retinenda
3280 5524 3298 5549 .
3344 5491 3402 5538 ut
3444 5482 3500 5538 in

1909 5579 2106 5649 psalm.
2136 5595 2150 5634 :
2183 5577 2366 5634 Omnis
2394 5579 2566 5649 gloria
2585 5581 2699 5651 ejus
2741 5577 2867 5647 [ilice
2893 5579 3028 5649 regis
3054 5577 3120 5632 ab
3147 5577 3287 5632 intus
3313 5577 3364 5631 In
3385 5576 3500 5647 ﬁm-

1909 5672 2020 5728 bria
2054 5670 2152 5745 (Ps
2181 5687 2323 5737 thv,
2357 5670 2466 5742 14).
2521 5670 2730 5726 Coccus
2753 5713 2766 5736 ,
2802 5670 2940 5725 idem
2991 5668 3132 5739 quod
3187 5679 3379 5740 supra;
3415 5667 3499 5724 vel

1911 5765 2192 5823 claaritatis
2214 5763 2406 5831 ardor,
2432 5763 2516 5821 vel
2545 5763 2727 5820 crucis
2757 5761 2981 5820 mentio.
3014 5759 3075 5819 In
3106 5759 3316 5833 Exodo,
3359 5761 3502 5820 sicut
