4028 6184
960 175 1061 188 στνρν
1130 168 1253 181 -"'"’

486 280 590 337 767

1475 268 1530 325 S.
1570 264 1900 323 EUCIIElllI
1940 261 2419 321 LUGDUNENSIS
2458 263 2765 319 EPISCOPI

3660 264 3783 322 768

489 402 674 458 supra.
718 384 937 455 Byssus,
961 380 1220 438 castitatis
1267 378 1352 435 vel
1381 378 1727 433 continentia:
1758 377 1979 433 candor.
2012 377 2069 430 In
2099 374 2157 437 Α
2181 394 2313 442 rum,
2344 388 2391 432 et
2414 378 2677 432 domestici
2708 378 2805 434 Dei
2848 376 3068 448 (Ephes.
3098 393 3156 444 ιι,
3190 375 3303 449 19).
3358 377 3533 447 Muri,
3584 385 3777 436 muni-

492 481 701 547 Exodo,
733 491 792 534 ut
821 491 998 547 supra.
1043 473 1398 545 Hyacinthus,
1447 472 1822 528 confessorum
1853 471 2069 524 livores.

495 574 553 630 In
605 571 807 637 Exodo,
837 579 894 623 ut
924 584 1103 637 supra.
1128 565 1601 637 Superbumerale,
1628 579 1849 634 operum
1882 561 1950 615 ab
1974 562 2073 616 hu-

496 667 661 721 meris
680 662 1020 734 signiﬁcatio.
1050 662 1108 716 In
1140 660 1324 715 Exodo
1354 678 1366 713 :
1398 659 1466 713 Et
1486 660 1711 729 fecerunt
1734 656 2075 727 superhume-

496 760 606 813 rale
632 758 694 811 de
715 772 844 809 auro
872 765 919 808 et
945 754 1245 825 hyacintho,
1275 762 1324 807 et
1344 769 1600 823 purpura,
1628 759 1676 805 et
1697 765 1847 803 cocco
1867 757 2005 815 neto,
2033 756 2080 800 et

499 848 645 919 bysso
666 854 801 901 torta
827 845 1025 917 (Exod.
1059 861 1244 913 χχχιι,
1278 843 1361 913 2).

569 937 873 1003 Rationale,
903 937 1183 1001 doctrina),
1220 935 1303 989 vel
1331 934 1559 990 rationis
1587 949 1615 988 a
1654 942 1875 1004 pectore
1900 932 2081 988 decla-

499 1032 656 1086 ratio.
690 1030 746 1084 In
787 1028 1012 1083 Exodo:
1052 1026 1119 1081 Et
1163 1029 1392 1099 fecerunt
1435 1026 1688 1080 rationale
1731 1041 1882 1097 opere
1916 1024 2083 1079 textili

501 1125 779 1181 secundum
809 1139 935 1190 opus
966 1120 1401 1193 superhumeralis
1426 1119 1623 1189 (Exod.
1650 1136 1779 1182 xxx,
1799 1117 1877 1187 8).
1912 1117 2085 1172 Pode-

504 1219 579 1272 ris
608 1217 854 1271 doctrina
892 1214 1155 1269 secretior
1200 1222 1357 1283 atque
1406 1212 1714 1282 perfectior.
1759 1212 1817 1265 In
1853 1210 2081 1264 Exodo:

508 1309 573 1364 Et
620 1311 848 1379 fecerunt
893 1307 1247 1360 vestimentum
1292 1306 1533 1374 poderem
1579 1304 1672 1356 sub
1702 1304 1917 1356 umbone
1958 1318 2085 1371 Opus

506 1403 683 1458 textile
713 1409 872 1453 totum
892 1398 1283 1469 hyacinthinum
1316 1396 1513 1466 (Exod.
1546 1413 1731 1460 xxxnt,
1758 1396 1872 1464 20).

579 1494 799 1547 Lamina
822 1506 984 1545 aurea
1048 1492 1099 1543 in
1132 1490 1330 1551 fronte,
1375 1489 1552 1542 crucis
1602 1487 1987 1557 prazﬁguratio.
2030 1483 2087 1538 In

512 1584 700 1641 Exodo
730 1602 741 1635 :
774 1582 840 1635 Et
870 1584 1092 1653 fecerunt
1118 1582 1363 1634 laminam
1389 1597 1623 1645 auream,
1648 1592 1694 1633 et
1721 1580 2089 1647 inscripserunt

513 1679 566 1730 in
596 1694 655 1730 ea
677 1678 873 1729 litteras
901 1675 1209 1744 deformatos
1228 1673 1547 1743 signaculum
1578 1672 1864 1725 sanctitatis
1905 1670 2059 1723 Domi
2071 1700 2090 1710 -

2179 478 2359 525 menta
2393 471 2687 539 Scriptura:
2716 471 2933 539 divinae,
2956 469 3037 526 vel
3070 472 3374 540 pr0phetaa,
3422 482 3515 526 aut
3567 476 3776 532 sancti.

2179 564 2237 620 In
2266 566 2474 634 psalmo
2498 584 2513 620 :
2546 564 2896 637 zEdiﬁcentur
2914 567 3049 619 muri
3073 564 3399 619 Hierusalem
3418 565 3539 639 (Ps.
3566 583 3617 630 ι..
3637 568 3737 640 20)
3761 584 3777 633 ;

2180 659 2308 714 item
2342 660 2393 713 in
2420 659 2577 713 aliam
2609 668 2818 728 partem
2849 678 2861 711 :
2892 659 2960 711 In
2984 657 3093 712 Deo
3123 674 3234 712 meo
3273 659 3622 729 transgredior
3652 678 3775 714 mu-

2180 772 2298 809 rum
2326 755 2446 828 (Ps.
2468 772 2598 822 xvu,
2626 755 2741 825 50).

2253 849 2477 913 Turres,
2503 847 2735 918 apostoli
2760 890 2775 916 ,
2807 847 2889 902 vel
2918 846 3144 916 perfecti
3174 847 3396 918 quique.
3428 848 3481 903 In
3504 848 3720 906 Psalmo
3756 867 3772 904 :

2184 943 2255 997 Et
2300 944 2622 997 abundantia
2658 943 2713 996 in
2741 942 2968 996 turribus
2995 943 3094 997 tuis
3124 940 3248 1010 (Ps.
3272 956 3419 1008 cxxl,
3451 942 3522 1013 7).
3555 943 3767 1007 Porta,

2188 1037 2481 1104 Scriptura:
2507 1045 2731 1103 sanctat,
2762 1035 2852 1090 vel
2872 1034 3129 1105 justitire,
3160 1034 3246 1089 vel
3274 1034 3526 1104 apostoli,
3556 1044 3646 1089 aut
3673 1050 3777 1088 an-

2187 1130 2313 1201 geli.
2338 1130 2395 1183 In
2420 1129 2627 1199 psalmo
2662 1146 2674 1181 :
2709 1127 2775 1181 Et
2803 1127 3091 1191 elevamini,
3126 1136 3287 1197 porta:
3338 1126 3603 1181 aternales
3651 1126 3773 1193 (Ps.

2189 1239 2343 1288 xxttt,
2373 1220 2451 1293 7).
2485 1222 2613 1275 Item
2644 1220 2698 1274 in
2740 1219 2901 1274 aliam
2930 1229 3175 1288 partem:
3212 1218 3345 1282 Quia
3392 1219 3501 1272 lata
3539 1227 3691 1290 parta
3722 1227 3776 1272 et

2190 1316 2422 1385 spatiosa
2465 1314 2547 1367 via
2583 1329 2698 1383 quae
2741 1312 2882 1365 ducit
2932 1312 3001 1364 ad
3042 1318 3250 1365 mortem
3278 1310 3493 1381 (Matth.
3521 1325 3620 1376 vn,
3655 1309 3774 1382 15).

2191 1407 2412 1471 Plateze,
2445 1405 2671 1460 latitudo
2699 1403 2806 1475 (Al.
2831 1401 3131 1474 beatitudo]
3173 1402 3387 1456 dilatata
3436 1412 3777 1460 sanctorum.

2192 1499 2249 1555 In
2274 1497 2597 1568 Apocalypsi
2634 1516 2646 1549 :
2687 1495 2755 1549 Et
2794 1496 2975 1568 platea:
3004 1495 3219 1548 civitatis
3272 1511 3454 1547 aurum
3502 1495 3781 1560 mundum,

2196 1602 2455 1660 tamquam
2493 1590 2677 1642 vitrum
2709 1586 3027 1655 perlucidum
3050 1586 3236 1655 (Apoc.
3275 1601 3389 1650 xxt,
3420 1584 3537 1656 2i).
3564 1586 3784 1640 Funda-

2197 1691 2458 1748 mentum,
2491 1681 2760 1747 Christus,
2784 1679 2868 1733 vel
2921 1678 3052 1733 ﬁdes
3102 1678 3155 1731 in
3209 1678 3523 1748 Apostolo:
3567 1676 3784 1731 Funda-

516 1771 569 1822 ni
604 1767 799 1830 (Exod.
827 1782 1008 1831 xxxix,
1026 1765 1151 1837 29),
1181 1764 1232 1820 id
1256 1776 1368 1830 est,
1390 1782 1583 1820 nomen
1616 1773 2091 1834 tetragrammaton
2122 1758 2174 1821 Β
2200 1782 2428 1828 mentum
2449 1773 2593 1825 aliud
2620 1788 2766 1825 nemo
2789 1780 2954 1842 potest
2986 1786 3195 1835 ponere,
3224 1785 3379 1837 quam
3400 1769 3457 1823 id
3479 1769 3617 1839 quod
3648 1769 3785 1839 posi-

520 1863 753 1917 Domini.
802 1860 1083 1928 Templum
1107 1901 1121 1924 ,
1168 1874 1363 1927 corpus
1413 1859 1656 1922 Domini,
1687 1858 1770 1911 vel
1810 1857 2003 1911 sancti.
2036 1856 2094 1910 In

516 1958 708 2023 Apost.
734 1970 750 2013 ;
787 1953 891 2007 Vos
913 1954 1047 2006 enim
1068 1954 1187 2007 estis
1216 1954 1459 2021 templum
1489 1951 1587 2006 Dei
1625 1953 1725 2005 vivi
1758 1951 1823 2021 (ll
1863 1949 1985 2004 Cor.
2020 1964 2093 2014 VI,

521 2047 635 2117 16).
661 2046 724 2101 Et
752 2048 865 2115 ipse
886 2045 960 2099 ait
988 2064 999 2097 :
1036 2044 1229 2101 Solvite
1263 2046 1507 2114 templum
1534 2044 1629 2096 hoc
1660 2041 1842 2114 (Joan.
1877 2057 1948 2109 ιι,
1985 2041 2094 2109 19).

520 2140 705 2194 Alture
727 2136 851 2191 ﬁdei
878 2136 1126 2190 altitudo.
1158 2136 1213 2190 In
1241 2136 1449 2205 psalmo
1482 2153 1493 2187 :
1544 2133 1691 2186 Tunc
1718 2135 1977 2203 imponent
2006 2150 2097 2186 su-

520 2248 609 2301 per
632 2230 791 2283 altare
819 2239 964 2282 tuum
986 2230 1172 2282 vitulos
1206 2226 1324 2299 (Ps.
1360 2226 1540 2295 1.,21).
1564 2225 1925 2289 Sacrificium,
1951 2224 2103 2278 obla—

522 2321 596 2376 tio
614 2321 857 2390 justitim.
892 2321 947 2374 In
976 2322 1183 2390 psalmo
1213 2337 1226 2370 :
1263 2318 1570 2387 Sacriﬁcate
1600 2318 1918 2385 sacri/icium
1938 2318 2101 2388 justi-

524 2415 609 2469 tite
635 2414 754 2486 (Ps.
788 2430 859 2479 IV,
891 2413 968 2484 6).
1003 2414 1131 2467 Item
1160 2414 1277 2466 laus
1304 2413 1418 2475 Dei,
1448 2420 1505 2464 nt
1548 2413 1599 2466 in
1632 2412 1840 2480 psalmo
1873 2426 1888 2463 :
1921 2411 2102 2466 Sacri-

526 2509 703 2577 ﬁcium
735 2508 906 2559 laudis
933 2505 1293 2575 honorificabit
1321 2521 1399 2557 me
1425 2503 1546 2575 (Ps.
1572 2520 1715 2569 thx,
1745 2502 1857 2574 23).

600 2599 1014 2663 Ilolocaustunt,
1052 2606 1195 2652 totus
1245 2596 1347 2651 Iide
1397 2612 1676 2652 accensus.
1737 2598 1793 2651 In
1854 2597 2104 2666 psalmo:

530 2691 853 2746 Holocausta
885 2690 1167 2743 medullata
1197 2688 1408 2756 o/feram
1440 2689 1529 2741 tibi
1561 2688 1675 2758 (Ps.
1708 2705 1832 2755 va,
1868 2687 1978 2758 15).
2004 2687 2111 2741 Ho-

532 2788 635 2841 stia
664 2829 678 2851 ,
713 2784 985 2848 Christus,
1014 2784 1101 2837 vel
1148 2782 1325 2835 anima
1376 2782 1551 2836 dicata
1604 2782 1732 2836 Deo.
1768 2780 1823 2835 In
1870 2782 2058 2849 Apost.
2095 2795 2108 2829 :

536 2878 860 2932 Oblationem
888 2885 935 2929 et
958 2876 1177 2929 hostiam
1204 2874 1330 2940 Deo,
1356 2874 1409 2927 in
1432 2874 1637 2927 adorent
1656 2873 1919 2927 suavitatis
1948 2869 2109 2941 (Eph.

532 2987 583 3034 v,
608 2969 687 3039 2).
718 2969 955 3040 Myrrha,
980 2967 1321 3021 mortalitatis
1346 2965 1621 3019 indicium.
1657 2964 1715 3017 In
1748 2965 1882 3033 psal.
1918 2982 1930 3015 :
1964 2960 2113 3032 Myr-

535 3062 651 3128 rha,
678 3071 723 3117 et
750 3072 916 3135 gutta,
942 3070 992 3116 et
1020 3062 1160 3114 casia
1192 3077 1222 3112 a
1250 3059 1559 3112 vestimentis
1590 3060 1689 3111 tuis
1714 3057 1829 3128 (Ps.
1856 3072 2001 3121 xuv,
2033 3055 2114 3124 9).

2200 1878 2307 1921 tum
2326 1874 2420 1930 est,
2452 1863 2685 1918 Christus
2715 1862 2869 1917 Jesus
2893 1862 2936 1933 (I
2958 1860 3078 1915 Cor.
3111 1876 3192 1927 ιιι,
3229 1860 3342 1931 11).

2275 1958 2529 2023 Maceria,
2559 1956 2666 2026 lex,
2697 1955 2786 2010 vel
2811 1956 3135 2025 Angelorum
3184 1954 3444 2009 custodia.
3474 1953 3532 2008 In
3558 1951 3788 2010 Cantico

2205 2056 2397 2109 Isaia}:
2438 2053 2505 2107 Et
2546 2053 2767 2105 maceria
2793 2051 3138 2114 circumdedi,
3167 2059 3214 2103 et
3244 2050 3463 2102 calamos
3505 2049 3693 2117 afﬁxi,
3738 2056 3790 2101 et

2204 2148 2431 2218 plantavi
2449 2147 2644 2199 vineam
2666 2143 2799 2216 (Isa.
2827 2142 2972 2213 v,2).
2993 2144 3216 2210 Domus,
3233 2141 3406 2195 anima
3426 2140 3480 2194 in
3505 2156 3604 2210 qua
3627 2139 3794 2193 Chri-

2206 2249 2323 2293 stus
2369 2239 2615 2303 habitat,
2649 2236 2731 2291 vel
2782 2236 3045 2290 Ecclesia.
3075 2236 3135 2289 In
3167 2234 3372 2299 psalmo
3406 2249 3421 2285 :
3464 2231 3529 2286 In
3582 2234 3797 2286 domum

2208 2332 2422 2387 Domini
2458 2332 2647 2385 ibimus
2695 2329 3082 2400 (Ps.cxxr,l).
3142 2326 3515 2401 Cmnacujum,
3570 2326 3797 2381 altitudo

2210 2426 2546 2486 meritorum,
2580 2423 2663 2476 vel
2696 2423 2958 2477 scientim.
2992 2422 3047 2475 In
3083 2421 3374 2490 Evangelia
3402 2434 3418 2474 :
3451 2418 3520 2472 Et
3565 2420 3675 2485 ipse
3705 2435 3797 2471 co-

2212 2517 2286 2569 bis
2338 2516 2563 2569 ostendet
2612 2512 2929 2567 ctenaculum
2978 2527 3219 2583 magnum
3267 2510 3417 2579 (Luc.
3472 2524 3620 2571 xm,
3677 2506 3794 2576 i2).

2213 2609 2445 2673 Ostium,
2477 2605 2760 2674 adapertio
2792 2604 2939 2659 ﬁdei.
2979 2604 3036 2658 In
3082 2604 3343 2671 Apostolo
3378 2619 3390 2655 :
3423 2601 3623 2654 Ostium
3664 2602 3803 2654 enim

2215 2702 2341 2757 mihi
2370 2708 2603 2772 apertum
2625 2708 2720 2767 est,
2747 2714 2989 2768 magnum
3029 2704 3073 2751 et
3114 2697 3316 2750 evidens
3340 2694 3383 2763 (1
3412 2693 3530 2749 Cor.
3584 2709 3697 2757 ιιι,
3720 2692 3801 2763 9).

2287 2792 2579 2855 Ostiarius,
2611 2790 2876 2855 Christus,
2909 2789 2999 2859 qui
3023 2788 3187 2843 dicit:
3239 2786 3342 2841 Per
3373 2803 3450 2840 me
3487 2786 3530 2842 si
3567 2787 3679 2856 quis
3728 2786 3809 2837 in-

2220 2884 2434 2949 troierit,
2461 2883 2741 2937 salvabitur
2763 2879 2941 2953 (Joan.
2966 2896 3021 2945 ιι,
3048 2880 3125 2951 9).

2290 2977 2574 3041 Columna,
2606 2974 3021 3037 ﬁrmamentum,
3042 2972 3123 3026 vel
3154 2970 3421 3026 stabilitas
3448 2970 3730 3039 spiritalis.
3752 2969 3809 3022 In

2224 3072 2413 3139 Apost.
2446 3087 2459 3121 :
2492 3066 2714 3120 Iacobus
2754 3076 2801 3119 et
2836 3064 3060 3118 Joannes
3092 3073 3137 3118 et
3178 3061 3396 3133 Cephas,
3427 3063 3514 3132 qui
3562 3062 3810 3116 videban-

608 3155 782 3223 Thus,
814 3156 985 3209 virtus
1027 3154 1306 3222 orationis,
1345 3162 1401 3206 ut
1442 3152 1497 3205 in
1540 3150 1785 3219 psalmo:
1846 3148 2119 3219 Dirigatur

2232 3138 2311 3215 tur
2331 3161 2579 3213 columna:
2610 3174 2715 3212 esse
2747 3154 2886 3227 (Gal.
2919 3172 2977 3219 tt,
3005 3155 3083 3227 9).

541 3248 706 3302 oratio
731 3263 843 3299 mea
872 3248 1001 3299 sicut
1029 3248 1295 3299 incensum
1325 3246 1377 3297 in
1421 3253 1693 3311 conspectu
1718 3250 1802 3295 tuo
1838 3240 1955 3310 (Ps.
1998 3257 2122 3305 CXL,

541 3339 622 3410 2).
653 3337 1017 3408 Unguentum,
1051 3337 1244 3390 diIl‘usa
1303 3336 1536 3390 nominis
1579 3332 1781 3389 CltriSti
1829 3334 2021 3403 gratia.
2067 3333 2124 3387 In

547 3430 836 3486 Salomone
871 3444 883 3479 :
923 3426 1253 3497 Unguentum
1279 3427 1527 3493 di/fnsum
1556 3443 1739 3481 nomen
1772 3435 1914 3479 tuum
1946 3426 2120 3496 (Cant.

549 3538 591 3587 ι,
622 3522 703 3588 5).
737 3518 934 3574 Sancta
966 3528 1291 3581 sanctorum,
1321 3519 1576 3572 interiora
1604 3533 1828 3588 qumque
1878 3518 2130 3588 mysteria

553 3611 888 3677 Domini,vel
908 3624 1069 3681 regna
1087 3610 1371 3665 cmlorum.
1395 3610 1452 3665 In
1480 3611 1715 3681 Epistola
1738 3611 1802 3665 ad
1826 3610 2082 3665 Hebraeos
2114 3626 2128 3662 :

555 3705 681 3760 Non
704 3704 839 3758 enim
860 3704 914 3757 in
936 3704 1248 3774 manufactis
1280 3705 1470 3758 sanctis
1498 3703 1649 3757 Jesus
1694 3703 1923 3756 introivit
1966 3715 2135 3754 exem-

552 3798 723 3871 plaria
751 3798 997 3862 virorum,
1030 3798 1118 3850 sed
1139 3797 1193 3850 in
1214 3797 1379 3869 ipsum
1403 3799 1606 3862 caelum,
1633 3806 1688 3849 ut
1724 3802 1973 3864 appareat
1997 3808 2132 3845 nunc

553 3890 716 3947 vultui
739 3890 838 3945 Dei
857 3907 950 3963 pro
972 3891 1116 3945 nobis
1147 3889 1304 3962 (Heb.
1334 3906 1404 3954 tx,
1432 3888 1546 3957 2i).
1580 3887 1897 3951 Sabbatum,
1923 3884 2139 3951 requies

556 3986 834 4057 spiritalis.
869 3985 926 4039 In
954 3985 1149 4041 Genesi
1185 4001 1199 4037 :
1247 3984 1313 4038 Et
1339 3984 1579 4050 requievit
1608 3981 1859 4034 Dominus
1885 3979 1948 4031 ab
1971 3979 2141 4032 omni-

558 4080 652 4134 bus
675 4078 908 4150 Operibus
938 4079 1045 4130 suis
1077 4075 1228 4147 (Gen.
1264 4091 1321 4140 ιι,
1351 4074 1431 4144 2).
1468 4074 1596 4127 Item
1648 4072 1840 4127 Isaias:
1870 4071 1930 4126 Si
1950 4081 2143 4127 averte-

557 4175 630 4227 ris
676 4189 709 4225 a
754 4171 962 4225 sabbato
1008 4171 1189 4241 pedem
1238 4177 1380 4221 tuum
1413 4165 1549 4239 (Isu.
1582 4181 1729 4230 Lvttt,
1755 4166 1866 4237 l2).
1900 4166 2057 4231 Item,
2088 4168 2142 4222 in

562 4266 757 4321 malam
790 4273 995 4334 partem
1031 4280 1042 4316 :
1084 4260 1334 4315 Viderunt
1380 4276 1491 4313 eam
1543 4260 1733 4325 hostes,
1765 4271 1809 4314 et
1855 4262 2141 4315 deriserunt

563 4358 774 4413 sabbata
802 4361 913 4429 ejus
941 4356 1157 4428 (Thren.
1191 4371 1231 4419 ι,
1264 4352 1342 4425 7),
1372 4362 1427 4409 et
1447 4363 1662 4408 caetera.
1695 4352 2114 4423 Quadragesima
2133 4397 2148 4421 ,

566 4452 734 4522 ﬁgura
768 4449 1050 4520 praesentis
1077 4449 1198 4502 vitae
1230 4464 1292 4502 ac
1344 4446 1565 4501 laboris.
1610 4446 1664 4499 In
1704 4445 2033 4515 Evangelio:
2082 4445 2151 4499 Et

2298 3252 2505 3319 Paries,
2558 3249 2827 3304 interdum
2861 3257 3129 3302 structura
3160 3247 3422 3301 bonorum
3454 3260 3705 3314 operum.
3756 3245 3816 3299 In

2230 3341 2440 3397 Cantic.
2471 3360 2483 3395 :
2512 3340 2648 3395 Ecce
2677 3340 2760 3393 hic
2782 3349 2918 3393 retro
2944 3349 3060 3409 post
3089 3340 3331 3408 parietem
3354 3346 3585 3389 nostrum
3614 3337 3820 3406 prospi-

2232 3438 2368 3489 ciens
2416 3450 2505 3505 per
2552 3435 2800 3504 fenestras
2828 3431 3000 3500 (Cant.
3035 3446 3109 3495 ιι,
3140 3429 3217 3499 9).
3251 3428 3552 3493 Fenestraz,
3578 3429 3731 3482 visus
3766 3436 3823 3483 et

2234 3528 2465 3591 auditus,
2502 3526 2582 3580 vel
2611 3525 2789 3579 caeteri
2839 3536 3065 3589 sensus,
3100 3531 3157 3575 ut
3210 3535 3373 3590 supra
3428 3538 3439 3571 :
3490 3517 3825 3586 Prospiciens

2237 3634 2326 3687 per
2344 3623 2611 3687 fenestras.
2644 3617 2773 3669 Item
2801 3616 2852 3668 in
2888 3616 3089 3667 malam
3120 3622 3361 3681 partem:
3408 3612 3552 3665 Mors
3596 3612 3824 3665 introivit

2238 3728 2327 3782 per
2355 3712 2603 3778 fenestras
2631 3708 2853 3780 (Jerem.
2879 3706 3077 3776 tx,l2).
3100 3704 3331 3771 Gradus,
3357 3702 3613 3772 Spiritalis
3634 3718 3829 3758 ascen-

2241 3818 2352 3857 sus.
2403 3802 2457 3855 In
2487 3801 2812 3870 psalmorum
2862 3798 3056 3852 titulo:
3090 3797 3359 3850 Canticum
3409 3798 3663 3868 graduum
3692 3793 3827 3866 (Ps.

2241 3910 2400 3957 cxtx,
2430 3894 2501 3961 1).
2556 3890 2715 3945 Ibunt
2748 3892 2913 3944 sancti
2958 3890 3020 3942 de
3068 3891 3252 3942 virtute
3304 3888 3357 3941 in
3400 3888 3637 3941 virtutem
3694 3885 3827 3956 (Ps.

2245 4001 2480 4049 Lxxxttt,
2513 3986 2589 4053 8).
2639 3983 3014 4037 Pavimentum
3041 4022 3055 4046 ,
3096 3979 3429 4043 humiliatio,
3479 3979 3564 4033 vel
3610 3976 3832 4031 alﬁictio

2248 4079 2469 4141 animae,
2497 4078 2610 4130 sive
2631 4076 2684 4128 in
2718 4086 2927 4129 terrena
2952 4073 3262 4128 declinatio.
3288 4072 3345 4125 In
3370 4071 3579 4139 psalmo
3605 4090 3617 4123 :
3648 4068 3835 4123 Adha-

2250 4171 2313 4224 sit
2346 4170 2632 4239 pavimento
2663 4170 2837 4219 anima
2861 4183 2972 4219 mea
2996 4163 3114 4235 (Ps.
3138 4161 3453 4233 cxvnt,25).
3486 4160 3833 4226 Psalterium,

2252 4279 2411 4332 opera
2435 4262 2593 4315 bona.
2622 4262 2678 4314 In
2724 4261 2969 4329 psalmo:
3024 4256 3333 4310 Psalterium
3374 4254 3667 4326 jucundum
3714 4269 3838 4306 cum

2254 4356 2447 4410 cithara
2471 4353 2588 4427 (Ps.
2617 4370 2777 4419 Lxxx,
2809 4352 2887 4421 5).
2929 4352 3175 4417 Cithara,
3218 4358 3404 4419 pectus
3433 4347 3716 4412 devotum,
3774 4348 3831 4401 in

2255 4463 2361 4517 quo
2390 4459 2658 4515 tamquam
2689 4450 2838 4498 nervi
2872 4453 2998 4497 sunt
3039 4443 3285 4508 virtutes,
3321 4441 3419 4493 hoc
3449 4448 3549 4501 est,
3570 4438 3840 4505 Spiritalia

567 4563 681 4601 cum
701 4547 985 4619 jejunasset
1012 4545 1361 4617 quadraginta
1386 4543 1562 4595 diebus
1600 4549 1648 4593 et
1681 4539 2030 4611 quadraginta
2059 4557 2151 4593 no-
2178 4522 2232 4585 Ι)
2256 4542 2416 4594 bona.
2448 4538 2502 4591 In
2558 4538 2750 4606 psalm.
2785 4554 2796 4587 :
2837 4535 3101 4605 Exsurge,
3142 4534 3436 4605 psalterium
3480 4547 3593 4583 cum
3634 4531 3842 4584 cithara

569 4639 730 4693 ctibus
757 4638 976 4709 (Matth.
1010 4655 1081 4705 tv,
1119 4636 1199 4705 2).
1226 4632 1856 4703 Pascha,praenuntiatio
1886 4632 2152 4687 Dominici

575 4734 853 4789 transitus.
905 4734 961 4788 In
1018 4732 1348 4802 Evangelio:
1401 4732 1531 4783 Ante
1560 4730 1695 4783 diem
1741 4739 1912 4783 autem
1969 4730 2155 4798 festum

579 4824 791 4880 Pascha:
811 4827 971 4880 sciens
996 4823 1147 4878 Iesus
1177 4825 1298 4894 quia
1326 4823 1460 4876 venit
1487 4822 1598 4890 ejus
1627 4821 1756 4875 hora
1780 4862 1795 4887 ,
1824 4830 1883 4875 ut
1932 4831 2156 4875 transeat

574 4936 637 4974 ea:
666 4917 766 4973 hoc
794 4918 983 4972 mundo
1009 4918 1076 4970 ad
1106 4915 1318 4969 Patrem
1342 4913 1524 4985 (Joan.
1551 4929 1669 4980 xm,
1699 4913 1773 4971 1).
1815 4912 2153 4982 Quinquage-

571 5011 726 5075 sima,
752 5010 1112 5065 manilestatio
1162 5007 1353 5061 futura:
1384 5004 1727 5059 beatitudinis
1753 5003 1838 5058 vel
1881 5004 2155 5058 remissio-

572 5104 678 5160 nis.
699 5104 757 5158 In
789 5103 961 5158 Levit.
996 5119 1011 5155 :
1043 5099 1410 5154 Numerabitis-
1437 5113 1558 5167 ergo
1587 5106 1779 5165 septem
1810 5095 2153 5149 hebdomadas

572 5198 750 5269 plenas
783 5211 941 5266 usque
985 5194 1054 5247 ad
1083 5192 1302 5246 alteram
1332 5190 1463 5243 diem
1495 5188 1682 5259 (Leuit.
1735 5203 1899 5251 χχιιι,
1954 5187 2065 5256 15),
2098 5194 2153 5241 et

571 5287 709 5345 infra
734 5329 749 5355 ,
798 5288 852 5342 id
892 5296 975 5342 est
1000 5327 1015 5351 ,
1046 5284 1418 5355 quinquaginta
1448 5281 1574 5336 dies.
1609 5280 1867 5335 Jubilaaus
1910 5290 2150 5335 venturae

570 5384 768 5456 quietis
795 5381 1140 5453 signiﬁcatio.
1169 5378 1225 5433 In
1255 5378 1429 5432 Levit.
1467 5394 1479 5429 :
1511 5377 1690 5430 Annus
1716 5374 2030 5429 remissionis
2051 5384 2145 5441 est,

567 5477 771 5547 signum
801 5482 1036 5529 sanctum
1077 5473 1171 5526 erit
1215 5469 1356 5523 vobis
1402 5467 1589 5539 (Levit.
1617 5482 1750 5529 xxv,
1781 5465 1894 5534 10).
1947 5464 2147 5519 Civitas

570 5567 686 5631 Dei,
717 5566 977 5627 Ecclesia,
1004 5564 1089 5620 vel
1122 5563 1322 5617 anima.
1352 5559 1406 5613 In
1438 5558 1643 5629 psalmo
1671 5575 1682 5609 :
1729 5554 1795 5609 In
1820 5557 2020 5611 civitate
2057 5553 2154 5609 Dei

568 5661 731 5713 nostri
751 5661 870 5730 (Ps.
890 5675 1072 5723 xuvm,
1093 5659 1171 5724 2).

639 5748 819 5811 Cives.
864 5748 1069 5803 ﬁdeles.
1103 5745 1160 5800 In
1185 5745 1371 5813 Apost.
1410 5759 1423 5796 :
1456 5743 1561 5798 Sed
1601 5745 1729 5797 estis
1772 5743 1904 5795 cives
1948 5755 2151 5795 sancto-

2257 4631 2377 4701 (Ps.
2406 4647 2548 4695 xcvt,
2574 4630 2652 4701 9),
2690 4629 2738 4684 id
2762 4638 2880 4694 est,
2914 4643 3075 4697 opera
3128 4642 3247 4681 cum
3280 4625 3416 4690 ﬁde;
3466 4623 3552 4677 vel
3605 4622 3674 4677 de
3722 4624 3842 4692 ipso

2257 4725 2507 4790 Domino,
2538 4722 2865 4778 resurrectio
2897 4720 3075 4775 carnis
3127 4734 3244 4773 cum
3276 4717 3455 4772 divina
3485 4716 3706 4770 virtute.
3732 4714 3844 4770 Dc~

2259 4820 2608 4882 cacltordttm,
2646 4827 2908 4886 prrecepta
2938 4821 3147 4879 decem,
3180 4813 3267 4866 vel
3288 4810 3577 4881 geminati,
3608 4810 3844 4880 quinque

2262 4928 2449 4967 sensus
2482 4910 2714 4965 hominis
2740 4908 3023 4962 exterioris
3054 4921 3175 4960 cum
3197 4905 3475 4959 interiore.
3506 4902 3563 4957 In
3594 4903 3802 4971 psalmo
3829 4921 3841 4956 :

2264 5003 2329 5058 In
2374 5004 2691 5059 decachordo
2722 4998 2984 5069 psalterio,
3028 5014 3144 5051 cum
3191 4998 3389 5049 cantico
3421 5006 3466 5050 et
3494 4995 3691 5048 cithara
3721 4993 3820 5066 (Ps

2261 5113 2370 5163 xei,
2396 5096 2471 5167 4).
2503 5095 2797 5164 Organum,
2826 5094 3009 5156 homo,
3044 5091 3128 5144 vel
3158 5089 3251 5144 ille
3282 5090 3369 5159 qui
3403 5096 3486 5143 est
3533 5097 3844 5156 assumptus

2260 5202 2288 5241 a
2322 5187 2571 5241 Domino.
2606 5185 2662 5238 In
2721 5183 2925 5252 psalmo
2960 5202 2971 5234 :
3018 5180 3253 5234 Laudate
3282 5196 3397 5233 eum
3450 5181 3501 5231 in
3551 5177 3761 5231 chordis
3800 5186 3862 5231 et.

2258 5298 2448 5352 organo
2473 5279 2589 5348 (Ps.
2621 5294 2709 5347 CL,
2740 5276 2821 5346 4).
2847 5276 3185 5347 Tympanum
3214 5316 3230 5342 ,
3263 5281 3595 5328 attenuatum
3650 5284 3845 5340 corpus

2253 5373 2482 5442 jejunio.
2526 5370 2582 5424 In
2616 5369 2872 5439 psalterio
2908 5387 2919 5419 :
2970 5368 3204 5421 Laudate
3247 5381 3357 5418 eum
3408 5366 3461 5417 in
3518 5373 3761 5434 tympano
3801 5374 3846 5415 et

2257 5467 2413 5519 choro
2432 5464 2482 5534 (1
2494 5464 2652 5529 bid.).
2674 5457 3294 5526 Chorus,concordia.lu
3319 5456 3546 5526 psalmo,
3573 5464 3629 5509 ut
3658 5471 3845 5525 supra.

2254 5559 2435 5625 Tuba,
2468 5559 2616 5613 vocis
2639 5557 2893 5612 exaltatio
2916 5557 2967 5610 in
2996 5551 3377 5624 praedicatione
3406 5549 3611 5604 divina.
3640 5548 3695 5601 In
3725 5564 3850 5618 pro-

2261 5651 2420 5721 pheta
2454 5670 2466 5703 :
2519 5651 2707 5705 Eaalta
2729 5660 2782 5702 ut
2818 5648 2935 5701 tuba
2984 5662 3151 5701 rorem
3204 5653 3346 5697 tuam
3379 5639 3531 5712 (lsai.
3587 5655 3737 5708 Lvm,
3774 5642 3851 5713 1).

2256 5744 2533 5811 Cymbala,
2567 5743 2705 5796 labia
2740 5741 3034 5797 Dominum
3094 5735 3440 5801 conﬁtcntia,
3497 5733 3578 5789 vel
3628 5734 3857 5791 dilectio
