4028 6184
222 167 344 228 769

1004 165 1210 222 LIBER
1254 164 1742 226 FORMULARUM
1784 167 2164 233 SPIRITALIS
2205 176 2784 236 INTELLIGENTIJI.

3440 185 3548 241 710

222 290 335 345 Dei
362 297 424 346 et
452 285 705 359 proximi.
734 284 795 338 ιη
826 281 1035 353 psalmo
1062 299 1075 335 :
1108 284 1340 336 Laudate
1363 300 1479 339 eum
1510 287 1563 339 in
1592 286 1837 357 cymbalis
1867 285 1914 346 A
1944 288 2046 344 duo
2076 292 2128 345 in
2156 292 2469 360 ntolmdino,
2502 294 2601 347 duo
2640 294 2694 347 in
2720 292 2848 347 lecto
2876 289 3028 363 (Luc.
3057 306 3187 359 xm,
3217 290 3310 365 54)
3341 292 3532 366 legun-

220 383 369 439 benc
402 380 700 437 sonantibus
725 376 842 451 (Ps.
875 393 961 441 CL,
995 376 1075 445 5).
1108 376 1385 445 Jubilatio,
1419 380 1627 434 clamor
1682 378 1843 449 spiri-

1382 472 1619 528 Laudate
1648 491 1760 529 eum
1788 475 1842 527 in

219 478 329 533 tali
371 477 586 534 fervore
616 471 944 541 expressior.
979 470 1036 524 In
1084 472 1274 539 psalm.
1311 490 1322 523 :

218 568 493 639 cymbalis
514 563 840 636 jubilationis
863 560 919 634 (1
924 560 1085 633 bid.).

299 660 605 733 Egyptus,
640 657 876 712 mundus
908 656 1019 722 hic,
1053 656 1137 711 vel
1167 656 1450 725 gentilium
1475 660 1723 730 populus.
1783 661 1840 715 In

217 754 494 823 psalmo:
529 751 747 806 Venient
771 750 928 821 legati
968 765 1031 803 ea:
1075 748 1312 821 /qupto
1344 748 1467 819 (Ps.
1514 768 1684 817 vart,
1721 750 1837 822 32).

217 845 542 914 EtbiOpia,
574 842 816 899 Ecclesia
839 857 903 897 ex
935 841 1201 911 gentibus.
1234 840 1292 895 In
1327 843 1537 910 psalmo
1574 863 1587 896 :
1622 843 1839 897 τΕιΙιὶο-

219 941 322 1009 pia
346 938 609 1010 perveniet
644 952 828 989 manus
853 938 965 1006 ejus
990 931 1101 987 Deo
1124 932 1341 1005 (Ibid)
1368 933 1501 989 Item
1526 936 1689 990 aliam
1714 951 1839 1005 par-

213 1041 341 1088 tem
366 1074 384 1099 ,
413 1033 467 1085 in
498 1031 707 1101 psalmo
740 1047 753 1083 :
786 1027 989 1081 Dedisti
1029 1044 1141 1081 eum
1187 1043 1353 1081 escam
1400 1028 1594 1101 populo
1624 1028 1837 1084 Αῐιιιξο-

211 1141 359 1195 pum
390 1123 515 1198 (Ps.
546 1138 734 1188 Lxxnt,
767 1120 876 1191 14).
905 1120 1165 1190 Babylon,
1195 1130 1284 1173 aut
1327 1122 1584 1189 mundus,
1610 1130 1703 1175 aut
1725 1122 1834 1177 Ro-

210 1230 338 1272 ma.
393 1218 449 1272 In
473 1214 835 1286 Apocalypsi:
874 1212 940 1265 Et
965 1211 1197 1281 Babylon
1241 1228 1430 1280 magna
1474 1213 1607 1267 venit
1646 1215 1700 1266 in
1730 1232 1836 1269 me-

208 1311 459 1364 moriam
486 1319 604 1362 ante
637 1307 798 1360 Deum
822 1306 945 1358 dare
989 1304 1032 1356 ei
1061 1302 1271 1371 calicem
1316 1302 1421 1355 vini
1467 1304 1834 1373 indignationis

209 1405 317 1459 ira:
361 1404 480 1474 ejus
506 1402 691 1473 (Apoc.
716 1415 827 1461 xvt,
864 1397 974 1467 19).
1001 1394 1234 1457 Inimici,
1265 1395 1533 1460 diabolus,
1565 1398 1648 1451 vel
1680 1396 1829 1451 vilia.

207 1493 268 1551 In
311 1496 523 1565 psalm.
559 1510 572 1546 :
612 1492 735 1545 Non
785 1487 1130 1557 confundetur
1181 1503 1296 1542 cum
1335 1490 1569 1558 loquetur
1608 1490 1831 1543 inimicis

205 1592 329 1644 suis
365 1590 425 1642 in
457 1596 607 1661 porta
637 1584 756 1654 (Ps.
796 1598 977 1647 cxxvn,
1015 1581 1091 1651 5).

1949 394 2034 441 tur
2056 386 2108 440 in
2132 395 2319 442 sancto
2353 388 2665 457 Evangelio.
2730 406 2735 411 λ

2022 480 2112 534 lll.
2144 481 2227 534 Ad
2260 481 2608 545 Trinitatem;
2642 483 2695 536 in
2717 482 2939 537 Joannis
2968 482 3207 552 Epistola
3239 502 3250 535 :
3281 483 3404 540 Tres
3424 494 3545 541 sunt

1945 573 2034 642 qui
2062 574 2407 627 testimonium
2444 573 2567 627 dant
2597 574 2651 626 in
2679 575 2828 640 creto,
2852 572 3035 638 Pater,
3072 574 3319 641 Verbum,
3342 585 3387 629 et
3418 575 3545 647 Spi-

1944 668 2074 719 ritus
2105 676 2337 729 sanctus,
2362 674 2409 719 et
2442 675 2543 719 tres
2569 675 2688 719 sunt
2717 668 2806 737 qui
2842 668 3188 721 testimonium
3212 668 3337 722 dant
3359 669 3413 721 in
3439 677 3543 721 ter-

1945 775 2040 824 ra,
2082 759 2327 828 spiritus,
2375 775 2510 829 aqua
2552 769 2596 812 et
2624 760 2835 828 sanguis
2883 760 2940 828 (ι
2978 760 3138 815 Joan.
3176 777 3229 827 ν,
3265 759 3345 832 7).
3380 760 3449 817 Ει
3482 761 3539 818 in

1945 849 2082 904 Gen.
2116 867 2126 902 :
2162 850 2286 904 Tres
2317 851 2624 921 propagines
2659 849 2817 918 (Gen.
2848 868 2938 917 ιι,
2965 851 3078 922 10).

2016 939 2103 995 ιγ.
2137 939 2216 995 Ad
2270 952 2499 1009 quatuor
2540 940 2857 1009 Evangelia,
2905 940 2959 994 in
3014 942 3345 998 Ezechiele:
3379 942 3447 997 Et
3473 959 3537 998 ea:

1941 1033 2109 1086 medio
2132 1048 2330 1097 eorum,
2360 1033 2648 1087 similitudo
2670 1042 2894 1105 quatuor
2922 1033 3229 1089 animalium
3254 1032 3467 1108 (Ezech.
3491 1050 3532 1102 t,

1941 1127 2018 1195 5).
2050 1125 2203 1180 Sicut
2251 1134 2304 1179 et
2345 1134 2567 1194 quatuor
2616 1127 2838 1197 flumina
2869 1126 3098 1196 paradisi
3148 1124 3298 1196 (Gen.
3327 1142 3385 1195 tt,
3414 1125 3529 1196 10).

1939 1218 2148 1273 Nomen
2188 1228 2671 1289 tetragrammaton
2714 1229 2948 1289 quatuor
3004 1220 3197 1277 litteris
3253 1219 3531 1275 Hebraicis

1939 1312 2217 1366 scribitur.
2247 1313 2490 1380 Quatuor
2517 1313 2772 1369 cornibus
2822 1321 3008 1369 sancta
3037 1328 3169 1368 crux
3219 1314 3527 1385 iusignitur,

1936 1411 1995 1456 ut
2020 1402 2270 1457 Habacuc
2297 1421 2308 1457 :
2349 1401 2554 1456 Cornua
2580 1406 2632 1456 in
2662 1405 2898 1459 manibus
2921 1406 3033 1475 ejus
3053 1404 3219 1475 (Hab.
3248 1423 3328 1471 tu,
3355 1405 3435 1476 4).

2008 1493 2072 1547 γ.
2098 1494 2179 1548 Ad
2210 1496 2446 1563 quinque
2476 1495 2647 1550 libros
2688 1496 2881 1567 Moysi,
2915 1497 2983 1549 ad
3030 1498 3251 1566 quinque
3293 1497 3522 1568 porticus

1935 1585 2116 1657 (Joan.
2150 1603 2204 1651 v,
2230 1584 2310 1656 2),
2342 1586 2410 1639 ad
2432 1588 2654 1656 quinque
2684 1605 2843 1655 panes
2866 1588 3049 1659 (Joan.
3077 1604 3150 1652 vt,
3176 1588 3259 1659 9),
3279 1588 3348 1642 ad
3373 1589 3528 1659 quin~

284 1684 503 1747 Fures,
534 1677 771 1734 haeretici
796 1687 847 1731 et
873 1674 1391 1744 pscudoprophetre;
1414 1676 1464 1729 in
1485 1675 1777 1744 Evangelio
1804 1691 1818 1728 :
1854 1679 1900 1739 Β
1927 1695 2024 1748 que
2055 1677 2233 1748 plagas
2263 1678 2439 1749 (Joan.
2467 1696 2561 1745 xx,
2593 1679 2684 1749 25)
2719 1682 2771 1734 in
2793 1695 3022 1750 corpore
3052 1680 3351 1736 Dominico.
3381 1682 3527 1750 Apo-

200 1776 431 1831 Omnes
460 1778 702 1843 quotquot
722 1776 1095 1824 veneruntante
1128 1784 1224 1831 me,
1260 1771 1396 1837 fures
1426 1770 1631 1838 {uerunt
1666 1776 1711 1821 et
1750 1768 1829 1822 la-

202 1879 405 1923 trones
436 1865 615 1939 (Joan.
645 1880 698 1929 x,
730 1861 807 1933 8).
842 1862 1063 1927 Gentes,
1119 1860 1264 1915 vitia.
1307 1860 1364 1914 ln
1410 1860 1775 1916 Pentatencho
1810 1880 1822 1915 :

205 1961 355 2017 Cum
402 1957 746 2012 introduxerit
779 1964 825 2008 te
869 1952 1119 2006 Dominus
1158 1951 1297 2005 Deus
1353 1952 1407 2003 in
1436 1961 1624 2004 terram
1671 1969 1825 2021 quam

203 2071 558 2131 possessurus
587 2052 910 2123 ingredieris,
941 2060 986 2102 et
1018 2049 1261 2101 deleverit
1305 2057 1477 2117 gentes
1520 2048 1703 2101 multas
1732 2064 1823 2101 co-

206 2169 335 2205 ram
372 2160 422 2204 te
445 2148 625 2220 (Deut.
660 2163 750 2208 vn,
792 2146 863 2213 1).
896 2143 1027 2198 Item
1057 2143 1108 2196 in
1151 2143 1311 2196 aliam
1352 2150 1594 2211 partem:
1634 2141 1822 2195 Omnes

201 2255 425 2317 gentes,
447 2241 677 2315 plaudite
697 2237 935 2291 manibus
965 2235 1083 2307 (Ps.
1115 2251 1255 2302 XLVI,
1292 2234 1373 2304 2).
1408 2233 1610 2303 Pugna,
1645 2244 1823 2288 certa-

206 2354 352 2395 men
389 2336 652 2389 adversus
683 2331 951 2399 nequitias
981 2329 1273 2396 Spiritales,
1299 2329 1382 2382 vel
1413 2328 1669 2382 adversus
1692 2329 1819 2382 vitia

201 2431 539 2489 conﬂictus.
570 2428 627 2481 In
662 2425 922 2497 Apostolo
954 2443 964 2479 :
1004 2422 1091 2478 Sic
1115 2440 1284 2493 pugno
1326 2438 1428 2475 non
1466 2424 1616 2493 quasi
1647 2439 1817 2476 aerem

202 2524 501 2581 verberans
540 2520 583 2594 (Ι
610 2520 731 2575 Cor.
766 2536 841 2586 ιχ,
871 2518 982 2588 ‘26).
1021 2517 1152 2581 Pax,
1178 2518 1379 2580 carnis,
1416 2517 1465 2570 in
1514 2516 1712 2572 bonum
1764 2525 1819 2572 et

201 2615 450 2685 spiritus
477 2612 789 2668 concordia.
815 2610 871 2666 In
905 2608 1113 2677 psalmo
1140 2625 1151 2661 :
1178 2608 1375 2677 Rogata
1395 2623 1509 2677 quae
1537 2609 1678 2679 pacis
1698 2617 1819 2661 sunt

205 2705 561 2762 Hierusalem
594 2703 710 2776 (Ps.
763 2718 906 2771 cxxr,
940 2700 1021 2773 6).
1063 2700 1190 2755 Item
1244 2717 1344 2769 pax
1372 2741 1387 2767 ,
1440 2700 1706 2755 Christus.
1756 2701 1816 2756 In

203 2799 489 2871 Apostolo
517 2814 532 2852 :
562 2795 685 2865 Ipse
722 2797 856 2850 enim
899 2803 973 2848 est
1015 2809 1118 2864 pax
1165 2802 1339 2846 nostra
1388 2791 1559 2863 (Eph.
1593 2810 1662 2857 ll,
1702 2791 1813 2861 14).

203 2890 491 2951 Victoria,
524 2889 590 2943 de
617 2888 851 2951 diabolo,
886 2886 970 2940 vel
1000 2885 1065 2939 de
1093 2884 1343 2938 adversis
1386 2884 1707 2953 triumphus.
1756 2882 1813 2936 ln

203 2983 472 3055 Apostol.
503 2999 516 3035 :
545 2979 654 3033 Deo
683 2990 852 3033 autem
880 2977 1069 3048 gratia,
1101 2978 1187 3045 qui
1212 2976 1351 3028 dedit
1376 2976 1519 3027 nobis
1550 2975 1814 3027 victoriam

1933 1770 2105 1823 stolus
2131 1786 2143 1823 ε
2176 1771 2232 1823 In
2264 1770 2510 1825 Ecclesia
2536 1771 2653 1825 volo
2683 1773 2905 1841 quinque
2934 1774 3085 1826 verba
3120 1790 3268 1828 sensu
3299 1790 3410 1828 meo
3446 1775 3526 1828 lo-

1930 1862 2018 1929 qui
2043 1861 2081 1928 (1
2109 1860 2226 1913 Cor.
2259 1860 2395 1931 xw).

2002 1953 2089 2007 VI.
2114 1954 2197 2009 Ad
2224 1955 2365 2007 diem
2394 1963 2626 2019 sextum,
2659 1972 2764 2025 quo
2788 1956 3049 2012 Dominus
3088 1958 3361 2015 hominem
3394 1975 3519 2016 cum

1928 2046 2196 2101 universis
2226 2057 2378 2101 terrm
2407 2048 2770 2102 animantibus
2801 2050 2942 2103 fecit.
2970 2049 3027 2104 In
3055 2052 3250 2107 Genesi
3280 2070 3292 2105 :
3322 2050 3521 2106 Facia-

1927 2157 2041 2197 mus
2084 2141 2342 2193 hominem
2366 2142 2431 2194 ad
2456 2142 2731 2213 imaginem
2777 2151 2822 2195 et
2851 2144 3241 2198 similitudinem
3282 2154 3518 2200 nostram

1926 2234 2083 2305 (Gen.
2111 2252 2147 2298 ι,
2173 2236 2285 2304 ‘26).
2320 2236 2449 2290 Item
2483 2238 2640 2305 paulo
2668 2248 2785 2305 post
2813 2255 2825 2290 :
2869 2236 2937 2290 Et
2968 2242 3161 2307 factum
3188 2248 3260 2293 est
3289 2254 3511 2309 vespere,

1923 2337 1972 2381 et
2004 2329 2198 2398 factum
2230 2337 2307 2381 est
2345 2345 2495 2383 mane
2548 2330 2656 2383 dies
2685 2340 2855 2383 sextus
2888 2328 3087 2399 (Ibid.,
3122 2332 3237 2400 51).
3288 2330 3515 2386 Senario

1923 2435 2150 2475 numero
2180 2422 2437 2490 perfectio
2468 2422 2950 2490 comprehenditur
2985 2440 2997 2473 :
3045 2433 3333 2492 propterea
3366 2423 3514 2478 Deus

1922 2526 2015 2567 sex
2045 2513 2235 2567 diebus
2286 2514 2544 2568 mundum
2593 2514 2885 2584 perfecisse
2915 2514 3267 2582 describitur,
3298 2526 3353 2571 et
3383 2514 3515 2585 ipsis

1921 2607 2158 2677 quinque
2205 2622 2344 2661 unus
2370 2608 2643 2677 adjicitur,
2671 2617 2729 2661 ut
2778 2610 2863 2663 lex
2895 2623 2991 2677 per
3022 2608 3376 2679 Evangelium
3407 2610 3514 2663 im-

1923 2700 2153 2768 pleatur.
2182 2700 2287 2756 Sex
2318 2709 2446 2755 sunt
2498 2710 2687 2756 aetates
2714 2701 2897 2756 saeculi
2930 2716 2944 2753 :
2998 2702 3237 2771 quinque
3283 2702 3515 2756 transie-

1920 2802 2067 2858 runt,
2097 2806 2248 2846 sexta
2270 2807 2299 2845 a
2328 2791 2535 2846 Joanne
2571 2792 2807 2860 Baptista
2831 2799 2886 2846 et
2915 2791 3268 2846 inhumanato
3293 2791 3512 2848 Christo

1919 2884 2160 2938 decurrit
2187 2885 2252 2937 ad
2286 2885 2446 2938 tinem
2487 2884 2708 2949 saeculi;
2755 2882 2899 2937 unde
2944 2892 3000 2937 et
3047 2892 3196 2937 sexta
3242 2882 3328 2937 die
3383 2881 3512 2939 fecit

1925 2976 2072 3030 Deus
2105 2976 2375 3029 hominem
2403 2974 2469 3028 ad
2503 2976 2791 3045 imaginem
2830 2990 3007 3039 suam,
3042 2975 3164 3043 quia
3207 2981 3359 3028 sexta
3404 2974 3509 3029 ista

202 3092 306 3148 per
332 3072 623 3127 Dominum
654 3079 884 3123 nostrum
926 3068 1106 3119 Iesum
1165 3064 1428 3119 Christum
1483 3065 1537 3134 (Ι
1576 3064 1693 3117 Cor.
1727 3078 1814 3127 xv,
1847 3062 1894 3125 C
1927 3074 2087 3120 aetate
2118 3066 2498 3121 manifestatur
2521 3082 2616 3135 per
2641 3065 2990 3134 Evangelium
3024 3065 3337 3120 reformatio
3356 3080 3509 3121 men-

204 3170 337 3237 57).
362 3164 636 3227 Bravium,
657 3168 1150 3217 consummatorum
1172 3156 1451 3226 prmmium
1478 3154 1830 3210 meritorum.'

203 3262 269 3316 ιη
299 3262 502 3329 Apost.
532 3274 544 3307 :
580 3254 659 3307 Ad
696 3253 1009 3306 destinatum
1047 3264 1341 3320 persequor,
1368 3249 1435 3300 ad
1469 3248 1696 3301 brevium
1722 3263 1812 3301 su-

205 3366 400 3425 perna:
428 3346 705 3402 vocationis
732 3343 832 3397 Dei
864 3340 1027 3413 (Phil.
1065 3358 1149 3407 nt,
1186 3340 1296 3412 14).
1330 3338 1562 3407 Corona,
1597 3350 1813 3395 aeterna:

204 3446 414 3518 gloriae
444 3457 542 3513 pro
565 3438 775 3510 justitia
806 3451 1033 3491 merces.
1066 3434 1123 3489 In
1155 3434 1418 3503 Apostolo
1446 3451 1459 3487 :
1492 3432 1570 3488 De
1617 3435 1814 3503 reliquo

203 3536 453 3610 reposita
483 3544 556 3589 est
584 3534 710 3587 mihi
738 3528 1171 3599 coronajustitia:
1212 3527 1278 3596 (II
1306 3526 1437 3580 Tim.
1472 3544 1541 3594 tv,
1568 3527 1646 3597 8).
1667 3526 1814 3594 Quo-

202 3634 362 3689 niam
397 3628 723 3699 spiritalium
755 3623 1090 3695 profectuum
1139 3621 1531 3676 consummatio
1564 3621 1812 3690 provehit

203 3723 276 3778 ad
311 3734 603 3786 coronam,
632 3726 777 3773 recte
808 3716 1000 3771 horum
1028 3730 1239 3785 quoque
1285 3713 1584 3782 spiritalem
1632 3714 1811 3768 nomi-

203 3832 346 3875 num
381 3812 883 3884 interpretationem
913 3823 1111 3865 corona
1143 3817 1508 3862 consummat.
1564 3806 1695 3874 Quae
1727 3816 1808 3860 ta-

206 3926 341 3968 men
393 3906 610 3963 nomina
643 3906 893 3960 universa
916 3901 1201 3973 complecti
1250 3900 1479 3955 arduum
1518 3898 1803 3965 duximus,

205 4008 353 4062 sicut
375 4002 539 4059 etiam
567 3998 720 4066 illud,
766 4006 825 4054 ut
852 3997 1304 4067 depromerentur
1350 4003 1542 4049 cuncta
1585 4009 1703 4064 qua:
1746 4007 1806 4048 se

208 4101 261 4154 in
317 4109 604 4168 utramque
652 4103 859 4167 partem
906 4092 1119 4162 gemina
1167 4089 1559 4161 signiﬁcatione
1608 4088 1805 4143 diffun-

205 4192 364 4249 dunt.

831 4283 1058 4340 CAPUT
1101 4281 1191 4336 XI.

830 4376 908 4429 De
946 4374 1189 4428 numeris.

279 4497 426 4551 Sane
459 4493 675 4548 tandem
727 4489 809 4542 his
840 4487 1150 4541 nominibus
1194 4485 1492 4551 absolutis,
1539 4499 1799 4540 numeros

205 4605 425 4661 quoque
454 4587 692 4642 breviter
731 4582 1062 4653 digerantus,
1086 4594 1219 4648 quos
1260 4580 1484 4650 mystica
1521 4580 1799 4650 exemplo-

202 4700 328 4741 rum
350 4680 491 4735 ratio
517 4678 657 4733 inter
687 4689 871 4730 sacros
901 4672 1228 4727 celebriores
1256 4672 1401 4726 fecit.

272 4777 317 4828 l.
354 4771 455 4824 llic
477 4782 734 4823 numerus
760 4765 825 4819 ad
855 4763 1113 4819 unitatem
1146 4763 1368 4817 Deitatis
1409 4762 1642 4817 refertur
1672 4780 1684 4816 :
1738 4764 1793 4818 in

200 4862 609 4923 Pentateucho:
641 4858 798 4924 Audi,
832 4855 1020 4924 Israel,
1051 4855 1303 4909 Dominus
1336 4854 1473 4909 Deus
1513 4865 1631 4908 tuus
1660 4872 1791 4909 unus

198 4969 273 5016 est
310 4956 494 5030 (Deut.
526 4971 598 5019 vr,
628 4952 707 5023 4).
733 4953 803 5007 Et
843 4950 1139 5021 Apostolus
1171 4966 1183 5003 :
1219 4947 1365 5004 Unus
1396 4948 1556 5016 Deus,
1601 4966 1704 5003 una
1729 4951 1793 5019 fi-

202 5054 311 5118 des,
348 5067 509 5104 unum
531 5046 786 5117 baptisma
818 5043 1034 5117 (Ep/tes.
1069 5060 1144 5109 ιν,
1175 5043 1253 5112 5).
1288 5043 1353 5097 Ει
1380 5057 1504 5097 arca
1528 5041 1663 5108 Noe,
1689 5056 1793 5111 qua

205 5153 389 5200 sancta
427 5141 665 5197 Ecclesia
694 5139 1030 5208 designatur,
1065 5137 1117 5190 in
1144 5151 1245 5188 uno
1275 5134 1443 5189 cubito
1470 5149 1793 5187 consumma-

209 5247 291 5292 tur
321 5239 473 5312 (Gen.
503 5254 579 5304 vr,
622 5234 738 5305 16),
762 5235 885 5303 quia
919 5233 973 5285 in
1004 5231 1167 5286 unius
1197 5228 1294 5284 Dei
1326 5227 1791 5298 contemplatione

205 5332 356 5400 quies
385 5342 586 5386 aeterna
618 5329 915 5400 perﬁcitur.

274 5424 339 5477 ll.
374 5423 450 5475 Ad
480 5423 587 5477 duo
612 5428 933 5476 testamenta
967 5417 1165 5473 divinat
1190 5416 1329 5487 legis
1375 5414 1707 5481 referuntur,
1734 5413 1788 5469 in

206 5516 367 5586 Roga
389 5514 455 5569 Et
484 5517 598 5585 fecit
624 5517 676 5570 in
699 5515 861 5569 Dabir
884 5515 986 5567 duo
1014 5513 1272 5568 Cherubin
1298 5513 1470 5566 decem
1500 5512 1789 5566 cubitorum

206 5608 551 5679 magnitudine
582 5607 673 5681 (III
705 5608 834 5678 Reg.
866 5618 943 5673 vl,
984 5605 1100 5675 25).
1145 5605 1262 5658 Duo
1292 5613 1567 5673 prtecepta
1597 5602 1782 5657 chari-
1812 5681 1817 5688 _

209 5702 346 5769 latis,
365 5704 562 5761 amoris
588 5703 846 5761 videlicet
870 5699 963 5756 Dei
991 5708 1046 5755 et
1093 5697 1344 5770 proximi.
1381 5696 1500 5752 Duo
1529 5698 1584 5751 in
1614 5712 1739 5767 agro
1762 5735 1778 5765 ,

1920 3158 1990 3212 tis
2019 3166 2258 3220 nostra},
2312 3156 2609 3211 secundum
2666 3155 2951 3224 imaginem
3004 3155 3117 3224 ejus
3162 3155 3251 3225 qui
3298 3156 3507 3217 creavit

1921 3268 2037 3307 nos.
2066 3254 2167 3307 Sex
2195 3252 2291 3305 has
2325 3259 2510 3305 uitales
2532 3252 2638 3305 illm
2668 3265 2765 3304 sex
2795 3247 2999 3319 hydrina
3022 3248 3346 3318 significant,
3379 3267 3506 3318 quas

1919 3348 2173 3401 Dominus
2203 3345 2407 3414 impleri
2451 3344 2611 3415 jussit
2636 3361 2794 3414 aqua,
2846 3352 2899 3397 et
2925 3343 2976 3397 in
3008 3342 3072 3397 iis
3098 3360 3231 3413 aqua
3260 3360 3505 3400 conuersa

1916 3448 1988 3494 est
2017 3440 2069 3493 in
2106 3440 2276 3492 vinum
2301 3435 2479 3508 (Joan.
2512 3453 2569 3502 tt,
2598 3436 2677 3507 6),
2712 3436 2897 3504 utjam
2930 3436 3326 3493 manifestatum
3349 3436 3505 3495 Chri-

1919 3541 2058 3586 stum
2094 3534 2145 3585 in
2179 3530 2296 3601 lege
2324 3539 2377 3583 et
2404 3530 2681 3599 prophetis
2706 3529 3081 3601 intelligamus.
3103 3530 3195 3585 llla
3216 3546 3346 3601 ergo
3366 3540 3503 3587 tem-

1918 3638 2052 3695 pora
2080 3640 2194 3691 sex,
2224 3622 2379 3693 quasi
2414 3637 2508 3692 per
2529 3622 2783 3675 articulos
2812 3622 3095 3677 distributa
3122 3632 3286 3692 atque
3308 3622 3503 3679 distin-

1913 3728 2020 3783 cta,
2054 3719 2206 3788 quasi
2240 3731 2362 3770 vasa
2395 3721 2577 3771 essent
2602 3714 2779 3768 inania
2802 3756 2817 3778 ,
2860 3714 2962 3768 nisi
2992 3730 3022 3769 a
3052 3714 3269 3771 Christo
3312 3717 3476 3786 imple

1912 3818 2120 3865 rentur.
2157 3808 2425 3878 Tempora
2456 3806 2639 3875 utique
2671 3804 2903 3859 inaniter
2921 3805 3285 3873 praeterirent,
3309 3807 3413 3860 nisi
3443 3808 3499 3865 in

1912 3907 1991 3961 eis
2021 3905 2279 3959 Dominus
2316 3903 2472 3959 Jesus
2517 3900 2764 3956 Christus
2797 3897 3202 3968 praedicaretur.
3257 3899 3499 3969 lmpletaa

1912 4010 2037 4056 sunt
2069 4001 2229 4071 igitur
2262 3997 2490 4070 hydrim,
2517 3994 2569 4050 id
2604 4001 2711 4061 est,
2756 3991 3063 4061 adimpleta:
3115 3992 3498 4063 suntprophe.

1907 4096 2018 4152 tiae.

1982 4188 2093 4244 VII.
2136 4186 2216 4242 Ad
2243 4186 2386 4242 diem
2416 4183 2726 4253 septimum,
2750 4182 2803 4237 in
2835 4195 2942 4252 quo
2964 4180 3220 4251 perfectis
3246 4180 3498 4240 omnibus

1912 4281 2171 4338 Dominus
2199 4280 2485 4349 requievit.
2517 4276 2576 4331 In
2604 4275 2802 4330 Genes.
2842 4292 2854 4327 :
2887 4273 2954 4328 Et
2975 4274 3219 4345 requievit
3240 4273 3379 4329 Deus
3410 4276 3496 4331 die

1908 4376 2124 4447 septimo
2154 4374 2219 4427 ab
2249 4374 2390 4427 omni
2415 4385 2567 4439 opere
2588 4369 2726 4440 quod
2758 4376 2989 4438 patrarat
3020 4365 3172 4440 (Gen.
3195 4384 3256 4434 tt,
3280 4367 3357 4441 2).
3388 4368 3496 4424 Nu-

1908 4486 2093 4528 merus
2122 4470 2167 4524 is
2196 4468 2446 4522 humana:
2469 4463 2695 4519 rationis
2721 4477 2884 4517 causa
2912 4478 3172 4519 summam
3203 4465 3494 4535 perfectio-

1908 4580 2030 4620 nem
2052 4562 2318 4633 significat
2341 4601 2356 4626 ,
2391 4556 2513 4629 quia
2548 4571 2615 4611 ex
2648 4556 2822 4625 primo
2845 4555 2961 4623 pari
2992 4565 3045 4610 et
3085 4558 3358 4628 exprime
3395 4564 3495 4619 im-

1906 4662 2024 4735 pari
2054 4664 2267 4715 constat
2293 4674 2305 4709 :
2362 4669 2428 4710 ex
2458 4652 2634 4722 primo
2663 4648 2928 4719 siquidem
2960 4651 3052 4720 qui
3081 4651 3247 4708 dividi
3279 4666 3492 4729 potest,

1905 4766 1961 4814 et
1981 4772 2045 4811 ex
2072 4752 2246 4823 primo
2274 4747 2363 4820 qui
2396 4745 2559 4801 dividi
2584 4758 2689 4798 non
2721 4750 2919 4813 potest.
2940 4744 3074 4800 Hinc
3097 4744 3373 4819 jubilaeus,
3396 4752 3491 4823 qui

1906 4848 2147 4920 perfecta
2191 4840 2406 4911 requies
2450 4834 2771 4906 exprimitur
2800 4875 2817 4900 ,
2878 4843 3087 4905 septem
3134 4836 3489 4899 hebdomadis

1899 4948 2133 4999 constat.
2167 4936 2303 4991 Ilinc
2329 4942 2521 5004 septem
2548 4928 2790 4999 spiritus},
2817 4930 2902 4996 qui
2956 4941 3074 4984 sunt
3099 4942 3218 4987 ante
3248 4933 3488 4992 thronum

1898 5036 1998 5090 Dei
2021 5032 2202 5108 (Apoc.
2237 5046 2276 5095 ι,
2305 5028 2387 5096 4).
2423 5025 2491 5079 Et
2544 5021 2913 5093 septiformem
2970 5023 3197 5092 gratiam
3249 5025 3487 5098 Spiritus

1898 5125 2069 5183 sancti
2100 5120 2538 5193 significaverunt
2587 5124 2777 5185 septem
2800 5120 2992 5184 'panes,
3019 5117 3209 5186 quibus
3250 5117 3486 5176 Christus

1894 5231 2113 5293 quatuor
2139 5215 2400 5270 hominum
2428 5210 2594 5264 millia
2614 5208 2816 5262 satiavit
2839 5206 3052 5280 (Matth.
3077 5226 3168 5275 xv,
3188 5209 3300 5283 54).

1974 5312 2110 5366 VIII.
2138 5308 2219 5364 Ad
2250 5306 2390 5362 diem
2436 5302 2770 5358 Dominicum
2800 5301 3244 5371 resurrecﬁouis,
3272 5302 3324 5357 id
3354 5314 3437 5360 est
3464 5349 3480 5375 ,

1900 5417 2172 5465 octavum.
2204 5403 2263 5456 In
2298 5398 2453 5455 titulo
2496 5396 2722 5468 psalmi,
2753 5394 2820 5449 In
2845 5395 3001 5465 ﬁnem
3025 5412 3121 5468 pro
3151 5409 3331 5453 octava
3359 5398 3481 5470 (Ps.

1894 5519 1969 5570 Vl,
2007 5500 2078 5571 ι).

1965 5594 2057 5650 IX.
2092 5590 2174 5646 Ad
2226 5594 2624 5644 sacramentum
2668 5584 2816 5640 horze
2860 5599 3173 5658 nonas,qua
3220 5585 3478 5644 Dominus

1890 5691 2140 5763 spiritum
2170 5683 2369 5742 emisit.
2400 5681 2459 5737 ln
2486 5678 2775 5751 Evangelio
2800 5694 2813 5732 :
2840 5676 2911 5733 Et
2931 5680 3068 5736 circa
3090 5682 3269 5737 horam
3288 5696 3483 5741 nonam
