4028 6184
507 324 606 384 711

1494 323 1552 383 S.
1596 321 1922 381 EUCHERII
1957 320 2436 381 LUGDUNENSIS
2477 318 2783 377 EPlSCOPl

3706 317 3812 375 ΠΞ

508 444 746 501 clamavit
774 441 926 499 Iesus
949 459 1067 499 voce
1093 457 1279 513 magna
1308 440 1525 512 (Matth.
1551 456 1718 507 xxvii,
1744 440 1858 509 ιϐ).
1886 440 2024 497 Sunt
2045 447 2101 495 et
2126 445 2177 506 Α
2279 438 2393 495 ιιι..
2426 438 2507 494 Ad
2560 435 2984 508 quadragesima:
3039 440 3470 489 sacramentum.
3502 431 3565 487 In
3614 433 3810 490 Evan-

512 553 704 593 novem
740 537 956 593 nomina
992 536 1351 605 pretiosorum
1375 535 1637 605 lapidum,
1663 543 1717 589 et
1743 549 1937 589 novem
1964 542 2095 588 sunt

508 630 729 686 ordines
754 629 1090 699 angelorum.

579 722 647 777 Χ.
683 721 762 776 Ad
795 720 1109 792 decalogum
1138 762 1152 788 ,
1194 720 1251 775 id
1278 729 1401 787 est,
1436 719 1623 775 decem
1652 720 1838 787 verba,
1896 733 2016 790 qua:
2044 718 2100 773 in

505 814 700 869 tabulis
730 814 940 870 duabus
967 815 1171 884 scripta
1201 822 1346 869 sunt.
1379 814 1436 867 In
1466 814 1663 883 psalm.
1694 829 1706 866 :
1743 812 1809 867 In
1854 812 2100 885 psalterio

503 909 828 963 decachordo
859 908 1085 980 psallam
1114 906 1204 962 tibi
1236 906 1354 979 (Ps.
1386 923 1570 973 csuu,
1600 906 1685 977 9).

578 1002 667 1057 χι.
702 1003 785 1058 Ad
813 1002 1111 1073 apostolos.
1142 1000 1199 1055 In
1241 1000 1543 1070 Evangeiio
1572 1018 1584 1054 :
1649 998 1901 1054 Undecim
1928 1008 2103 1052 autem

505 1096 744 1169 discipuli
766 1096 998 1150 abierunt
1042 1096 1094 1149 in
1136 1092 1413 1149 Galilatam
1457 1092 1681 1165 (Matth.
1715 1107 1879 1149 xxvm
1908 1137 1921 1161 ,
1984 1090 2099 1161 16).

507 1186 850 1245 Undenarius
890 1186 1054 1243 etiam
1088 1200 1349 1241 numerus
1371 1231 1385 1255 ,
1415 1184 1638 1254 quando
1667 1184 1948 1239 denarium
1983 1198 2102 1236 ino-

507 1282 647 1338 nade
676 1282 919 1348 excedit,
953 1296 1051 1350 pro
1098 1279 1536 1349 transgressione
1581 1287 1635 1333 et
1676 1275 2103 1347 reprehensione

507 1379 755 1450 ponitur;
784 1376 926 1433 unde
964 1386 1018 1431 et
1066 1375 1263 1430 Petrus
1305 1374 1588 1445 apostolus
1634 1388 1741 1428 non
1801 1384 1993 1441 passus
2022 1376 2107 1424 est

509 1489 796 1529 numerum
825 1470 1197 1541 apostolorum
1232 1469 1284 1523 in
1314 1468 1615 1523 undenario
1642 1466 1969 1530 consistere,
2008 1460 2106 1517 sed

512 1567 660 1638 elegit
691 1564 970 1619 Matthiam
1000 1564 1135 1633 (Act.
1168 1578 1218 1631 ι,
1252 1562 1348 1629 26)
1384 1562 1765 1616 duodecimum
1799 1559 1852 1613 in
1882 1556 2100 1612 ordine.

514 1654 652 1714 llinc
683 1658 914 1711 undecim
940 1673 1065 1727 saga
1092 1656 1297 1708 cilicina
1328 1655 1381 1707 in
1414 1655 1567 1707 veteri
1595 1653 1706 1725 lege
1755 1652 1867 1720 fieri
1920 1651 2106 1720 prteri-

510 1755 725 1826 piuntur
749 1752 949 1821 (Exod.
983 1766 1128 1815 xxvi,
1151 1750 1227 1820 7),
1253 1764 1373 1818 qua:
1400 1747 1707 1819 signiﬁcant
1732 1746 2106 1817 pazttitentium

2204 532 2348 603 gelio
2383 549 2396 585 :
2427 530 2491 584 Et
2519 530 2764 601 agebatur
2786 546 2817 582 a
2846 529 3029 598 spiritu
3058 529 3111 581 in
3145 528 3346 581 deserto
3366 526 3545 581 diebus
3574 529 3811 597 quadra-

2204 625 2345 696 ginta
2393 622 2543 694 (Luc.
2590 639 2665 688 IV,
2694 622 2775 693 2).
2812 622 2877 676 Et
2904 623 3075 675 virtus
3102 620 3356 690 Decalogi
3383 662 3395 685 ,
3433 636 3531 691 per
3559 631 3809 693 quatuor

2205 717 2373 772 libros
2408 716 2685 786 Evangelii
2735 714 3019 785 impletur,
3047 713 3302 783 Decalogi
3333 722 3512 769 autem
3546 716 3806 771 mandata

2207 810 2538 881 perﬂcimus,
2570 810 2614 865 si
2646 819 2876 880 quatuor
2904 808 3075 863 sancti
3128 806 3403 876 Evangelii
3452 807 3627 862 libros
3679 824 3807 879 per-

2205 904 2345 959 fecte
2374 903 2714 959 custodimus
2744 921 2757 955 :
2785 902 2862 957 sic
2895 917 2989 972 per
3011 901 3433 968 continentiam,
3464 901 3708 971 vigilias,
3748 911 3804 958 et

2206 998 2501 1064 orationes,
2527 1006 2581 1051 et
2606 1004 2798 1051 caetera
2822 1036 2836 1061 ,
2868 1010 2988 1066 qua:
3017 995 3310 1064 Apostolus
3367 1004 3761 1050 commemorat
3787 1036 3802 1057 ,

2206 1110 2349 1148 arma
2376 1092 2596 1163 justitia:
2624 1092 2701 1165 (ll
2726 1090 2845 1147 Cor.
2871 1106 2947 1160 vr,
2969 1089 3025 1161 7)
3057 1091 3123 1145 ad
3155 1089 3479 1145 immortalis
3510 1090 3634 1145 vita
3661 1104 3810 1160 prse-

2216 1188 2320 1242 mia
2351 1188 2716 1254 pervenimus.

2280 1280 2441 1336 XLII.
2477 1279 2557 1337 Ad
2590 1294 2875 1335 numerum
2916 1280 2968 1334 in
2998 1293 3183 1334 eremo
3208 1278 3551 1334 mansionum
3577 1322 3593 1347 ,
3618 1280 3707 1335 vel
3737 1279 3803 1335 ad

2211 1388 2492 1429 numerum
2568 1373 3012 1443 generationum,
3058 1388 3180 1443 quae
3224 1372 3291 1426 ab
3340 1372 3618 1427 Abraham
3674 1380 3808 1429 sunt

2210 1481 2383 1537 usque
2410 1464 2476 1521 ad
2507 1465 2795 1520 Dominum
2826 1464 3008 1521 Iesum
3038 1466 3315 1520 Christum
3348 1463 3571 1536 (Matth.
3606 1466 3665 1536 ι).

2282 1559 2472 1614 XLVI.
2510 1560 2870 1630 Quadraginta
2891 1570 2939 1614 et
2960 1576 3051 1615 sea:
3070 1560 3217 1613 annis
3246 1559 3555 1629 cediﬁcatum
3583 1569 3656 1614 est
3680 1570 3811 1614 tem~

2213 1653 2356 1722 plum
2403 1652 2585 1723 (Joan.
2615 1670 2675 1719 ιι,
2705 1654 2823 1725 20),
2858 1670 2887 1707 a
2923 1654 3397 1724 transmigratione
3446 1654 3806 1710 redeuntibus

2213 1747 2441 1812 Judaeis,
2475 1748 2714 1803 secunda
2749 1746 3105 1803 mdiﬁcatione
3132 1756 3258 1817 post
3301 1748 3675 1804 Salomonem.
3698 1747 3809 1818 (llic

512 1854 663 1899 actus
686 1859 783 1913 pro
808 1842 1111 1897 commissis
1139 1844 1395 1911 peccatis.
1430 1841 1512 1893 Ad
1540 1840 1862 1893 undecimam
1889 1838 2104 1891 tandem
2142 1862 2190 1923 Β
2218 1855 2484 1895 annorum
2544 1855 2804 1895 numerus
2864 1839 3183 1910 perfectioni
3238 1838 3509 1896 Dominici
3568 1840 3808 1911 corporis

512 1935 693 1988 horam
728 1934 942 2005 (Matth.
974 1951 1065 2000 xx,
1097 1933 1173 2003 6),
1200 1934 1429 2007 gentiles
1457 1941 1511 1989 et
1552 1940 1685 1987 aetas
1712 1932 1987 2001 decrepita
2016 1946 2105 1984 vo-

514 2035 688 2083 catur.

589 2118 704 2173 XII.
741 2118 819 2172 Ad
844 2117 1119 2187 apostolos
1142 2117 1195 2171 in
1226 2118 1523 2187 Evangelio
1555 2136 1565 2169 :
1604 2117 1890 2171 Duodecim
1937 2125 2109 2169 autem

514 2210 861 2281 apostolorum
894 2211 1101 2264 nomina
1126 2220 1243 2263 sunt
1274 2211 1381 2263 haec
1413 2208 1629 2279 (Matth.
1659 2226 1713 2279 ι,
1744 2208 1824 2279 2).
1860 2208 1973 2262 lloc
2013 2214 2111 2262 nu-

516 2322 665 2361 mero
714 2305 1054 2376 significatur
1110 2307 1350 2359 universa
1404 2305 1757 2375 judicantium
1826 2303 2110 2357 multitudo

514 2400 727 2473 (Matth.
756 2416 866 2468 xxx,
894 2399 1011 2470 28),
1046 2410 1268 2470 propter
1298 2399 1430 2453 duas
1456 2407 1636 2468 partes
1665 2396 1981 2467 septenarii,
2003 2412 2109 2467 qua

514 2496 834 2565 plerumque
861 2494 1195 2564 signiﬁcatur
1220 2492 1545 2546 universitas
1570 2510 1581 2545 :
1607 2506 1727 2561 qua:
1749 2490 1870 2545 dum
1896 2501 2106 2559 partes,

514 2588 565 2643 id
619 2596 742 2652 est,
784 2586 885 2639 tria
927 2594 981 2640 et
1039 2594 1289 2654 quatuor,
1320 2584 1489 2638 altera
1521 2599 1617 2654 per
1646 2585 1869 2639 alteram
1901 2593 2109 2654 partem

514 2680 909 2750 multiplicatw,
928 2678 1213 2734 duodecim
1243 2678 1465 2733 faciunt.

583 2772 723 2828 XIV.
753 2773 832 2829 Ad
864 2783 1260 2827 sacramentum
1293 2771 1588 2827 Doxniniczc
1617 2771 2004 2842 generationis.
2042 2770 2103 2827 In

514 2867 825 2937 Evangelio,
855 2866 930 2920 Ab
957 2866 1215 2920 Abraham
1238 2882 1396 2936 usque
1426 2866 1492 2919 ad
1518 2864 1719 2934 David,
1750 2867 2107 2937 generationes

514 2972 630 3015 sunt
659 2960 1044 3032 quatuordecim
1076 2958 1294 3031 (Matth.
1327 2975 1365 3026 ι,
1392 2958 1505 3031 17).

588 3053 703 3107 XV.
735 3053 818 3109 Ad
842 3054 1153 3125 quindecim
1186 3054 1384 3126 gradus
1433 3055 1651 3126 templi,
1678 3070 1814 3126 quos
1846 3054 1975 3111 fecit
2006 3056 2109 3112 Sa-

516 3146 728 3212 lomon,
757 3146 822 3201 ad
850 3164 1079 3218 quorum
1115 3163 1399 3202 numerum
1420 3190 1433 3213 ,
1463 3149 1768 3219 quindecim
1802 3150 1993 3219 psalmi
2017 3150 2109 3221 qui

2215 1935 2495 2005 aptissime
2530 1934 2805 1990 convenit.

2284 2029 2347 2084 L.
2381 2030 2460 2083 Ad
2493 2028 2883 2093 Pentecosten;
2916 2028 2969 2081 in
3014 2028 3240 2083 Actibus
3278 2027 3655 2098 Apostolorum
3692 2044 3705 2080 :
3738 2026 3813 2083 Et

2214 2138 2331 2176 cum
2363 2122 2742 2193 complerentur
2773 2121 2880 2177 dies
2908 2119 3236 2175 Pentecostes
3263 2120 3392 2192 (Act.
3424 2136 3481 2187 ιι,
3510 2121 3587 2192 1).

2288 2215 2403 2273 LX.
2442 2219 2520 2271 Ad
2554 2217 2786 2271 fructum
2816 2216 3024 2281 viduis,
3057 2217 3171 2271 sive
3208 2216 3607 2272 continentibus
3654 2217 3814 2272 debi—

2217 2317 2349 2363 tum.
2382 2309 2438 2364 In
2471 2309 2765 2378 Evangelio
2792 2326 2804 2362 :
2839 2308 2903 2363 Et
2952 2309 3149 2363 dabunt
3199 2310 3453 2379 fructum,
3485 2309 3632 2365 aliud
3664 2328 3815 2367 sexa-

2220 2404 2469 2474 gesimum
2506 2403 2722 2475 (Matth.
2755 2421 2869 2471 xm,
2901 2405 2977 2476 8).

2288 2495 2501 2551 LXXII.
2538 2496 2617 2549 Ad
2651 2512 2933 2551 numerum
2984 2499 3396 2568 presbyterorum
3423 2496 3597 2568 Moysi
3624 2497 3812 2569 (Num.

2217 2603 2293 2655 ιι,
2338 2588 2455 2659 24),
2486 2588 2571 2642 vel
2602 2588 2993 2657 discipulorum
3046 2606 3182 2660 quos
3224 2591 3491 2645 Dominus
3538 2592 3730 2660 elegit,
3767 2594 3816 2646 in

2217 2681 2516 2750 Evangelio
2548 2700 2559 2736 :
2590 2680 2718 2735 Post
2769 2684 2876 2736 ha’c
2923 2693 3091 2737 autem
3142 2683 3425 2755 designavit
3474 2682 3725 2737 Dominus
3770 2694 3819 2738 et

2216 2776 2347 2829 alios
2386 2776 2717 2845 septuaginta
2749 2774 2899 2841 duos,
2926 2783 2971 2827 et
3002 2777 3138 2829 misit
3167 2775 3283 2829 illos
3311 2776 3455 2829 binos
3487 2786 3607 2830 ante
3632 2777 3820 2847 {aciem

2216 2884 2364 2923 suam
2393 2868 2448 2921 in
2478 2884 2677 2919 onmem
2706 2866 2962 2920 civitatem
2996 2866 3143 2939 (Luc.
3171 2884 3222 2931 κ,
3254 2867 3326 2936 1).

2286 2962 2351 3017 C.
2381 2961 2462 3016 Ad
2496 2972 2794 3032 martyrum
2825 2962 3057 3016 fructum
3094 2964 3206 3016 sive
3240 2962 3534 3030 virginum.
3562 2962 3615 3015 In
3637 2962 3821 3017 Evan-

2217 3057 2358 3129 gelio
2382 3076 2391 3111 :
2415 3055 2624 3111 Dabunt
2641 3057 2863 3127 fructum
2885 3055 3029 3109 aliud
3045 3056 3373 3109 centesimum
3390 3055 3605 3125 (Matth.
3626 3072 3717 3110 xv.
3734 3055 3817 3126 8).

2216 3150 2488 3205 Numerus
2516 3151 2607 3204 ille
2626 3149 2927 3203 absolutam
2960 3148 3348 3216 perfectionem
3374 3148 3822 3217 significat,sicut

515 3240 886 3298 inscribuntur
925 3243 1209 3299 Canticum
1267 3244 1563 3315 graduum,
1612 3247 1897 3316 compositi
1939 3256 2111 3312 sunt;
2146 3250 2193 3315 C
2224 3244 2292 3301 de
2322 3246 2511 3300 electis
2542 3244 2773 3299 dicitur:
2802 3243 2903 3309 Qui
2928 3243 3193 3313 reliquerit
3214 3242 3451 3308 domum,
3484 3250 3574 3293 aut
3608 3246 3817 3311 fratres,

517 3335 569 3390 id
616 3345 729 3405 est,
764 3354 793 3391 a
828 3338 1061 3407 psalmo,
1101 3338 1183 3390 Ad
1216 3337 1490 3391 Dominum
1523 3355 1637 3392 cum
1681 3339 1955 3393 tribularer
1986 3340 2108 3413 (Ps.

516 3444 662 3495 CXIX,
695 3430 770 3502 1),
806 3445 975 3501 usque
1006 3430 1094 3494 ad,
1123 3428 1354 3485 Laudate
1380 3448 1562 3485 nomen
1592 3428 1827 3486 Domini.

590 3520 737 3574 XVI.
767 3521 847 3575 Ad
882 3537 1168 3575 numerum
1199 3525 1605 3592 prophetarum.

592 3611 761 3670 XXII.
798 3612 878 3667 Ad
929 3624 1325 3667 sacramentum
1374 3616 1679 3672 divinorum
1731 3616 2107 3685 voluminum,

524 3704 822 3760 secundum
855 3704 1060 3760 litteras
1092 3705 1464 3763 Ilebrznorum.

596 3798 789 3854 XXIV.
820 3798 900 3854 Ad
934 3800 1248 3869 mysterium
1295 3803 1508 3857 numeri
1540 3803 1844 3858 seniorum.
1876 3800 1932 3855 In
1966 3802 2110 3867 Apo-

523 3895 731 3967 calypsi
760 3914 774 3949 :
804 3895 870 3950 Et
901 3912 1052 3968 super
1094 3898 1305 3951 thronos
1334 3898 1513 3968 viginti
1546 3906 1590 3951 et
1619 3907 1841 3966 quatuor
1889 3897 2110 3949 seniores

519 3990 701 4065 (Apoc.
731 4005 810 4058 ιν,
840 3988 920 4060 4).
957 3988 1021 4043 Et
1047 3992 1447 4062 vigintiquatuor
1468 3988 1690 4043 sortibus
1722 3989 1773 4042 in
1809 3987 2111 4042 ministerio

527 4082 711 4153 templi
759 4082 1032 4137 distributi
1086 4084 1301 4136 fuerunt
1350 4082 1662 4136 sacerdotes
1702 4097 1734 4134 a
1775 4097 1891 4151 rege
1939 4079 2111 4133 David

514 4175 568 4244 (l
602 4174 728 4229 Par.
762 4191 907 4240 xstv,
940 4174 1017 4243 7).

584 4267 760 4322 XXX.
792 4266 872 4322 Ad
906 4265 1111 4322 fructus
1136 4265 1373 4321 ﬁdelium
1400 4264 1799 4335 conjugiorum.
1834 4264 1892 4319 ln
1927 4265 2111 4319 Evan-

512 4361 652 4432 gelio
686 4379 695 4415 :
732 4360 798 4415 Et
849 4360 1039 4415 dabunt
1089 4360 1315 4429 fructum
1361 4358 1507 4413 aliud
1553 4360 1914 4428 centesimum,
1963 4359 2111 4412 aliud

509 4456 915 4525 sexagesimum,
949 4452 1092 4508 aliud
1118 4454 1427 4509 tricesimum
1455 4451 1671 4522 (Matth.
1705 4468 1823 4519 xm,
1853 4450 1932 4521 8),
1963 4452 2109 4520 quod

510 4548 576 4603 ad
609 4548 869 4619 conjuges
891 4591 904 4615 ,
936 4548 1337 4619 sexagesimum
1384 4549 1451 4603 ad
1492 4547 1713 4617 viduas,
1746 4549 2110 4603 centesimum

508 4642 574 4697 ad
598 4644 837 4714 virgines
867 4645 1125 4715 pertinet.

572 4733 823 4792 XXXIII.
856 4736 937 4793 Ad
970 4739 1286 4810 mysterium
1338 4738 1515 4793 (etatis
1543 4780 1555 4803 ,
1599 4754 1700 4806 qua
1748 4731 2014 4793 Dominus
2047 4737 2103 4791 in

513 4843 678 4886 carne
700 4841 942 4889 versatus
971 4841 1085 4899 est;
1114 4833 1166 4887 in
1194 4834 1479 4901 Apostolo,
1511 4832 1650 4886 sicut
1680 4833 2002 4902 quibusdam
2036 4847 2106 4886 ex

506 4921 608 4978 hoc
656 4924 898 4993 videtur,
943 4925 1119 4979 Donec
1169 4942 1500 4981 occurramus
1555 4929 1605 4981 in
1638 4929 1832 4982 unitate
1880 4926 2005 4997 ﬁdei
2057 4935 2105 4979 et

462 5060 469 5069 .
504 5015 778 5083 agnitionis
805 5015 902 5083 lilii
932 5014 1058 5084 Dei,
1092 5017 1143 5069 in
1182 5018 1347 5070 virum
1380 5019 1662 5090 perfectum
1684 5059 1699 5086 ,
1732 5019 1783 5073 in
1806 5034 2101 5074 mensuram

453 5173 460 5182 '
503 5106 663 5162 Italis
692 5106 1027 5177 plenitudinis
1058 5107 1248 5163 Christi
1278 5106 1444 5181 (Eph.
1479 5127 1556 5179 tv,
1582 5111 1699 5182 I3).

2220 3350 2313 3395 aut
2354 3356 2591 3406 sorores;
2634 3348 2689 3394 et
2734 3348 2929 3393 caetera
2980 3354 3100 3407 qum,
3146 3348 3447 3407 sequuntur
3478 3356 3487 3391 :
3516 3336 3822 3408 centuplum

2216 3436 2452 3504 accipiet,
2484 3444 2531 3489 et
2558 3433 2713 3486 vitam
2731 3443 2974 3486 wternam
3004 3432 3278 3501 possidebit
3304 3431 3517 3503 (.llatth.
3550 3447 3668 3497 XIX,
3693 3429 3819 3499 ‘29).

2215 3531 2442 3584 Centum
2492 3530 2653 3584 etiam
2702 3529 3061 3599 quantitatem
3147 3534 3407 3603 temporis
3461 3528 3696 3587 indicat.
3760 3541 3822 3582 ut

2218 3625 2416 3691 Isaias,
2456 3623 2671 3680 Centum
2719 3639 2973 3676 annorum
3021 3640 3147 3692 puer
3192 3625 3477 3687 morietur;
3508 3632 3562 3675 et
3614 3628 3817 3676 cmtera

2219 3716 2354 3787 (Isa.
2401 3734 2529 3788 va,
2572 3718 2681 3787 ΞΟ).
2735 3717 2829 3771 Est
2870 3727 2921 3772 et
2968 3718 3019 3771 in
3065 3717 3356 3786 Evangelio
3401 3719 3675 3770 centesima
3707 3716 3813 3769 eris

2216 3809 2369 3880 (Luc.
2398 3827 2483 3873 xv,
2510 3810 2589 3883 4),
2624 3826 2782 3877 quam
2812 3809 3057 3864 Christus
3090 3809 3262 3863 sacris
3293 3808 3404 3862 suis
3438 3809 3680 3863 humeris
3711 3806 3812 3861 imo

2217 3917 2425 3971 ponens
2458 3904 2521 3957 ad
2551 3904 2826 3958 C(elestem
2866 3903 3088 3971 patriam
3121 3902 3332 3956 detulit.

2289 3995 2359 4049 Μ.
2391 3994 2721 4049 Millenarius
2777 4010 3036 4051 numerus
3071 4009 3167 4063 pro
3202 3994 3533 4062 perfectione
3566 3993 3808 4048 omnium

2220 4103 2572 4142 numerorum
2617 4086 2853 4156 ponitur,
2899 4098 2951 4141 et
2983 4104 3077 4155 pro
3110 4085 3350 4155 perlecta
3390 4088 3658 4140 bonorum
3692 4101 3811 4141 0m.-

2220 4180 2364 4233 nium
2412 4180 2643 4232 actione.
2693 4179 2783 4233 Sic
2828 4180 3021 4232 Petrus
3064 4180 3114 4231 in
3167 4179 3405 4249 Epistola
3440 4196 3453 4231 :
3483 4176 3652 4231 Unum
3698 4194 3813 4231 vero

2219 4270 2314 4323 hoc
2354 4286 2453 4323 non
2488 4269 2641 4322 lateat
2686 4286 2794 4333 vos,
2845 4270 3166 4334 charissimi,
3201 4271 3322 4339 quia
3352 4286 3483 4323 unus
3514 4270 3623 4323 dies
3670 4268 3813 4337 apud

2218 4362 2551 4429 Deum,sicut
2582 4362 2722 4415 mille
2751 4364 2873 4415 anni
2894 4364 2968 4417 (ll
3002 4362 3143 4417 Petr.
3170 4379 3253 4428 ιιι,
3278 4365 3355 4434 8).
3382 4363 3512 4417 Nam
3545 4363 3599 4415 in
3624 4364 3813 4433 cogni-

2218 4456 2368 4512 tione
2434 4458 2559 4523 Dei,
2616 4458 2925 4526 praeterita,
2984 4458 3277 4526 praesentia
3337 4466 3390 4511 et
3450 4453 3627 4507 futura
3686 4465 3813 4511 sunt

2219 4550 2502 4620 aequaliter
2528 4551 2842 4618 prtesentia;
2866 4558 2918 4603 et
2945 4566 3067 4620 qua:
3096 4551 3282 4618 longa,
3308 4549 3421 4603 sive
3448 4547 3629 4601 brevia
3652 4548 3815 4602 nobis
3848 4524 3854 4551 ’

2134 4642 2192 4704 D
2218 4644 2469 4697 videntur
2502 4654 2802 4712 temporum
2860 4644 3167 4713 curricula,
3198 4644 3425 4713 aequalis
3471 4644 3628 4708 spatii
3685 4652 3818 4697 sunt

2212 4736 2351 4805 apud
2386 4735 2579 4790 Deum.
2622 4736 2737 4789 Hos
2771 4737 2933 4802 igitur
2959 4746 3141 4790 certos
3168 4746 3525 4804 sacratosqce
3552 4750 3815 4789 numeros

2213 4829 2448 4897 exempli
2482 4838 2691 4882 tantum
2723 4843 2883 4883 causa
2915 4830 3262 4897 protulimus.
3293 4830 3432 4885 Sunt
3457 4844 3588 4883 vero
3608 4841 3815 4899 prater

2213 4939 2307 4978 eos
2343 4923 2590 4992 plurimi,
2626 4923 2711 4975 vel
2746 4938 2883 4991 pene
2915 4937 3107 4976 omnes
3134 4926 3369 4989 sacrati,
3400 4925 3489 4993 qui
3518 4939 3633 4992 quo
3652 4924 3816 4978 modo

2216 5017 2371 5081 ﬁant,
2401 5020 2513 5086 ipsc
2542 5015 2738 5069 divime
2774 5015 3024 5071 lectionis
3050 5024 3321 5069 scrutator
3354 5015 3626 5070 invenies.
