4028 6184
183 230 284 301 ητδ
1362 236 1774 295 INSTRUCTIO

1816 237 1927 297 [ωε
1967 235 2173 295 Lmen
2208 224 2256 293 ι.
2676 280 2679 281 κ
3314 224 3407 300 vi.

188 358 876 379 ww“
994 456 1672 577 sanun
1748 358 2631 573 εειέῶ

1331 648 1882 714 LUGDUNENSIS
1923 646 2271 712 EPISCOPI

752 788 2826 944 INSTRUCTIONUH

1395 1012 1552 1093 Al)
1628 1007 2238 1092 SALONIUM

1595 1145 1810 1207 LIBRI
1854 1145 2038 1208 DUO.

1207 1402 1683 1512 LIBER
1760 1403 2427 1515 PRIMUS.

496 1571 868 1631 PREFATIO
906 1569 998 1626 Al)
1040 1568 1412 1625 SALONIUM.
1791 1573 1846 1629 Α
1873 1570 2315 1625 demonstremus
2366 1571 2610 1626 exordio.
2655 1568 2721 1623 In
2767 1576 3004 1645 pncipio,
3056 1578 3262 1648 inquit,
3305 1582 3421 1651 fecit

248 1671 406 1741 Sarpe
434 1686 463 1725 a
494 1686 582 1726 me
613 1669 851 1740 requiris
889 1666 1184 1721 multarum
1233 1678 1415 1720 rerum
1466 1663 1767 1718 absolutio-
1874 1664 2013 1720 Deus
2040 1667 2221 1719 cazlum
2251 1668 2297 1718 et
2327 1675 2533 1721 terram.
2563 1666 2630 1720 Et
2656 1664 2796 1720 infra
2820 1669 2883 1722 Et
2908 1671 3123 1740 spiritus
3152 1672 3248 1728 Dei
3286 1679 3422 1745 fere.

187 1779 338 1831 nem,
374 1778 497 1832 qua:
524 1764 576 1817 in
608 1762 808 1817 divinis
852 1758 1214 1813 voluminibus
1264 1758 1617 1828 interpretem
1670 1771 1770 1825 ρο·
1876 1757 2023 1810 batur
2048 1773 2205 1826 super
2231 1773 2389 1827 aquas
2438 1755 2589 1826 (Gen.
2618 1771 2661 1823 ι,
2690 1757 2769 1827 2).
2803 1758 3128 1832 lpﬂncipio,
3172 1764 3274 1819 hoc
3303 1777 3419 1835 est,

180 1857 420 1921 stulam;
454 1857 705 1927 colligam
727 1896 739 1919 ,
790 1862 954 1923 prout
1003 1851 1270 1907 redierint
1321 1853 1371 1905 in
1417 1849 1767 1916 memoriam,
1877 1852 1926 1904 in
1950 1852 2110 1921 Filio,
2144 1852 2266 1917 quia
2302 1866 2397 1920 per
2420 1850 2623 1904 Filium
2652 1852 2781 1905 fecit
2822 1852 2918 1911 bus
2948 1857 3114 1912 Pater
3134 1858 3334 1913 coelum
3370 1870 3423 1915 et

177 1967 293 2022 qute
324 1966 354 2005 a
390 1961 444 2006 te
475 1995 489 2020 ,
524 1950 595 2006 mi
655 1946 874 2013 Saloni,
925 1945 1106 1999 studio
1159 1944 1521 2013 cognoscendi
1582 1943 1773 1997 sedulo
1878 1952 2098 1997 terram.
2132 1942 2231 1997 Cui
2258 1953 2320 1997 et
2350 1942 2481 1996 illud
2523 1958 2550 1994 a
2583 1942 2740 1997 Patre
2782 1943 2969 2003 ditur:
3003 1948 3283 2005 Faciamus
3331 1953 3425 2008 lio.

176 2044 505 2114 copioseque
561 2041 772 2112 prolata
816 2047 976 2105 sunt,
1014 2046 1179 2109 atque
1230 2034 1312 2091 eis
1360 2050 1473 2091 non
1530 2050 1596 2091 ex
1647 2048 1770 2090 meo
1875 2038 2060 2091 minem
2106 2038 2174 2091 ad
2214 2038 2491 2108 imaginem
2531 2046 2578 2091 et
2609 2038 2957 2099 simititmhem
3002 2052 3228 2097 nostram
3270 2044 3422 2117 (ςεη,

178 2136 392 2207 ingenio
424 2178 439 2201 ,
497 2135 593 2190 sed
672 2148 739 2189 ex
805 2130 1092 2187 illustrium
1154 2131 1440 2185 doctorum
1512 2127 1719 2198 judicio
1753 2170 1768 2195 ,
1876 2132 2058 2203 1,26).
2109 2130 2302 2186 Omnia
2342 2131 2487 2185 enim
2530 2146 2630 2200 per
2668 2131 3104 2208 Fitiumtperatus
3132 2147 3218 2191 est
3249 2156 3260 2190 :
3291 2140 3425 2203 Quia

176 2243 349 2298 neque
406 2244 475 2283 ex
548 2228 770 2298 propria
832 2227 1179 2292 temeritate,
1239 2224 1334 2279 sed
1399 2238 1465 2277 ex
1539 2223 1769 2278 aliorum
1876 2226 2048 2278 omnia
2096 2241 2185 2293 per
2209 2226 2382 2295 ipsum
2431 2225 2568 2291 facta
2615 2227 3080 2295 mnt,etsinipso
3132 2228 3327 2297 factum
3354 2240 3426 2285 est

176 2322 501 2376 auctoritate
544 2319 906 2389 respondeam
932 2364 945 2387 ,
972 2327 1324 2383 consectans,
1360 2330 1468 2370 non
1511 2323 1623 2369 tam
1654 2316 1769 2369 elo-
1877 2315 2006 2369 nihil
2036 2315 2213 2387 (Joan.
2246 2332 2283 2382 ι,
2317 2316 2394 2385 5).
2433 2314 2718 2371 Ferebatur
2755 2329 2925 2373 autem
2948 2336 3062 2385 iper
3090 2337 3247 2393 aquas
3278 2325 3427 2393 spiri-

174 2414 285 2485 quii
319 2414 649 2469 exsultantis
698 2414 960 2468 ambitum
1013 2428 1173 2483 quam
1218 2413 1541 2466 necessarice
1594 2410 1773 2465 brevi-
1878 2422 1957 2464 ms
1996 2409 2094 2465 Dei
2142 2410 2294 2477 (Gen.
2333 2428 2368 2477 ι,
2405 2410 2487 2481 Ξ),
2523 2412 2709 2483 utique
2752 2424 2954 2471 sanctut
2990 2414 3133 2473 Ecce
3170 2417 3342 2475 habes
3374 2428 3429 2476 et

176 2508 302 2561 tatis
330 2507 578 2561 modum.
610 2506 702 2561 Sic
732 2507 875 2560 enim
900 2515 951 2560 et
978 2506 1281 2559 innumeris
1304 2505 1559 2559 satisﬁeri
1596 2504 1772 2574 inqui-
1881 2502 2046 2557 Deum
2100 2503 2354 2569 Patrem,
2397 2513 2451 2558 et
2498 2504 2732 2572 Filium,
2778 2515 2833 2562 et
2885 2508 3100 2579 Spitum
3158 2520 3426 2567 sanctum.

172 2599 468 2654 sitionibus
494 2599 603 2653 tuis
632 2598 867 2668 poterit‘,
894 2607 949 2653 et
974 2599 1107 2653 mihi
1140 2598 1365 2667 insuper
1391 2597 1623 2651 liberum
1666 2596 1771 2651 erit
1879 2592 2014 2648 Item
2046 2594 2190 2649 aliud
2220 2593 2422 2649 :Verbo
2454 2595 2658 2652 Domini
2688 2600 2801 2653 coeti
2830 2600 2971 2670 finiti
2997 2609 3138 2664 sunt,
3168 2612 3215 2656 et
3246 2605 3432 2675 spiritu

174 2692 358 2762 aliqua
411 2693 756 2747 extrinsecus
801 2708 920 2761 qua:
966 2691 1262 2761 cognitioni
1317 2700 1419 2745 tum
1452 2692 1597 2745 utilia
1630 2690 1775 2745 arbi-
1882 2687 1985 2741 oris
2014 2692 2130 2761 ejus
2173 2690 2338 2743 omnis
2382 2689 2542 2744 virtus
2573 2708 2749 2746 eorum
2796 2692 2925 2761 (Psa
2965 2706 3144 2758 χχχιι,
3179 2694 3261 2765 6).
3291 2696 3433 2752 Ecce

174 2787 358 2842 trahor
408 2788 680 2855 inserere,
712 2797 772 2841 ut
804 2795 887 2841 est
915 2796 969 2841 et
1004 2785 1167 2850 illud,
1200 2785 1337 2853 Quid
1382 2784 1649 2855 signiﬁcet
1676 2785 1771 2840 Μ-
1884 2780 2081 2847 Deum,
2112 2792 2167 2838 et
2200 2784 2425 2839 verbum
2458 2786 2602 2853 quod
2634 2797 2715 2841 est
2756 2787 2985 2842 Fiitutet
3014 2786 3278 2855 Spiritum
3312 2787 3433 2856 ejus

173 2881 368 2951 leluia,
408 2880 743 2952 Diapsalma,
772 2880 1138 2950 Amentquid
1167 2880 1237 2933 sit
1262 2878 1505 2945 Cidaris,
1546 2878 1768 2948 Ephod,
1881 2884 2147 2929 sanctum.
2201 2875 2335 2929 Item
2391 2877 2444 2929 in
2492 2876 2785 2949 Evangelio
2816 2897 2828 2932 :
2856 2879 2909 2943 It
2944 2877 3200 2946 baptizare
3258 2894 3433 2933 omnes

173 2975 351 3032 Sicltts
381 2984 439 3032 et
469 2986 665 3031 uetera
700 2991 855 3045 :quae
902 2976 989 3029 vel
1030 2976 1083 3029 in
1117 2976 1288 3029 sacris
1320 2974 1477 3026 libris
1521 2973 1773 3041 frequen-
1808 2969 1853 3028 B
1882 2976 2051 3037 gentes
2088 3009 2102 3032 ,
2155 2968 2208 3019 in
2256 2968 2462 3022 nomine
2513 2967 2717 3035 Patris,
2763 2970 2933 3026 Filiiet
2985 2966 3216 3038 Spiritus
3266 2975 3435 3027 sancti

175 3075 307 3134 tata,
347 3069 438 3122 vel
481 3071 714 3122 maxime
746 3070 799 3121 in
832 3067 1091 3121 Ecclesiae
1123 3080 1220 3119 usu
1266 3067 1476 3133 posita,
1508 3065 1770 3132 interpre-
1887 3058 2097 3112 'Malth.
2118 3074 2317 3129 xxvtn,
2342 3058 2458 3125 29).
2487 3059 2592 3115 Sed
2621 3062 2780 3116 Pater
2803 3059 3049 3131 ingnitus,
3080 3060 3250 3117 Filius
3280 3062 3437 3131 geni-

169 3162 440 3217 tationem
502 3162 809 3230 requirunt.
858 3161 990 3213 lltrc
1033 3174 1156 3213 cum
1206 3172 1273 3210 se
1322 3156 1625 3225 legentibus
1680 3170 1775 3224 per
1887 3158 1993 3211 lus,
2028 3150 2263 3219 Spiritus
2300 3162 2526 3205 sanctus
2561 3154 2856 3223 nec‘genitt
2896 3164 2997 3205 nec
3032 3152 3325 3221 ingenitus.
3358 3155 3435 3212 Ne

169 3261 351 3308 totum
370 3251 778 3318 Scripturarum
804 3265 1003 3318 corpus
1036 3249 1227 3303 crebro
1257 3246 1508 3313 olferant,
1540 3263 1647 3300 non
1681 3247 1775 3299 abs
1879 3246 1924 3298 si
1972 3246 2269 3315 ingenitum
2323 3246 2644 3311 dixerimus,
2678 3248 2814 3303 duos
2860 3252 3007 3298 atros
3038 3246 3223 3302 dicere
3252 3249 3435 3305 videa-

173 3359 235 3399 re
276 3341 589 3399 existimavi
619 3356 681 3397 ea
720 3341 825 3395 tibi
856 3354 976 3394 cum
1020 3339 1513 3409 significationibus
1559 3340 1672 3393 suis
1724 3339 1775 3391 in
1880 3354 2029 3403 mur;
2060 3345 2116 3392 et
2156 3338 2200 3391 si
2235 3338 2476 3406 genitum
2499 3381 2513 3403 ,
2540 3340 2691 3394 *duos
2723 3339 2865 3394 ﬁlio:
2888 3337 2990 3391 sed
3024 3338 3207 3408 potius
3248 3342 3336 3411 qui
3367 3357 3435 3397 ex

170 3450 342 3506 opere
367 3436 471 3490 hoc
493 3435 645 3505 quasi
669 3445 989 3490 coacervata
1010 3431 1323 3487 ostendere.
1372 3431 1603 3501 Dignum
1624 3447 1779 3483 nam-
1883 3431 2043 3487 Patre
2072 3440 2123 3486 et
2152 3431 2290 3486 Filio
2321 3432 2611 3503 procedat,
2655 3431 3034 3501 velutmredam
3080 3432 3258 3489 Patris
3291 3434 3436 3491 Filii-

168 3548 285 3601 ‘quc
316 3540 405 3586 est
436 3543 775 3601 quacumque
804 3542 931 3582 cura
966 3541 1085 3582 mea
1113 3528 1390 3595 ingenium
1443 3536 1591 3579 tuutn
1620 3538 1781 3595 repa-
1881 3540 1986 3595 que
2026 3526 2340 3581 concordia.
2374 3526 2562 3597 Neque
2594 3530 2734 3597 apud
2764 3541 2824 3583 ns
2848 3536 3034 3595 potest
3072 3529 3192 3584 sine
3227 3528 3436 3601 Spiritu

175 3624 323 3690 rari,
371 3624 465 3693 qui
514 3622 733 3677 vixdum
776 3620 966 3675 decem
1019 3630 1176 3674 natus
1206 3634 1378 3675 annos
1406 3634 1644 3673 eremutn
1694 3620 1779 3673 itt-
1883 3628 2070 3674 sancto
2097 3620 2240 3687 justa
2267 3634 2386 3675 esse
2418 3621 2731 3676 concordia.
2768 3622 2868 3676 lam
2912 3621 3144 3688 Spiritus
3174 3631 3229 3677 et
3257 3625 3436 3680 citari—

170 3731 430 3787 gressus,
456 3716 599 3769 inter
628 3715 744 3769 illas
776 3722 1079 3767 sanctorum
1106 3727 1307 3767 {manus
1336 3728 1443 3767 non
1478 3712 1655 3767 solum
1684 3715 1783 3766 itn-
1885 3726 1965 3769 tas
1995 3724 2048 3770 et
2077 3715 2278 3769 donum
2321 3717 2413 3771 Dei
2449 3716 2665 3772 dicitur.
2713 3716 2899 3771 lderet
2930 3716 3123 3769 divisor
3147 3726 3217 3771 est
3244 3724 3437 3787 gratia.

174 3812 370 3877 huius,
394 3822 590 3864 verum
621 3809 781 3863 etiam
816 3809 1086 3863 enutritus
1110 3808 1189 3862 sis
1211 3808 1278 3861 ab
1301 3807 1578 3862 Honorato
1606 3813 1779 3876 patre,
1885 3824 1999 3860 rum
2032 3807 2082 3877 (Ι
2112 3805 2231 3862 Cor.
2255 3824 2348 3871 xu,
2380 3807 2459 3879 4).
2490 3808 2633 3878 Ergo
2662 3807 2860 3863 Patecx
2892 3820 2995 3871 quo
3025 3809 3204 3861 omnia
3225 3849 3240 3874 ,
3270 3810 3437 3865 Filius

174 3901 820 3973 illo,inquam,primum
852 3900 1380 3968 insularum,postea
1413 3900 1575 3955 etiam
1594 3898 1784 3953 Eccle-
1885 3915 1982 3968 per
2012 3914 2167 3969 quem
2208 3901 2411 3968 omnia,
2458 3900 2699 3971 Spiritus
2754 3910 2927 3956 suetus
2978 3900 3032 3951 in
3062 3915 3171 3968 quo
3216 3906 3435 3966 omnia;

172 3996 384 4049 siarum
454 3993 747 4061 magistro;
780 4008 901 4047 cum
964 4004 1014 4047 te
1056 3992 1174 4047 illic
1218 3992 1537 4047 "beatissimi
1586 3992 1783 4047 liilsrii
1887 3991 2020 4045 sicut
2072 4001 2125 4045 et
2167 3992 2466 4063 Apostolus
2514 3993 2688 4049 dicit:
2727 3989 2938 4061 Qrm'am
2983 4006 3047 4044 ea:
3091 3991 3205 4059 ipso
3251 4002 3299 4045 et
3352 4008 3439 4062 per

176 4097 307 4144 tunc
358 4087 599 4143 insulani
647 4087 866 4151 tironis,
900 4087 995 4141 sed
1045 4072 1168 4157 iani
1190 4102 1330 4141 nunc
1370 4087 1571 4143 summi
1598 4086 1786 4142 Ponti-
1886 4082 2054 4150 ipsum
2082 4093 2127 4137 et
2158 4083 2211 4137 in
2243 4086 2351 4157 ipso
2380 4094 2500 4140 sunt
2531 4088 2731 4156 omnia,
2762 4081 2820 4142 isi
2845 4081 3007 4153 gloria
3037 4084 3089 4137 in
3119 4085 3311 4138 mula
3340 4101 3439 4140 sa:-

178 4180 321 4245 iicis,
358 4180 897 4235 doctrina’lormarct
920 4194 1022 4248 per
1053 4188 1243 4234 omnes
1290 4179 1655 4248 spiritualium
1696 4194 1786 4234 re-
1889 4178 2124 4230 culorum
2156 4176 2331 4249 (Rom.
2365 4194 2438 4246 χι,
2466 4179 2582 4249 56).

178 4287 301 4327 rum
350 4272 691 4341 disciplinas,
725 4273 792 4325 ad
845 4271 950 4325 hoc
999 4273 1160 4326 etiam
1214 4279 1266 4325 te
1304 4283 1490 4341 postea
1532 4285 1787 4326 consum-
1964 4269 2081 4327 Intt
2109 4271 2343 4342 Spiritus
2370 4274 2463 4327 Dei
2496 4274 2731 4344 quomod
2758 4268 3029 4326 ferebatur
3052 4286 3215 4341 super
3242 4274 3442 4344 aquas?

176 4366 456 4421 mantibus
496 4366 709 4419 sanctis
753 4365 885 4419 viris
934 4364 1188 4420 Salviano
1256 4372 1420 4433 atque
1473 4362 1780 4427 Vincentio,
1812 4351 1857 4414 C
1962 4363 2121 4433 Resp.
2175 4365 2290 4420 Non
2323 4361 2813 4436 pervagationesed
2845 4373 3114 4432 potestate
3143 4364 3267 4420 dum
3292 4379 3443 4424 crea~

179 4459 493 4531 eloquentia
528 4461 726 4529 pariter
754 4459 1126 4528 sapientiaque
1158 4458 1660 4527 praeminentibus.
1680 4456 1781 4509 ﬂis
1888 4463 2021 4511 tura:
2050 4471 2161 4511 sua:
2186 4459 2554 4527 supereminet
2582 4454 2778 4529 rogetis
2809 4457 3057 4527 imperio.

176 4552 352 4623 igitur
396 4561 477 4607 tot
516 4567 579 4606 ac
620 4552 820 4605 talibus
850 4567 981 4605 usus
1010 4551 1316 4618 magistris,
1357 4566 1424 4604 ex
1446 4565 1540 4603 me
1568 4561 1782 4618 quoque
1956 4546 2063 4601 Int.
2092 4546 2271 4617 ‘Aquas
2298 4548 2392 4603 ubi
2416 4550 2646 4619 legimus
2671 4546 2798 4606 :Deo
2826 4546 3035 4602 factas?

183 4646 414 4700 minimo
439 4644 678 4698 omnium
706 4642 895 4697 audies
922 4658 1041 4712 qua:
1062 4643 1478 4696 sciscitatuscs.
1508 4640 1562 4693 ltt
1589 4640 1782 4709 quibus
1960 4641 2115 4712 Resp.
2162 4641 2279 4695 Etsi
2298 4642 2476 4697 tactas
2506 4657 2597 4697 cas
2627 4640 2910 4698 inexordio
2941 4648 3308 4698 creaturarum
3330 4656 3446 4703 non

181 4737 289 4795 iam
334 4750 481 4791 nunc
513 4742 567 4789 et
595 4735 1021 4803 interrogantem
1055 4742 1124 4799 te,
1156 4743 1210 4789 et
1240 4748 1328 4788 me
1355 4732 1780 4803 respondentem
1886 4732 2170 4787 evidenter
2197 4733 2392 4789 divina
2440 4733 2680 4793 lectionis
2703 4740 2877 4789 textus
2925 4735 3230 4804 expressit,
3264 4751 3293 4791 a
3332 4736 3447 4793 ‘Deo

175 4842 538 4902 recognosce.
566 4827 697 4881 Vale
725 4829 777 4880 in
797 4827 1044 4881 Christo.
1896 4834 2075 4879 tamen
2106 4823 2264 4881 facite
2304 4833 2451 4880 sunt.
2503 4825 2635 4883 Nam
2681 4836 2715 4883 tt
2762 4824 3027 4896 aliquanta
3052 4827 3161 4882 'alia
3193 4842 3449 4899 quianon

689 4938 916 4995 CAPUT
957 4938 1247 4994 ptumum,
1888 4920 2221 4989 scribuntur,
2254 4922 2529 4992 quomodo
2558 4922 2625 4978 de
2650 4932 2825 4980 ceters
2842 4920 3241 4991 intelligantur,
3265 4932 3450 4977 osten~

1887 5012 2050 5067 ditur.
2098 5013 2248 5068 Sicut
2297 5022 2353 5068 et
2392 5013 2639 5082 Apostoli
2678 5012 2899 5083 htpizati
2949 5011 3283 5083 intelligendi
3324 5023 3451 5069 sunt

253 5058 337 5113 De
371 5053 750 5123 Quazstt'onibus
776 5052 1143 5126 difficilioribus
1174 5052 1354 5108 veteris
1382 5050 1708 5109 Testamenti.
2036 5050 3450 5178 εῖξῖέξηρξξιῖξζλέξῖἶέέῖἶῖξιῖεξιῖξιῖ

837 5184 889 5222 ¹Ν
928 5183 1136 5224 θΕΝε³¹’
1888 5199 2289 5268 Scripturarum
2322 5198 2703 5270 signiﬁcantia.
2739 5195 2856 5254 Liet
2879 5195 3092 5266 quidam
3120 5194 3228 5251 hoc
3255 5196 3452 5251 intelli-

254 5282 625 5353 Interrogatie.
642 5281 849 5347 Quibus
864 5282 1272 5352 Scripturarum
1308 5280 1645 5338 ttestimoniis
1662 5278 1784 5338 Tri-

1886 5292 1939 5362 εἰ
1976 5290 2071 5347 illo
2110 5292 2309 5347 volunt
2358 5292 2673 5347 testimonio
2704 5288 2809 5362 qud
2840 5288 3089 5344 Salvator
3116 5288 3252 5343 dicit
3281 5304 3296 5343 :
3350 5288 3453 5355 Qui

178 5381 329 5432 nitas
363 5375 744 5446 approbatur?
1888 5383 2021 5441 lotus
2049 5394 2145 5454 est,
2186 5398 2289 5440 non
2318 5385 2515 5458 indiget
2534 5394 2590 5439 ut
2622 5377 3232 5451 lavetl‘oan.m,10).
3268 5378 3343 5436 Et
3374 5391 3454 5436 ta-

258 5469 572 5536 Βεεροηείοο
619 5468 965 5525 Mullifariam
1014 5478 1068 5524 et
1117 5470 1298 5525 multis
1357 5472 1408 5526 id
1436 5469 1667 5541 ‘qtlidem
1698 5468 1785 5525 δεῖ·
1889 5494 2012 5535 men
2043 5478 2117 5535 de
2150 5478 2303 5550 aquis
2331 5495 2359 5534 a
2385 5478 2499 5536 Deo
2528 5478 2685 5535 iactis
2729 5474 2822 5533 iltd
2867 5488 2966 5529 nos
3004 5472 3455 5546 aliquatenas'in-

179 5563 626 5635 gniiicationibus
656 5576 762 5634 per
791 5566 974 5621 omnia
1010 5564 1132 5620 itere
1170 5578 1326 5622 sacra
1366 5567 1639 5622 volumina
1686 5566 1785 5621 de-
1885 5582 2098 5631 struere
2116 5574 2499 5632 testimonium
2530 5582 2712 5646 potest
2740 5568 2850 5628 uod
2879 5569 3074 5625 dicitur
3102 5587 3113 5621 :
3140 5568 3455 5641 Separentur

182 5660 458 5713 claratum
489 5658 1001 5733 manifestatuqu
1033 5661 1375 5728 diﬂ'ttnditur;
1408 5663 1501 5718 sed
1530 5676 1632 5717 nos
1663 5663 1784 5717 bre-
1890 5668 2121 5737 aquaain
2147 5671 2597 5742 congregationem
2612 5672 2834 5731 manet
2852 5670 3100 5732 appareat
3128 5661 3275 5715 arida
3298 5660 3451 5733 (Gen.

186 5752 328 5808 viter
372 5748 474 5805 ltoc
525 5752 575 5805 in
628 5753 745 5820 ipso
792 5754 972 5809 statim
1022 5754 1320 5810 divinarum
1380 5756 1783 5826 Scripturarmn
1813 5749 2049 5830 Dt,9);
2102 5762 2222 5830 quia
2248 5752 2920 5832 scilicetmnprziperet
2961 5761 3021 5809 ut
3054 5767 3211 5825 aquae
3254 5770 3283 5808 a
3312 5762 3455 5815 tam
