4028 6184
572 272 683 333 775
1538 255 1597 309 S.
1643 248 1971 309 EUCBERII
2012 238 2490 305 LUGDUNENSIS
2531 234 2836 295 EPISCOPI
3729 222 3847 285 776

575 404 739 464 quam
771 383 995 447 τροπαί,
1028 380 1333 434 secernam-
1358 413 1373 439 ,
1416 368 1520 424 nisi
1549 376 1603 425 et
1629 381 1796 437 aquas
1827 366 1941 435 ipse
1971 362 2131 418 fecis-
2160 362 2212 421 Α
2240 371 2335 427 per
2366 355 2633 409 humanas
2662 345 3081 464 signiﬁcatione:
3107 341 3320 464 dizinos
3366 346 3549 464 motus
3575 339 3843 464 aﬂqc'tus-

1427 461 1438 464 _
2019 454 2052 464 ..
2537 446 2644 464 s__-
2750 444 2851 464 2---.
2888 455 3003 464 μ...
3082 436 3128 464 ,εξ
3198 451 3291 464 ..ΑΛ
3315 434 3442 464 ιῖιιηη
3520 432 3613 464 ἕης.
3738 437 3817 464 ...ζ

577 431 681 539 :et.
730 476 837 533 Nec
866 431 1008 531 enim
1040 471 1387 538 conseqenter
1426 461 1478 515 in
1520 468 1891 515 creaturarum
1936 454 2127 509 ordine
2235 465 2339 520 quc
2365 446 2672 503 ostendere.
2708 443 2856 498 Sicut
2884 455 3006 494 cum
3037 436 3131 493 Dei
3159 434 3444 492 brachium
3482 431 3617 489 dicit
3660 432 3839 505 (Isai.

579 584 766 648 postea
796 564 1054 636 distingui
1072 526 1261 634 inber,
1296 556 1437 648 quod
1467 555 1583 648 ipse
1612 562 1768 648 antea
1808 563 1915 604 non
1946 561 2132 648 creas-
2236 558 2350 608 un,
2378 536 2787 648 1),,npotentiam
2817 534 2936 648 Ieiu‘s
2963 528 3326 648 virtutemque
3367 526 3672 648 significat;
3712 543 3841 583 cum

579 618 684 725 ζει.
730 664 793 718 Et
816 662 917 714 hoc
945 618 1159 727 quuidem
1208 618 1328 707 evid-
1353 618 1653 716 colligimus
1678 642 1800 713 quia
1839 637 2131 695 ereationis
2237 649 2394 689 aures
2430 630 2551 697 (Ps.
2588 643 2777 693 χχχιιι,
2812 626 2879 680 16
2902 625 2941 694 ),
2972 638 3037 679 eo
3064 620 3209 691 quod
3245 630 3439 675 cuneta
3468 618 3842 675 indubitanter

581 713 700 827 ejus
732 713 1015 809 manifesie
1040 746 1234 805 Genesi
1253 756 1359 796 non
1392 713 1936 793 intulitmentionem.
1964 732 2131 788 Mani-
2236 728 2449 793 audiat;
2492 741 2613 781 cum
2646 722 2833 778 oculos
2860 717 3015 792 (Isai.
3050 731 3086 784 ι,
3117 714 3233 784 14),
3277 728 3343 769 eo
3370 713 3514 783 quod
3546 713 3841 770 indiscrete

578 811 771 907 festius
802 855 982 900 autem
1024 847 1240 897 creatur
1286 833 1445 903 hujus
1472 832 1640 886 Deum
1673 828 1923 899 designat
1948 832 2127 879 aucto.
2238 826 2489 879 universa
2535 819 2861 892 prospiciat;
2907 830 3029 872 cum
3058 816 3292 867 animam
3320 852 3334 876 ,
3362 825 3430 866 eo
3474 811 3614 881 quod
3645 826 3842 881 perpe-

580 957 696 998 rem
728 940 969 1010 psalmus
1003 935 1093 989 ille
1120 929 1324 1003 quiliCit
1351 946 1362 981 :
1398 925 1652 991 Quoniam
1675 923 1837 993 ipsius
1867 929 1937 975 est
1968 935 2129 983 mare,
2238 928 2386 972 tuum
2415 928 2742 985 semperque
2768 910 2936 976 vivat,
2968 916 3061 963 aut
3091 904 3235 976 quod
3259 914 3483 959 auctore
3507 904 3620 974 ipso
3648 905 3839 960 omnia

579 1043 625 1090 et
656 1008 765 1104 ipse
792 1031 909 1101 fecit
934 1026 1066 1083 illud
1097 1025 1343 1095 (Psxcw,
1369 1018 1444 1086 5).
2240 1008 2598 1064 vivilleentur.

654 1088 759 1178 ίηι.
792 1088 931 1189 Quid
964 1130 1045 1173 est
1076 1088 1431 1186 q‘uotdicitur:
1466 1109 1533 1163 Et
1552 1109 1675 1161 vidit
1694 1106 1832 1161 Deus
1860 1105 1975 1173 quia
2000 1104 2133 1157 bona
2313 1101 2421 1156 Im.
2454 1100 2589 1156 Cum
2617 1098 2797 1154 omnia
2827 1096 2968 1151 bona
3010 1094 3155 1148 Deus
3185 1090 3414 1157 fecerit,
3462 1088 3700 1160 nihilque
3728 1104 3840 1145 non

583 1225 699 1271 sunt
726 1183 871 1268 valde
890 1209 1043 1281 (Gen.
1076 1183 1114 1274 1,
1147 1204 1240 1271 3i?
2240 1194 2307 1249 ab
2332 1193 2425 1248 illo
2453 1193 2647 1247 factum
2676 1189 2763 1256 sit,
2798 1185 2939 1241 unde
2970 1183 3216 1239 malum?

657 1306 816 1373 Resp.
851 1274 1015 1366 Vidit,
1050 1300 1153 1353 hoc
1178 1304 1236 1358 st,
1269 1290 1602 1363 approbavit,
1631 1290 1682 1345 id
1717 1298 1821 1356 est,
1847 1302 1953 1342 non
1985 1287 2136 1357 igno—
2315 1286 2474 1356 Resp.
2509 1284 2585 1338 De
2614 1280 2917 1353 privatione
2946 1278 3094 1346 boni,
3120 1276 3245 1330 dum
3277 1275 3327 1331 id
3359 1275 3501 1345 quod
3555 1274 3609 1329 in
3639 1274 3837 1329 bonum

584 1402 815 1465 ratione,
846 1399 941 1453 sed
973 1387 1383 1450 manifeatione.
2242 1390 2430 1434 auctor
2472 1378 2643 1433 bonus
2690 1373 2951 1445 protulit,
2995 1372 3049 1424 in
3095 1369 3294 1423 malum
3336 1383 3362 1421 a
3396 1368 3541 1421 male
3563 1368 3842 1422 utentibus

659 1492 770 1547 Im.
802 1492 933 1560 Qua:
959 1482 1305 1554 conseqtntia
1347 1479 1584 1535 nominis
1613 1486 1698 1533 est
1725 1484 1784 1532 ut
1824 1474 2088 1530 scribatur
2122 1490 2134 1524 :
2243 1475 2585 1544 depravatnr.
2620 1470 2675 1524 In
2719 1470 2835 1538 ipsa
2864 1473 3042 1520 autem
3074 1471 3338 1517 creatura:
3374 1460 3673 1515 subSIantia
3703 1459 3839 1514 nihil

593 1585 724 1642 Hac
763 1551 1029 1639 vowcabitur
1066 1551 1233 1643 mulr,
1266 1574 1510 1644 quoniam
1559 1588 1621 1626 ea:
1670 1571 1779 1624 viro
1822 1576 2029 1637 sumpta
2066 1574 2139 1619 est
2244 1578 2326 1623 est
2352 1565 2493 1635 quod
2526 1572 2672 1618 recte
2708 1557 2966 1631 appellari
2994 1556 3190 1610 malum
3220 1554 3412 1624 possit.
3440 1551 3605 1605 Porro
3625 1565 3687 1606 ea
3711 1565 3841 1621 qua:

590 1675 750 1747 (Gen.
783 1691 845 1742 ιι,
871 1672 998 1743 23)?
2246 1666 2505 1730 putantur
2532 1655 2693 1721 mala,
2716 1653 2766 1708 id
2794 1659 2897 1715 est,
2917 1656 3229 1717 serpentum
3255 1655 3310 1701 et
3329 1653 3523 1702 caetera
3545 1644 3840 1698 bestiarum

671 1770 825 1840 Resp.
887 1734 1179 1839 Etymolop
1224 1775 1345 1831 qua:
1386 1758 1472 1814 hic
1503 1757 1557 1813 in
1586 1756 1778 1811 Latino
1811 1768 1919 1808 non
1958 1756 2133 1813 sonat,
2165 1756 2215 1818 Β
2242 1750 2567 1813 animantia;
2606 1763 2703 1817 per
2734 1744 3201 1800 inconvenientem
3242 1748 3449 1793 natura:
3487 1736 3702 1793 modum
3727 1734 3842 1792 effi-

595 1861 649 1916 in
704 1860 934 1916 Hebrzeo
960 1828 1178 1915 sermo:
1215 1862 1483 1911 servatur.
1518 1850 1613 1905 Vir
1642 1850 1784 1904 enim
1819 1854 2038 1901 vocatur
2066 1848 2132 1909 is,
2243 1846 2384 1899 citur
2407 1852 2461 1895 nt
2496 1839 2653 1895 noxia
2696 1838 2823 1892 sint.
2869 1835 3145 1889 Venenum
3178 1830 3405 1901 quippe,
3440 1828 3581 1899 quod
3612 1836 3842 1883 mortem

590 1965 645 2010 et
672 1954 865 2008 mulier
888 1954 1009 2007 ista.
1038 1952 1153 2020 Quo
1176 1945 1624 2002 animadvertitur
1658 1940 2023 2013 pulcherrime
2053 1953 2139 1991 re-
2243 1935 2407 1990 infert
2442 1931 2667 1995 homini,
2704 1930 2809 1981 vita
2840 1924 3108 1995 serpentis
3138 1933 3241 1978 est.
3267 1921 3322 1976 Si
3354 1921 3496 1975 enim
3525 1920 3689 1974 homo
3718 1933 3844 1987 per-

598 2060 728 2102 cens
759 2044 1056 2100 custodisse
1098 2040 1328 2100 tmslatio
1361 2037 1539 2093 divina
1568 2012 1757 2090 dicens
1790 2050 1802 2085 :
1834 2030 1963 2086 Haec
1990 2046 2138 2084 voca-
2243 2038 2405 2101 petuo
2428 2023 2753 2081 immortalis
2778 2018 3084 2081 mansisset,
3117 2015 3307 2071 veneni
3338 2012 3627 2084 perniciem
3656 2012 3847 2066 incur-

594 2139 726 2192 bilur
749 2138 947 2207 virago,
975 2138 1095 2207 quia
1121 2151 1157 2188 ,τ
1186 2134 1294 2186 viro
1316 2139 1520 2201 suntpta
1551 2140 1621 2182 est
1650 2126 1862 2199 (Ibid).
2246 2137 2372 2176 rere
2400 2135 2509 2175 non
2537 2119 2766 2171 timeret.
2821 2113 2932 2166 Hoc
2960 2109 3119 2165 modo
3151 2118 3204 2162 et
3228 2106 3331 2161 alia
3360 2105 3411 2159 in
3435 2103 3588 2174 aquis
3619 2102 3844 2173 vivunt,

660 2225 775 2283 Int.
804 2205 1002 2297 Iniquo
1029 2222 1514 2285 Defsimilitudinem
1548 2216 1890 2274 retinemus?
2245 2233 2365 2287 qua:
2425 2225 2584 2270 terrae
2643 2209 2886 2281 exposita
2933 2205 3283 2269 moriuntur;
3332 2208 3487 2271 atque
3530 2214 3562 2254 e
3612 2208 3837 2254 contra-

658 2322 829 2391 Re3p.
852 2320 912 2374 in
940 2333 1095 2376 metu.
2246 2310 2351 2377 rio,
2382 2308 2573 2361 vivunt
2599 2304 2700 2358 alia
2730 2303 2782 2357 in
2816 2312 2991 2367 terra,
3023 2314 3145 2370 qua:
3185 2296 3340 2367 aquis
3382 2294 3639 2349 immersa
3684 2292 3849 2362 depe-

676 2410 785 2465 Int.
814 2408 1055 2465 Paradist
1086 2409 1174 2463 ubi
1212 2421 1334 2462 esse
1370 2404 1667 2460 definitur?
2249 2408 2430 2454 reunt.

662 2506 821 2573 Resp.
853 2504 1219 2573 Divers:super
1246 2501 1345 2554 hac
1380 2516 1440 2554 re
1485 2496 1755 2552 sententia
1785 2492 2140 2564 plurimorum
2318 2491 2429 2545 Ιηι.
2472 2489 2611 2557 Quia
2652 2487 2817 2541 totius
2861 2484 3164 2541 substantia
3210 2490 3479 2538 creatura;
3525 2494 3557 2533 a
3608 2478 3722 2533 Deo
3759 2492 3849 2531 au-

591 2609 700 2653 est.
743 2570 925 2664 Aliqui
954 2603 1086 2651 tatm
1118 2570 1263 2650 bunc
1294 2594 1345 2647 in
1390 2600 1533 2645 terra
1582 2604 1705 2643 esse
1747 2586 2009 2641 deliniuut
2034 2625 2049 2648 ,
2086 2591 2145 2637 ut
2248 2595 2398 2642 ctore
2428 2581 2712 2654 processit,
2743 2580 2961 2650 requiro
2991 2578 3119 2650 quid
3147 2577 3215 2632 de
3241 2573 3480 2631 tenebris
3507 2570 3849 2627 sentiendum

591 2707 698 2750 non
732 2688 966 2759 potuerit
1007 2685 1079 2741 ni:
1107 2690 1159 2745 in
1193 2698 1335 2743 terra
1371 2685 1619 2740 habitare
1648 2694 1932 2738 terrenus:
1984 2695 2141 2749 quem
2249 2679 2337 2733 sit.

593 2755 773 2840 tamen
822 2780 1031 2837 homini
1086 2780 1475 2840 iaccessihilem
1525 2777 1669 2833 efliei
1717 2777 1913 2830 virtute
1964 2772 2143 2829 divina
2322 2770 2480 2837 Resp.
2520 2767 2749 2836 Quidam
2781 2782 2846 2822 ex
2875 2765 2978 2818 hoc
3002 2762 3073 2817 ita
3103 2756 3739 2831 disputant:Silentium
3771 2755 3854 2811 di-

597 2875 941 2932 cnnlirmanl.
2250 2862 2406 2925 citur,
2435 2860 2521 2914 ubi
2551 2874 2721 2914 sonus
2748 2857 2925 2913 nullus
2956 2863 3059 2923 est,
3086 2868 3207 2909 cum
3238 2862 3416 2906 tamen
3449 2850 3652 2905 nullam
3684 2847 3856 2905 silen-

672 2966 782 3022 Ιηεο
818 2965 968 3020 Eden
1017 2963 1071 3019 in
1117 2966 1267 3025 enesi
1306 2964 1479 3029 (Gen.
1512 2977 1589 3029 tv,
1622 2961 1688 3017 16
1713 2961 1731 3031 )
1763 2958 1889 3029 quid
1919 2956 2145 3027 accipie-
2250 2956 2309 3010 tii
2339 2954 2647 3010 noverimus
2671 2967 2793 3008 esse
2814 2949 3192 3007 substantiam.
3221 2946 3311 3003 Sic
3336 2953 3392 3001 et
3410 2944 3533 3015 quia
3554 2943 3686 2998 lueis
3713 2958 3858 3012 prm-

597 3059 762 3117 mus?
2251 3048 2423 3102 sentia
2455 3046 2618 3101 nulla:
2644 3053 2767 3099 sunt
2797 3041 3055 3106 tenebrae,
3084 3040 3277 3094 merito
3313 3035 3549 3092 tenebra
3591 3034 3859 3103 deputan-

679 3152 834 3223 Resp.
856 3149 1243 3210 Sacratissiium
1269 3152 1449 3223 ipsum
1478 3148 1544 3205 ad
1589 3148 1868 3204 Orientem
1904 3144 2141 3217 paradisi
2169 3145 2217 3210 ε’,
2250 3149 2338 3195 tur
2381 3139 2517 3195 lucis
2566 3137 2833 3193 absentia.
2891 3135 2991 3190 Cui
3032 3132 3276 3200 Opinioni
3325 3145 3511 3200 parum
3553 3143 3862 3198 congruere

599 3221 803 3304 locum.
1293 3221 1304 3223 ί
2254 3245 2446 3306 putant
2476 3233 2565 3286 alii
2600 3230 2963 3287 testimonium
2998 3226 3161 3291 illud,
3192 3225 3336 3296 quod
3366 3222 3621 3279 scribitur
3652 3239 3667 3276 :
3708 3221 3860 3275 Tuus

672 3338 779 3393 lut.
803 3338 941 3404 Quid
966 3337 1327 3407 intelligidum
1353 3338 1535 3397 estde
1561 3338 1759 3393 arbore
1787 3337 1877 3392 illa
1908 3335 2147 3392 scientiae
2253 3338 2330 3383 est
2361 3328 2489 3391 dies,
2522 3336 2566 3381 et
2595 3334 2775 3379 tuaest
2798 3340 2901 3377 nox
2930 3321 3048 3393 (Ps.
3081 3334 3268 3385 Lxxtu,
3294 3318 3410 3387 16).

601 3429 728 3487 boni
755 3440 804 3483 et
832 3429 959 3483 mali
990 3426 1147 3497 (Gen.
1180 3442 1192 3480 λ
1219 3434 1276 3503 9)
1302 3434 1325 3485 ?
2329 3422 2439 3476 Ιηι.
2472 3422 2608 3475 Cum
2638 3419 2782 3474 nulla
2814 3432 2936 3474 esse
2966 3417 3268 3487 ignorantia
3297 3412 3439 3483 apud
3465 3411 3634 3467 Deum
3659 3411 3861 3481 possit,

675 3518 833 3588 Βεερο
868 3517 1135 3586 inprimis
1158 3533 1207 3571 nt
1244 3532 1302 3576 ut
1342 3519 1557 3591 quidam
1601 3521 1841 3578 haeretici
1890 3521 2153 3591 interpre—
2255 3516 2529 3587 quomodo
2574 3517 2691 3585 ipse
2728 3515 2781 3568 in
2832 3513 2973 3568 libro
3022 3510 3296 3566 Geneseos
3340 3508 3391 3562 in
3440 3506 3680 3563 exordiis
3729 3506 3868 3561 dicit

608 3620 786 3668 tantur
813 3653 828 3678 ,
880 3611 1142 3664 malorum
1174 3654 1189 3677 ,
1214 3625 1259 3668 ta
1292 3622 1347 3669 et
1372 3615 1637 3669 bonorum
1677 3624 1892 3684 putetur
1936 3630 2003 3669 ex
2050 3613 2152 3668 hoc
2258 3609 2520 3666 Dominus
2547 3624 2561 3662 :
2588 3607 2777 3676 Adam,
2804 3604 2889 3659 ubi
2912 3621 2968 3658 es
2998 3602 3153 3675 (Gen.
3181 3618 3263 3669 ιιι,
3295 3601 3391 3672 9)?

605 3703 855 3760 conditor
896 3703 1059 3757 Dens.
1113 3702 1366 3763 Inlrhore
1414 3707 1612 3778 quippe
1662 3709 1752 3763 illa
1800 3722 2152 3779 quaecumque
2330 3703 2491 3773 Resp.
2541 3700 2655 3755 Hoc
2692 3697 2981 3753 estdicere
3012 3714 3025 3750 :
3055 3695 3247 3759 Adam,
3295 3708 3401 3763 quo
3434 3692 3719 3748 recidisti?
3754 3707 3867 3748 non

605 3805 741 3863 erat,
773 3801 1100 3866 praeceptum
1130 3793 1198 3848 De
1223 3798 1627 3870 intelligendum
1655 3807 1774 3863 est;
1825 3797 1918 3851 sed
1967 3798 2021 3850 in
2062 3813 2155 3851 cu-
2259 3812 2387 3867 ergo
2404 3811 2506 3852 vox
2530 3795 2632 3849 ista
2659 3794 2813 3865 quasi
2839 3806 2935 3862 pro
2963 3789 3197 3859 ambigui
3218 3786 3584 3844 sciscitatione
3610 3800 3869 3857 quaren-

602 3888 781 3949 S‘Udia
801 3887 1055 3958 βτὶἓεθρῑί
1086 3888 1268 3947 SCielia
1297 3901 1413 3947 erat
1441 3892 1602 3958 boni,
1638 3892 1690 3945 in
1724 3890 2154 3958 transgressione
2261 3892 2329 3947 tis
2354 3900 2439 3947 est
2460 3932 2476 3957 ,
2516 3889 2612 3945 sed
2643 3902 2765 3955 cum
2798 3884 3168 3955 increpatione
3214 3879 3597 3950 interrogantis
3635 3886 3737 3934 est.
3800 3878 3871 3933 Et

604 3983 864 4054 prmeepti
889 3981 1110 4037 scientia
1127 3987 1365 4042 eramali.
1392 3986 1534 4053 Ergo
1555 3985 1835 4054 degustata
1860 3982 2076 4051 arbore,
2102 3983 2154 4037 id
2260 3986 2454 4040 aliter:
2497 3998 2681 4039 sermo
2723 3981 2847 4049 hic,
2878 3994 2985 4034 non
3016 3978 3186 4033 Deum
3216 3975 3327 4030 veri
3359 3974 3587 4029 inscium
3610 4017 3624 4042 ,
3654 3971 3739 4027 vel
3775 3971 3870 4029 ubi

608 4088 694 4134 est
719 4118 733 4143 ,
763 4074 1016 4146 praecepti
1062 4074 1179 4143 lege
1208 4079 1394 4143 Vilata,
1436 4076 1657 4131 scientia
1701 4084 1817 4130 erat
1858 4074 2004 4141 mali,
2031 4075 2153 4145 quia
2262 4087 2406 4133 esset
2431 4076 2628 4146 Adam,
2652 4076 2819 4130 Deum
2848 4062 3367 4140 ostenditignarum,
3395 4066 3490 4123 sed
3525 4064 3653 4121 illud
3680 4066 3870 4135 potius

605 4169 864 4241 praecepti
914 4165 1157 4237 legisque
1218 4173 1565 4240 llnsgressum
1623 4167 2054 4237 consequebatur
2103 4175 2158 4223 et

2279 4168 2535 4233 istendit,
2577 4166 2720 4237 quod
2744 4164 2921 4220 omnis
2951 4163 3041 4219 ille
3069 4163 3158 4233 qui
3189 4168 3414 4230 peccat,
3462 4158 3609 4212 velut
3632 4156 3745 4227 jam
3783 4172 3870 4212 er-

605 4279 789 4337 Ρωηε·
2262 4260 2477 4317 roribus
2502 4260 2619 4316 suis
2646 4258 2856 4323 devius,
2887 4266 2939 4311 et
2964 4270 3060 4326 per
3084 4253 3343 4309 delictum
3372 4250 3635 4306 recedens
3674 4263 3701 4301 a
3730 4262 3869 4304 con-

684 4356 793 4412 Int.
846 4355 903 4413 Si
947 4354 1091 4409 Deus
1120 4352 1351 4411 hominm
1379 4356 1741 4411 immortalem
1772 4353 1961 4412 fecerit
1995 4353 2152 4424 (Sap.
2263 4364 2452 4428 spectu
2478 4354 2594 4423 Dei,
2622 4351 2809 4407 notitia
2838 4350 2958 4418 eius
2987 4347 3254 4404 efficiatur
3278 4345 3552 4414 indignus.
3584 4342 3652 4397 Et
3671 4340 3870 4397 aliter:

605 4466 664 4518 ιι,
696 4448 815 4520 25).
849 4445 1300 4519 quemadmOdum
1317 4448 1458 4505 otuit
1479 4448 1661 4503 mori?
2267 4450 2584 4518 intermgat,
2616 4453 2678 4499 ut
2704 4445 2818 4499 suis
2842 4442 3070 4513 quisque
3102 4435 3543 4508 responsionibus
3565 4434 3871 4490 convinca-

679 4545 838 4615 Resp.
866 4543 981 4601 Non
1008 4542 1154 4615 quod
1184 4542 1358 4613 penits
1395 4543 1719 4601 immortalis
1749 4545 1909 4597 homo
1937 4540 2108 4596 factus
2130 4554 2158 4595 a
2185 4534 2241 4595 Ι)
2268 4550 2390 4606 tur;
2422 4540 2548 4610 quia
2582 4538 2709 4593 licet
2750 4552 2858 4591 non
2891 4535 3104 4605 ignoret
3151 4530 3295 4603 quod
3335 4528 3440 4584 sibi
3464 4526 3579 4581 vult
3610 4525 3868 4591 indicari,

604 4638 719 4698 Deo
747 4638 938 4707 fuerit,
967 4638 1061 4695 sed
1100 4647 1192 4692 aut
1226 4641 1452 4697 sertndo
1496 4640 1803 4694 mandatum
1843 4644 2151 4693 crescerent
2259 4634 2373 4689 vult
2404 4642 2580 4687 tamen
2605 4630 3006 4699 deliuquentem
3042 4626 3202 4681 etiam
3232 4619 3598 4693 responsionis
3620 4618 3870 4674 testim0'

605 4731 676 4787 ad
702 4739 989 4797 aeternum,
1016 4738 1111 4785 aut
1126 4732 1489 4801 pravariando
1505 4731 1759 4786 caderent
1788 4732 1842 4785 in
1862 4729 2146 4784 infernum.
2262 4727 2356 4784 nio
2384 4742 2537 4782 reum
2566 4725 2750 4779 statui.
2778 4723 2914 4777 Dum
2937 4721 3082 4778 enim
3114 4720 3432 4787 interrogat,
3455 4713 3677 4785 iudicat.

604 4824 674 4882 Et
703 4840 771 4881 ne
811 4826 1032 4895 prepria
1062 4822 1178 4893 lege
1220 4822 1421 4881 viveses
1446 4825 1649 4881 similes
1679 4824 1788 4878 Deo
1814 4830 2151 4893 putarentur,
2334 4820 2442 4875 fut.
2472 4818 2611 4887 Quid
2646 4826 2728 4873 est
2748 4814 2892 4887 quod
2921 4814 2996 4870 ait
3029 4832 3042 4868 :
3072 4811 3355 4867 Maledicta
3382 4819 3520 4864 terra
3547 4809 3601 4862 in
3626 4807 3872 4879 operibus

605 4927 698 4973 aut
726 4915 888 4972 nullis
916 4914 1245 4971 exstantibus
1289 4918 1474 4972 mritis
1518 4917 1906 4986 sempiternum
1953 4914 2158 4985 paradi-
2265 4912 2373 4966 suis
2412 4909 2564 4982 (Gen.
2600 4924 2678 4974 ιιι,
2713 4906 2843 4976 i7)?

604 5024 726 5067 sum
753 5007 1113 5077 possiderent.
1140 5006 1331 5064 Tandic
1358 5010 1500 5065 enim
1540 5009 1625 5063 vel
1650 5008 1877 5079 angelus
1900 5048 1916 5072 ,
1950 5008 2034 5062 vel
2063 5006 2160 5060 ho—
2340 5002 2500 5071 Resp.
2550 5002 2647 5056 llic
2686 5014 2849 5069 opera
2900 5010 3010 5052 non
3045 5006 3151 5050 tam
3183 4990 3472 5048 excolendi
3510 4999 3673 5061 atque
3702 5004 3867 5042 exer-

604 5117 697 5157 mo
723 5101 907 5157 divino
936 5101 1120 5156 favore
1152 5103 1444 5173 prcegitur,
1494 5102 1668 5158 donec
1714 5102 2013 5170 iniunctum
2055 5098 2160 5153 sibi
2268 5096 2424 5153 cendi
2454 5097 2571 5165 agi,
2603 5108 2763 5165 quam
2792 5099 3013 5163 peccata
3056 5085 3402 5157 intelligenda
3431 5099 3553 5141 esse
3577 5124 3592 5150 ,
3641 5080 3865 5153 quidam

605 5193 846 5251 officium
875 5192 1197 5263 impleverit.
1228 5200 1235 5209 °
2268 5188 2619 5244 arbitrantur.

682 5288 790 5343 Im.
837 5287 1118 5357 Quomodo
1161 5289 1495 5360 acipiendum
1539 5299 1621 5345 est
1650 5287 1781 5344 illud
1816 5286 1959 5358 quod
2004 5285 2161 5341 nobis
2341 5282 2450 5339 Ιηι.
2500 5280 2781 5350 Quomodo
2813 5276 3224 5346 intelligendum
3269 5284 3352 5330 est
3394 5270 3538 5344 quod
3566 5269 3743 5326 dicit:
3797 5266 3865 5321 Et

605 5382 887 5451 Scriptura
927 5359 1328 5437 deambulanem
1374 5382 1430 5436 in
1479 5381 1728 5451 paradiso
1767 5380 1937 5436 Deum
1978 5377 2163 5435 retulit
2269 5377 2517 5430 habitauit
2555 5376 2611 5429 in
2650 5384 2787 5428 terra
2812 5372 2993 5437 Naid;
3036 5369 3143 5436 vel,
3177 5370 3318 5425 sicut
3350 5366 3405 5421 in
3430 5363 3656 5421 Hebraeo
3684 5359 3863 5426 habet,

607 5476 765 5551 (Gen.
788 5493 867 5539 ιιι,
901 5474 992 5545 8)?
2272 5468 2388 5525 Nod
2414 5467 2567 5541 (Gen.
2598 5484 2673 5533 ιν,
2703 5465 2832 5534 16)τ

681 5571 845 5641 Resp.
882 5568 978 5623 Dei
1006 5567 1059 5622 in
1085 5566 1401 5625 eodemloco
1427 5568 1715 5639 praesentia
1761 5569 1862 5622 hac
1904 5564 2165 5620 deambu—
2345 5562 2505 5635 Resp.
2546 5561 2677 5616 Naid
2708 5557 2975 5615 instabilis
3008 5555 3205 5613 dicitur
3228 5594 3241 5620 ,
3283 5568 3411 5624 ergo
3460 5561 3618 5607 terra:
3666 5558 3863 5602 nomen

612 5662 759 5718 laudi
786 5633 1141 5730 appellatione
1169 5633 1530 5716 maliestatur.
1565 5659 1857 5729 Scriptura:
1876 5658 2018 5713 enim
2047 5669 2165 5712 mos
2273 5664 2386 5725 est,
2428 5633 2523 5712 sed
2566 5653 2718 5725 juxta
2744 5666 2960 5724 partam
2990 5648 3421 5715 sententiamque
3453 5642 3688 5700 divinam
3730 5633 3864 5701 Caio

610 5760 717 5819 est,
745 5764 852 5818 quo
884 5746 1087 5804 facilius
1120 5747 1394 5809 ltomitbus
1423 5750 1489 5807 ad
1511 5750 1916 5819 intelligentiam
1932 5748 2161 5814 clareat,
2276 5749 2443 5807 fuisse
2468 5762 2661 5820 vagum
2694 5745 3087 5819 profugumquo
3117 5741 3368 5798 declarat.
