  <div class='ocr_page' id='page_1' title='image "/cluster/home/n/w/nwhite01/storage/ocr_20150623/50/uva.x000827094/399.png"; bbox 0 0 4028 6184; ppageno 0'>
   <div class='ocr_carea' id='block_1_1' title="bbox 408 5544 478 5579">
    <p class='ocr_par' dir='ltr' id='par_1_1' title="bbox 408 5544 478 5579">
     <span class='ocr_line' id='line_1_1' title="bbox 408 5544 478 5579; baseline -0.014 -3"><span class='ocrx_word' id='word_1_1' title='bbox 408 5544 478 5579; x_wconf 60' lang='lat'><strong>‘9&quot;,</strong></span> 
     </span>
    </p>
   </div>
   <div class='ocr_carea' id='block_1_2' title="bbox 435 642 1201 728">
    <p class='ocr_par' dir='ltr' id='par_1_2' title="bbox 435 642 1201 728">
     <span class='ocr_line' id='line_1_2' title="bbox 435 642 1201 728; baseline -0.038 -5"><span class='ocrx_word' id='word_1_2' title='bbox 435 668 561 722; x_wconf 86' lang='lat' dir='ltr'><strong>stris</strong></span> <span class='ocrx_word' id='word_1_3' title='bbox 589 653 945 728; x_wconf 88' lang='lat' dir='ltr'><strong>objiciendam</strong></span> <span class='ocrx_word' id='word_1_4' title='bbox 975 642 1201 717; x_wconf 72' lang='lat' dir='ltr'><strong>putant?</strong></span> 
     </span>
    </p>
   </div>
   <div class='ocr_carea' id='block_1_3' title="bbox 508 716 2021 825">
    <p class='ocr_par' dir='ltr' id='par_1_3' title="bbox 508 716 2021 825">
     <span class='ocr_line' id='line_1_3' title="bbox 508 716 2021 825; baseline -0.029 -13"><span class='ocrx_word' id='word_1_5' title='bbox 508 716 675 825; x_wconf 58' lang='lat' dir='ltr'><strong>Resp.-</strong></span> <span class='ocrx_word' id='word_1_6' title='bbox 704 747 945 803; x_wconf 85' lang='lat' dir='ltr'><strong>Primum</strong></span> <span class='ocrx_word' id='word_1_7' title='bbox 960 716 1149 809; x_wconf 80' lang='lat' dir='ltr'><strong>,quod</strong></span> <span class='ocrx_word' id='word_1_8' title='bbox 1187 743 1314 789; x_wconf 90' lang='lat' dir='ltr'><strong>tunc</strong></span> <span class='ocrx_word' id='word_1_9' title='bbox 1352 726 1593 783; x_wconf 88' lang='lat' dir='ltr'><strong>nondum</strong></span> <span class='ocrx_word' id='word_1_10' title='bbox 1630 724 1747 793; x_wconf 86' lang='lat' dir='ltr'><strong>lege</strong></span> <span class='ocrx_word' id='word_1_11' title='bbox 1778 716 2021 790; x_wconf 84' lang='lat' dir='ltr'><strong>prohibi—</strong></span> 
     </span>
    </p>
   </div>
   <div class='ocr_carea' id='block_1_4' title="bbox 438 817 2019 915">
    <p class='ocr_par' dir='ltr' id='par_1_4' title="bbox 438 817 2019 915">
     <span class='ocr_line' id='line_1_4' title="bbox 438 817 2019 915; baseline -0.028 -8"><span class='ocrx_word' id='word_1_12' title='bbox 438 863 567 913; x_wconf 91' lang='lat' dir='ltr'><strong>tum,</strong></span> <span class='ocrx_word' id='word_1_13' title='bbox 598 817 723 915; x_wconf 79' lang='lat' dir='ltr'><strong>quia</strong></span> <span class='ocrx_word' id='word_1_14' title='bbox 746 830 1081 895; x_wconf 86' lang='lat' dir='ltr'><strong>consuetudo</strong></span> <span class='ocrx_word' id='word_1_15' title='bbox 1102 836 1241 891; x_wconf 82' lang='lat' dir='ltr'><strong>erat,</strong></span> <span class='ocrx_word' id='word_1_16' title='bbox 1268 823 1474 879; x_wconf 79' lang='lat' dir='ltr'><strong>crimen</strong></span> <span class='ocrx_word' id='word_1_17' title='bbox 1499 832 1624 873; x_wconf 85' lang='lat' dir='ltr'><strong>esse</strong></span> <span class='ocrx_word' id='word_1_18' title='bbox 1650 830 1757 869; x_wconf 90' lang='lat' dir='ltr'><strong>non</strong></span> <span class='ocrx_word' id='word_1_19' title='bbox 1782 817 2019 883; x_wconf 76' lang='lat' dir='ltr'><strong>poterat.</strong></span> 
     </span>
    </p>
   </div>
   <div class='ocr_carea' id='block_1_5' title="bbox 443 908 2023 1003">
    <p class='ocr_par' dir='ltr' id='par_1_5' title="bbox 443 908 2023 1003">
     <span class='ocr_line' id='line_1_5' title="bbox 443 908 2023 1003; baseline -0.028 -4"><span class='ocrx_word' id='word_1_20' title='bbox 443 908 676 1002; x_wconf 76' lang='lat' dir='ltr'><strong>Deinde,</strong></span> <span class='ocrx_word' id='word_1_21' title='bbox 705 930 849 1003; x_wconf 89' lang='lat' dir='ltr'><strong>quod</strong></span> <span class='ocrx_word' id='word_1_22' title='bbox 872 928 963 981; x_wconf 91' lang='lat' dir='ltr'><strong>illa</strong></span> <span class='ocrx_word' id='word_1_23' title='bbox 988 932 1113 978; x_wconf 91' lang='lat' dir='ltr'><strong>tunc</strong></span> <span class='ocrx_word' id='word_1_24' title='bbox 1136 918 1218 973; x_wconf 85' lang='lat' dir='ltr'><strong>vel</strong></span> <span class='ocrx_word' id='word_1_25' title='bbox 1248 929 1345 985; x_wconf 91' lang='lat' dir='ltr'><strong>pro</strong></span> <span class='ocrx_word' id='word_1_26' title='bbox 1366 914 1486 967; x_wconf 91' lang='lat' dir='ltr'><strong>loco</strong></span> <span class='ocrx_word' id='word_1_27' title='bbox 1507 950 1522 973; x_wconf 88' lang='lat'><strong>,</strong></span> <span class='ocrx_word' id='word_1_28' title='bbox 1546 908 1628 963; x_wconf 87' lang='lat' dir='ltr'><strong>vel</strong></span> <span class='ocrx_word' id='word_1_29' title='bbox 1654 919 1750 976; x_wconf 90' lang='lat' dir='ltr'><strong>pro</strong></span> <span class='ocrx_word' id='word_1_30' title='bbox 1777 914 2023 971; x_wconf 86' lang='lat' dir='ltr'><strong>tempore</strong></span> 
     </span>
    </p>
   </div>
   <div class='ocr_carea' id='block_1_6' title="bbox 443 993 2025 1098">
    <p class='ocr_par' dir='ltr' id='par_1_6' title="bbox 443 993 2025 1098">
     <span class='ocr_line' id='line_1_6' title="bbox 443 993 2025 1098; baseline -0.028 -8"><span class='ocrx_word' id='word_1_31' title='bbox 443 993 552 1090; x_wconf 69' lang='lat' dir='ltr'><strong>non</strong></span> <span class='ocrx_word' id='word_1_32' title='bbox 572 993 947 1098; x_wconf 72' lang='lat' dir='ltr'><strong>improbabilia</strong></span> <span class='ocrx_word' id='word_1_33' title='bbox 973 1013 1116 1084; x_wconf 86' lang='lat' dir='ltr'><strong>apud</strong></span> <span class='ocrx_word' id='word_1_34' title='bbox 1147 1012 1311 1065; x_wconf 86' lang='lat' dir='ltr'><strong>Deum</strong></span> <span class='ocrx_word' id='word_1_35' title='bbox 1340 1003 1565 1060; x_wconf 75' lang='lat' dir='ltr'><strong>fuerint.</strong></span> <span class='ocrx_word' id='word_1_36' title='bbox 1595 1001 1698 1056; x_wconf 84' lang='lat' dir='ltr'><strong>Pro</strong></span> <span class='ocrx_word' id='word_1_37' title='bbox 1722 998 1863 1062; x_wconf 89' lang='lat' dir='ltr'><strong>loco,</strong></span> <span class='ocrx_word' id='word_1_38' title='bbox 1884 993 2025 1047; x_wconf 89' lang='lat' dir='ltr'><strong>sicut</strong></span> 
     </span>
    </p>
   </div>
   <div class='ocr_carea' id='block_1_7' title="bbox 442 1085 2024 1182">
    <p class='ocr_par' dir='ltr' id='par_1_7' title="bbox 442 1085 2024 1182">
     <span class='ocr_line' id='line_1_7' title="bbox 442 1085 2024 1182; baseline -0.03 1"><span class='ocrx_word' id='word_1_39' title='bbox 442 1139 492 1182; x_wconf 94' lang='lat' dir='ltr'><strong>ct</strong></span> <span class='ocrx_word' id='word_1_40' title='bbox 520 1127 571 1180; x_wconf 91' lang='lat' dir='ltr'><strong>in</strong></span> <span class='ocrx_word' id='word_1_41' title='bbox 604 1085 708 1177; x_wconf 72' lang='lat' dir='ltr'><strong>una</strong></span> <span class='ocrx_word' id='word_1_42' title='bbox 736 1118 897 1171; x_wconf 89' lang='lat' dir='ltr'><strong>domo</strong></span> <span class='ocrx_word' id='word_1_43' title='bbox 924 1112 975 1165; x_wconf 89' lang='lat' dir='ltr'><strong>in</strong></span> <span class='ocrx_word' id='word_1_44' title='bbox 1006 1108 1179 1161; x_wconf 83' lang='lat' dir='ltr'><strong>altero</strong></span> <span class='ocrx_word' id='word_1_45' title='bbox 1202 1099 1397 1170; x_wconf 86' lang='lat' dir='ltr'><strong>angulo</strong></span> <span class='ocrx_word' id='word_1_46' title='bbox 1418 1092 1623 1164; x_wconf 87' lang='lat' dir='ltr'><strong>aliquid</strong></span> <span class='ocrx_word' id='word_1_47' title='bbox 1648 1091 1761 1145; x_wconf 89' lang='lat' dir='ltr'><strong>lieri</strong></span> <span class='ocrx_word' id='word_1_48' title='bbox 1789 1104 1815 1139; x_wconf 88' lang='lat' dir='ltr'><strong>a</strong></span> <span class='ocrx_word' id='word_1_49' title='bbox 1846 1085 2024 1155; x_wconf 88' lang='lat' dir='ltr'><strong>quoli-</strong></span> 
     </span>
    </p>
   </div>
   <div class='ocr_carea' id='block_1_8' title="bbox 441 1186 2024 1275">
    <p class='ocr_par' dir='ltr' id='par_1_8' title="bbox 441 1186 2024 1275">
     <span class='ocr_line' id='line_1_8' title="bbox 441 1186 2024 1275; baseline -0.03 1"><span class='ocrx_word' id='word_1_50' title='bbox 441 1220 533 1275; x_wconf 85' lang='lat' dir='ltr'><strong>bet</strong></span> <span class='ocrx_word' id='word_1_51' title='bbox 598 1211 822 1269; x_wconf 83' lang='lat' dir='ltr'><strong>Domino</strong></span> <span class='ocrx_word' id='word_1_52' title='bbox 867 1200 1210 1275; x_wconf 60' lang='lat' dir='ltr'><strong>praecipitur,</strong></span> <span class='ocrx_word' id='word_1_53' title='bbox 1251 1189 1395 1262; x_wconf 91' lang='lat' dir='ltr'><strong>quod</strong></span> <span class='ocrx_word' id='word_1_54' title='bbox 1441 1189 1493 1241; x_wconf 90' lang='lat' dir='ltr'><strong>in</strong></span> <span class='ocrx_word' id='word_1_55' title='bbox 1535 1186 1642 1239; x_wconf 94' lang='lat' dir='ltr'><strong>alio</strong></span> <span class='ocrx_word' id='word_1_56' title='bbox 1689 1192 2024 1250; x_wconf 81' lang='lat' dir='ltr'><strong>nequaquam</strong></span> 
     </span>
    </p>
   </div>
   <div class='ocr_carea' id='block_1_9' title="bbox 445 1269 2029 1376">
    <p class='ocr_par' dir='ltr' id='par_1_9' title="bbox 445 1269 2029 1376">
     <span class='ocr_line' id='line_1_9' title="bbox 445 1269 2029 1376; baseline -0.028 -11"><span class='ocrx_word' id='word_1_57' title='bbox 445 1310 559 1365; x_wconf 87' lang='lat' dir='ltr'><strong>lieri</strong></span> <span class='ocrx_word' id='word_1_58' title='bbox 584 1300 931 1376; x_wconf 88' lang='lat' dir='ltr'><strong>permittitur.</strong></span> <span class='ocrx_word' id='word_1_59' title='bbox 961 1291 1069 1346; x_wconf 89' lang='lat' dir='ltr'><strong>Pro</strong></span> <span class='ocrx_word' id='word_1_60' title='bbox 1100 1298 1341 1355; x_wconf 87' lang='lat' dir='ltr'><strong>tempore</strong></span> <span class='ocrx_word' id='word_1_61' title='bbox 1360 1294 1509 1346; x_wconf 89' lang='lat' dir='ltr'><strong>vero,</strong></span> <span class='ocrx_word' id='word_1_62' title='bbox 1537 1273 1683 1346; x_wconf 89' lang='lat' dir='ltr'><strong>quod</strong></span> <span class='ocrx_word' id='word_1_63' title='bbox 1710 1273 1826 1327; x_wconf 90' lang='lat' dir='ltr'><strong>rudi</strong></span> <span class='ocrx_word' id='word_1_64' title='bbox 1855 1269 2029 1324; x_wconf 82' lang='lat' dir='ltr'><strong>adhuc</strong></span> 
     </span>
    </p>
   </div>
   <div class='ocr_carea' id='block_1_10' title="bbox 446 1360 2028 1463">
    <p class='ocr_par' dir='ltr' id='par_1_10' title="bbox 446 1360 2028 1463">
     <span class='ocr_line' id='line_1_10' title="bbox 446 1360 2028 1463; baseline -0.028 -7"><span class='ocrx_word' id='word_1_65' title='bbox 446 1360 642 1456; x_wconf 61' lang='lat' dir='ltr'><strong>strculo</strong></span> <span class='ocrx_word' id='word_1_66' title='bbox 696 1397 1026 1463; x_wconf 67' lang='lat' dir='ltr'><strong>praeceptum</strong></span> <span class='ocrx_word' id='word_1_67' title='bbox 1075 1379 1248 1434; x_wconf 79' lang='lat' dir='ltr'><strong>fuerat</strong></span> <span class='ocrx_word' id='word_1_68' title='bbox 1305 1392 1319 1428; x_wconf 93' lang='lat'><strong>:</strong></span> <span class='ocrx_word' id='word_1_69' title='bbox 1366 1370 1587 1428; x_wconf 74' lang='lat' dir='ltr'><strong>Crescite</strong></span> <span class='ocrx_word' id='word_1_70' title='bbox 1622 1376 1673 1422; x_wconf 89' lang='lat' dir='ltr'><strong>et</strong></span> <span class='ocrx_word' id='word_1_71' title='bbox 1712 1360 2028 1427; x_wconf 81' lang='lat' dir='ltr'><strong>multiplico—</strong></span> 
     </span>
    </p>
   </div>
   <div class='ocr_carea' id='block_1_11' title="bbox 447 1454 2032 1562">
    <p class='ocr_par' dir='ltr' id='par_1_11' title="bbox 447 1454 2032 1562">
     <span class='ocr_line' id='line_1_11' title="bbox 447 1454 2032 1562; baseline -0.028 -14"><span class='ocrx_word' id='word_1_72' title='bbox 447 1454 572 1548; x_wconf 72' lang='lat' dir='ltr'><strong>mini</strong></span> <span class='ocrx_word' id='word_1_73' title='bbox 604 1454 758 1562; x_wconf 65' lang='lat' dir='ltr'><strong>(Gen.</strong></span> <span class='ocrx_word' id='word_1_74' title='bbox 796 1454 984 1548; x_wconf 51' lang='lat'><strong>1,98).</strong></span> <span class='ocrx_word' id='word_1_75' title='bbox 1014 1474 1165 1529; x_wconf 82' lang='lat' dir='ltr'><strong>Nunc</strong></span> <span class='ocrx_word' id='word_1_76' title='bbox 1199 1482 1327 1522; x_wconf 87' lang='lat' dir='ltr'><strong>vero</strong></span> <span class='ocrx_word' id='word_1_77' title='bbox 1348 1465 1589 1536; x_wconf 70' lang='lat' dir='ltr'><strong>iubetur,</strong></span> <span class='ocrx_word' id='word_1_78' title='bbox 1628 1468 1685 1513; x_wconf 92' lang='lat' dir='ltr'><strong>ut</strong></span> <span class='ocrx_word' id='word_1_79' title='bbox 1715 1457 1808 1526; x_wconf 90' lang='lat' dir='ltr'><strong>qui</strong></span> <span class='ocrx_word' id='word_1_80' title='bbox 1837 1454 2032 1506; x_wconf 87' lang='lat' dir='ltr'><strong>habent</strong></span> 
     </span>
    </p>
   </div>
   <div class='ocr_carea' id='block_1_12' title="bbox 451 1545 2029 1647">
    <p class='ocr_par' dir='ltr' id='par_1_12' title="bbox 451 1545 2029 1647">
     <span class='ocr_line' id='line_1_12' title="bbox 451 1545 2029 1647; baseline -0.029 -4"><span class='ocrx_word' id='word_1_81' title='bbox 451 1545 681 1647; x_wconf 72' lang='lat' dir='ltr'><strong>uxores,</strong></span> <span class='ocrx_word' id='word_1_82' title='bbox 712 1545 986 1645; x_wconf 86' lang='lat' dir='ltr'><strong>tamquam</strong></span> <span class='ocrx_word' id='word_1_83' title='bbox 1035 1581 1143 1622; x_wconf 91' lang='lat' dir='ltr'><strong>non</strong></span> <span class='ocrx_word' id='word_1_84' title='bbox 1172 1563 1433 1618; x_wconf 82' lang='lat' dir='ltr'><strong>habentes</strong></span> <span class='ocrx_word' id='word_1_85' title='bbox 1465 1558 1593 1611; x_wconf 90' lang='lat' dir='ltr'><strong>sint.</strong></span> <span class='ocrx_word' id='word_1_86' title='bbox 1623 1553 1738 1607; x_wconf 80' lang='lat' dir='ltr'><strong>Non</strong></span> <span class='ocrx_word' id='word_1_87' title='bbox 1778 1546 1921 1619; x_wconf 91' lang='lat' dir='ltr'><strong>quod</strong></span> <span class='ocrx_word' id='word_1_88' title='bbox 1942 1545 2029 1615; x_wconf 84' lang='lat' dir='ltr'><strong>ju-</strong></span> 
     </span>
    </p>
   </div>
   <div class='ocr_carea' id='block_1_13' title="bbox 450 1637 2035 1733">
    <p class='ocr_par' dir='ltr' id='par_1_13' title="bbox 450 1637 2035 1733">
     <span class='ocr_line' id='line_1_13' title="bbox 450 1637 2035 1733; baseline -0.026 -1"><span class='ocrx_word' id='word_1_89' title='bbox 450 1678 593 1733; x_wconf 85' lang='lat' dir='ltr'><strong>stitia</strong></span> <span class='ocrx_word' id='word_1_90' title='bbox 613 1670 760 1727; x_wconf 89' lang='lat' dir='ltr'><strong>varia</strong></span> <span class='ocrx_word' id='word_1_91' title='bbox 777 1637 870 1731; x_wconf 66' lang='lat' dir='ltr'><strong>sit,</strong></span> <span class='ocrx_word' id='word_1_92' title='bbox 884 1662 977 1718; x_wconf 89' lang='lat' dir='ltr'><strong>sed</strong></span> <span class='ocrx_word' id='word_1_93' title='bbox 1002 1669 1243 1725; x_wconf 88' lang='lat' dir='ltr'><strong>tempora</strong></span> <span class='ocrx_word' id='word_1_94' title='bbox 1267 1647 1569 1709; x_wconf 87' lang='lat' dir='ltr'><strong>mutabilia,</strong></span> <span class='ocrx_word' id='word_1_95' title='bbox 1591 1660 1711 1712; x_wconf 79' lang='lat' dir='ltr'><strong>qua:</strong></span> <span class='ocrx_word' id='word_1_96' title='bbox 1732 1641 1933 1710; x_wconf 87' lang='lat' dir='ltr'><strong>pariter</strong></span> <span class='ocrx_word' id='word_1_97' title='bbox 1956 1637 2035 1690; x_wconf 87' lang='lat' dir='ltr'><strong>ire</strong></span> 
     </span>
    </p>
   </div>
   <div class='ocr_carea' id='block_1_14' title="bbox 452 1727 2036 1836">
    <p class='ocr_par' dir='ltr' id='par_1_14' title="bbox 452 1727 2036 1836">
     <span class='ocr_line' id='line_1_14' title="bbox 452 1727 2036 1836; baseline -0.028 -11"><span class='ocrx_word' id='word_1_98' title='bbox 452 1785 559 1824; x_wconf 89' lang='lat' dir='ltr'><strong>non</strong></span> <span class='ocrx_word' id='word_1_99' title='bbox 598 1768 825 1836; x_wconf 89' lang='lat' dir='ltr'><strong>possunt</strong></span> <span class='ocrx_word' id='word_1_100' title='bbox 839 1727 865 1823; x_wconf 27' lang='grc' dir='ltr'>,ν</span> <span class='ocrx_word' id='word_1_101' title='bbox 895 1762 954 1810; x_wconf 90' lang='lat' dir='ltr'><strong>et</strong></span> <span class='ocrx_word' id='word_1_102' title='bbox 989 1748 1221 1807; x_wconf 83' lang='lat' dir='ltr'><strong>diversis</strong></span> <span class='ocrx_word' id='word_1_103' title='bbox 1247 1744 1551 1814; x_wconf 80' lang='lat' dir='ltr'><strong>quibusque</strong></span> <span class='ocrx_word' id='word_1_104' title='bbox 1592 1732 1922 1805; x_wconf 82' lang='lat' dir='ltr'><strong>temporibus</strong></span> <span class='ocrx_word' id='word_1_105' title='bbox 1950 1727 2036 1782; x_wconf 91' lang='lat' dir='ltr'><strong>vel</strong></span> 
     </span>
    </p>
   </div>
   <div class='ocr_carea' id='block_1_15' title="bbox 452 1848 1422 1922">
    <p class='ocr_par' dir='ltr' id='par_1_15' title="bbox 452 1848 1422 1922">
     <span class='ocr_line' id='line_1_15' title="bbox 452 1848 1422 1922; baseline -0.031 0"><span class='ocrx_word' id='word_1_106' title='bbox 452 1865 679 1922; x_wconf 82' lang='lat' dir='ltr'><strong>diversis</strong></span> <span class='ocrx_word' id='word_1_107' title='bbox 708 1860 841 1915; x_wconf 90' lang='lat' dir='ltr'><strong>locis</strong></span> <span class='ocrx_word' id='word_1_108' title='bbox 864 1855 1079 1910; x_wconf 88' lang='lat' dir='ltr'><strong>diversa</strong></span> <span class='ocrx_word' id='word_1_109' title='bbox 1106 1848 1422 1913; x_wconf 85' lang='lat' dir='ltr'><strong>congruant.</strong></span> 
     </span>
    </p>
   </div>
   <div class='ocr_carea' id='block_1_16' title="bbox 456 1917 2040 2025">
    <p class='ocr_par' dir='ltr' id='par_1_16' title="bbox 456 1917 2040 2025">
     <span class='ocr_line' id='line_1_16' title="bbox 456 1917 2040 2025; baseline -0.029 -12"><span class='ocrx_word' id='word_1_110' title='bbox 456 1974 545 2013; x_wconf 82' lang='lat' dir='ltr'><strong>too</strong></span> <span class='ocrx_word' id='word_1_111' title='bbox 566 2000 579 2023; x_wconf 94' lang='lat'><strong>,</strong></span> <span class='ocrx_word' id='word_1_112' title='bbox 610 1952 752 2025; x_wconf 88' lang='lat' dir='ltr'><strong>quod</strong></span> <span class='ocrx_word' id='word_1_113' title='bbox 784 1951 835 2003; x_wconf 91' lang='lat' dir='ltr'><strong>in</strong></span> <span class='ocrx_word' id='word_1_114' title='bbox 864 1947 948 2001; x_wconf 85' lang='lat' dir='ltr'><strong>his</strong></span> <span class='ocrx_word' id='word_1_115' title='bbox 974 1959 1041 1999; x_wconf 86' lang='lat' dir='ltr'><strong>ex</strong></span> <span class='ocrx_word' id='word_1_116' title='bbox 1070 1940 1345 1995; x_wconf 83' lang='lat' dir='ltr'><strong>voluntate</strong></span> <span class='ocrx_word' id='word_1_117' title='bbox 1375 1926 1587 1985; x_wconf 84' lang='lat' dir='ltr'><strong>Domini</strong></span> <span class='ocrx_word' id='word_1_118' title='bbox 1618 1923 1717 1978; x_wconf 86' lang='lat' dir='ltr'><strong>sub</strong></span> <span class='ocrx_word' id='word_1_119' title='bbox 1743 1917 1922 1990; x_wconf 86' lang='lat' dir='ltr'><strong>specie</strong></span> <span class='ocrx_word' id='word_1_120' title='bbox 1946 1930 2040 1985; x_wconf 82' lang='lat' dir='ltr'><strong>ge-</strong></span> 
     </span>
    </p>
   </div>
   <div class='ocr_carea' id='block_1_17' title="bbox 455 2008 2041 2115">
    <p class='ocr_par' dir='ltr' id='par_1_17' title="bbox 455 2008 2041 2115">
     <span class='ocr_line' id='line_1_17' title="bbox 455 2008 2041 2115; baseline -0.028 -9"><span class='ocrx_word' id='word_1_121' title='bbox 455 2008 661 2107; x_wconf 70' lang='lat' dir='ltr'><strong>storum</strong></span> <span class='ocrx_word' id='word_1_122' title='bbox 690 2040 1052 2115; x_wconf 69' lang='lat' dir='ltr'><strong>praesentium</strong></span> <span class='ocrx_word' id='word_1_123' title='bbox 1081 2034 1234 2088; x_wconf 79' lang='lat' dir='ltr'><strong>ﬁeret</strong></span> <span class='ocrx_word' id='word_1_124' title='bbox 1262 2025 1510 2098; x_wconf 65' lang='lat' dir='ltr'><strong>quadam</strong></span> <span class='ocrx_word' id='word_1_125' title='bbox 1549 2014 1929 2089; x_wconf 67' lang='lat' dir='ltr'><strong>praeuuntiatio</strong></span> <span class='ocrx_word' id='word_1_126' title='bbox 1956 2008 2041 2063; x_wconf 80' lang='lat' dir='ltr'><strong>fu-</strong></span> 
     </span>
    </p>
   </div>
   <div class='ocr_carea' id='block_1_18' title="bbox 460 2156 727 2198">
    <p class='ocr_par' dir='ltr' id='par_1_18' title="bbox 460 2156 727 2198">
     <span class='ocr_line' id='line_1_18' title="bbox 460 2156 727 2198; baseline -0.03 0"><span class='ocrx_word' id='word_1_127' title='bbox 460 2156 703 2198; x_wconf 78' lang='lat' dir='ltr'><strong>llerl&#39;lHIl</strong></span> <span class='ocrx_word' id='word_1_128' title='bbox 716 2179 727 2191; x_wconf 87' lang='lat'><strong>.</strong></span> 
     </span>
    </p>
   </div>
   <div class='ocr_carea' id='block_1_19' title="bbox 530 2205 2042 2301">
    <p class='ocr_par' dir='ltr' id='par_1_19' title="bbox 530 2205 2042 2301">
     <span class='ocr_line' id='line_1_19' title="bbox 530 2205 2042 2301; baseline -0.028 -11"><span class='ocrx_word' id='word_1_129' title='bbox 530 2236 635 2289; x_wconf 91' lang='lat' dir='ltr'><strong>Int.</strong></span> <span class='ocrx_word' id='word_1_130' title='bbox 676 2231 813 2301; x_wconf 83' lang='lat' dir='ltr'><strong>Quid</strong></span> <span class='ocrx_word' id='word_1_131' title='bbox 844 2238 929 2283; x_wconf 89' lang='lat' dir='ltr'><strong>est</strong></span> <span class='ocrx_word' id='word_1_132' title='bbox 958 2224 1101 2294; x_wconf 89' lang='lat' dir='ltr'><strong>quod</strong></span> <span class='ocrx_word' id='word_1_133' title='bbox 1130 2219 1297 2273; x_wconf 89' lang='lat' dir='ltr'><strong>dicit:</strong></span> <span class='ocrx_word' id='word_1_134' title='bbox 1332 2213 1396 2267; x_wconf 89' lang='lat' dir='ltr'><strong>Et</strong></span> <span class='ocrx_word' id='word_1_135' title='bbox 1417 2226 1529 2265; x_wconf 89' lang='lat' dir='ltr'><strong>ecce</strong></span> <span class='ocrx_word' id='word_1_136' title='bbox 1548 2208 1664 2261; x_wconf 77' lang='lat' dir='ltr'><strong>uitis</strong></span> <span class='ocrx_word' id='word_1_137' title='bbox 1693 2221 1745 2256; x_wconf 84' lang='lat' dir='ltr'><strong>tn</strong></span> <span class='ocrx_word' id='word_1_138' title='bbox 1767 2205 2042 2266; x_wconf 85' lang='lat' dir='ltr'><strong>conspectu</strong></span> 
     </span>
    </p>
   </div>
   <div class='ocr_carea' id='block_1_20' title="bbox 460 2295 1769 2394">
    <p class='ocr_par' dir='ltr' id='par_1_20' title="bbox 460 2295 1769 2394">
     <span class='ocr_line' id='line_1_20' title="bbox 460 2295 1769 2394; baseline -0.028 -10"><span class='ocrx_word' id='word_1_139' title='bbox 460 2348 590 2394; x_wconf 87' lang='lat' dir='ltr'><strong>meo,</strong></span> <span class='ocrx_word' id='word_1_140' title='bbox 622 2337 669 2381; x_wconf 88' lang='lat' dir='ltr'><strong>et</strong></span> <span class='ocrx_word' id='word_1_141' title='bbox 693 2342 805 2379; x_wconf 86' lang='lat' dir='ltr'><strong>ecce</strong></span> <span class='ocrx_word' id='word_1_142' title='bbox 827 2326 879 2375; x_wconf 87' lang='lat' dir='ltr'><strong>in</strong></span> <span class='ocrx_word' id='word_1_143' title='bbox 908 2321 1004 2373; x_wconf 79' lang='lat' dir='ltr'><strong>uite</strong></span> <span class='ocrx_word' id='word_1_144' title='bbox 1030 2326 1130 2369; x_wconf 80' lang='lat' dir='ltr'><strong>tres</strong></span> <span class='ocrx_word' id='word_1_145' title='bbox 1162 2310 1311 2381; x_wconf 78' lang='lat' dir='ltr'><strong>fundi</strong></span> <span class='ocrx_word' id='word_1_146' title='bbox 1334 2304 1489 2378; x_wconf 80' lang='lat' dir='ltr'><strong>(Gen.</strong></span> <span class='ocrx_word' id='word_1_147' title='bbox 1524 2316 1613 2364; x_wconf 78' lang='lat' dir='ltr'><strong>XL,</strong></span> <span class='ocrx_word' id='word_1_148' title='bbox 1645 2295 1769 2365; x_wconf 77' lang='lat' dir='ltr'><strong>l0)?</strong></span> 
     </span>
    </p>
   </div>
   <div class='ocr_carea' id='block_1_21' title="bbox 537 2386 2046 2490">
    <p class='ocr_par' dir='ltr' id='par_1_21' title="bbox 537 2386 2046 2490">
     <span class='ocr_line' id='line_1_21' title="bbox 537 2386 2046 2490; baseline -0.027 -15"><span class='ocrx_word' id='word_1_149' title='bbox 537 2386 687 2490; x_wconf 71' lang='lat' dir='ltr'><strong>Resp.</strong></span> <span class='ocrx_word' id='word_1_150' title='bbox 730 2415 851 2469; x_wconf 87' lang='lat' dir='ltr'><strong>Tria</strong></span> <span class='ocrx_word' id='word_1_151' title='bbox 893 2410 1099 2478; x_wconf 83' lang='lat' dir='ltr'><strong>ﬂagella</strong></span> <span class='ocrx_word' id='word_1_152' title='bbox 1129 2405 1213 2459; x_wconf 86' lang='lat' dir='ltr'><strong>vel</strong></span> <span class='ocrx_word' id='word_1_153' title='bbox 1244 2411 1353 2455; x_wconf 89' lang='lat' dir='ltr'><strong>tres</strong></span> <span class='ocrx_word' id='word_1_154' title='bbox 1386 2393 1708 2465; x_wconf 76' lang='lat' dir='ltr'><strong>propagines</strong></span> <span class='ocrx_word' id='word_1_155' title='bbox 1743 2386 2046 2443; x_wconf 87' lang='lat' dir='ltr'><strong>indicantur</strong></span> 
     </span>
    </p>
   </div>
   <div class='ocr_carea' id='block_1_22' title="bbox 464 2489 1620 2569">
    <p class='ocr_par' dir='ltr' id='par_1_22' title="bbox 464 2489 1620 2569">
     <span class='ocr_line' id='line_1_22' title="bbox 464 2489 1620 2569; baseline -0.026 -2"><span class='ocrx_word' id='word_1_156' title='bbox 464 2515 561 2569; x_wconf 89' lang='lat' dir='ltr'><strong>sub</strong></span> <span class='ocrx_word' id='word_1_157' title='bbox 593 2489 691 2563; x_wconf 83' lang='lat' dir='ltr'><strong>liae</strong></span> <span class='ocrx_word' id='word_1_158' title='bbox 719 2507 881 2561; x_wconf 87' lang='lat' dir='ltr'><strong>trium</strong></span> <span class='ocrx_word' id='word_1_159' title='bbox 908 2498 1281 2557; x_wconf 82' lang='lat' dir='ltr'><strong>enuntiatione</strong></span> <span class='ocrx_word' id='word_1_160' title='bbox 1304 2489 1620 2544; x_wconf 82' lang='lat' dir='ltr'><strong>fundorum.</strong></span> 
     </span>
    </p>
   </div>
   <div class='ocr_carea' id='block_1_23' title="bbox 1109 2601 1396 2646">
    <p class='ocr_par' dir='ltr' id='par_1_23' title="bbox 1109 2601 1396 2646">
     <span class='ocr_line' id='line_1_23' title="bbox 1109 2601 1396 2646; baseline -0.021 0"><span class='ocrx_word' id='word_1_161' title='bbox 1109 2606 1162 2646; x_wconf 74' lang='lat' dir='ltr'><strong>IN</strong></span> <span class='ocrx_word' id='word_1_162' title='bbox 1201 2601 1396 2644; x_wconf 73' lang='lat' dir='ltr'><strong>IXODO.</strong></span> 
     </span>
    </p>
   </div>
   <div class='ocr_carea' id='block_1_24' title="bbox 538 2675 2051 2760">
    <p class='ocr_par' dir='ltr' id='par_1_24' title="bbox 538 2675 2051 2760">
     <span class='ocr_line' id='line_1_24' title="bbox 538 2675 2051 2760; baseline -0.022 -9"><span class='ocrx_word' id='word_1_163' title='bbox 538 2697 565 2751; x_wconf 93' lang='grc'><strong><em>1</em></strong></span> <span class='ocrx_word' id='word_1_164' title='bbox 572 2704 648 2750; x_wconf 87' lang='lat' dir='ltr'><strong>nt.</strong></span> <span class='ocrx_word' id='word_1_165' title='bbox 692 2692 941 2760; x_wconf 82' lang='lat' dir='ltr'><strong>Loquitur</strong></span> <span class='ocrx_word' id='word_1_166' title='bbox 969 2689 1037 2742; x_wconf 86' lang='lat' dir='ltr'><strong>ad</strong></span> <span class='ocrx_word' id='word_1_167' title='bbox 1069 2684 1328 2740; x_wconf 78' lang='lat' dir='ltr'><strong>Abraham</strong></span> <span class='ocrx_word' id='word_1_168' title='bbox 1364 2678 1522 2740; x_wconf 87' lang='lat' dir='ltr'><strong>Deus,</strong></span> <span class='ocrx_word' id='word_1_169' title='bbox 1551 2675 1687 2745; x_wconf 88' lang='lat' dir='ltr'><strong>quod</strong></span> <span class='ocrx_word' id='word_1_170' title='bbox 1716 2679 1897 2741; x_wconf 85' lang='lat' dir='ltr'><strong>quarta</strong></span> <span class='ocrx_word' id='word_1_171' title='bbox 1931 2682 2051 2735; x_wconf 86' lang='lat' dir='ltr'><strong>pro—</strong></span> 
     </span>
    </p>
   </div>
   <div class='ocr_carea' id='block_1_25' title="bbox 466 2758 2047 2862">
    <p class='ocr_par' dir='ltr' id='par_1_25' title="bbox 466 2758 2047 2862">
     <span class='ocr_line' id='line_1_25' title="bbox 466 2758 2047 2862; baseline -0.023 -17"><span class='ocrx_word' id='word_1_172' title='bbox 466 2792 607 2862; x_wconf 82' lang='lat' dir='ltr'><strong>genie</strong></span> <span class='ocrx_word' id='word_1_173' title='bbox 629 2788 691 2841; x_wconf 87' lang='lat' dir='ltr'><strong>de</strong></span> <span class='ocrx_word' id='word_1_174' title='bbox 714 2758 850 2839; x_wconf 78' lang='lat' dir='ltr'><strong>terra</strong></span> <span class='ocrx_word' id='word_1_175' title='bbox 877 2780 1096 2853; x_wconf 84' lang='lat' dir='ltr'><strong>/Egypti</strong></span> <span class='ocrx_word' id='word_1_176' title='bbox 1119 2774 1367 2830; x_wconf 77' lang='lat' dir='ltr'><strong>reversuri</strong></span> <span class='ocrx_word' id='word_1_177' title='bbox 1391 2776 1555 2824; x_wconf 87' lang='lat' dir='ltr'><strong>essent</strong></span> <span class='ocrx_word' id='word_1_178' title='bbox 1584 2764 1683 2835; x_wconf 83' lang='lat' dir='ltr'><strong>ﬁlii</strong></span> <span class='ocrx_word' id='word_1_179' title='bbox 1707 2762 1729 2816; x_wconf 87' lang='grc'><strong><em>1</em></strong></span> <span class='ocrx_word' id='word_1_180' title='bbox 1738 2760 1871 2817; x_wconf 88' lang='lat' dir='ltr'><strong>srael</strong></span> <span class='ocrx_word' id='word_1_181' title='bbox 1893 2758 2047 2830; x_wconf 85' lang='lat' dir='ltr'><strong>(Gen.</strong></span> 
     </span>
    </p>
   </div>
   <div class='ocr_carea' id='block_1_26' title="bbox 470 2851 2051 2947">
    <p class='ocr_par' dir='ltr' id='par_1_26' title="bbox 470 2851 2051 2947">
     <span class='ocr_line' id='line_1_26' title="bbox 470 2851 2051 2947; baseline -0.022 -10"><span class='ocrx_word' id='word_1_182' title='bbox 470 2851 556 2944; x_wconf 44' lang='lat' dir='ltr'><strong>&quot;xv,</strong></span> <span class='ocrx_word' id='word_1_183' title='bbox 588 2878 711 2947; x_wconf 72' lang='lat' dir='ltr'><strong>lii),</strong></span> <span class='ocrx_word' id='word_1_184' title='bbox 742 2885 797 2930; x_wconf 88' lang='lat' dir='ltr'><strong>et</strong></span> <span class='ocrx_word' id='word_1_185' title='bbox 822 2851 1095 2944; x_wconf 87' lang='lat' dir='ltr'><strong>quomodo</strong></span> <span class='ocrx_word' id='word_1_186' title='bbox 1127 2875 1311 2937; x_wconf 89' lang='lat' dir='ltr'><strong>postea</strong></span> <span class='ocrx_word' id='word_1_187' title='bbox 1346 2862 1558 2930; x_wconf 78' lang='lat' dir='ltr'><strong>Moyses</strong></span> <span class='ocrx_word' id='word_1_188' title='bbox 1593 2855 1783 2911; x_wconf 86' lang='lat' dir='ltr'><strong>scribit</strong></span> <span class='ocrx_word' id='word_1_189' title='bbox 1815 2870 1827 2905; x_wconf 90' lang='lat'><strong>:</strong></span> <span class='ocrx_word' id='word_1_190' title='bbox 1858 2851 2051 2919; x_wconf 86' lang='lat' dir='ltr'><strong>Quinta</strong></span> 
     </span>
    </p>
   </div>
   <div class='ocr_carea' id='block_1_27' title="bbox 471 2946 2054 3042">
    <p class='ocr_par' dir='ltr' id='par_1_27' title="bbox 471 2946 2054 3042">
     <span class='ocr_line' id='line_1_27' title="bbox 471 2946 2054 3042; baseline -0.023 -10"><span class='ocrx_word' id='word_1_191' title='bbox 471 2967 949 3042; x_wconf 87' lang='lat' dir='ltr'><strong>autemprogenie</strong></span> <span class='ocrx_word' id='word_1_192' title='bbox 1011 2960 1373 3018; x_wconf 88' lang='lat' dir='ltr'><strong>ascenderunt</strong></span> <span class='ocrx_word' id='word_1_193' title='bbox 1420 2953 1517 3008; x_wconf 84' lang='lat' dir='ltr'><strong>lilii</strong></span> <span class='ocrx_word' id='word_1_194' title='bbox 1571 2948 1738 3008; x_wconf 89' lang='lat' dir='ltr'><strong>lsrael</strong></span> <span class='ocrx_word' id='word_1_195' title='bbox 1791 2946 1861 3000; x_wconf 91' lang='lat' dir='ltr'><strong>de</strong></span> <span class='ocrx_word' id='word_1_196' title='bbox 1907 2952 2054 2998; x_wconf 89' lang='lat' dir='ltr'><strong>terra</strong></span> 
     </span>
    </p>
   </div>
   <div class='ocr_carea' id='block_1_28' title="bbox 476 3065 731 3139">
    <p class='ocr_par' dir='ltr' id='par_1_28' title="bbox 476 3065 731 3139">
     <span class='ocr_line' id='line_1_28' title="bbox 476 3065 731 3139; baseline -0.039 -12"><span class='ocrx_word' id='word_1_197' title='bbox 476 3065 731 3139; x_wconf 65' lang='lat' dir='ltr'><strong>Egypti?</strong></span> 
     </span>
    </p>
   </div>
   <div class='ocr_carea' id='block_1_29' title="bbox 545 3130 2059 3226">
    <p class='ocr_par' dir='ltr' id='par_1_29' title="bbox 545 3130 2059 3226">
     <span class='ocr_line' id='line_1_29' title="bbox 545 3130 2059 3226; baseline -0.022 -14"><span class='ocrx_word' id='word_1_198' title='bbox 545 3130 703 3226; x_wconf 61' lang='lat' dir='ltr'><strong>Resp.</strong></span> <span class='ocrx_word' id='word_1_199' title='bbox 743 3155 798 3209; x_wconf 89' lang='lat' dir='ltr'><strong>Si</strong></span> <span class='ocrx_word' id='word_1_200' title='bbox 829 3148 1200 3222; x_wconf 79' lang='lat' dir='ltr'><strong>genealogiam</strong></span> <span class='ocrx_word' id='word_1_201' title='bbox 1232 3139 1525 3199; x_wconf 91' lang='lat' dir='ltr'><strong>secundum</strong></span> <span class='ocrx_word' id='word_1_202' title='bbox 1558 3134 1692 3191; x_wconf 83' lang='lat' dir='ltr'><strong>Levi</strong></span> <span class='ocrx_word' id='word_1_203' title='bbox 1727 3130 1928 3187; x_wconf 89' lang='lat' dir='ltr'><strong>tribum</strong></span> <span class='ocrx_word' id='word_1_204' title='bbox 1973 3141 2059 3179; x_wconf 90' lang='lat' dir='ltr'><strong>re-</strong></span> 
     </span>
    </p>
   </div>
   <div class='ocr_carea' id='block_1_30' title="bbox 476 3219 2057 3322">
    <p class='ocr_par' dir='ltr' id='par_1_30' title="bbox 476 3219 2057 3322">
     <span class='ocr_line' id='line_1_30' title="bbox 476 3219 2057 3322; baseline -0.021 -16"><span class='ocrx_word' id='word_1_205' title='bbox 476 3252 680 3322; x_wconf 89' lang='lat' dir='ltr'><strong>quiras,</strong></span> <span class='ocrx_word' id='word_1_206' title='bbox 708 3253 941 3314; x_wconf 85' lang='lat' dir='ltr'><strong>quatuor</strong></span> <span class='ocrx_word' id='word_1_207' title='bbox 969 3238 1249 3311; x_wconf 77' lang='lat' dir='ltr'><strong>progenies</strong></span> <span class='ocrx_word' id='word_1_208' title='bbox 1291 3248 1389 3304; x_wconf 90' lang='lat' dir='ltr'><strong>pro</strong></span> <span class='ocrx_word' id='word_1_209' title='bbox 1435 3230 1666 3284; x_wconf 81' lang='lat' dir='ltr'><strong>ﬁliorqu</strong></span> <span class='ocrx_word' id='word_1_210' title='bbox 1707 3219 2057 3279; x_wconf 87' lang='lat' dir='ltr'><strong>successione</strong></span> 
     </span>
    </p>
   </div>
   <div class='ocr_carea' id='block_1_31' title="bbox 478 3312 2065 3397">
    <p class='ocr_par' dir='ltr' id='par_1_31' title="bbox 478 3312 2065 3397">
     <span class='ocr_line' id='line_1_31' title="bbox 478 3312 2065 3397; baseline -0.022 0"><span class='ocrx_word' id='word_1_211' title='bbox 478 3312 793 3397; x_wconf 74' lang='lat' dir='ltr'><strong>numerabis</strong></span> <span class='ocrx_word' id='word_1_212' title='bbox 827 3354 838 3388; x_wconf 90' lang='lat'><strong>:</strong></span> <span class='ocrx_word' id='word_1_213' title='bbox 871 3333 918 3387; x_wconf 88' lang='lat' dir='ltr'><strong>si</strong></span> <span class='ocrx_word' id='word_1_214' title='bbox 939 3332 1113 3385; x_wconf 90' lang='lat' dir='ltr'><strong>tribus</strong></span> <span class='ocrx_word' id='word_1_215' title='bbox 1140 3327 1293 3383; x_wconf 71' lang='lat' dir='ltr'><strong>Judte</strong></span> <span class='ocrx_word' id='word_1_216' title='bbox 1320 3323 1452 3378; x_wconf 87' lang='lat' dir='ltr'><strong>ordo</strong></span> <span class='ocrx_word' id='word_1_217' title='bbox 1482 3319 1798 3389; x_wconf 89' lang='lat' dir='ltr'><strong>replicetur,</strong></span> <span class='ocrx_word' id='word_1_218' title='bbox 1826 3312 2065 3381; x_wconf 88' lang='lat' dir='ltr'><strong>quinque</strong></span> 
     </span>
    </p>
   </div>
   <div class='ocr_carea' id='block_1_32' title="bbox 479 3401 2063 3504">
    <p class='ocr_par' dir='ltr' id='par_1_32' title="bbox 479 3401 2063 3504">
     <span class='ocr_line' id='line_1_32' title="bbox 479 3401 2063 3504; baseline -0.025 -13"><span class='ocrx_word' id='word_1_219' title='bbox 479 3432 889 3504; x_wconf 86' lang='lat' dir='ltr'><strong>generationum</strong></span> <span class='ocrx_word' id='word_1_220' title='bbox 929 3421 1301 3478; x_wconf 78' lang='lat' dir='ltr'><strong>successiones</strong></span> <span class='ocrx_word' id='word_1_221' title='bbox 1345 3414 1608 3476; x_wconf 79' lang='lat' dir='ltr'><strong>invenies,</strong></span> <span class='ocrx_word' id='word_1_222' title='bbox 1655 3418 1976 3478; x_wconf 87' lang='lat' dir='ltr'><strong>quamquam</strong></span> <span class='ocrx_word' id='word_1_223' title='bbox 2009 3401 2063 3454; x_wconf 91' lang='lat' dir='ltr'><strong>in</strong></span> 
     </span>
    </p>
   </div>
   <div class='ocr_carea' id='block_1_33' title="bbox 483 3494 2069 3587">
    <p class='ocr_par' dir='ltr' id='par_1_33' title="bbox 483 3494 2069 3587">
     <span class='ocr_line' id='line_1_33' title="bbox 483 3494 2069 3587; baseline -0.022 -3"><span class='ocrx_word' id='word_1_224' title='bbox 483 3494 730 3587; x_wconf 65' lang='lat' dir='ltr'><strong>Rebraeo,</strong></span> <span class='ocrx_word' id='word_1_225' title='bbox 761 3530 820 3575; x_wconf 91' lang='lat' dir='ltr'><strong>ut</strong></span> <span class='ocrx_word' id='word_1_226' title='bbox 852 3518 1054 3572; x_wconf 87' lang='lat' dir='ltr'><strong>indicat</strong></span> <span class='ocrx_word' id='word_1_227' title='bbox 1077 3512 1282 3581; x_wconf 76' lang='lat' dir='ltr'><strong>Aquilae</strong></span> <span class='ocrx_word' id='word_1_228' title='bbox 1312 3502 1697 3563; x_wconf 77' lang='lat' dir='ltr'><strong>studiosiSsimi</strong></span> <span class='ocrx_word' id='word_1_229' title='bbox 1725 3494 2069 3555; x_wconf 82' lang='lat' dir='ltr'><strong>translatorls</strong></span> 
     </span>
    </p>
   </div>
   <div class='ocr_carea' id='block_1_34' title="bbox 485 3589 2067 3679">
    <p class='ocr_par' dir='ltr' id='par_1_34' title="bbox 485 3589 2067 3679">
     <span class='ocr_line' id='line_1_34' title="bbox 485 3589 2067 3679; baseline -0.023 -4"><span class='ocrx_word' id='word_1_230' title='bbox 485 3616 673 3679; x_wconf 84' lang='lat' dir='ltr'><strong>editio,</strong></span> <span class='ocrx_word' id='word_1_231' title='bbox 703 3627 807 3665; x_wconf 87' lang='lat' dir='ltr'><strong>non</strong></span> <span class='ocrx_word' id='word_1_232' title='bbox 834 3607 1051 3671; x_wconf 82' lang='lat' dir='ltr'><strong>habeat,</strong></span> <span class='ocrx_word' id='word_1_233' title='bbox 1080 3603 1276 3671; x_wconf 88' lang='lat' dir='ltr'><strong>Quinta</strong></span> <span class='ocrx_word' id='word_1_234' title='bbox 1304 3597 1652 3668; x_wconf 80' lang='lat' dir='ltr'><strong>generatione</strong></span> <span class='ocrx_word' id='word_1_235' title='bbox 1672 3589 2067 3645; x_wconf 90' lang='lat' dir='ltr'><strong>ascenderunt:</strong></span> 
     </span>
    </p>
   </div>
   <div class='ocr_carea' id='block_1_35' title="bbox 487 3678 2072 3777">
    <p class='ocr_par' dir='ltr' id='par_1_35' title="bbox 487 3678 2072 3777">
     <span class='ocr_line' id='line_1_35' title="bbox 487 3678 2072 3777; baseline -0.025 -9"><span class='ocrx_word' id='word_1_236' title='bbox 487 3710 616 3777; x_wconf 88' lang='lat' dir='ltr'><strong>sed,</strong></span> <span class='ocrx_word' id='word_1_237' title='bbox 649 3704 849 3760; x_wconf 78' lang='lat' dir='ltr'><strong>Armati</strong></span> <span class='ocrx_word' id='word_1_238' title='bbox 872 3702 1207 3753; x_wconf 85' lang='lat' dir='ltr'><strong>ascenderant</strong></span> <span class='ocrx_word' id='word_1_239' title='bbox 1244 3693 1341 3763; x_wconf 77' lang='lat' dir='ltr'><strong>ﬁlii</strong></span> <span class='ocrx_word' id='word_1_240' title='bbox 1383 3688 1550 3744; x_wconf 82' lang='lat' dir='ltr'><strong>Israel</strong></span> <span class='ocrx_word' id='word_1_241' title='bbox 1589 3686 1651 3740; x_wconf 88' lang='lat' dir='ltr'><strong>de</strong></span> <span class='ocrx_word' id='word_1_242' title='bbox 1686 3694 1823 3739; x_wconf 86' lang='lat' dir='ltr'><strong>terra</strong></span> <span class='ocrx_word' id='word_1_243' title='bbox 1853 3678 2072 3750; x_wconf 59' lang='lat' dir='ltr'><strong>rEgypti</strong></span> 
     </span>
    </p>
   </div>
   <div class='ocr_carea' id='block_1_36' title="bbox 491 3791 1005 3874">
    <p class='ocr_par' dir='ltr' id='par_1_36' title="bbox 491 3791 1005 3874">
     <span class='ocr_line' id='line_1_36' title="bbox 491 3791 1005 3874; baseline -0.027 -16"><span class='ocrx_word' id='word_1_244' title='bbox 491 3800 691 3874; x_wconf 72' lang='lat' dir='ltr'><strong>(Exod.</strong></span> <span class='ocrx_word' id='word_1_245' title='bbox 724 3810 853 3861; x_wconf 86' lang='lat' dir='ltr'><strong>xm,</strong></span> <span class='ocrx_word' id='word_1_246' title='bbox 889 3791 1005 3863; x_wconf 83' lang='lat' dir='ltr'><strong>l8).</strong></span> 
     </span>
    </p>
   </div>
   <div class='ocr_carea' id='block_1_37' title="bbox 562 3872 1785 3955">
    <p class='ocr_par' dir='ltr' id='par_1_37' title="bbox 562 3872 1785 3955">
     <span class='ocr_line' id='line_1_37' title="bbox 562 3872 1785 3955; baseline -0.024 -5"><span class='ocrx_word' id='word_1_247' title='bbox 562 3894 670 3950; x_wconf 86' lang='lat' dir='ltr'><strong>lnt.</strong></span> <span class='ocrx_word' id='word_1_248' title='bbox 715 3893 771 3948; x_wconf 91' lang='lat' dir='ltr'><strong>In</strong></span> <span class='ocrx_word' id='word_1_249' title='bbox 809 3884 1104 3955; x_wconf 85' lang='lat' dir='ltr'><strong>Scripturis</strong></span> <span class='ocrx_word' id='word_1_250' title='bbox 1142 3881 1455 3950; x_wconf 78' lang='lat' dir='ltr'><strong>frequenter</strong></span> <span class='ocrx_word' id='word_1_251' title='bbox 1495 3872 1726 3942; x_wconf 75' lang='lat' dir='ltr'><strong>legimus</strong></span> <span class='ocrx_word' id='word_1_252' title='bbox 1772 3886 1785 3920; x_wconf 92' lang='lat'><strong>:</strong></span> 
     </span>
    </p>
   </div>
   <div class='ocr_carea' id='block_1_38' title="bbox 494 3954 2080 4043">
    <p class='ocr_par' dir='ltr' id='par_1_38' title="bbox 494 3954 2080 4043">
     <span class='ocr_line' id='line_1_38' title="bbox 494 3954 2080 4043; baseline -0.023 -1"><span class='ocrx_word' id='word_1_253' title='bbox 494 3987 746 4043; x_wconf 75' lang='lat' dir='ltr'><strong>Dominus</strong></span> <span class='ocrx_word' id='word_1_254' title='bbox 775 3998 793 4035; x_wconf 91' lang='lat'><strong><em>:</em></strong></span> <span class='ocrx_word' id='word_1_255' title='bbox 821 3954 962 4034; x_wconf 86' lang='lat' dir='ltr'><strong>istud</strong></span> <span class='ocrx_word' id='word_1_256' title='bbox 1010 3975 1198 4029; x_wconf 85' lang='lat' dir='ltr'><strong>dicere</strong></span> <span class='ocrx_word' id='word_1_257' title='bbox 1246 3967 1459 4025; x_wconf 89' lang='lat' dir='ltr'><strong>Domini</strong></span> <span class='ocrx_word' id='word_1_258' title='bbox 1499 3960 1773 4034; x_wconf 90' lang='lat' dir='ltr'><strong>quomodo</strong></span> <span class='ocrx_word' id='word_1_259' title='bbox 1808 3954 2080 4023; x_wconf 84' lang='lat' dir='ltr'><strong>accipien-</strong></span> 
     </span>
    </p>
   </div>
   <div class='ocr_carea' id='block_1_39' title="bbox 497 4078 766 4137">
    <p class='ocr_par' dir='ltr' id='par_1_39' title="bbox 497 4078 766 4137">
     <span class='ocr_line' id='line_1_39' title="bbox 497 4078 766 4137; baseline -0.033 0"><span class='ocrx_word' id='word_1_260' title='bbox 497 4084 623 4137; x_wconf 90' lang='lat' dir='ltr'><strong>dum</strong></span> <span class='ocrx_word' id='word_1_261' title='bbox 654 4078 766 4133; x_wconf 73' lang='lat' dir='ltr'><strong>est?</strong></span> 
     </span>
    </p>
   </div>
   <div class='ocr_carea' id='block_1_40' title="bbox 570 4138 2081 4233">
    <p class='ocr_par' dir='ltr' id='par_1_40' title="bbox 570 4138 2081 4233">
     <span class='ocr_line' id='line_1_40' title="bbox 570 4138 2081 4233; baseline -0.024 -7"><span class='ocrx_word' id='word_1_262' title='bbox 570 4173 728 4233; x_wconf 88' lang='lat' dir='ltr'><strong>Resp.</strong></span> <span class='ocrx_word' id='word_1_263' title='bbox 772 4166 962 4219; x_wconf 86' lang='lat' dir='ltr'><strong>Dicere</strong></span> <span class='ocrx_word' id='word_1_264' title='bbox 1018 4158 1282 4214; x_wconf 87' lang='lat' dir='ltr'><strong>Dominus</strong></span> <span class='ocrx_word' id='word_1_265' title='bbox 1336 4151 1421 4206; x_wconf 91' lang='lat' dir='ltr'><strong>vel</strong></span> <span class='ocrx_word' id='word_1_266' title='bbox 1485 4147 1629 4218; x_wconf 89' lang='lat' dir='ltr'><strong>loqui</strong></span> <span class='ocrx_word' id='word_1_267' title='bbox 1689 4141 1978 4203; x_wconf 86' lang='lat' dir='ltr'><strong>scribitur,</strong></span> <span class='ocrx_word' id='word_1_268' title='bbox 2034 4138 2081 4191; x_wconf 89' lang='lat' dir='ltr'><strong>si</strong></span> 
     </span>
    </p>
   </div>
   <div class='ocr_carea' id='block_1_41' title="bbox 500 4230 2083 4336">
    <p class='ocr_par' dir='ltr' id='par_1_41' title="bbox 500 4230 2083 4336">
     <span class='ocr_line' id='line_1_41' title="bbox 500 4230 2083 4336; baseline -0.022 -18"><span class='ocrx_word' id='word_1_269' title='bbox 500 4261 718 4336; x_wconf 82' lang='lat' dir='ltr'><strong>quando</strong></span> <span class='ocrx_word' id='word_1_270' title='bbox 744 4257 811 4312; x_wconf 89' lang='lat' dir='ltr'><strong>ad</strong></span> <span class='ocrx_word' id='word_1_271' title='bbox 838 4263 1145 4311; x_wconf 88' lang='lat' dir='ltr'><strong>sanctorum</strong></span> <span class='ocrx_word' id='word_1_272' title='bbox 1176 4260 1337 4302; x_wconf 87' lang='lat' dir='ltr'><strong>aures</strong></span> <span class='ocrx_word' id='word_1_273' title='bbox 1363 4254 1711 4313; x_wconf 80' lang='lat' dir='ltr'><strong>expressum,</strong></span> <span class='ocrx_word' id='word_1_274' title='bbox 1736 4236 1825 4305; x_wconf 89' lang='lat' dir='ltr'><strong>qui</strong></span> <span class='ocrx_word' id='word_1_275' title='bbox 1852 4247 1996 4301; x_wconf 70' lang='lat' dir='ltr'><strong>stepe</strong></span> <span class='ocrx_word' id='word_1_276' title='bbox 2015 4230 2083 4285; x_wconf 85' lang='lat' dir='ltr'><strong>ab</strong></span> 
     </span>
    </p>
   </div>
   <div class='ocr_carea' id='block_1_42' title="bbox 502 4327 2085 4414">
    <p class='ocr_par' dir='ltr' id='par_1_42' title="bbox 502 4327 2085 4414">
     <span class='ocr_line' id='line_1_42' title="bbox 502 4327 2085 4414; baseline -0.021 -2"><span class='ocrx_word' id='word_1_277' title='bbox 502 4359 624 4414; x_wconf 87' lang='lat' dir='ltr'><strong>aliis</strong></span> <span class='ocrx_word' id='word_1_278' title='bbox 655 4369 763 4409; x_wconf 93' lang='lat' dir='ltr'><strong>non</strong></span> <span class='ocrx_word' id='word_1_279' title='bbox 793 4349 1029 4414; x_wconf 90' lang='lat' dir='ltr'><strong>auditur,</strong></span> <span class='ocrx_word' id='word_1_280' title='bbox 1056 4342 1183 4398; x_wconf 79' lang='lat' dir='ltr'><strong>iacit</strong></span> <span class='ocrx_word' id='word_1_281' title='bbox 1210 4353 1403 4395; x_wconf 87' lang='lat' dir='ltr'><strong>sonum</strong></span> <span class='ocrx_word' id='word_1_282' title='bbox 1432 4334 1722 4404; x_wconf 89' lang='lat' dir='ltr'><strong>pervenire</strong></span> <span class='ocrx_word' id='word_1_283' title='bbox 1744 4327 2032 4383; x_wconf 88' lang='lat' dir='ltr'><strong>verborum</strong></span> <span class='ocrx_word' id='word_1_284' title='bbox 2068 4342 2085 4379; x_wconf 89' lang='lat'><strong>:</strong></span> 
     </span>
    </p>
   </div>
   <div class='ocr_carea' id='block_1_43' title="bbox 504 4420 2087 4513">
    <p class='ocr_par' dir='ltr' id='par_1_43' title="bbox 504 4420 2087 4513">
     <span class='ocr_line' id='line_1_43' title="bbox 504 4420 2087 4513; baseline -0.021 -7"><span class='ocrx_word' id='word_1_285' title='bbox 504 4455 612 4506; x_wconf 83' lang='lat' dir='ltr'><strong>Aut</strong></span> <span class='ocrx_word' id='word_1_286' title='bbox 642 4454 771 4503; x_wconf 85' lang='lat' dir='ltr'><strong>eum</strong></span> <span class='ocrx_word' id='word_1_287' title='bbox 815 4457 911 4513; x_wconf 83' lang='lat' dir='ltr'><strong>per</strong></span> <span class='ocrx_word' id='word_1_288' title='bbox 948 4436 1210 4506; x_wconf 87' lang='lat' dir='ltr'><strong>assumpti</strong></span> <span class='ocrx_word' id='word_1_289' title='bbox 1246 4427 1538 4502; x_wconf 86' lang='lat' dir='ltr'><strong>cujuslibet</strong></span> <span class='ocrx_word' id='word_1_290' title='bbox 1564 4423 1810 4494; x_wconf 88' lang='lat' dir='ltr'><strong>corporis</strong></span> <span class='ocrx_word' id='word_1_291' title='bbox 1850 4420 2087 4488; x_wconf 85' lang='lat' dir='ltr'><strong>speciem</strong></span> 
     </span>
    </p>
   </div>
   <div class='ocr_carea' id='block_1_44' title="bbox 504 4516 2088 4610">
    <p class='ocr_par' dir='ltr' id='par_1_44' title="bbox 504 4516 2088 4610">
     <span class='ocr_line' id='line_1_44' title="bbox 504 4516 2088 4610; baseline -0.021 -10"><span class='ocrx_word' id='word_1_292' title='bbox 504 4546 649 4602; x_wconf 90' lang='lat' dir='ltr'><strong>Deus</strong></span> <span class='ocrx_word' id='word_1_293' title='bbox 674 4539 951 4610; x_wconf 91' lang='lat' dir='ltr'><strong>loquitur:</strong></span> <span class='ocrx_word' id='word_1_294' title='bbox 978 4541 1072 4588; x_wconf 87' lang='lat' dir='ltr'><strong>aut</strong></span> <span class='ocrx_word' id='word_1_295' title='bbox 1093 4544 1215 4587; x_wconf 91' lang='lat' dir='ltr'><strong>eum</strong></span> <span class='ocrx_word' id='word_1_296' title='bbox 1238 4525 1431 4597; x_wconf 85' lang='lat' dir='ltr'><strong>aliquis</strong></span> <span class='ocrx_word' id='word_1_297' title='bbox 1460 4519 1833 4577; x_wconf 86' lang='lat' dir='ltr'><strong>admonitione</strong></span> <span class='ocrx_word' id='word_1_298' title='bbox 1858 4516 1973 4569; x_wconf 86' lang='lat' dir='ltr'><strong>sive</strong></span> <span class='ocrx_word' id='word_1_299' title='bbox 1999 4528 2088 4567; x_wconf 89' lang='lat' dir='ltr'><strong>re-</strong></span> 
     </span>
    </p>
   </div>
   <div class='ocr_carea' id='block_1_45' title="bbox 506 4606 2092 4690">
    <p class='ocr_par' dir='ltr' id='par_1_45' title="bbox 506 4606 2092 4690">
     <span class='ocr_line' id='line_1_45' title="bbox 506 4606 2092 4690; baseline -0.02 0"><span class='ocrx_word' id='word_1_300' title='bbox 506 4635 778 4690; x_wconf 86' lang='lat' dir='ltr'><strong>velatione</strong></span> <span class='ocrx_word' id='word_1_301' title='bbox 827 4634 1113 4682; x_wconf 59' lang='lat' dir='ltr'><strong>nocturnae</strong></span> <span class='ocrx_word' id='word_1_302' title='bbox 1158 4616 1382 4675; x_wconf 89' lang='lat' dir='ltr'><strong>visionis</strong></span> <span class='ocrx_word' id='word_1_303' title='bbox 1428 4613 1715 4670; x_wconf 88' lang='lat' dir='ltr'><strong>instruitur</strong></span> <span class='ocrx_word' id='word_1_304' title='bbox 1756 4624 1770 4662; x_wconf 91' lang='lat'>:</span> <span class='ocrx_word' id='word_1_305' title='bbox 1811 4606 1897 4661; x_wconf 91' lang='lat' dir='ltr'><strong>vel</strong></span> <span class='ocrx_word' id='word_1_306' title='bbox 1945 4612 2092 4658; x_wconf 90' lang='lat' dir='ltr'><strong>certe</strong></span> 
     </span>
    </p>
   </div>
   <div class='ocr_carea' id='block_1_46' title="bbox 508 4695 2095 4791">
    <p class='ocr_par' dir='ltr' id='par_1_46' title="bbox 508 4695 2095 4791">
     <span class='ocr_line' id='line_1_46' title="bbox 508 4695 2095 4791; baseline -0.022 -8"><span class='ocrx_word' id='word_1_307' title='bbox 508 4740 630 4783; x_wconf 90' lang='lat' dir='ltr'><strong>cum</strong></span> <span class='ocrx_word' id='word_1_308' title='bbox 660 4739 724 4779; x_wconf 93' lang='lat' dir='ltr'><strong>ea</strong></span> <span class='ocrx_word' id='word_1_309' title='bbox 754 4735 877 4791; x_wconf 67' lang='lat' dir='ltr'><strong>quae</strong></span> <span class='ocrx_word' id='word_1_310' title='bbox 904 4716 989 4787; x_wconf 91' lang='lat' dir='ltr'><strong>agi</strong></span> <span class='ocrx_word' id='word_1_311' title='bbox 1017 4712 1131 4769; x_wconf 90' lang='lat' dir='ltr'><strong>vult</strong></span> <span class='ocrx_word' id='word_1_312' title='bbox 1179 4709 1461 4776; x_wconf 90' lang='lat' dir='ltr'><strong>Dominus,</strong></span> <span class='ocrx_word' id='word_1_313' title='bbox 1488 4713 1798 4760; x_wconf 85' lang='lat' dir='ltr'><strong>sanctorum</strong></span> <span class='ocrx_word' id='word_1_314' title='bbox 1838 4695 2095 4751; x_wconf 85' lang='lat' dir='ltr'><strong>cordibus</strong></span> 
     </span>
    </p>
   </div>
   <div class='ocr_carea' id='block_1_47' title="bbox 510 4784 2094 4887">
    <p class='ocr_par' dir='ltr' id='par_1_47' title="bbox 510 4784 2094 4887">
     <span class='ocr_line' id='line_1_47' title="bbox 510 4784 2094 4887; baseline -0.023 -14"><span class='ocrx_word' id='word_1_315' title='bbox 510 4829 568 4875; x_wconf 93' lang='lat' dir='ltr'><strong>ut</strong></span> <span class='ocrx_word' id='word_1_316' title='bbox 596 4784 855 4887; x_wconf 77' lang='lat' dir='ltr'><strong>agantur,</strong></span> <span class='ocrx_word' id='word_1_317' title='bbox 889 4784 1151 4878; x_wconf 75' lang='lat' dir='ltr'><strong>inspirat,</strong></span> <span class='ocrx_word' id='word_1_318' title='bbox 1188 4800 1483 4858; x_wconf 90' lang='lat' dir='ltr'><strong>secundum</strong></span> <span class='ocrx_word' id='word_1_319' title='bbox 1514 4794 1647 4851; x_wconf 92' lang='lat' dir='ltr'><strong>illud</strong></span> <span class='ocrx_word' id='word_1_320' title='bbox 1676 4810 1689 4845; x_wconf 89' lang='lat'><strong>:</strong></span> <span class='ocrx_word' id='word_1_321' title='bbox 1721 4790 1941 4846; x_wconf 78' lang='lat' dir='ltr'><strong>Audiam</strong></span> <span class='ocrx_word' id='word_1_322' title='bbox 1969 4784 2094 4857; x_wconf 86' lang='lat' dir='ltr'><strong>quid</strong></span> 
     </span>
    </p>
   </div>
   <div class='ocr_carea' id='block_1_48' title="bbox 512 4881 1875 4981">
    <p class='ocr_par' dir='ltr' id='par_1_48' title="bbox 512 4881 1875 4981">
     <span class='ocr_line' id='line_1_48' title="bbox 512 4881 1875 4981; baseline -0.022 -16"><span class='ocrx_word' id='word_1_323' title='bbox 512 4881 752 4981; x_wconf 66' lang='lat' dir='ltr'><strong>loquatur</strong></span> <span class='ocrx_word' id='word_1_324' title='bbox 770 4908 825 4959; x_wconf 85' lang='lat' dir='ltr'><strong>in</strong></span> <span class='ocrx_word' id='word_1_325' title='bbox 845 4920 922 4957; x_wconf 90' lang='lat' dir='ltr'><strong>me</strong></span> <span class='ocrx_word' id='word_1_326' title='bbox 950 4899 1203 4955; x_wconf 81' lang='lat' dir='ltr'><strong>Dominus</strong></span> <span class='ocrx_word' id='word_1_327' title='bbox 1236 4894 1373 4948; x_wconf 90' lang='lat' dir='ltr'><strong>Deus</strong></span> <span class='ocrx_word' id='word_1_328' title='bbox 1401 4888 1521 4962; x_wconf 90' lang='lat' dir='ltr'><strong>(Ps.</strong></span> <span class='ocrx_word' id='word_1_329' title='bbox 1548 4900 1765 4951; x_wconf 77' lang='lat' dir='ltr'><strong>Lxxxtv,</strong></span> <span class='ocrx_word' id='word_1_330' title='bbox 1794 4881 1875 4952; x_wconf 87' lang='lat'><strong>9).</strong></span> 
     </span>
    </p>
   </div>
   <div class='ocr_carea' id='block_1_49' title="bbox 584 4976 2097 5057">
    <p class='ocr_par' dir='ltr' id='par_1_49' title="bbox 584 4976 2097 5057">
     <span class='ocr_line' id='line_1_49' title="bbox 584 4976 2097 5057; baseline -0.022 0"><span class='ocrx_word' id='word_1_331' title='bbox 584 4976 693 5057; x_wconf 80' lang='lat' dir='ltr'><strong>lnt.</strong></span> <span class='ocrx_word' id='word_1_332' title='bbox 734 4999 877 5055; x_wconf 90' lang='lat' dir='ltr'><strong>Dicit</strong></span> <span class='ocrx_word' id='word_1_333' title='bbox 921 4994 1179 5050; x_wconf 90' lang='lat' dir='ltr'><strong>Dominus</strong></span> <span class='ocrx_word' id='word_1_334' title='bbox 1219 4987 1287 5043; x_wconf 89' lang='lat' dir='ltr'><strong>ad</strong></span> <span class='ocrx_word' id='word_1_335' title='bbox 1330 4987 1554 5055; x_wconf 80' lang='lat' dir='ltr'><strong>Moysen</strong></span> <span class='ocrx_word' id='word_1_336' title='bbox 1590 4998 1604 5035; x_wconf 89' lang='lat'><strong>:</strong></span> <span class='ocrx_word' id='word_1_337' title='bbox 1642 4976 1941 5034; x_wconf 87' lang='lat' dir='ltr'><strong>Posteriora</strong></span> <span class='ocrx_word' id='word_1_338' title='bbox 1982 4986 2097 5025; x_wconf 87' lang='lat' dir='ltr'><strong>meo</strong></span> 
     </span>
    </p>
   </div>
   <div class='ocr_carea' id='block_1_50' title="bbox 512 5066 2095 5163">
    <p class='ocr_par' dir='ltr' id='par_1_50' title="bbox 512 5066 2095 5163">
     <span class='ocr_line' id='line_1_50' title="bbox 512 5066 2095 5163; baseline -0.021 -12"><span class='ocrx_word' id='word_1_339' title='bbox 512 5095 704 5151; x_wconf 75' lang='lat' dir='ltr'><strong>ridebis</strong></span> <span class='ocrx_word' id='word_1_340' title='bbox 735 5087 929 5163; x_wconf 71' lang='lat' dir='ltr'><strong>(Exod.</strong></span> <span class='ocrx_word' id='word_1_341' title='bbox 958 5098 1152 5151; x_wconf 85' lang='grc' dir='ltr'><strong>ιιιιιι,</strong></span> <span class='ocrx_word' id='word_1_342' title='bbox 1180 5080 1277 5152; x_wconf 76' lang='lat'><strong>25)</strong></span> <span class='ocrx_word' id='word_1_343' title='bbox 1321 5096 1336 5132; x_wconf 89' lang='lat'><strong>:</strong></span> <span class='ocrx_word' id='word_1_344' title='bbox 1378 5076 1511 5149; x_wconf 89' lang='lat' dir='ltr'><strong>quid</strong></span> <span class='ocrx_word' id='word_1_345' title='bbox 1557 5073 1647 5129; x_wconf 86' lang='lat' dir='ltr'><strong>hic</strong></span> <span class='ocrx_word' id='word_1_346' title='bbox 1690 5066 2095 5138; x_wconf 90' lang='lat' dir='ltr'><strong>intelligendum</strong></span> 
     </span>
    </p>
   </div>
   <div class='ocr_carea' id='block_1_51' title="bbox 474 5174 639 5243">
    <p class='ocr_par' dir='ltr' id='par_1_51' title="bbox 474 5174 639 5243">
     <span class='ocr_line' id='line_1_51' title="bbox 474 5174 639 5243; baseline -0.006 0"><span class='ocrx_word' id='word_1_347' title='bbox 474 5174 639 5243; x_wconf 58' lang='lat' dir='ltr'><strong>&#39;est?</strong></span> 
     </span>
    </p>
   </div>
   <div class='ocr_carea' id='block_1_52' title="bbox 476 5248 2103 5352">
    <p class='ocr_par' dir='ltr' id='par_1_52' title="bbox 476 5248 2103 5352">
     <span class='ocr_line' id='line_1_52' title="bbox 476 5248 2103 5352; baseline -0.023 -13"><span class='ocrx_word' id='word_1_348' title='bbox 476 5310 485 5352; x_wconf 54' lang='lat'><strong>,-</strong></span> <span class='ocrx_word' id='word_1_349' title='bbox 588 5281 748 5349; x_wconf 83' lang='lat' dir='ltr'><strong>Resp.</strong></span> <span class='ocrx_word' id='word_1_350' title='bbox 788 5273 943 5344; x_wconf 83' lang='lat' dir='ltr'><strong>Quod</strong></span> <span class='ocrx_word' id='word_1_351' title='bbox 997 5268 1306 5341; x_wconf 89' lang='lat' dir='ltr'><strong>posteriora</strong></span> <span class='ocrx_word' id='word_1_352' title='bbox 1375 5262 1680 5318; x_wconf 88' lang='lat' dir='ltr'><strong>divinorum</strong></span> <span class='ocrx_word' id='word_1_353' title='bbox 1750 5266 1976 5324; x_wconf 90' lang='lat' dir='ltr'><strong>operum</strong></span> <span class='ocrx_word' id='word_1_354' title='bbox 2045 5248 2103 5303; x_wconf 90' lang='lat' dir='ltr'><strong>in</strong></span> 
     </span>
    </p>
   </div>
   <div class='ocr_carea' id='block_1_53' title="bbox 480 5341 2103 5442">
    <p class='ocr_par' dir='ltr' id='par_1_53' title="bbox 480 5341 2103 5442">
     <span class='ocr_line' id='line_1_53' title="bbox 480 5341 2103 5442; baseline -0.023 -11"><span class='ocrx_word' id='word_1_355' title='bbox 480 5342 484 5381; x_wconf 21' lang='grc' dir='ltr'>Τ</span> <span class='ocrx_word' id='word_1_356' title='bbox 515 5341 736 5430; x_wconf 76' lang='lat' dir='ltr'><strong>Christo</strong></span> <span class='ocrx_word' id='word_1_357' title='bbox 766 5341 1060 5442; x_wconf 79' lang='lat' dir='ltr'><strong>postremis</strong></span> <span class='ocrx_word' id='word_1_358' title='bbox 1101 5354 1496 5417; x_wconf 81' lang='lat' dir='ltr'><strong>manilestanda</strong></span> <span class='ocrx_word' id='word_1_359' title='bbox 1530 5348 1901 5421; x_wconf 82' lang='lat' dir='ltr'><strong>temporibus,</strong></span> <span class='ocrx_word' id='word_1_360' title='bbox 1933 5342 2021 5398; x_wconf 86' lang='lat' dir='ltr'><strong>vel</strong></span> <span class='ocrx_word' id='word_1_361' title='bbox 2050 5341 2103 5395; x_wconf 87' lang='lat' dir='ltr'><strong>in</strong></span> 
     </span>
    </p>
   </div>
   <div class='ocr_carea' id='block_1_54' title="bbox 518 5444 1784 5540">
    <p class='ocr_par' dir='ltr' id='par_1_54' title="bbox 518 5444 1784 5540">
     <span class='ocr_line' id='line_1_54' title="bbox 518 5444 1784 5540; baseline -0.019 -19"><span class='ocrx_word' id='word_1_362' title='bbox 518 5469 711 5540; x_wconf 69' lang='lat' dir='ltr'><strong>spiritu</strong></span> <span class='ocrx_word' id='word_1_363' title='bbox 732 5466 948 5519; x_wconf 85' lang='lat' dir='ltr'><strong>visurus</strong></span> <span class='ocrx_word' id='word_1_364' title='bbox 983 5465 1161 5521; x_wconf 83' lang='lat' dir='ltr'><strong>esset,</strong></span> <span class='ocrx_word' id='word_1_365' title='bbox 1188 5452 1277 5509; x_wconf 81' lang='lat' dir='ltr'><strong>vel</strong></span> <span class='ocrx_word' id='word_1_366' title='bbox 1303 5452 1360 5507; x_wconf 91' lang='lat' dir='ltr'><strong>in</strong></span> <span class='ocrx_word' id='word_1_367' title='bbox 1389 5448 1623 5520; x_wconf 85' lang='lat' dir='ltr'><strong>posteris</strong></span> <span class='ocrx_word' id='word_1_368' title='bbox 1652 5444 1784 5499; x_wconf 91' lang='lat' dir='ltr'><strong>suis.</strong></span> 
     </span>
    </p>
   </div>
   <div class='ocr_carea' id='block_1_55' title="bbox 470 5530 2108 5629">
    <p class='ocr_par' dir='ltr' id='par_1_55' title="bbox 470 5530 2108 5629">
     <span class='ocr_line' id='line_1_55' title="bbox 470 5530 2108 5629; baseline 0.005 -52"><span class='ocrx_word' id='word_1_369' title='bbox 470 5548 478 5577; x_wconf 72' lang='grc' dir='ltr'><strong><em>ς</em></strong></span> <span class='ocrx_word' id='word_1_370' title='bbox 552 5530 563 5540; x_wconf 89' lang='grc'><strong><em>“</em></strong></span> <span class='ocrx_word' id='word_1_371' title='bbox 592 5559 702 5618; x_wconf 64' lang='lat' dir='ltr'><strong>Ini.</strong></span> <span class='ocrx_word' id='word_1_372' title='bbox 742 5559 875 5629; x_wconf 73' lang='lat' dir='ltr'><strong>Qua:</strong></span> <span class='ocrx_word' id='word_1_373' title='bbox 902 5548 1192 5610; x_wconf 77' lang='lat' dir='ltr'><strong>referenda</strong></span> <span class='ocrx_word' id='word_1_374' title='bbox 1220 5553 1349 5603; x_wconf 82' lang='lat' dir='ltr'><strong>sunt</strong></span> <span class='ocrx_word' id='word_1_375' title='bbox 1403 5539 1808 5613; x_wconf 89' lang='lat' dir='ltr'><strong>inquirentibus</strong></span> <span class='ocrx_word' id='word_1_376' title='bbox 1838 5549 1999 5606; x_wconf 89' lang='lat' dir='ltr'><strong>quam</strong></span> <span class='ocrx_word' id='word_1_377' title='bbox 2038 5530 2108 5587; x_wconf 93' lang='lat' dir='ltr'><strong>ob</strong></span> 
     </span>
    </p>
   </div>
   <div class='ocr_carea' id='block_1_56' title="bbox 522 5626 2109 5709">
    <p class='ocr_par' dir='ltr' id='par_1_56' title="bbox 522 5626 2109 5709">
     <span class='ocr_line' id='line_1_56' title="bbox 522 5626 2109 5709; baseline -0.02 0"><span class='ocrx_word' id='word_1_378' title='bbox 522 5669 743 5709; x_wconf 84' lang='lat' dir='ltr'><strong>causam</strong></span> <span class='ocrx_word' id='word_1_379' title='bbox 768 5626 931 5705; x_wconf 33' lang='lat' dir='ltr'><strong>&#39;Dens</strong></span> <span class='ocrx_word' id='word_1_380' title='bbox 958 5645 1055 5701; x_wconf 88' lang='lat' dir='ltr'><strong>uni</strong></span> <span class='ocrx_word' id='word_1_381' title='bbox 1085 5649 1299 5697; x_wconf 88' lang='lat' dir='ltr'><strong>tantum</strong></span> <span class='ocrx_word' id='word_1_382' title='bbox 1340 5636 1490 5709; x_wconf 89' lang='lat' dir='ltr'><strong>genti</strong></span> <span class='ocrx_word' id='word_1_383' title='bbox 1534 5648 1629 5703; x_wconf 91' lang='lat' dir='ltr'><strong>per</strong></span> <span class='ocrx_word' id='word_1_384' title='bbox 1675 5631 1897 5701; x_wconf 76' lang='lat' dir='ltr'><strong>Moysen</strong></span> <span class='ocrx_word' id='word_1_385' title='bbox 1937 5626 2109 5694; x_wconf 84' lang='lat' dir='ltr'><strong>legem</strong></span> 
     </span>
    </p>
   </div>
   <div class='ocr_carea' id='block_1_57' title="bbox 527 5718 2111 5802">
    <p class='ocr_par' dir='ltr' id='par_1_57' title="bbox 527 5718 2111 5802">
     <span class='ocr_line' id='line_1_57' title="bbox 527 5718 2111 5802; baseline -0.013 -11"><span class='ocrx_word' id='word_1_386' title='bbox 527 5740 740 5794; x_wconf 87' lang='lat' dir='ltr'><strong>dederit</strong></span> <span class='ocrx_word' id='word_1_387' title='bbox 774 5756 787 5788; x_wconf 74' lang='grc' dir='ltr'>ε</span> <span class='ocrx_word' id='word_1_388' title='bbox 828 5747 991 5802; x_wconf 85' lang='lat' dir='ltr'><strong>atque</strong></span> <span class='ocrx_word' id='word_1_389' title='bbox 1019 5733 1159 5785; x_wconf 85' lang='lat' dir='ltr'><strong>hanc</strong></span> <span class='ocrx_word' id='word_1_390' title='bbox 1192 5732 1366 5797; x_wconf 87' lang='lat' dir='ltr'><strong>ipsam</strong></span> <span class='ocrx_word' id='word_1_391' title='bbox 1394 5724 1565 5779; x_wconf 89' lang='lat' dir='ltr'><strong>multa</strong></span> <span class='ocrx_word' id='word_1_392' title='bbox 1590 5722 1699 5791; x_wconf 86' lang='lat' dir='ltr'><strong>jam</strong></span> <span class='ocrx_word' id='word_1_393' title='bbox 1738 5718 1921 5773; x_wconf 81' lang='lat' dir='ltr'><strong>saeculi</strong></span> <span class='ocrx_word' id='word_1_394' title='bbox 1952 5722 2111 5771; x_wconf 71' lang='lat' dir='ltr'><strong>aetate</strong></span> 
     </span>
    </p>
   </div>
   <div class='ocr_carea' id='block_1_58' title="bbox 528 5824 873 5882">
    <p class='ocr_par' dir='ltr' id='par_1_58' title="bbox 528 5824 873 5882">
     <span class='ocr_line' id='line_1_58' title="bbox 528 5824 873 5882; baseline -0.023 0"><span class='ocrx_word' id='word_1_395' title='bbox 528 5824 873 5882; x_wconf 69' lang='lat' dir='ltr'><strong>transcursa?</strong></span> 
     </span>
    </p>
   </div>
   <div class='ocr_carea' id='block_1_59' title="bbox 1404 316 2695 397">
    <p class='ocr_par' dir='ltr' id='par_1_59' title="bbox 1404 316 2695 397">
     <span class='ocr_line' id='line_1_59' title="bbox 1404 316 2695 397; baseline -0.022 0"><span class='ocrx_word' id='word_1_396' title='bbox 1404 345 1463 397; x_wconf 75' lang='grc'><strong>5.</strong></span> <span class='ocrx_word' id='word_1_397' title='bbox 1505 331 1830 394; x_wconf 73' lang='grc' dir='ltr'><strong>Ευοιιειιιι</strong></span> <span class='ocrx_word' id='word_1_398' title='bbox 1870 321 2352 385; x_wconf 77' lang='lat' dir='ltr'><strong>LUGDUNENSIS</strong></span> <span class='ocrx_word' id='word_1_399' title='bbox 2390 316 2695 375; x_wconf 82' lang='lat' dir='ltr'><strong>EPISCOPI</strong></span> 
     </span>
    </p>
   </div>
   <div class='ocr_carea' id='block_1_60' title="bbox 1996 506 3710 594">
    <p class='ocr_par' dir='ltr' id='par_1_60' title="bbox 1996 506 3710 594">
     <span class='ocr_line' id='line_1_60' title="bbox 1996 506 3710 594; baseline -0.011 -13"><span class='ocrx_word' id='word_1_400' title='bbox 1996 558 2017 571; x_wconf 73' lang='grc' dir='ltr'><strong>ο</strong></span> <span class='ocrx_word' id='word_1_401' title='bbox 2118 527 2209 591; x_wconf 88' lang='lat' dir='ltr'><strong>sit,</strong></span> <span class='ocrx_word' id='word_1_402' title='bbox 2257 539 2379 594; x_wconf 70' lang='lat' dir='ltr'><strong>qua:</strong></span> <span class='ocrx_word' id='word_1_403' title='bbox 2424 520 2672 575; x_wconf 87' lang='lat' dir='ltr'><strong>omnibus</strong></span> <span class='ocrx_word' id='word_1_404' title='bbox 2712 516 2964 588; x_wconf 89' lang='lat' dir='ltr'><strong>gentibus</strong></span> <span class='ocrx_word' id='word_1_405' title='bbox 3004 509 3397 568; x_wconf 86' lang='lat' dir='ltr'><strong>constitutione</strong></span> <span class='ocrx_word' id='word_1_406' title='bbox 3444 506 3710 563; x_wconf 76' lang='lat' dir='ltr'><strong>naturalis</strong></span> 
     </span>
    </p>
   </div>
   <div class='ocr_carea' id='block_1_61' title="bbox 2120 599 3712 689">
    <p class='ocr_par' dir='ltr' id='par_1_61' title="bbox 2120 599 3712 689">
     <span class='ocr_line' id='line_1_61' title="bbox 2120 599 3712 689; baseline -0.011 -16"><span class='ocrx_word' id='word_1_407' title='bbox 2120 618 2254 689; x_wconf 88' lang='lat' dir='ltr'><strong>legis</strong></span> <span class='ocrx_word' id='word_1_408' title='bbox 2303 614 2645 679; x_wconf 83' lang='lat' dir='ltr'><strong>innascitur,</strong></span> <span class='ocrx_word' id='word_1_409' title='bbox 2684 606 2948 679; x_wconf 77' lang='lat' dir='ltr'><strong>Apostolo</strong></span> <span class='ocrx_word' id='word_1_410' title='bbox 2996 606 3095 660; x_wconf 89' lang='lat' dir='ltr'><strong>hoc</strong></span> <span class='ocrx_word' id='word_1_411' title='bbox 3141 602 3305 657; x_wconf 89' lang='lat' dir='ltr'><strong>etiam</strong></span> <span class='ocrx_word' id='word_1_412' title='bbox 3352 599 3712 655; x_wconf 80' lang='lat' dir='ltr'><strong>conﬁrmante</strong></span> 
     </span>
    </p>
   </div>
   <div class='ocr_carea' id='block_1_62' title="bbox 2122 690 3711 781">
    <p class='ocr_par' dir='ltr' id='par_1_62' title="bbox 2122 690 3711 781">
     <span class='ocr_line' id='line_1_62' title="bbox 2122 690 3711 781; baseline -0.013 -15"><span class='ocrx_word' id='word_1_413' title='bbox 2122 720 2287 781; x_wconf 87' lang='lat' dir='ltr'><strong>atque</strong></span> <span class='ocrx_word' id='word_1_414' title='bbox 2313 708 2531 763; x_wconf 90' lang='lat' dir='ltr'><strong>dicente</strong></span> <span class='ocrx_word' id='word_1_415' title='bbox 2566 723 2579 757; x_wconf 91' lang='lat'><strong>:</strong></span> <span class='ocrx_word' id='word_1_416' title='bbox 2611 702 2741 758; x_wconf 89' lang='lat' dir='ltr'><strong>Cum</strong></span> <span class='ocrx_word' id='word_1_417' title='bbox 2766 702 2903 756; x_wconf 86' lang='lat' dir='ltr'><strong>enim</strong></span> <span class='ocrx_word' id='word_1_418' title='bbox 2924 705 3118 769; x_wconf 81' lang='lat' dir='ltr'><strong>gentes,</strong></span> <span class='ocrx_word' id='word_1_419' title='bbox 3140 709 3258 767; x_wconf 68' lang='lat' dir='ltr'><strong>quia</strong></span> <span class='ocrx_word' id='word_1_420' title='bbox 3285 693 3448 764; x_wconf 84' lang='lat' dir='ltr'><strong>legem</strong></span> <span class='ocrx_word' id='word_1_421' title='bbox 3475 708 3586 746; x_wconf 87' lang='lat' dir='ltr'><strong>non</strong></span> <span class='ocrx_word' id='word_1_422' title='bbox 3616 690 3711 746; x_wconf 87' lang='lat' dir='ltr'><strong>ho-</strong></span> 
     </span>
    </p>
   </div>
   <div class='ocr_carea' id='block_1_63' title="bbox 2124 784 3714 868">
    <p class='ocr_par' dir='ltr' id='par_1_63' title="bbox 2124 784 3714 868">
     <span class='ocr_line' id='line_1_63' title="bbox 2124 784 3714 868; baseline -0.013 -10"><span class='ocrx_word' id='word_1_423' title='bbox 2124 803 2261 868; x_wconf 85' lang='lat' dir='ltr'><strong>bent,</strong></span> <span class='ocrx_word' id='word_1_424' title='bbox 2291 800 2597 854; x_wconf 80' lang='lat' dir='ltr'><strong>naturaliter</strong></span> <span class='ocrx_word' id='word_1_425' title='bbox 2629 811 2742 867; x_wconf 76' lang='lat' dir='ltr'><strong>qute</strong></span> <span class='ocrx_word' id='word_1_426' title='bbox 2773 792 2899 865; x_wconf 82' lang='lat' dir='ltr'><strong>legis</strong></span> <span class='ocrx_word' id='word_1_427' title='bbox 2925 800 3065 855; x_wconf 87' lang='lat' dir='ltr'><strong>sunt,</strong></span> <span class='ocrx_word' id='word_1_428' title='bbox 3101 788 3323 858; x_wconf 76' lang='lat' dir='ltr'><strong>faciunt,</strong></span> <span class='ocrx_word' id='word_1_429' title='bbox 3354 784 3611 857; x_wconf 77' lang='lat' dir='ltr'><strong>ejusmodi</strong></span> <span class='ocrx_word' id='word_1_430' title='bbox 3643 784 3714 838; x_wconf 83' lang='lat' dir='ltr'><strong>le-</strong></span> 
     </span>
    </p>
   </div>
   <div class='ocr_carea' id='block_1_64' title="bbox 2124 878 3711 966">
    <p class='ocr_par' dir='ltr' id='par_1_64' title="bbox 2124 878 3711 966">
     <span class='ocr_line' id='line_1_64' title="bbox 2124 878 3711 966; baseline -0.014 -17"><span class='ocrx_word' id='word_1_431' title='bbox 2124 910 2237 966; x_wconf 80' lang='lat' dir='ltr'><strong>gem</strong></span> <span class='ocrx_word' id='word_1_432' title='bbox 2258 908 2361 946; x_wconf 89' lang='lat' dir='ltr'><strong>non</strong></span> <span class='ocrx_word' id='word_1_433' title='bbox 2382 889 2643 952; x_wconf 83' lang='lat' dir='ltr'><strong>habentes,</strong></span> <span class='ocrx_word' id='word_1_434' title='bbox 2668 886 2764 940; x_wconf 86' lang='lat' dir='ltr'><strong>sibi</strong></span> <span class='ocrx_word' id='word_1_435' title='bbox 2789 884 2889 953; x_wconf 85' lang='lat' dir='ltr'><strong>ipsi</strong></span> <span class='ocrx_word' id='word_1_436' title='bbox 2910 894 3028 935; x_wconf 84' lang='lat' dir='ltr'><strong>sunt</strong></span> <span class='ocrx_word' id='word_1_437' title='bbox 3051 881 3155 943; x_wconf 74' lang='lat' dir='ltr'><strong>lex,</strong></span> <span class='ocrx_word' id='word_1_438' title='bbox 3179 879 3267 950; x_wconf 86' lang='lat' dir='ltr'><strong>qui</strong></span> <span class='ocrx_word' id='word_1_439' title='bbox 3287 878 3561 931; x_wconf 82' lang='lat' dir='ltr'><strong>ostendunt</strong></span> <span class='ocrx_word' id='word_1_440' title='bbox 3581 892 3711 944; x_wconf 86' lang='lat' dir='ltr'><strong>opus</strong></span> 
     </span>
    </p>
   </div>
   <div class='ocr_carea' id='block_1_65' title="bbox 2126 969 3711 1057">
    <p class='ocr_par' dir='ltr' id='par_1_65' title="bbox 2126 969 3711 1057">
     <span class='ocr_line' id='line_1_65' title="bbox 2126 969 3711 1057; baseline -0.012 -17"><span class='ocrx_word' id='word_1_441' title='bbox 2126 986 2252 1057; x_wconf 78' lang='lat' dir='ltr'><strong>legis</strong></span> <span class='ocrx_word' id='word_1_442' title='bbox 2280 983 2528 1053; x_wconf 85' lang='lat' dir='ltr'><strong>scriptum</strong></span> <span class='ocrx_word' id='word_1_443' title='bbox 2573 981 2627 1032; x_wconf 86' lang='lat' dir='ltr'><strong>iu</strong></span> <span class='ocrx_word' id='word_1_444' title='bbox 2671 976 2908 1031; x_wconf 84' lang='lat' dir='ltr'><strong>cordibus</strong></span> <span class='ocrx_word' id='word_1_445' title='bbox 2946 974 3052 1027; x_wconf 88' lang='lat' dir='ltr'><strong>suis</strong></span> <span class='ocrx_word' id='word_1_446' title='bbox 3084 971 3261 1043; x_wconf 88' lang='lat' dir='ltr'><strong>(Rom.</strong></span> <span class='ocrx_word' id='word_1_447' title='bbox 3297 985 3366 1037; x_wconf 84' lang='grc' dir='ltr'><strong>ιι,</strong></span> <span class='ocrx_word' id='word_1_448' title='bbox 3397 969 3507 1038; x_wconf 70' lang='lat' dir='ltr'><strong>ﬂ).</strong></span> <span class='ocrx_word' id='word_1_449' title='bbox 3538 970 3711 1037; x_wconf 80' lang='lat' dir='ltr'><strong>Atque</strong></span> 
     </span>
    </p>
   </div>
   <div class='ocr_carea' id='block_1_66' title="bbox 2126 1060 3715 1135">
    <p class='ocr_par' dir='ltr' id='par_1_66' title="bbox 2126 1060 3715 1135">
     <span class='ocr_line' id='line_1_66' title="bbox 2126 1060 3715 1135; baseline -0.012 -2"><span class='ocrx_word' id='word_1_450' title='bbox 2126 1078 2330 1133; x_wconf 91' lang='lat' dir='ltr'><strong>idcirco</strong></span> <span class='ocrx_word' id='word_1_451' title='bbox 2367 1090 2475 1130; x_wconf 89' lang='lat' dir='ltr'><strong>non</strong></span> <span class='ocrx_word' id='word_1_452' title='bbox 2514 1088 2638 1128; x_wconf 90' lang='lat' dir='ltr'><strong>sero</strong></span> <span class='ocrx_word' id='word_1_453' title='bbox 2672 1072 2931 1124; x_wconf 89' lang='lat' dir='ltr'><strong>Dominus</strong></span> <span class='ocrx_word' id='word_1_454' title='bbox 2970 1067 3142 1135; x_wconf 89' lang='lat' dir='ltr'><strong>legem</strong></span> <span class='ocrx_word' id='word_1_455' title='bbox 3184 1064 3513 1118; x_wconf 64' lang='lat' dir='ltr'><strong>innocentiae</strong></span> <span class='ocrx_word' id='word_1_456' title='bbox 3542 1062 3595 1116; x_wconf 87' lang='lat' dir='ltr'><strong>in</strong></span> <span class='ocrx_word' id='word_1_457' title='bbox 3623 1060 3715 1115; x_wconf 89' lang='lat' dir='ltr'><strong>de-</strong></span> 
     </span>
    </p>
   </div>
   <div class='ocr_carea' id='block_1_67' title="bbox 2127 1151 3719 1233">
    <p class='ocr_par' dir='ltr' id='par_1_67' title="bbox 2127 1151 3719 1233">
     <span class='ocr_line' id='line_1_67' title="bbox 2127 1151 3719 1233; baseline -0.013 -8"><span class='ocrx_word' id='word_1_458' title='bbox 2127 1185 2247 1226; x_wconf 90' lang='lat' dir='ltr'><strong>cem</strong></span> <span class='ocrx_word' id='word_1_459' title='bbox 2280 1167 2445 1221; x_wconf 86' lang='lat' dir='ltr'><strong>verba</strong></span> <span class='ocrx_word' id='word_1_460' title='bbox 2484 1163 2735 1233; x_wconf 84' lang='lat' dir='ltr'><strong>collegit,</strong></span> <span class='ocrx_word' id='word_1_461' title='bbox 2766 1160 2922 1230; x_wconf 87' lang='lat' dir='ltr'><strong>cujus</strong></span> <span class='ocrx_word' id='word_1_462' title='bbox 2949 1158 3061 1227; x_wconf 84' lang='lat' dir='ltr'><strong>jam</strong></span> <span class='ocrx_word' id='word_1_463' title='bbox 3095 1155 3269 1209; x_wconf 69' lang='lat' dir='ltr'><strong>insita:</strong></span> <span class='ocrx_word' id='word_1_464' title='bbox 3314 1153 3368 1207; x_wconf 92' lang='lat' dir='ltr'><strong>in</strong></span> <span class='ocrx_word' id='word_1_465' title='bbox 3411 1151 3719 1220; x_wconf 88' lang='lat' dir='ltr'><strong>pectoribus</strong></span> 
     </span>
    </p>
   </div>
   <div class='ocr_carea' id='block_1_68' title="bbox 2129 1241 3720 1325">
    <p class='ocr_par' dir='ltr' id='par_1_68' title="bbox 2129 1241 3720 1325">
     <span class='ocr_line' id='line_1_68' title="bbox 2129 1241 3720 1325; baseline -0.013 -10"><span class='ocrx_word' id='word_1_466' title='bbox 2129 1259 2383 1315; x_wconf 88' lang='lat' dir='ltr'><strong>humanis</strong></span> <span class='ocrx_word' id='word_1_467' title='bbox 2424 1257 2576 1325; x_wconf 81' lang='lat' dir='ltr'><strong>origo</strong></span> <span class='ocrx_word' id='word_1_468' title='bbox 2621 1258 2994 1323; x_wconf 66' lang='lat' dir='ltr'><strong>pratcesserat.</strong></span> <span class='ocrx_word' id='word_1_469' title='bbox 3040 1246 3153 1301; x_wconf 86' lang='lat' dir='ltr'><strong>Nec</strong></span> <span class='ocrx_word' id='word_1_470' title='bbox 3198 1243 3345 1298; x_wconf 86' lang='lat' dir='ltr'><strong>tarde</strong></span> <span class='ocrx_word' id='word_1_471' title='bbox 3385 1258 3505 1298; x_wconf 89' lang='lat' dir='ltr'><strong>eam</strong></span> <span class='ocrx_word' id='word_1_472' title='bbox 3543 1241 3720 1297; x_wconf 79' lang='lat' dir='ltr'><strong>saxeis</strong></span> 
     </span>
    </p>
   </div>
   <div class='ocr_carea' id='block_1_69' title="bbox 2130 1336 3724 1416">
    <p class='ocr_par' dir='ltr' id='par_1_69' title="bbox 2130 1336 3724 1416">
     <span class='ocr_line' id='line_1_69' title="bbox 2130 1336 3724 1416; baseline -0.013 -6"><span class='ocrx_word' id='word_1_473' title='bbox 2130 1356 2329 1410; x_wconf 89' lang='lat' dir='ltr'><strong>tabulis</strong></span> <span class='ocrx_word' id='word_1_474' title='bbox 2378 1365 2565 1406; x_wconf 89' lang='lat' dir='ltr'><strong>rursus</strong></span> <span class='ocrx_word' id='word_1_475' title='bbox 2604 1345 2913 1416; x_wconf 91' lang='lat' dir='ltr'><strong>inscripsit,</strong></span> <span class='ocrx_word' id='word_1_476' title='bbox 2955 1356 3114 1412; x_wconf 89' lang='lat' dir='ltr'><strong>quam</strong></span> <span class='ocrx_word' id='word_1_477' title='bbox 3151 1340 3261 1409; x_wconf 89' lang='lat' dir='ltr'><strong>jam</strong></span> <span class='ocrx_word' id='word_1_478' title='bbox 3309 1346 3472 1391; x_wconf 85' lang='lat' dir='ltr'><strong>antea</strong></span> <span class='ocrx_word' id='word_1_479' title='bbox 3518 1336 3724 1405; x_wconf 83' lang='lat' dir='ltr'><strong>paginis</strong></span> 
     </span>
    </p>
   </div>
   <div class='ocr_carea' id='block_1_70' title="bbox 2132 1428 3721 1510">
    <p class='ocr_par' dir='ltr' id='par_1_70' title="bbox 2132 1428 3721 1510">
     <span class='ocr_line' id='line_1_70' title="bbox 2132 1428 3721 1510; baseline -0.016 -5"><span class='ocrx_word' id='word_1_480' title='bbox 2132 1446 2313 1505; x_wconf 84' lang='lat' dir='ltr'><strong>cordis</strong></span> <span class='ocrx_word' id='word_1_481' title='bbox 2353 1442 2730 1510; x_wconf 83' lang='lat' dir='ltr'><strong>insculpserat.</strong></span> <span class='ocrx_word' id='word_1_482' title='bbox 2767 1436 2976 1492; x_wconf 88' lang='lat' dir='ltr'><strong>Etenim</strong></span> <span class='ocrx_word' id='word_1_483' title='bbox 3007 1441 3133 1487; x_wconf 89' lang='lat' dir='ltr'><strong>ante</strong></span> <span class='ocrx_word' id='word_1_484' title='bbox 3172 1431 3309 1485; x_wconf 88' lang='lat' dir='ltr'><strong>hanc</strong></span> <span class='ocrx_word' id='word_1_485' title='bbox 3351 1428 3521 1500; x_wconf 76' lang='lat' dir='ltr'><strong>Moysi</strong></span> <span class='ocrx_word' id='word_1_486' title='bbox 3555 1428 3721 1497; x_wconf 86' lang='lat' dir='ltr'><strong>legem</strong></span> 
     </span>
    </p>
   </div>
   <div class='ocr_carea' id='block_1_71' title="bbox 2135 1521 3721 1601">
    <p class='ocr_par' dir='ltr' id='par_1_71' title="bbox 2135 1521 3721 1601">
     <span class='ocr_line' id='line_1_71' title="bbox 2135 1521 3721 1601; baseline -0.013 -6"><span class='ocrx_word' id='word_1_487' title='bbox 2135 1539 2367 1595; x_wconf 80' lang='lat' dir='ltr'><strong>habebat</strong></span> <span class='ocrx_word' id='word_1_488' title='bbox 2410 1544 2607 1590; x_wconf 89' lang='lat' dir='ltr'><strong>natura</strong></span> <span class='ocrx_word' id='word_1_489' title='bbox 2657 1532 2829 1601; x_wconf 77' lang='lat' dir='ltr'><strong>legem</strong></span> <span class='ocrx_word' id='word_1_490' title='bbox 2875 1543 3062 1595; x_wconf 86' lang='lat' dir='ltr'><strong>suam,</strong></span> <span class='ocrx_word' id='word_1_491' title='bbox 3106 1540 3201 1594; x_wconf 91' lang='lat' dir='ltr'><strong>per</strong></span> <span class='ocrx_word' id='word_1_492' title='bbox 3249 1538 3413 1593; x_wconf 88' lang='lat' dir='ltr'><strong>quam</strong></span> <span class='ocrx_word' id='word_1_493' title='bbox 3456 1531 3509 1576; x_wconf 92' lang='lat' dir='ltr'><strong>et</strong></span> <span class='ocrx_word' id='word_1_494' title='bbox 3558 1521 3721 1575; x_wconf 89' lang='lat' dir='ltr'><strong>Deum</strong></span> 
     </span>
    </p>
   </div>
   <div class='ocr_carea' id='block_1_72' title="bbox 2137 1612 3725 1696">
    <p class='ocr_par' dir='ltr' id='par_1_72' title="bbox 2137 1612 3725 1696">
     <span class='ocr_line' id='line_1_72' title="bbox 2137 1612 3725 1696; baseline -0.012 -11"><span class='ocrx_word' id='word_1_495' title='bbox 2137 1629 2321 1685; x_wconf 89' lang='lat' dir='ltr'><strong>mundi</strong></span> <span class='ocrx_word' id='word_1_496' title='bbox 2352 1628 2583 1696; x_wconf 66' lang='lat' dir='ltr'><strong>vitaeque</strong></span> <span class='ocrx_word' id='word_1_497' title='bbox 2612 1632 2892 1678; x_wconf 88' lang='lat' dir='ltr'><strong>auctorem</strong></span> <span class='ocrx_word' id='word_1_498' title='bbox 2919 1631 3237 1690; x_wconf 87' lang='lat' dir='ltr'><strong>agnoscere,</strong></span> <span class='ocrx_word' id='word_1_499' title='bbox 3268 1627 3323 1670; x_wconf 91' lang='lat' dir='ltr'><strong>et</strong></span> <span class='ocrx_word' id='word_1_500' title='bbox 3352 1630 3453 1684; x_wconf 74' lang='lat' dir='ltr'><strong>pt‘r</strong></span> <span class='ocrx_word' id='word_1_501' title='bbox 3480 1616 3579 1667; x_wconf 84' lang='lat' dir='ltr'><strong>hoc</strong></span> <span class='ocrx_word' id='word_1_502' title='bbox 3607 1612 3725 1666; x_wconf 87' lang='lat' dir='ltr'><strong>dili—</strong></span> 
     </span>
    </p>
   </div>
   <div class='ocr_carea' id='block_1_73' title="bbox 2138 1706 3728 1796">
    <p class='ocr_par' dir='ltr' id='par_1_73' title="bbox 2138 1706 3728 1796">
     <span class='ocr_line' id='line_1_73' title="bbox 2138 1706 3728 1796; baseline -0.013 -17"><span class='ocrx_word' id='word_1_503' title='bbox 2138 1739 2289 1796; x_wconf 86' lang='lat' dir='ltr'><strong>gere,</strong></span> <span class='ocrx_word' id='word_1_504' title='bbox 2325 1723 2373 1776; x_wconf 91' lang='lat' dir='ltr'><strong>in</strong></span> <span class='ocrx_word' id='word_1_505' title='bbox 2420 1729 2674 1789; x_wconf 85' lang='lat' dir='ltr'><strong>promptu</strong></span> <span class='ocrx_word' id='word_1_506' title='bbox 2711 1726 2848 1781; x_wconf 90' lang='lat' dir='ltr'><strong>erat,</strong></span> <span class='ocrx_word' id='word_1_507' title='bbox 2886 1724 2941 1769; x_wconf 89' lang='lat' dir='ltr'><strong>et</strong></span> <span class='ocrx_word' id='word_1_508' title='bbox 2976 1712 3236 1782; x_wconf 85' lang='lat' dir='ltr'><strong>justitiam</strong></span> <span class='ocrx_word' id='word_1_509' title='bbox 3268 1723 3395 1778; x_wconf 87' lang='lat' dir='ltr'><strong>erga</strong></span> <span class='ocrx_word' id='word_1_510' title='bbox 3427 1706 3728 1777; x_wconf 82' lang='lat' dir='ltr'><strong>proximum</strong></span> 
     </span>
    </p>
   </div>
   <div class='ocr_carea' id='block_1_74' title="bbox 1450 1798 3733 1894">
    <p class='ocr_par' dir='ltr' id='par_1_74' title="bbox 1450 1798 3733 1894">
     <span class='ocr_line' id='line_1_74' title="bbox 1450 1798 3733 1894; baseline -0.017 -3"><span class='ocrx_word' id='word_1_511' title='bbox 1450 1836 1681 1891; x_wconf 79' lang='lat' dir='ltr'><strong>Necesse</strong></span> <span class='ocrx_word' id='word_1_512' title='bbox 1706 1836 1791 1883; x_wconf 86' lang='lat' dir='ltr'><strong>est</strong></span> <span class='ocrx_word' id='word_1_513' title='bbox 1821 1832 2029 1894; x_wconf 87' lang='lat' dir='ltr'><strong>postre—</strong></span> <span class='ocrx_word' id='word_1_514' title='bbox 2062 1820 2109 1880; x_wconf 84' lang='grc' dir='ltr'><strong>Β</strong></span> <span class='ocrx_word' id='word_1_515' title='bbox 2136 1814 2589 1881; x_wconf 84' lang='lat' dir='ltr'><strong>dilectionemque</strong></span> <span class='ocrx_word' id='word_1_516' title='bbox 2638 1823 2876 1863; x_wconf 87' lang='lat' dir='ltr'><strong>servare.</strong></span> <span class='ocrx_word' id='word_1_517' title='bbox 2915 1807 2970 1881; x_wconf 89' lang='lat' dir='ltr'><strong>In</strong></span> <span class='ocrx_word' id='word_1_518' title='bbox 3003 1803 3198 1874; x_wconf 87' lang='lat' dir='ltr'><strong>quibus</strong></span> <span class='ocrx_word' id='word_1_519' title='bbox 3227 1801 3499 1856; x_wconf 85' lang='lat' dir='ltr'><strong>mandatis</strong></span> <span class='ocrx_word' id='word_1_520' title='bbox 3523 1798 3733 1853; x_wconf 87' lang='lat' dir='ltr'><strong>duobus</strong></span> 
     </span>
    </p>
   </div>
   <div class='ocr_carea' id='block_1_75' title="bbox 2138 1889 3734 1972">
    <p class='ocr_par' dir='ltr' id='par_1_75' title="bbox 2138 1889 3734 1972">
     <span class='ocr_line' id='line_1_75' title="bbox 2138 1889 3734 1972; baseline -0.014 -7"><span class='ocrx_word' id='word_1_521' title='bbox 2138 1909 2319 1965; x_wconf 90' lang='lat' dir='ltr'><strong>omnis</strong></span> <span class='ocrx_word' id='word_1_522' title='bbox 2364 1906 2449 1960; x_wconf 78' lang='lat' dir='ltr'><strong>lex</strong></span> <span class='ocrx_word' id='word_1_523' title='bbox 2493 1902 2693 1972; x_wconf 89' lang='lat' dir='ltr'><strong>pendet</strong></span> <span class='ocrx_word' id='word_1_524' title='bbox 2730 1912 2778 1953; x_wconf 90' lang='lat' dir='ltr'><strong>et</strong></span> <span class='ocrx_word' id='word_1_525' title='bbox 2824 1899 3124 1967; x_wconf 68' lang='lat' dir='ltr'><strong>prOpbetm.</strong></span> <span class='ocrx_word' id='word_1_526' title='bbox 3158 1893 3325 1964; x_wconf 84' lang='lat' dir='ltr'><strong>igitur</strong></span> <span class='ocrx_word' id='word_1_527' title='bbox 3361 1902 3415 1947; x_wconf 92' lang='lat' dir='ltr'><strong>et</strong></span> <span class='ocrx_word' id='word_1_528' title='bbox 3448 1889 3578 1944; x_wconf 89' lang='lat' dir='ltr'><strong>illud</strong></span> <span class='ocrx_word' id='word_1_529' title='bbox 3609 1898 3734 1943; x_wconf 83' lang='lat' dir='ltr'><strong>ante</strong></span> 
     </span>
    </p>
   </div>
   <div class='ocr_carea' id='block_1_76' title="bbox 2136 1981 3731 2071">
    <p class='ocr_par' dir='ltr' id='par_1_76' title="bbox 2136 1981 3731 2071">
     <span class='ocr_line' id='line_1_76' title="bbox 2136 1981 3731 2071; baseline -0.016 -16"><span class='ocrx_word' id='word_1_530' title='bbox 2136 2001 2248 2071; x_wconf 89' lang='lat' dir='ltr'><strong>jam</strong></span> <span class='ocrx_word' id='word_1_531' title='bbox 2293 2004 2557 2052; x_wconf 81' lang='lat' dir='ltr'><strong>noverant</strong></span> <span class='ocrx_word' id='word_1_532' title='bbox 2600 2009 2616 2052; x_wconf 83' lang='lat'><strong>;</strong></span> <span class='ocrx_word' id='word_1_533' title='bbox 2664 1991 2853 2046; x_wconf 87' lang='lat' dir='ltr'><strong>Omnia</strong></span> <span class='ocrx_word' id='word_1_534' title='bbox 2890 2001 3221 2056; x_wconf 66' lang='lat' dir='ltr'><strong>quiscumque</strong></span> <span class='ocrx_word' id='word_1_535' title='bbox 3250 1982 3403 2037; x_wconf 73' lang='lat' dir='ltr'><strong>vultis</strong></span> <span class='ocrx_word' id='word_1_536' title='bbox 3447 1990 3499 2033; x_wconf 91' lang='lat' dir='ltr'><strong>ut</strong></span> <span class='ocrx_word' id='word_1_537' title='bbox 3536 1981 3731 2047; x_wconf 77' lang='lat' dir='ltr'><strong>faciant</strong></span> 
     </span>
    </p>
   </div>
   <div class='ocr_carea' id='block_1_77' title="bbox 2141 2070 3731 2149">
    <p class='ocr_par' dir='ltr' id='par_1_77' title="bbox 2141 2070 3731 2149">
     <span class='ocr_line' id='line_1_77' title="bbox 2141 2070 3731 2149; baseline -0.016 -2"><span class='ocrx_word' id='word_1_538' title='bbox 2141 2092 2279 2147; x_wconf 83' lang='lat' dir='ltr'><strong>vobis</strong></span> <span class='ocrx_word' id='word_1_539' title='bbox 2308 2089 2567 2149; x_wconf 81' lang='lat' dir='ltr'><strong>homines,</strong></span> <span class='ocrx_word' id='word_1_540' title='bbox 2601 2094 2647 2138; x_wconf 90' lang='lat' dir='ltr'><strong>et</strong></span> <span class='ocrx_word' id='word_1_541' title='bbox 2680 2099 2767 2136; x_wconf 75' lang='lat' dir='ltr'><strong>ros</strong></span> <span class='ocrx_word' id='word_1_542' title='bbox 2806 2079 2954 2149; x_wconf 47' lang='lat' dir='ltr'><strong>[alite</strong></span> <span class='ocrx_word' id='word_1_543' title='bbox 2988 2079 3059 2131; x_wconf 88' lang='lat' dir='ltr'><strong>eis</strong></span> <span class='ocrx_word' id='word_1_544' title='bbox 3093 2092 3110 2130; x_wconf 91' lang='lat'><em>:</em></span> <span class='ocrx_word' id='word_1_545' title='bbox 3142 2077 3196 2128; x_wconf 90' lang='lat' dir='ltr'><strong>in</strong></span> <span class='ocrx_word' id='word_1_546' title='bbox 3232 2089 3332 2144; x_wconf 84' lang='lat' dir='ltr'><strong>quo</strong></span> <span class='ocrx_word' id='word_1_547' title='bbox 3368 2080 3440 2125; x_wconf 86' lang='lat' dir='ltr'><strong>est</strong></span> <span class='ocrx_word' id='word_1_548' title='bbox 3480 2078 3527 2123; x_wconf 87' lang='lat' dir='ltr'><strong>et</strong></span> <span class='ocrx_word' id='word_1_549' title='bbox 3565 2070 3651 2121; x_wconf 72' lang='lat' dir='ltr'><strong>lea:</strong></span> <span class='ocrx_word' id='word_1_550' title='bbox 3683 2076 3731 2121; x_wconf 86' lang='lat' dir='ltr'><strong>et</strong></span> 
     </span>
    </p>
   </div>
   <div class='ocr_carea' id='block_1_78' title="bbox 2144 2156 3732 2255">
    <p class='ocr_par' dir='ltr' id='par_1_78' title="bbox 2144 2156 3732 2255">
     <span class='ocr_line' id='line_1_78' title="bbox 2144 2156 3732 2255; baseline -0.017 -17"><span class='ocrx_word' id='word_1_551' title='bbox 2144 2178 2638 2255; x_wconf 59' lang='lat' dir='ltr'><strong>praphetw‘Ullatth.</strong></span> <span class='ocrx_word' id='word_1_552' title='bbox 2660 2191 2729 2229; x_wconf 84' lang='lat' dir='ltr'><strong>vn</strong></span> <span class='ocrx_word' id='word_1_553' title='bbox 2751 2170 2875 2240; x_wconf 73' lang='lat'><strong>,1‘2)</strong></span> <span class='ocrx_word' id='word_1_554' title='bbox 2902 2187 2920 2224; x_wconf 91' lang='lat'><strong><em>:</em></strong></span> <span class='ocrx_word' id='word_1_555' title='bbox 2950 2170 3020 2223; x_wconf 87' lang='lat' dir='ltr'><strong>Et</strong></span> <span class='ocrx_word' id='word_1_556' title='bbox 3051 2177 3103 2221; x_wconf 91' lang='lat' dir='ltr'><strong>ut</strong></span> <span class='ocrx_word' id='word_1_557' title='bbox 3149 2167 3251 2219; x_wconf 87' lang='lat' dir='ltr'><strong>hoc</strong></span> <span class='ocrx_word' id='word_1_558' title='bbox 3283 2164 3437 2218; x_wconf 89' lang='lat' dir='ltr'><strong>etiam</strong></span> <span class='ocrx_word' id='word_1_559' title='bbox 3467 2156 3732 2228; x_wconf 78' lang='lat' dir='ltr'><strong>exemplis</strong></span> 
     </span>
    </p>
   </div>
   <div class='ocr_carea' id='block_1_79' title="bbox 2144 2255 3736 2350">
    <p class='ocr_par' dir='ltr' id='par_1_79' title="bbox 2144 2255 3736 2350">
     <span class='ocr_line' id='line_1_79' title="bbox 2144 2255 3736 2350; baseline -0.02 -15"><span class='ocrx_word' id='word_1_560' title='bbox 2144 2280 2439 2350; x_wconf 87' lang='lat' dir='ltr'><strong>probemus</strong></span> <span class='ocrx_word' id='word_1_561' title='bbox 2475 2292 2488 2327; x_wconf 90' lang='lat'><strong>:</strong></span> <span class='ocrx_word' id='word_1_562' title='bbox 2523 2281 2651 2327; x_wconf 89' lang='lat' dir='ltr'><strong>ante</strong></span> <span class='ocrx_word' id='word_1_563' title='bbox 2685 2270 2822 2322; x_wconf 87' lang='lat' dir='ltr'><strong>hanc</strong></span> <span class='ocrx_word' id='word_1_564' title='bbox 2850 2267 3023 2333; x_wconf 81' lang='lat' dir='ltr'><strong>legem</strong></span> <span class='ocrx_word' id='word_1_565' title='bbox 3056 2262 3250 2315; x_wconf 70' lang='lat' dir='ltr'><strong>litterae</strong></span> <span class='ocrx_word' id='word_1_566' title='bbox 3278 2272 3373 2326; x_wconf 90' lang='lat' dir='ltr'><strong>per</strong></span> <span class='ocrx_word' id='word_1_567' title='bbox 3403 2255 3550 2335; x_wconf 79' lang='lat' dir='ltr'><strong>illam</strong></span> <span class='ocrx_word' id='word_1_568' title='bbox 3580 2260 3736 2305; x_wconf 87' lang='lat' dir='ltr'><strong>natu-</strong></span> 
     </span>
    </p>
   </div>
   <div class='ocr_carea' id='block_1_80' title="bbox 2145 2328 3743 2441">
    <p class='ocr_par' dir='ltr' id='par_1_80' title="bbox 2145 2328 3743 2441">
     <span class='ocr_line' id='line_1_80' title="bbox 2145 2328 3743 2441; baseline -0.021 -14"><span class='ocrx_word' id='word_1_569' title='bbox 2145 2328 2221 2427; x_wconf 49' lang='grc' dir='ltr'>ξω</span> <span class='ocrx_word' id='word_1_570' title='bbox 2250 2328 2427 2441; x_wconf 59' lang='lat' dir='ltr'><strong>legerit</strong></span> <span class='ocrx_word' id='word_1_571' title='bbox 2465 2366 2584 2420; x_wconf 80' lang='lat' dir='ltr'><strong>Abel</strong></span> <span class='ocrx_word' id='word_1_572' title='bbox 2609 2366 2783 2434; x_wconf 85' lang='lat' dir='ltr'><strong>justus</strong></span> <span class='ocrx_word' id='word_1_573' title='bbox 2824 2328 3118 2427; x_wconf 76' lang='lat' dir='ltr'><strong>agnoscitur</strong></span> <span class='ocrx_word' id='word_1_574' title='bbox 3160 2349 3315 2421; x_wconf 79' lang='lat' dir='ltr'><strong>(Gen.</strong></span> <span class='ocrx_word' id='word_1_575' title='bbox 3342 2363 3414 2409; x_wconf 86' lang='lat' dir='ltr'><strong>tv,</strong></span> <span class='ocrx_word' id='word_1_576' title='bbox 3446 2328 3743 2415; x_wconf 39' lang='lat' dir='ltr'><strong>4),.Enoch</strong></span> 
     </span>
    </p>
   </div>
   <div class='ocr_carea' id='block_1_81' title="bbox 2145 2435 3746 2534">
    <p class='ocr_par' dir='ltr' id='par_1_81' title="bbox 2145 2435 3746 2534">
     <span class='ocr_line' id='line_1_81' title="bbox 2145 2435 3746 2534; baseline -0.021 -15"><span class='ocrx_word' id='word_1_577' title='bbox 2145 2435 2350 2534; x_wconf 38' lang='lat' dir='ltr'><strong>rapituvr</strong></span> <span class='ocrx_word' id='word_1_578' title='bbox 2376 2458 2528 2528; x_wconf 87' lang='lat' dir='ltr'><strong>(Gen.</strong></span> <span class='ocrx_word' id='word_1_579' title='bbox 2564 2473 2617 2519; x_wconf 90' lang='lat' dir='ltr'><strong>v,</strong></span> <span class='ocrx_word' id='word_1_580' title='bbox 2650 2452 2767 2522; x_wconf 67' lang='grc'>24),</span> <span class='ocrx_word' id='word_1_581' title='bbox 2804 2449 2919 2503; x_wconf 87' lang='lat' dir='ltr'><strong>Noe</strong></span> <span class='ocrx_word' id='word_1_582' title='bbox 2948 2448 3155 2519; x_wconf 80' lang='lat' dir='ltr'><strong>cligitur</strong></span> <span class='ocrx_word' id='word_1_583' title='bbox 3185 2440 3339 2515; x_wconf 86' lang='lat' dir='ltr'><strong>(Gen.</strong></span> <span class='ocrx_word' id='word_1_584' title='bbox 3370 2454 3441 2495; x_wconf 85' lang='lat' dir='ltr'><strong>vt.</strong></span> <span class='ocrx_word' id='word_1_585' title='bbox 3473 2439 3553 2505; x_wconf 76' lang='lat'><strong>8),</strong></span> <span class='ocrx_word' id='word_1_586' title='bbox 3584 2435 3746 2489; x_wconf 83' lang='lat' dir='ltr'><strong>Abra-</strong></span> 
     </span>
    </p>
   </div>
   <div class='ocr_carea' id='block_1_82' title="bbox 2150 2529 3747 2627">
    <p class='ocr_par' dir='ltr' id='par_1_82' title="bbox 2150 2529 3747 2627">
     <span class='ocr_line' id='line_1_82' title="bbox 2150 2529 3747 2627; baseline -0.019 -16"><span class='ocrx_word' id='word_1_587' title='bbox 2150 2529 2271 2610; x_wconf 77' lang='lat' dir='ltr'><strong>ham</strong></span> <span class='ocrx_word' id='word_1_588' title='bbox 2297 2563 2444 2627; x_wconf 86' lang='lat' dir='ltr'><strong>pater</strong></span> <span class='ocrx_word' id='word_1_589' title='bbox 2468 2548 2699 2623; x_wconf 86' lang='lat' dir='ltr'><strong>gentium</strong></span> <span class='ocrx_word' id='word_1_590' title='bbox 2730 2550 3055 2614; x_wconf 83' lang='lat' dir='ltr'><strong>nuncupatur</strong></span> <span class='ocrx_word' id='word_1_591' title='bbox 3093 2533 3245 2609; x_wconf 80' lang='lat' dir='ltr'><strong>(Cen.</strong></span> <span class='ocrx_word' id='word_1_592' title='bbox 3275 2548 3405 2598; x_wconf 79' lang='lat' dir='ltr'><strong>xvii,</strong></span> <span class='ocrx_word' id='word_1_593' title='bbox 3437 2532 3514 2598; x_wconf 67' lang='lat'><strong>4).</strong></span> <span class='ocrx_word' id='word_1_594' title='bbox 3549 2529 3747 2596; x_wconf 85' lang='lat' dir='ltr'><strong>Quam-</strong></span> 
     </span>
    </p>
   </div>
   <div class='ocr_carea' id='block_1_83' title="bbox 2151 2622 3745 2709">
    <p class='ocr_par' dir='ltr' id='par_1_83' title="bbox 2151 2622 3745 2709">
     <span class='ocr_line' id='line_1_83' title="bbox 2151 2622 3745 2709; baseline -0.021 -6"><span class='ocrx_word' id='word_1_595' title='bbox 2151 2649 2340 2705; x_wconf 86' lang='lat' dir='ltr'><strong>obrem</strong></span> <span class='ocrx_word' id='word_1_596' title='bbox 2373 2645 2513 2697; x_wconf 85' lang='lat' dir='ltr'><strong>hanc</strong></span> <span class='ocrx_word' id='word_1_597' title='bbox 2554 2638 2725 2709; x_wconf 69' lang='lat' dir='ltr'><strong>Moysi</strong></span> <span class='ocrx_word' id='word_1_598' title='bbox 2772 2637 2944 2703; x_wconf 83' lang='lat' dir='ltr'><strong>legem</strong></span> <span class='ocrx_word' id='word_1_599' title='bbox 2977 2645 3081 2684; x_wconf 89' lang='lat' dir='ltr'><strong>non</strong></span> <span class='ocrx_word' id='word_1_600' title='bbox 3114 2642 3237 2682; x_wconf 90' lang='lat' dir='ltr'><strong>sero</strong></span> <span class='ocrx_word' id='word_1_601' title='bbox 3285 2638 3411 2680; x_wconf 88' lang='lat' dir='ltr'><strong>esse</strong></span> <span class='ocrx_word' id='word_1_602' title='bbox 3455 2622 3745 2691; x_wconf 66' lang='lat' dir='ltr'><strong>prolatam,</strong></span> 
     </span>
    </p>
   </div>
   <div class='ocr_carea' id='block_1_84' title="bbox 2153 2713 3749 2813">
    <p class='ocr_par' dir='ltr' id='par_1_84' title="bbox 2153 2713 3749 2813">
     <span class='ocr_line' id='line_1_84' title="bbox 2153 2713 3749 2813; baseline -0.019 -16"><span class='ocrx_word' id='word_1_603' title='bbox 2153 2738 2468 2813; x_wconf 83' lang='lat' dir='ltr'><strong>praecedens</strong></span> <span class='ocrx_word' id='word_1_604' title='bbox 2508 2734 2686 2789; x_wconf 74' lang='lat' dir='ltr'><strong>eﬂ‘erit</strong></span> <span class='ocrx_word' id='word_1_605' title='bbox 2728 2731 2812 2784; x_wconf 88' lang='lat' dir='ltr'><strong>lex</strong></span> <span class='ocrx_word' id='word_1_606' title='bbox 2856 2737 3061 2782; x_wconf 71' lang='lat' dir='ltr'><strong>naturae</strong></span> <span class='ocrx_word' id='word_1_607' title='bbox 3084 2765 3098 2788; x_wconf 93' lang='lat'><strong>,</strong></span> <span class='ocrx_word' id='word_1_608' title='bbox 3127 2738 3222 2791; x_wconf 86' lang='lat' dir='ltr'><strong>per</strong></span> <span class='ocrx_word' id='word_1_609' title='bbox 3251 2732 3410 2790; x_wconf 86' lang='lat' dir='ltr'><strong>quam</strong></span> <span class='ocrx_word' id='word_1_610' title='bbox 3447 2715 3605 2770; x_wconf 87' lang='lat' dir='ltr'><strong>multi</strong></span> <span class='ocrx_word' id='word_1_611' title='bbox 3639 2713 3749 2768; x_wconf 88' lang='lat' dir='ltr'><strong>Deo</strong></span> 
     </span>
    </p>
   </div>
   <div class='ocr_carea' id='block_1_85' title="bbox 2154 2824 2840 2905">
    <p class='ocr_par' dir='ltr' id='par_1_85' title="bbox 2154 2824 2840 2905">
     <span class='ocr_line' id='line_1_85' title="bbox 2154 2824 2840 2905; baseline -0.023 -16"><span class='ocrx_word' id='word_1_612' title='bbox 2154 2831 2462 2905; x_wconf 87' lang='lat' dir='ltr'><strong>probabiles</strong></span> <span class='ocrx_word' id='word_1_613' title='bbox 2492 2824 2840 2882; x_wconf 88' lang='lat' dir='ltr'><strong>exstiterunt.</strong></span> 
     </span>
    </p>
   </div>
   <div class='ocr_carea' id='block_1_86' title="bbox 2230 2899 3749 2989">
    <p class='ocr_par' dir='ltr' id='par_1_86' title="bbox 2230 2899 3749 2989">
     <span class='ocr_line' id='line_1_86' title="bbox 2230 2899 3749 2989; baseline -0.016 -10"><span class='ocrx_word' id='word_1_614' title='bbox 2230 2926 2339 2979; x_wconf 83' lang='lat' dir='ltr'><strong>Im.</strong></span> <span class='ocrx_word' id='word_1_615' title='bbox 2379 2922 2512 2989; x_wconf 87' lang='lat' dir='ltr'><strong>Quis</strong></span> <span class='ocrx_word' id='word_1_616' title='bbox 2533 2928 2617 2975; x_wconf 82' lang='lat' dir='ltr'><strong>est</strong></span> <span class='ocrx_word' id='word_1_617' title='bbox 2645 2919 2737 2971; x_wconf 91' lang='lat' dir='ltr'><strong>ille</strong></span> <span class='ocrx_word' id='word_1_618' title='bbox 2760 2916 2959 2985; x_wconf 84' lang='lat' dir='ltr'><strong>digitus</strong></span> <span class='ocrx_word' id='word_1_619' title='bbox 2984 2910 3101 2974; x_wconf 92' lang='lat' dir='ltr'><strong>Dei,</strong></span> <span class='ocrx_word' id='word_1_620' title='bbox 3120 2922 3227 2976; x_wconf 89' lang='lat' dir='ltr'><strong>quo</strong></span> <span class='ocrx_word' id='word_1_621' title='bbox 3256 2906 3375 2961; x_wconf 70' lang='lat' dir='ltr'><strong>dua:</strong></span> <span class='ocrx_word' id='word_1_622' title='bbox 3403 2899 3749 2975; x_wconf 70' lang='lat' dir='ltr'><strong>legistabulae</strong></span> 
     </span>
    </p>
   </div>
   <div class='ocr_carea' id='block_1_87' title="bbox 2158 3000 3218 3089">
    <p class='ocr_par' dir='ltr' id='par_1_87' title="bbox 2158 3000 3218 3089">
     <span class='ocr_line' id='line_1_87' title="bbox 2158 3000 3218 3089; baseline -0.018 -16"><span class='ocrx_word' id='word_1_623' title='bbox 2158 3019 2406 3089; x_wconf 86' lang='lat' dir='ltr'><strong>leguntur</strong></span> <span class='ocrx_word' id='word_1_624' title='bbox 2436 3015 2649 3082; x_wconf 85' lang='lat' dir='ltr'><strong>scriptae</strong></span> <span class='ocrx_word' id='word_1_625' title='bbox 2679 3009 2880 3076; x_wconf 73' lang='lat' dir='ltr'><strong>(Exod.</strong></span> <span class='ocrx_word' id='word_1_626' title='bbox 2910 3020 3066 3069; x_wconf 81' lang='lat' dir='ltr'><strong>xxxt,</strong></span> <span class='ocrx_word' id='word_1_627' title='bbox 3102 3000 3218 3071; x_wconf 72' lang='lat'><strong>18)?</strong></span> 
     </span>
    </p>
   </div>
   <div class='ocr_carea' id='block_1_88' title="bbox 2234 3088 3758 3179">
    <p class='ocr_par' dir='ltr' id='par_1_88' title="bbox 2234 3088 3758 3179">
     <span class='ocr_line' id='line_1_88' title="bbox 2234 3088 3758 3179; baseline -0.015 -15"><span class='ocrx_word' id='word_1_628' title='bbox 2234 3110 2388 3179; x_wconf 85' lang='lat' dir='ltr'><strong>Resp.</strong></span> <span class='ocrx_word' id='word_1_629' title='bbox 2433 3105 2640 3176; x_wconf 89' lang='lat' dir='ltr'><strong>Digitus</strong></span> <span class='ocrx_word' id='word_1_630' title='bbox 2697 3102 2796 3157; x_wconf 89' lang='lat' dir='ltr'><strong>Dei</strong></span> <span class='ocrx_word' id='word_1_631' title='bbox 2849 3101 2936 3155; x_wconf 83' lang='lat' dir='ltr'><strong>hic</strong></span> <span class='ocrx_word' id='word_1_632' title='bbox 2986 3092 3341 3165; x_wconf 87' lang='lat' dir='ltr'><strong>accipiendus</strong></span> <span class='ocrx_word' id='word_1_633' title='bbox 3387 3098 3475 3146; x_wconf 85' lang='lat' dir='ltr'><strong>est</strong></span> <span class='ocrx_word' id='word_1_634' title='bbox 3522 3088 3758 3159; x_wconf 81' lang='lat' dir='ltr'><strong>Spiritus</strong></span> 
     </span>
    </p>
   </div>
   <div class='ocr_carea' id='block_1_89' title="bbox 2083 3192 2403 3256">
    <p class='ocr_par' dir='ltr' id='par_1_89' title="bbox 2083 3192 2403 3256">
     <span class='ocr_line' id='line_1_89' title="bbox 2083 3192 2403 3256; baseline -0.013 0"><span class='ocrx_word' id='word_1_635' title='bbox 2083 3192 2129 3255; x_wconf 90' lang='lat' dir='ltr'><strong>C</strong></span> <span class='ocrx_word' id='word_1_636' title='bbox 2162 3210 2403 3256; x_wconf 90' lang='lat' dir='ltr'><strong>sanctus.</strong></span> 
     </span>
    </p>
   </div>
   <div class='ocr_carea' id='block_1_90' title="bbox 2784 3339 3137 3384">
    <p class='ocr_par' dir='ltr' id='par_1_90' title="bbox 2784 3339 3137 3384">
     <span class='ocr_line' id='line_1_90' title="bbox 2784 3339 3137 3384; baseline -0.008 0"><span class='ocrx_word' id='word_1_637' title='bbox 2784 3344 2836 3384; x_wconf 77' lang='lat' dir='ltr'><strong>IN</strong></span> <span class='ocrx_word' id='word_1_638' title='bbox 2872 3339 3137 3382; x_wconf 76' lang='grc' dir='ltr'><strong>ιενιτιοο.</strong></span> 
     </span>
    </p>
   </div>
   <div class='ocr_carea' id='block_1_91' title="bbox 2240 3470 3762 3557">
    <p class='ocr_par' dir='ltr' id='par_1_91' title="bbox 2240 3470 3762 3557">
     <span class='ocr_line' id='line_1_91' title="bbox 2240 3470 3762 3557; baseline -0.012 -12"><span class='ocrx_word' id='word_1_639' title='bbox 2240 3490 2348 3545; x_wconf 83' lang='lat' dir='ltr'><strong>Int.</strong></span> <span class='ocrx_word' id='word_1_640' title='bbox 2388 3486 2751 3557; x_wconf 88' lang='lat' dir='ltr'><strong>Quamobrem</strong></span> <span class='ocrx_word' id='word_1_641' title='bbox 2800 3484 2855 3539; x_wconf 91' lang='lat' dir='ltr'><strong>in</strong></span> <span class='ocrx_word' id='word_1_642' title='bbox 2907 3478 3181 3537; x_wconf 83' lang='lat' dir='ltr'><strong>sacriﬁciis</strong></span> <span class='ocrx_word' id='word_1_643' title='bbox 3232 3476 3336 3532; x_wconf 89' lang='lat' dir='ltr'><strong>mel</strong></span> <span class='ocrx_word' id='word_1_644' title='bbox 3392 3473 3541 3544; x_wconf 79' lang='lat' dir='ltr'><strong>(Leu.</strong></span> <span class='ocrx_word' id='word_1_645' title='bbox 3570 3487 3632 3537; x_wconf 86' lang='grc' dir='ltr'><strong>ιι,</strong></span> <span class='ocrx_word' id='word_1_646' title='bbox 3665 3470 3762 3542; x_wconf 78' lang='grc' dir='ltr'><strong>Η)</strong></span> 
     </span>
    </p>
   </div>
   <div class='ocr_carea' id='block_1_92' title="bbox 2169 3577 2734 3653">
    <p class='ocr_par' dir='ltr' id='par_1_92' title="bbox 2169 3577 2734 3653">
     <span class='ocr_line' id='line_1_92' title="bbox 2169 3577 2734 3653; baseline -0.016 -14"><span class='ocrx_word' id='word_1_647' title='bbox 2169 3585 2487 3653; x_wconf 86' lang='lat' dir='ltr'><strong>prohibetur</strong></span> <span class='ocrx_word' id='word_1_648' title='bbox 2514 3577 2734 3635; x_wconf 72' lang='lat' dir='ltr'><strong>ollerri?</strong></span> 
     </span>
    </p>
   </div>
   <div class='ocr_carea' id='block_1_93' title="bbox 2244 3653 3766 3743">
    <p class='ocr_par' dir='ltr' id='par_1_93' title="bbox 2244 3653 3766 3743">
     <span class='ocr_line' id='line_1_93' title="bbox 2244 3653 3766 3743; baseline -0.015 -13"><span class='ocrx_word' id='word_1_649' title='bbox 2244 3674 2406 3743; x_wconf 83' lang='lat' dir='ltr'><strong>Resp.</strong></span> <span class='ocrx_word' id='word_1_650' title='bbox 2447 3674 2584 3741; x_wconf 88' lang='lat' dir='ltr'><strong>Quia</strong></span> <span class='ocrx_word' id='word_1_651' title='bbox 2616 3667 2912 3726; x_wconf 86' lang='lat' dir='ltr'><strong>secundum</strong></span> <span class='ocrx_word' id='word_1_652' title='bbox 2942 3663 3255 3720; x_wconf 90' lang='lat' dir='ltr'><strong>interiorem</strong></span> <span class='ocrx_word' id='word_1_653' title='bbox 3287 3672 3506 3713; x_wconf 89' lang='lat' dir='ltr'><strong>sensum</strong></span> <span class='ocrx_word' id='word_1_654' title='bbox 3537 3653 3766 3710; x_wconf 89' lang='lat' dir='ltr'><strong>resoluti</strong></span> 
     </span>
    </p>
   </div>
   <div class='ocr_carea' id='block_1_94' title="bbox 2176 3749 3767 3823">
    <p class='ocr_par' dir='ltr' id='par_1_94' title="bbox 2176 3749 3767 3823">
     <span class='ocr_line' id='line_1_94' title="bbox 2176 3749 3767 3823; baseline -0.015 1"><span class='ocrx_word' id='word_1_655' title='bbox 2176 3766 2564 3823; x_wconf 88' lang='lat' dir='ltr'><strong>blandimentis</strong></span> <span class='ocrx_word' id='word_1_656' title='bbox 2591 3762 2937 3823; x_wconf 88' lang='lat' dir='ltr'><strong>deliciarum,</strong></span> <span class='ocrx_word' id='word_1_657' title='bbox 2964 3768 3057 3810; x_wconf 90' lang='lat' dir='ltr'><strong>aut</strong></span> <span class='ocrx_word' id='word_1_658' title='bbox 3084 3752 3372 3810; x_wconf 91' lang='lat' dir='ltr'><strong>dulcedine</strong></span> <span class='ocrx_word' id='word_1_659' title='bbox 3397 3749 3767 3818; x_wconf 86' lang='lat' dir='ltr'><strong>voluptatum.</strong></span> 
     </span>
    </p>
   </div>
   <div class='ocr_carea' id='block_1_95' title="bbox 2177 3838 3772 3928">
    <p class='ocr_par' dir='ltr' id='par_1_95' title="bbox 2177 3838 3772 3928">
     <span class='ocr_line' id='line_1_95' title="bbox 2177 3838 3772 3928; baseline -0.014 -15"><span class='ocrx_word' id='word_1_660' title='bbox 2177 3875 2285 3915; x_wconf 89' lang='lat' dir='ltr'><strong>non</strong></span> <span class='ocrx_word' id='word_1_661' title='bbox 2322 3865 2547 3928; x_wconf 87' lang='lat' dir='ltr'><strong>possunt</strong></span> <span class='ocrx_word' id='word_1_662' title='bbox 2576 3852 2962 3927; x_wconf 86' lang='lat' dir='ltr'><strong>mysteriorum</strong></span> <span class='ocrx_word' id='word_1_663' title='bbox 2997 3848 3095 3902; x_wconf 91' lang='lat' dir='ltr'><strong>Dei</strong></span> <span class='ocrx_word' id='word_1_664' title='bbox 3128 3861 3251 3901; x_wconf 84' lang='lat' dir='ltr'><strong>esse</strong></span> <span class='ocrx_word' id='word_1_665' title='bbox 3283 3842 3598 3913; x_wconf 84' lang='lat' dir='ltr'><strong>participes.</strong></span> <span class='ocrx_word' id='word_1_666' title='bbox 3633 3838 3772 3894; x_wconf 81' lang='lat' dir='ltr'><strong>Hinc</strong></span> 
     </span>
    </p>
   </div>
   <div class='ocr_carea' id='block_1_96' title="bbox 2180 3935 3772 4022">
    <p class='ocr_par' dir='ltr' id='par_1_96' title="bbox 2180 3935 3772 4022">
     <span class='ocr_line' id='line_1_96' title="bbox 2180 3935 3772 4022; baseline -0.014 -13"><span class='ocrx_word' id='word_1_667' title='bbox 2180 3962 2263 4009; x_wconf 93' lang='lat' dir='ltr'><strong>est</strong></span> <span class='ocrx_word' id='word_1_668' title='bbox 2307 3954 2490 4022; x_wconf 83' lang='lat' dir='ltr'><strong>igitur,</strong></span> <span class='ocrx_word' id='word_1_669' title='bbox 2524 3949 2666 4019; x_wconf 90' lang='lat' dir='ltr'><strong>quod</strong></span> <span class='ocrx_word' id='word_1_670' title='bbox 2708 3948 2871 4002; x_wconf 91' lang='lat' dir='ltr'><strong>etiam</strong></span> <span class='ocrx_word' id='word_1_671' title='bbox 2914 3940 3123 3998; x_wconf 81' lang='lat' dir='ltr'><strong>Pascha</strong></span> <span class='ocrx_word' id='word_1_672' title='bbox 3165 3938 3375 3994; x_wconf 87' lang='lat' dir='ltr'><strong>Domini</strong></span> <span class='ocrx_word' id='word_1_673' title='bbox 3414 3935 3614 3990; x_wconf 86' lang='lat' dir='ltr'><strong>comedi</strong></span> <span class='ocrx_word' id='word_1_674' title='bbox 3654 3948 3772 3987; x_wconf 86' lang='lat' dir='ltr'><strong>cum</strong></span> 
     </span>
    </p>
   </div>
   <div class='ocr_carea' id='block_1_97' title="bbox 2180 4030 3772 4115">
    <p class='ocr_par' dir='ltr' id='par_1_97' title="bbox 2180 4030 3772 4115">
     <span class='ocr_line' id='line_1_97' title="bbox 2180 4030 3772 4115; baseline -0.013 -14"><span class='ocrx_word' id='word_1_675' title='bbox 2180 4045 2523 4101; x_wconf 82' lang='lat' dir='ltr'><strong>amaritudine</strong></span> <span class='ocrx_word' id='word_1_676' title='bbox 2540 4040 2755 4115; x_wconf 84' lang='lat' dir='ltr'><strong>jubetur</strong></span> <span class='ocrx_word' id='word_1_677' title='bbox 2781 4037 2975 4107; x_wconf 78' lang='lat' dir='ltr'><strong>(Exod.</strong></span> <span class='ocrx_word' id='word_1_678' title='bbox 3008 4051 3112 4099; x_wconf 84' lang='lat' dir='ltr'><strong>xu,</strong></span> <span class='ocrx_word' id='word_1_679' title='bbox 3148 4034 3203 4105; x_wconf 91' lang='lat'><strong>8)</strong></span> <span class='ocrx_word' id='word_1_680' title='bbox 3246 4050 3258 4085; x_wconf 90' lang='lat'><strong>:</strong></span> <span class='ocrx_word' id='word_1_681' title='bbox 3301 4031 3425 4102; x_wconf 87' lang='lat' dir='ltr'><strong>quia</strong></span> <span class='ocrx_word' id='word_1_682' title='bbox 3455 4030 3525 4084; x_wconf 90' lang='lat' dir='ltr'><strong>sit</strong></span> <span class='ocrx_word' id='word_1_683' title='bbox 3555 4042 3772 4097; x_wconf 87' lang='lat' dir='ltr'><strong>semper</strong></span> 
     </span>
    </p>
   </div>
   <div class='ocr_carea' id='block_1_98' title="bbox 2182 4119 3774 4197">
    <p class='ocr_par' dir='ltr' id='par_1_98' title="bbox 2182 4119 3774 4197">
     <span class='ocr_line' id='line_1_98' title="bbox 2182 4119 3774 4197; baseline -0.014 -3"><span class='ocrx_word' id='word_1_684' title='bbox 2182 4146 2396 4194; x_wconf 89' lang='lat' dir='ltr'><strong>austera</strong></span> <span class='ocrx_word' id='word_1_685' title='bbox 2426 4136 2696 4191; x_wconf 88' lang='lat' dir='ltr'><strong>districtio</strong></span> <span class='ocrx_word' id='word_1_686' title='bbox 2719 4132 2983 4187; x_wconf 89' lang='lat' dir='ltr'><strong>veritatis.</strong></span> <span class='ocrx_word' id='word_1_687' title='bbox 3013 4126 3239 4197; x_wconf 87' lang='lat' dir='ltr'><strong>Oportet</strong></span> <span class='ocrx_word' id='word_1_688' title='bbox 3269 4138 3398 4195; x_wconf 90' lang='lat' dir='ltr'><strong>ergo</strong></span> <span class='ocrx_word' id='word_1_689' title='bbox 3426 4122 3634 4191; x_wconf 86' lang='lat' dir='ltr'><strong>absque</strong></span> <span class='ocrx_word' id='word_1_690' title='bbox 3661 4119 3774 4174; x_wconf 90' lang='lat' dir='ltr'><strong>ullo</strong></span> 
     </span>
    </p>
   </div>
   <div class='ocr_carea' id='block_1_99' title="bbox 2186 4214 3776 4293">
    <p class='ocr_par' dir='ltr' id='par_1_99' title="bbox 2186 4214 3776 4293">
     <span class='ocr_line' id='line_1_99' title="bbox 2186 4214 3776 4293; baseline -0.014 -7"><span class='ocrx_word' id='word_1_691' title='bbox 2186 4228 2513 4286; x_wconf 90' lang='lat' dir='ltr'><strong>adulationis</strong></span> <span class='ocrx_word' id='word_1_692' title='bbox 2541 4240 2606 4281; x_wconf 87' lang='lat' dir='ltr'><strong>ac</strong></span> <span class='ocrx_word' id='word_1_693' title='bbox 2633 4224 2928 4293; x_wconf 88' lang='lat' dir='ltr'><strong>voluptatis</strong></span> <span class='ocrx_word' id='word_1_694' title='bbox 2960 4220 3119 4275; x_wconf 87' lang='lat' dir='ltr'><strong>melle</strong></span> <span class='ocrx_word' id='word_1_695' title='bbox 3160 4216 3321 4272; x_wconf 87' lang='lat' dir='ltr'><strong>noxio</strong></span> <span class='ocrx_word' id='word_1_696' title='bbox 3366 4214 3636 4268; x_wconf 82' lang='lat' dir='ltr'><strong>salutares</strong></span> <span class='ocrx_word' id='word_1_697' title='bbox 3676 4222 3776 4264; x_wconf 91' lang='lat' dir='ltr'><strong>nos</strong></span> 
     </span>
    </p>
   </div>
   <div class='ocr_carea' id='block_1_100' title="bbox 2188 4304 3775 4387">
    <p class='ocr_par' dir='ltr' id='par_1_100' title="bbox 2188 4304 3775 4387">
     <span class='ocr_line' id='line_1_100' title="bbox 2188 4304 3775 4387; baseline -0.016 -7"><span class='ocrx_word' id='word_1_698' title='bbox 2188 4323 2301 4379; x_wconf 91' lang='lat' dir='ltr'><strong>Deo</strong></span> <span class='ocrx_word' id='word_1_699' title='bbox 2320 4322 2525 4377; x_wconf 82' lang='lat' dir='ltr'><strong>hostias</strong></span> <span class='ocrx_word' id='word_1_700' title='bbox 2551 4333 2770 4387; x_wconf 90' lang='lat' dir='ltr'><strong>semper</strong></span> <span class='ocrx_word' id='word_1_701' title='bbox 2798 4314 2996 4370; x_wconf 84' lang='lat' dir='ltr'><strong>oll‘erre</strong></span> <span class='ocrx_word' id='word_1_702' title='bbox 3019 4321 3071 4366; x_wconf 76' lang='lat' dir='ltr'><strong>et</strong></span> <span class='ocrx_word' id='word_1_703' title='bbox 3095 4311 3274 4365; x_wconf 85' lang='lat' dir='ltr'><strong>dicere</strong></span> <span class='ocrx_word' id='word_1_704' title='bbox 3306 4325 3322 4362; x_wconf 88' lang='lat'><strong>:</strong></span> <span class='ocrx_word' id='word_1_705' title='bbox 3352 4306 3500 4376; x_wconf 87' lang='lat' dir='ltr'><strong>Ergo</strong></span> <span class='ocrx_word' id='word_1_706' title='bbox 3526 4304 3775 4358; x_wconf 86' lang='lat' dir='ltr'><strong>inimicus</strong></span> 
     </span>
    </p>
   </div>
   <div class='ocr_carea' id='block_1_101' title="bbox 2190 4391 3780 4471">
    <p class='ocr_par' dir='ltr' id='par_1_101' title="bbox 2190 4391 3780 4471">
     <span class='ocr_line' id='line_1_101' title="bbox 2190 4391 3780 4471; baseline -0.014 -2"><span class='ocrx_word' id='word_1_707' title='bbox 2190 4415 2364 4471; x_wconf 82' lang='lat' dir='ltr'><strong>factus</strong></span> <span class='ocrx_word' id='word_1_708' title='bbox 2402 4428 2521 4468; x_wconf 90' lang='lat' dir='ltr'><strong>sum</strong></span> <span class='ocrx_word' id='word_1_709' title='bbox 2552 4424 2738 4466; x_wconf 90' lang='lat' dir='ltr'><strong>verum</strong></span> <span class='ocrx_word' id='word_1_710' title='bbox 2779 4407 2967 4462; x_wconf 89' lang='lat' dir='ltr'><strong>dicens</strong></span> <span class='ocrx_word' id='word_1_711' title='bbox 3009 4401 3198 4458; x_wconf 88' lang='lat' dir='ltr'><strong>vobis?</strong></span> <span class='ocrx_word' id='word_1_712' title='bbox 3239 4395 3560 4453; x_wconf 86' lang='lat' dir='ltr'><strong>Econtrario</strong></span> <span class='ocrx_word' id='word_1_713' title='bbox 3606 4391 3780 4449; x_wconf 85' lang='lat' dir='ltr'><strong>admi-</strong></span> 
     </span>
    </p>
   </div>
   <div class='ocr_carea' id='block_1_102' title="bbox 2192 4488 3778 4566">
    <p class='ocr_par' dir='ltr' id='par_1_102' title="bbox 2192 4488 3778 4566">
     <span class='ocr_line' id='line_1_102' title="bbox 2192 4488 3778 4566; baseline -0.012 -4"><span class='ocrx_word' id='word_1_714' title='bbox 2192 4507 2332 4562; x_wconf 90' lang='lat' dir='ltr'><strong>sceri</strong></span> <span class='ocrx_word' id='word_1_715' title='bbox 2373 4506 2427 4559; x_wconf 88' lang='lat' dir='ltr'><strong>in</strong></span> <span class='ocrx_word' id='word_1_716' title='bbox 2469 4502 2705 4559; x_wconf 89' lang='lat' dir='ltr'><strong>omnibus</strong></span> <span class='ocrx_word' id='word_1_717' title='bbox 2730 4499 2995 4566; x_wconf 80' lang='lat' dir='ltr'><strong>sacriﬁciis</strong></span> <span class='ocrx_word' id='word_1_718' title='bbox 3038 4496 3117 4550; x_wconf 91' lang='lat' dir='ltr'><strong>sal</strong></span> <span class='ocrx_word' id='word_1_719' title='bbox 3161 4493 3362 4563; x_wconf 80' lang='lat' dir='ltr'><strong>iubetur</strong></span> <span class='ocrx_word' id='word_1_720' title='bbox 3393 4488 3539 4563; x_wconf 81' lang='lat' dir='ltr'><strong>(Leo.</strong></span> <span class='ocrx_word' id='word_1_721' title='bbox 3570 4502 3632 4553; x_wconf 85' lang='grc' dir='ltr'><strong>ιι,</strong></span> <span class='ocrx_word' id='word_1_722' title='bbox 3666 4488 3778 4557; x_wconf 78' lang='grc'><strong>15),</strong></span> 
     </span>
    </p>
   </div>
   <div class='ocr_carea' id='block_1_103' title="bbox 2196 4580 3784 4663">
    <p class='ocr_par' dir='ltr' id='par_1_103' title="bbox 2196 4580 3784 4663">
     <span class='ocr_line' id='line_1_103' title="bbox 2196 4580 3784 4663; baseline -0.015 -8"><span class='ocrx_word' id='word_1_723' title='bbox 2196 4601 2402 4656; x_wconf 90' lang='lat' dir='ltr'><strong>scilicet</strong></span> <span class='ocrx_word' id='word_1_724' title='bbox 2430 4610 2487 4653; x_wconf 89' lang='lat' dir='ltr'><strong>ut</strong></span> <span class='ocrx_word' id='word_1_725' title='bbox 2516 4596 2693 4651; x_wconf 85' lang='lat' dir='ltr'><strong>omnia</strong></span> <span class='ocrx_word' id='word_1_726' title='bbox 2714 4638 2728 4663; x_wconf 90' lang='lat'><strong>,</strong></span> <span class='ocrx_word' id='word_1_727' title='bbox 2770 4608 2889 4663; x_wconf 72' lang='lat' dir='ltr'><strong>qua:</strong></span> <span class='ocrx_word' id='word_1_728' title='bbox 2919 4591 2984 4646; x_wconf 91' lang='lat' dir='ltr'><strong>ad</strong></span> <span class='ocrx_word' id='word_1_729' title='bbox 3023 4588 3227 4644; x_wconf 80' lang='lat' dir='ltr'><strong>Christi</strong></span> <span class='ocrx_word' id='word_1_730' title='bbox 3257 4585 3519 4641; x_wconf 84' lang='lat' dir='ltr'><strong>honorem</strong></span> <span class='ocrx_word' id='word_1_731' title='bbox 3551 4580 3784 4635; x_wconf 62' lang='lat' dir='ltr'><strong>cultum-</strong></span> 
     </span>
    </p>
   </div>
   <div class='ocr_carea' id='block_1_104' title="bbox 2196 4675 3785 4762">
    <p class='ocr_par' dir='ltr' id='par_1_104' title="bbox 2196 4675 3785 4762">
     <span class='ocr_line' id='line_1_104' title="bbox 2196 4675 3785 4762; baseline -0.011 -20"><span class='ocrx_word' id='word_1_732' title='bbox 2196 4707 2301 4762; x_wconf 84' lang='lat' dir='ltr'><strong>que</strong></span> <span class='ocrx_word' id='word_1_733' title='bbox 2321 4689 2623 4753; x_wconf 72' lang='lat' dir='ltr'><strong>offerimus,</strong></span> <span class='ocrx_word' id='word_1_734' title='bbox 2650 4687 2817 4742; x_wconf 88' lang='lat' dir='ltr'><strong>salem</strong></span> <span class='ocrx_word' id='word_1_735' title='bbox 2851 4682 3079 4753; x_wconf 80' lang='lat' dir='ltr'><strong>rationis</strong></span> <span class='ocrx_word' id='word_1_736' title='bbox 3105 4695 3167 4737; x_wconf 90' lang='lat' dir='ltr'><strong>ac</strong></span> <span class='ocrx_word' id='word_1_737' title='bbox 3187 4675 3534 4733; x_wconf 89' lang='lat' dir='ltr'><strong>discretionis</strong></span> <span class='ocrx_word' id='word_1_738' title='bbox 3566 4686 3785 4743; x_wconf 87' lang='lat' dir='ltr'><strong>semper</strong></span> 
     </span>
    </p>
   </div>
   <div class='ocr_carea' id='block_1_105' title="bbox 2198 4784 2482 4853">
    <p class='ocr_par' dir='ltr' id='par_1_105' title="bbox 2198 4784 2482 4853">
     <span class='ocr_line' id='line_1_105' title="bbox 2198 4784 2482 4853; baseline -0.014 -15"><span class='ocrx_word' id='word_1_739' title='bbox 2198 4784 2482 4853; x_wconf 80' lang='lat' dir='ltr'><strong>accipiant.</strong></span> 
     </span>
    </p>
   </div>
   <div class='ocr_carea' id='block_1_106' title="bbox 2270 4859 3786 4943">
    <p class='ocr_par' dir='ltr' id='par_1_106' title="bbox 2270 4859 3786 4943">
     <span class='ocr_line' id='line_1_106' title="bbox 2270 4859 3786 4943; baseline -0.014 -11"><span class='ocrx_word' id='word_1_740' title='bbox 2270 4874 2556 4943; x_wconf 41' lang='lat' dir='ltr'><strong>IntuQuid</strong></span> <span class='ocrx_word' id='word_1_741' title='bbox 2584 4872 2803 4943; x_wconf 72' lang='lat' dir='ltr'><strong>probrie</strong></span> <span class='ocrx_word' id='word_1_742' title='bbox 2820 4869 2885 4924; x_wconf 91' lang='lat' dir='ltr'><strong>ad</strong></span> <span class='ocrx_word' id='word_1_743' title='bbox 2908 4882 3065 4923; x_wconf 89' lang='lat' dir='ltr'><strong>usum</strong></span> <span class='ocrx_word' id='word_1_744' title='bbox 3090 4865 3399 4935; x_wconf 89' lang='lat' dir='ltr'><strong>pertinebat</strong></span> <span class='ocrx_word' id='word_1_745' title='bbox 3422 4859 3786 4924; x_wconf 88' lang='lat' dir='ltr'><strong>sacerdotum,</strong></span> 
     </span>
    </p>
   </div>
   <div class='ocr_carea' id='block_1_107' title="bbox 2198 4946 3794 5040">
    <p class='ocr_par' dir='ltr' id='par_1_107' title="bbox 2198 4946 3794 5040">
     <span class='ocr_line' id='line_1_107' title="bbox 2198 4946 3794 5040; baseline -0.016 -14"><span class='ocrx_word' id='word_1_746' title='bbox 2198 4970 2397 5040; x_wconf 78' lang='lat' dir='ltr'><strong>quidve</strong></span> <span class='ocrx_word' id='word_1_747' title='bbox 2428 4967 2493 5021; x_wconf 92' lang='lat' dir='ltr'><strong>ad</strong></span> <span class='ocrx_word' id='word_1_748' title='bbox 2525 4966 2812 5020; x_wconf 87' lang='lat' dir='ltr'><strong>levitarum</strong></span> <span class='ocrx_word' id='word_1_749' title='bbox 2846 4976 2913 5016; x_wconf 81' lang='lat' dir='ltr'><strong>ex</strong></span> <span class='ocrx_word' id='word_1_750' title='bbox 2951 4958 3036 5013; x_wconf 87' lang='lat' dir='ltr'><strong>bis</strong></span> <span class='ocrx_word' id='word_1_751' title='bbox 3076 4973 3197 5027; x_wconf 80' lang='lat' dir='ltr'><strong>quae</strong></span> <span class='ocrx_word' id='word_1_752' title='bbox 3227 4953 3461 5027; x_wconf 90' lang='lat' dir='ltr'><strong>populus</strong></span> <span class='ocrx_word' id='word_1_753' title='bbox 3491 4946 3794 5006; x_wconf 75' lang='lat' dir='ltr'><strong>offerebat?</strong></span> 
     </span>
    </p>
   </div>
   <div class='ocr_carea' id='block_1_108' title="bbox 2273 5052 3793 5128">
    <p class='ocr_par' dir='ltr' id='par_1_108' title="bbox 2273 5052 3793 5128">
     <span class='ocr_line' id='line_1_108' title="bbox 2273 5052 3793 5128; baseline -0.015 -12"><span class='ocrx_word' id='word_1_754' title='bbox 2273 5061 2435 5128; x_wconf 85' lang='lat' dir='ltr'><strong>Resp.</strong></span> <span class='ocrx_word' id='word_1_755' title='bbox 2475 5056 2736 5113; x_wconf 61' lang='lat' dir='ltr'><strong>Primitiae</strong></span> <span class='ocrx_word' id='word_1_756' title='bbox 2768 5052 2975 5123; x_wconf 84' lang='lat' dir='ltr'><strong>frugum</strong></span> <span class='ocrx_word' id='word_1_757' title='bbox 3017 5061 3446 5116; x_wconf 70' lang='lat' dir='ltr'><strong>caaterarumque</strong></span> <span class='ocrx_word' id='word_1_758' title='bbox 3483 5058 3668 5099; x_wconf 91' lang='lat' dir='ltr'><strong>rerum</strong></span> <span class='ocrx_word' id='word_1_759' title='bbox 3709 5053 3793 5095; x_wconf 84' lang='lat' dir='ltr'><strong>sa-</strong></span> 
     </span>
    </p>
   </div>
   <div class='ocr_carea' id='block_1_109' title="bbox 2202 5116 3795 5218">
    <p class='ocr_par' dir='ltr' id='par_1_109' title="bbox 2202 5116 3795 5218">
     <span class='ocr_line' id='line_1_109' title="bbox 2202 5116 3795 5218; baseline -0.017 -6"><span class='ocrx_word' id='word_1_760' title='bbox 2202 5153 2551 5218; x_wconf 89' lang='lat' dir='ltr'><strong>cerdotibus,</strong></span> <span class='ocrx_word' id='word_1_761' title='bbox 2583 5149 2808 5205; x_wconf 69' lang='lat' dir='ltr'><strong>decima:</strong></span> <span class='ocrx_word' id='word_1_762' title='bbox 2840 5160 2969 5199; x_wconf 90' lang='lat' dir='ltr'><strong>vero</strong></span> <span class='ocrx_word' id='word_1_763' title='bbox 3010 5142 3212 5198; x_wconf 87' lang='lat' dir='ltr'><strong>Levitis</strong></span> <span class='ocrx_word' id='word_1_764' title='bbox 3252 5137 3675 5209; x_wconf 88' lang='lat' dir='ltr'><strong>deputabantur.</strong></span> <span class='ocrx_word' id='word_1_765' title='bbox 3719 5116 3795 5187; x_wconf 85' lang='lat' dir='ltr'><strong>De</strong></span> 
     </span>
    </p>
   </div>
   <div class='ocr_carea' id='block_1_110' title="bbox 2203 5222 3793 5320">
    <p class='ocr_par' dir='ltr' id='par_1_110' title="bbox 2203 5222 3793 5320">
     <span class='ocr_line' id='line_1_110' title="bbox 2203 5222 3793 5320; baseline -0.017 -17"><span class='ocrx_word' id='word_1_766' title='bbox 2203 5247 2399 5320; x_wconf 90' lang='lat' dir='ltr'><strong>quibus</strong></span> <span class='ocrx_word' id='word_1_767' title='bbox 2431 5253 2609 5298; x_wconf 89' lang='lat' dir='ltr'><strong>tamen</strong></span> <span class='ocrx_word' id='word_1_768' title='bbox 2648 5238 2876 5295; x_wconf 85' lang='lat' dir='ltr'><strong>decimis</strong></span> <span class='ocrx_word' id='word_1_769' title='bbox 2902 5233 3113 5291; x_wconf 89' lang='lat' dir='ltr'><strong>decima</strong></span> <span class='ocrx_word' id='word_1_770' title='bbox 3144 5230 3528 5288; x_wconf 88' lang='lat' dir='ltr'><strong>sacerdotibus</strong></span> <span class='ocrx_word' id='word_1_771' title='bbox 3555 5222 3793 5281; x_wconf 88' lang='lat' dir='ltr'><strong>debeba-</strong></span> 
     </span>
    </p>
   </div>
   <div class='ocr_carea' id='block_1_111' title="bbox 2206 5326 3181 5409">
    <p class='ocr_par' dir='ltr' id='par_1_111' title="bbox 2206 5326 3181 5409">
     <span class='ocr_line' id='line_1_111' title="bbox 2206 5326 3181 5409; baseline -0.016 -16"><span class='ocrx_word' id='word_1_772' title='bbox 2206 5350 2292 5394; x_wconf 90' lang='lat' dir='ltr'><strong>tur</strong></span> <span class='ocrx_word' id='word_1_773' title='bbox 2312 5336 2501 5409; x_wconf 89' lang='lat' dir='ltr'><strong>(Num.</strong></span> <span class='ocrx_word' id='word_1_774' title='bbox 2524 5347 2684 5395; x_wconf 83' lang='lat' dir='ltr'><strong>xvm,</strong></span> <span class='ocrx_word' id='word_1_775' title='bbox 2716 5345 2833 5396; x_wconf 84' lang='lat' dir='ltr'><strong>xtx,</strong></span> <span class='ocrx_word' id='word_1_776' title='bbox 2862 5342 2980 5392; x_wconf 84' lang='grc' dir='ltr'><strong>ιιι,</strong></span> <span class='ocrx_word' id='word_1_777' title='bbox 3004 5326 3181 5394; x_wconf 79' lang='lat' dir='ltr'><strong>xxvi).</strong></span> 
     </span>
    </p>
   </div>
   <div class='ocr_carea' id='block_1_112' title="bbox 2281 5408 3795 5491">
    <p class='ocr_par' dir='ltr' id='par_1_112' title="bbox 2281 5408 3795 5491">
     <span class='ocr_line' id='line_1_112' title="bbox 2281 5408 3795 5491; baseline -0.017 -8"><span class='ocrx_word' id='word_1_778' title='bbox 2281 5408 2386 5483; x_wconf 71' lang='grc' dir='ltr'><strong>[ιιι.</strong></span> <span class='ocrx_word' id='word_1_779' title='bbox 2431 5425 2696 5484; x_wconf 89' lang='lat' dir='ltr'><strong>Uuiversa</strong></span> <span class='ocrx_word' id='word_1_780' title='bbox 2716 5436 2837 5491; x_wconf 69' lang='lat' dir='ltr'><strong>quae</strong></span> <span class='ocrx_word' id='word_1_781' title='bbox 2870 5418 3013 5473; x_wconf 87' lang='lat' dir='ltr'><strong>Deus</strong></span> <span class='ocrx_word' id='word_1_782' title='bbox 3040 5412 3308 5478; x_wconf 88' lang='lat' dir='ltr'><strong>condidit,</strong></span> <span class='ocrx_word' id='word_1_783' title='bbox 3340 5412 3470 5465; x_wconf 88' lang='lat' dir='ltr'><strong>bona</strong></span> <span class='ocrx_word' id='word_1_784' title='bbox 3495 5408 3645 5462; x_wconf 82' lang='lat' dir='ltr'><strong>ualde</strong></span> <span class='ocrx_word' id='word_1_785' title='bbox 3676 5413 3795 5461; x_wconf 87' lang='lat' dir='ltr'><strong>sunt</strong></span> 
     </span>
    </p>
   </div>
   <div class='ocr_carea' id='block_1_113' title="bbox 2214 5494 3797 5594">
    <p class='ocr_par' dir='ltr' id='par_1_113' title="bbox 2214 5494 3797 5594">
     <span class='ocr_line' id='line_1_113' title="bbox 2214 5494 3797 5594; baseline -0.018 -17"><span class='ocrx_word' id='word_1_786' title='bbox 2214 5517 2364 5594; x_wconf 86' lang='lat' dir='ltr'><strong>(Gen.</strong></span> <span class='ocrx_word' id='word_1_787' title='bbox 2396 5534 2446 5584; x_wconf 90' lang='grc' dir='ltr'><strong>ι,</strong></span> <span class='ocrx_word' id='word_1_788' title='bbox 2471 5513 2565 5588; x_wconf 76' lang='grc'><strong>51)</strong></span> <span class='ocrx_word' id='word_1_789' title='bbox 2602 5531 2616 5569; x_wconf 88' lang='lat'><strong>:</strong></span> <span class='ocrx_word' id='word_1_790' title='bbox 2648 5522 2705 5569; x_wconf 89' lang='lat' dir='ltr'><strong>et</strong></span> <span class='ocrx_word' id='word_1_791' title='bbox 2730 5510 3007 5583; x_wconf 88' lang='lat' dir='ltr'><strong>quomodo</strong></span> <span class='ocrx_word' id='word_1_792' title='bbox 3044 5506 3101 5561; x_wconf 92' lang='lat' dir='ltr'><strong>in</strong></span> <span class='ocrx_word' id='word_1_793' title='bbox 3125 5504 3244 5575; x_wconf 85' lang='lat' dir='ltr'><strong>lege</strong></span> <span class='ocrx_word' id='word_1_794' title='bbox 3274 5501 3519 5573; x_wconf 69' lang='lat' dir='ltr'><strong>quaedam</strong></span> <span class='ocrx_word' id='word_1_795' title='bbox 3540 5494 3797 5553; x_wconf 85' lang='lat' dir='ltr'><strong>animalia</strong></span> 
     </span>
    </p>
   </div>
   <div class='ocr_carea' id='block_1_114' title="bbox 2210 5600 3085 5676">
    <p class='ocr_par' dir='ltr' id='par_1_114' title="bbox 2210 5600 3085 5676">
     <span class='ocr_line' id='line_1_114' title="bbox 2210 5600 3085 5676; baseline -0.019 -5"><span class='ocrx_word' id='word_1_796' title='bbox 2210 5619 2473 5671; x_wconf 86' lang='lat' dir='ltr'><strong>vocantur</strong></span> <span class='ocrx_word' id='word_1_797' title='bbox 2496 5607 2772 5667; x_wconf 88' lang='lat' dir='ltr'><strong>immunda</strong></span> <span class='ocrx_word' id='word_1_798' title='bbox 2799 5604 2949 5676; x_wconf 78' lang='lat' dir='ltr'><strong>(Leu.</strong></span> <span class='ocrx_word' id='word_1_799' title='bbox 2966 5600 3085 5672; x_wconf 72' lang='lat' dir='ltr'><strong>si)?</strong></span> 
     </span>
    </p>
   </div>
   <div class='ocr_carea' id='block_1_115' title="bbox 2288 5683 3799 5775">
    <p class='ocr_par' dir='ltr' id='par_1_115' title="bbox 2288 5683 3799 5775">
     <span class='ocr_line' id='line_1_115' title="bbox 2288 5683 3799 5775; baseline -0.019 -11"><span class='ocrx_word' id='word_1_800' title='bbox 2288 5709 2449 5775; x_wconf 84' lang='lat' dir='ltr'><strong>Resp.</strong></span> <span class='ocrx_word' id='word_1_801' title='bbox 2487 5702 2558 5761; x_wconf 89' lang='lat' dir='ltr'><strong>Ut</strong></span> <span class='ocrx_word' id='word_1_802' title='bbox 2599 5700 2807 5770; x_wconf 91' lang='lat' dir='ltr'><strong>reliqua</strong></span> <span class='ocrx_word' id='word_1_803' title='bbox 2846 5706 3090 5762; x_wconf 87' lang='lat' dir='ltr'><strong>taceam,</strong></span> <span class='ocrx_word' id='word_1_804' title='bbox 3125 5705 3245 5763; x_wconf 68' lang='lat' dir='ltr'><strong>qua:</strong></span> <span class='ocrx_word' id='word_1_805' title='bbox 3282 5704 3347 5745; x_wconf 86' lang='lat' dir='ltr'><strong>ex</strong></span> <span class='ocrx_word' id='word_1_806' title='bbox 3388 5686 3494 5743; x_wconf 87' lang='lat' dir='ltr'><strong>hoc</strong></span> <span class='ocrx_word' id='word_1_807' title='bbox 3534 5683 3639 5739; x_wconf 93' lang='lat' dir='ltr'><strong>dici</strong></span> <span class='ocrx_word' id='word_1_808' title='bbox 3682 5694 3799 5754; x_wconf 84' lang='lat' dir='ltr'><strong>pos-</strong></span> 
     </span>
    </p>
   </div>
   <div class='ocr_carea' id='block_1_116' title="bbox 2220 5770 3807 5859">
    <p class='ocr_par' dir='ltr' id='par_1_116' title="bbox 2220 5770 3807 5859">
     <span class='ocr_line' id='line_1_116' title="bbox 2220 5770 3807 5859; baseline -0.017 -5"><span class='ocrx_word' id='word_1_809' title='bbox 2220 5814 2367 5858; x_wconf 80' lang='lat' dir='ltr'><strong>sunt.</strong></span> <span class='ocrx_word' id='word_1_810' title='bbox 2418 5793 2699 5852; x_wconf 84' lang='lat' dir='ltr'><strong>immunda</strong></span> <span class='ocrx_word' id='word_1_811' title='bbox 2740 5788 3003 5859; x_wconf 85' lang='lat' dir='ltr'><strong>appellata</strong></span> <span class='ocrx_word' id='word_1_812' title='bbox 3044 5793 3171 5842; x_wconf 85' lang='lat' dir='ltr'><strong>sunt</strong></span> <span class='ocrx_word' id='word_1_813' title='bbox 3196 5782 3351 5850; x_wconf 85' lang='lat' dir='ltr'><strong>esui,</strong></span> <span class='ocrx_word' id='word_1_814' title='bbox 3382 5795 3487 5835; x_wconf 88' lang='lat' dir='ltr'><strong>non</strong></span> <span class='ocrx_word' id='word_1_815' title='bbox 3520 5770 3807 5832; x_wconf 77' lang='lat' dir='ltr'><strong>creationi.</strong></span> 
     </span>
    </p>
   </div>
   <div class='ocr_carea' id='block_1_117' title="bbox 2256 5876 2417 5911">
    <p class='ocr_par' dir='ltr' id='par_1_117' title="bbox 2256 5876 2417 5911">
     <span class='ocr_line' id='line_1_117' title="bbox 2256 5876 2417 5911; baseline -0.031 -8"><span class='ocrx_word' id='word_1_816' title='bbox 2256 5876 2417 5911; x_wconf 55' lang='grc' dir='ltr'><strong>,κη</strong></span> 
     </span>
    </p>
   </div>
  </div>
