4028 6184
212 396 245 427 ο
272 367 371 425 ’181

1461 354 2008 414 INSTRUCTIONUM
2050 350 2259 410 LIBER
2301 350 2344 411 l.

3445 353 3557 421 782

276 479 479 535 Horum
508 474 651 531 enim
692 474 746 527 in
786 471 963 527 cibum
1007 485 1137 525 usus
1168 486 1266 540 pro
1308 471 1629 540 quibusdam
1672 470 1856 540 ﬁguris
1884 476 1933 531 Α
1962 469 2255 541 Egyptum
2283 471 2519 540 quinque
2564 482 2616 526 et
2666 474 3008 543 septuaginta
3056 471 3266 530 animas
3321 475 3558 536 refertur

276 571 453 626 divina
486 566 800 623 interdictus
833 564 950 633 lege
981 563 1347 632 cognoscitur.

348 664 456 718 Inl.
490 662 623 716 Cum
652 658 853 714 munda
883 668 937 712 et
970 656 1248 711 immunda
1273 656 1524 711 animalia
1558 657 1735 712 divina
1769 672 1866 727 per

280 758 495 827 Moysen
544 754 661 823 lege
701 752 938 809 discreta
965 754 1106 815 sint,
1140 751 1412 821 quomodo
1438 753 1601 807 etiam
1634 762 1759 807 ante
1782 753 1868 808 di-

273 850 470 904 luvium
504 848 574 902 de
615 847 698 900 his
730 862 850 915 qua:
892 845 942 898 in
987 859 1170 899 arcam
1218 845 1526 913 recipienda
1559 852 1733 912 erant,
1768 846 1863 899 im-

269 942 466 997 munda
488 940 844 1011 appellantur
871 937 1125 993 animalia
1151 934 1303 1007 (Gen.
1337 952 1429 999 vn,
1462 936 1551 1006 8)?

340 1035 497 1105 Resp.
543 1032 777 1103 Moyses,
826 1030 1127 1100 inspirante
1168 1040 1359 1084 sancto
1406 1028 1638 1098 Spiritu,
1674 1030 1867 1084 Penta-

273 1128 451 1182 tenchi
490 1126 730 1191 scriptor
763 1132 817 1189 et
851 1121 1102 1179 conditor
1130 1131 1214 1175 est
1256 1139 1267 1174 :
1302 1130 1357 1175 et
1381 1122 1505 1191 quia
1541 1121 1592 1175 in
1624 1120 1865 1175 Levitico

267 1212 335 1273 de
366 1216 586 1271 mundis
608 1214 1012 1283 immundisque
1041 1213 1369 1267 animalibus
1396 1222 1515 1267 erat
1545 1212 1863 1281 proferenda

266 1309 549 1373 discretio,
579 1308 742 1362 etiam
775 1307 826 1359 in
859 1304 1078 1367 Genesi,
1111 1303 1233 1372 quia
1264 1304 1542 1373 utriusque
1573 1303 1693 1357 libri
1722 1303 1863 1359 idem

266 1409 455 1455 auctor
487 1411 596 1467 est,
626 1398 816 1453 eadem
849 1397 1105 1450 animalia
1134 1396 1445 1466 appellavit,
1478 1398 1772 1452 immunda.

338 1490 451 1546 Iul.
492 1491 627 1558 Quae
680 1490 748 1543 de
796 1489 967 1543 veteri
1018 1488 1367 1544 Testamento
1422 1490 1734 1559 relinquere
1781 1490 1860 1544 vel

265 1600 387 1658 quae
418 1585 717 1638 observare
744 1581 1042 1636 debemus?

342 1677 509 1747 Resp.
560 1675 828 1729 Debemus
857 1673 1149 1728 observare
1184 1673 1454 1738 mandata,
1486 1690 1605 1743 qua:
1636 1674 1704 1729 ad
1742 1689 1864 1729 cor-

268 1769 552 1837 rigendam
598 1767 762 1819 vitam
815 1780 1103 1834 moresque
1152 1765 1427 1833 pertinent
1484 1782 1498 1818 :
1556 1766 1864 1833 relinquere

1967 566 2107 638 (Act.
2128 582 2223 630 vn,
2254 565 2368 637 14).

2040 656 2197 729 Resp.
2237 656 2462 713 Constat
2493 660 2712 729 quidem
2764 676 2828 716 eo
2864 658 3107 732 tempore
3135 679 3241 732 quo
3268 660 3440 720 Iacob
3478 666 3562 722 in-

1965 748 2185 817 gressus
2244 750 2326 805 est
2372 749 2663 821 JEgyptum
2718 767 2838 807 cum
2898 753 3101 824 Joseph
3160 754 3395 826 ﬁliisque
3443 756 3563 827 ejtl

1968 842 2223 912 Ephraim
2266 852 2320 899 et
2362 830 2611 901 Manasse
2647 846 2716 902 70
2760 846 2965 902 animas
3004 856 3211 903 tantum
3253 838 3436 906 fuisse.
3483 848 3567 909 lbi

1969 947 2099 988 vero
2134 933 2222 989 ubi
2255 926 2325 991 75
2354 936 2652 991 animarum
2698 954 2956 995 numerus
2988 939 3243 1010 refertur,
3279 943 3431 1013 quasi
3466 955 3568 1014 per

1968 1028 2413 1098 anticipationem
2451 1032 2614 1086 etiam
2652 1028 2790 1087 filios
2827 1046 3167 1107 nepotesque
3211 1034 3464 1105 Ephraim
3506 1042 3569 1095 es

1967 1118 2211 1175 Manasse
2234 1119 2603 1178 numerandos
2627 1126 2852 1193 putavit,
2878 1143 3013 1197 quos
3034 1136 3223 1197 postea
3246 1127 3297 1182 in
3322 1126 3567 1200 Egypm

1967 1221 2126 1266 natos
2152 1211 2349 1267 divinae
2383 1215 2575 1269 relatio
2611 1215 2859 1272 lectionis
2890 1219 3149 1275 ostendit.

2040 1302 2149 1360 Int.
2204 1305 2341 1374 Quid
2396 1307 2835 1377 respondendum
2895 1320 2978 1366 est
3043 1310 3247 1367 Iudaeis
3293 1309 3560 1379 objiciet.-

1969 1398 2113 1453 tibus
2145 1400 2511 1454 testimonium
2541 1400 2673 1454 illud
2699 1419 2711 1453 :
2738 1400 3053 1458 Maledictus
3079 1404 3242 1457 omnis
3263 1403 3353 1472 qui
3376 1401 3560 1472 pendet

1966 1490 2017 1544 in
2046 1488 2187 1561 ligno
2210 1488 2388 1560 (Deut.
2423 1508 2531 1554 χχι,
2556 1490 2680 1560 25η

2038 1578 2193 1653 Resp.
2239 1568 2577 1638 Maledictum
2602 1597 2722 1639 esse
2748 1582 3023 1639 hominem
3050 1583 3141 1653 qui
3186 1586 3238 1639 in
3263 1583 3407 1655 ligno
3428 1599 3559 1655 pen-

1968 1672 2119 1735 deat,
2172 1672 2267 1728 sed
2319 1674 2569 1739 noxium,
2614 1674 2723 1729 non
2775 1676 3139 1730 innocentem.
3187 1675 3372 1746 Neque
3413 1677 3560 1731 enim

1969 1768 2293 1821 innocentia;
2317 1779 2495 1835 potest
2521 1785 2640 1823 esse
2665 1768 3010 1823 maledictum
3040 1784 3193 1837 paena
3226 1768 3448 1838 peccati.
3477 1768 3561 1823 Et-

268 1871 451 1914 autem
471 1859 830 1912 czrremonias
863 1856 1111 1923 ritusque
1141 1858 1560 1924 sacrificiorum,
1588 1874 1707 1927 qua:
1739 1859 1864 1928 ligu-
1899 1848 1944 1905 B
1972 1861 2113 1913 enim
2134 1860 2174 1912 si
2194 1856 2865 1929 Mardoclurusprwparato
2886 1860 3024 1929 ligno
3047 1859 3558 1930 appensus(Esther.

268 1962 360 2005 rus
390 1956 555 2020 at‘qde
582 1954 829 2004 umbram
860 1949 1050 2003 futuris
1078 1954 1203 2003 tunc
1230 1950 1391 2003 rebus
1428 1952 1793 2019 pra-tulerunt.

342 2042 455 2098 Int.
498 2044 639 2112 Quid
687 2043 1139 2112 respondebimus
1172 2043 1557 2111 objicientibns
1598 2060 1759 2113 quam
1798 2046 1868 2100 ob

267 2138 488 2192 causam
530 2137 671 2189 Deus
702 2134 990 2189 sacrificiis
1030 2135 1306 2188 veteribus
1346 2134 1681 2203 repudiatis,
1716 2138 1868 2190 novis

268 2230 576 2285 delectatus
626 2228 739 2281 sit:
786 2227 918 2281 nihil
970 2226 1114 2282 enim
1159 2229 1355 2298 corrigi
1401 2227 1709 2296 affirmant,
1765 2229 1867 2283 nisi

271 2322 412 2391 quod
448 2337 558 2373 non
586 2328 738 2373 recte
767 2318 962 2373 factum
990 2320 1233 2388 putetur?

349 2414 508 2481 Resp.
550 2412 797 2480 Spatiosa
831 2413 1090 2480 qumstio,
1122 2411 1216 2466 sed
1265 2425 1361 2464 nos
1406 2420 1501 2480 pro
1549 2414 1869 2469 necessitate

274 2504 525 2559 breviter
556 2502 1027 2570 resiiondebimus,
1060 2503 1205 2571 quod
1237 2516 1342 2556 non
1371 2503 1493 2556 ideo
1525 2503 1668 2559 Deus
1698 2505 1870 2561 videri

273 2594 452 2667 poSsit
491 2592 792 2658 ululabilis,
824 2593 949 2662 quia
983 2594 1098 2647 haec
1137 2608 1233 2661 pro
1271 2602 1574 2663 temporum
1612 2604 1870 2663 opportu-

278 2688 452 2741 nitate
481 2688 680 2739 mutata
706 2683 833 2737 sint.
855 2683 985 2737 Nam
1015 2692 1068 2738 et
1099 2697 1272 2739 anuus
1302 2685 1653 2753 temporibus,
1673 2692 1723 2739 et
1748 2686 1870 2741 vitae

276 2780 516 2850 spatium
550 2778 781 2830 variatur
809 2775 1079 2830 :etatibun
1114 2776 1221 2830 Nec
1253 2776 1456 2830 idcirco
1488 2780 1605 2845 qtub
1649 2778 1749 2831 ista
1791 2780 1865 2832 in-

276 2872 477 2935 stituit,
506 2869 703 2924 divittae
747 2869 1098 2938 providentiae
1142 2870 1278 2922 ratio
1307 2868 1567 2921 variatur.
1604 2866 1711 2922 Nec
1730 2872 1872 2939 agt-i-

277 2962 419 3027 cola,
447 2961 495 3015 si
519 2968 708 3015 testate
732 2960 902 3026 aliud,
938 2960 1131 3030 hyeme
1160 2960 1305 3012 aliud
1337 2960 1387 3012 in
1413 2961 1717 3013 exercendo
1743 2976 1872 3029 agro

278 3061 525 3130 jusserit,
558 3060 903 3129 agriculturae
935 3061 1074 3111 ratio
1108 3070 1362 3112 imitatur.
1390 3058 1505 3111 Non
1540 3060 1679 3129 quod
1714 3062 1757 3113 is
1790 3061 1872 3114 sui

278 3156 529 3209 videatur
569 3167 691 3205 esse
738 3152 1014 3206 diSsimilis
1056 3151 1145 3217 qui
1191 3151 1345 3217 facit,
1380 3151 1473 3204 sed
1518 3162 1727 3219 tempus
1768 3168 1873 3221 quo

1974 1965 2064 2013 vn,
2091 1951 2172 2018 9),
2199 1951 2519 2003 sententiam
2545 1950 2706 2017 regite
2729 1948 3069 2004 Crudelitatis
3094 1952 3386 2019 explesset,
3408 1965 3562 2004 num-

1972 2040 2097 2111 quid
2141 2055 2259 2094 eum
2295 2040 2346 2093 hi
2379 2055 2518 2093 nunc
2555 2040 2773 2110 dignum
2806 2039 2908 2114 hac
2940 2040 3319 2095 maledicuone
3346 2041 3561 2110 judica-

1974 2132 2126 2184 rent?
2167 2134 2265 2183 Aut
2308 2122 2627 2193 Mue/taba'i,
2664 2141 2824 2202 atque
2866 2132 2987 2198 alii,
3022 2147 3158 2199 quos
3191 2131 3462 2199 Scriptura
3494 2127 3566 2202 (ιι

1976 2223 2151 2277 Maeli.
2188 2224 2280 2291 vn)
2325 2222 2496 2276 mo'rte
2542 2224 2700 2277 simili
2745 2223 3116 2294 indignissime
3164 2232 3389 2276 testatur
3418 2221 3563 2276 afﬂi-

1974 2326 2124 2380 ctos,
2172 2315 2430 2385 numquid
2474 2315 2611 2384 apud
2650 2320 2746 2370 eos
2787 2332 2882 2385 pro
2921 2314 3222 2371 maledictis
3262 2314 3564 2370 habentur?

1974 2412 2309 2476 Quapropter
2331 2406 2581 2462 Salvator
2604 2408 2785 2462 ttoStcr
2810 2420 2837 2461 a
2867 2421 3039 2461 morte
3068 2409 3442 2476 redempturus
3466 2406 3565 2462 ho-

1976 2501 2196 2565 minem,
2223 2500 2293 2552 ita
2318 2513 2533 2552 crucem
2568 2514 2672 2553 non
2709 2499 2926 2568 refugit,
2951 2508 3009 2554 ut
3038 2506 3287 2554 mortem.
3317 2498 3483 2570 Igitur
3512 2501 3565 2555 in

1976 2590 2277 2648 minoribus
2311 2608 2417 2646 non
2446 2594 2864 2658 Calumnienttn',
2898 2608 3017 2646 cum
3050 2608 3148 2662 pro
3180 2593 3429 2662 patientia
3462 2591 3567 2647 Do-

1976 2686 2103 2739 mini
2140 2699 2238 2738 nos
2270 2685 2431 2738 etiam
2467 2686 2518 2738 in
2548 2686 2839 2753 majoribus
2867 2686 3181 2754 gloriemur.
3210 2684 3319 2737 Nec
3349 2684 3565 2749 mirum,

1975 2778 2021 2831 si
2055 2778 2265 2832 dicatur
2297 2778 2592 2846 patibulum
2627 2779 2884 2844 subiisse,
2912 2794 3068 2847 quem
3096 2792 3193 2831 nos
3216 2778 3375 2831 etiam
3398 2775 3464 2829 ad
3488 2777 3568 2831 in-

1975 2871 2123 2925 ferna
2159 2868 2505 2925 descendisse
2539 2868 2769 2923 fatemur
2806 2888 2819 2924 :
2860 2872 2949 2937 qui
2984 2884 3103 2923 cum
3140 2868 3416 2938 proprium
3454 2868 3568 2937 ipse

1977 2972 2259 3031 peccatum
2299 2978 2404 3017 non
2443 2963 2707 3029 habuerit,
2750 2963 2988 3031 suscepit
3028 2973 3203 3015 tamen
3236 2970 3463 3015 mortem
3498 2960 3567 3017 de

1979 3058 2182 3124 peccati
2225 3054 2603 3109 maledictioue
2638 3056 2966 3110 venientem.
3007 3057 3179 3124 Atque
3227 3053 3431 3109 idcirco
3474 3068 3569 3123 pe-

1980 3148 2165 3216 pendit
2200 3149 2252 3199 in
2288 3147 2431 3215 ligno
2464 3144 2609 3217 (Cal.
2644 3162 2723 3210 tu,
2759 3146 2869 3216 13),
2896 3156 2951 3199 ut
2983 3160 3081 3200 nos
3116 3161 3145 3200 a
3181 3146 3401 3211 delicto,
3424 3145 3569 3217 quod

281 3246 429 3300 facit.
467 3244 725 3314 Praecepit
751 3260 875 3311 ergo
898 3244 1043 3295 Deus
1069 3258 1187 3312 qua!
1216 3252 1336 3309 apta
1361 3250 1485 3297 sunt
1514 3247 1625 3297 suis
1658 3245 1874 3313 quibus-
1903 3224 1948 3285 C
1980 3240 2033 3293 in
2075 3238 2218 3308 ligno
2257 3239 2431 3293 fuerat
2472 3237 2796 3307 perditionis
2834 3235 3164 3305 admissum,
3202 3241 3256 3293 in
3297 3238 3440 3310 ligno
3474 3256 3568 3311 ap-

283 3351 387 3407 que
420 3337 772 3406 temporibus.
802 3335 955 3389 Sicut
982 3337 1141 3387 etiam
1179 3335 1262 3388 hic
1284 3336 1350 3390 de
1374 3336 1652 3390 Sacrificiis
1675 3353 1875 3406 prmce—

283 3431 383 3501 pit,
430 3444 536 3482 non
578 3444 735 3482 causa
778 3443 887 3480 sur
936 3428 1333 3493 delet-latinius,
1380 3427 1474 3483 sed
1505 3427 1776 3491 humanas,
1821 3442 1878 3484 ut

281 3530 479 3580 cat-tera
502 3565 515 3587 ,
551 3523 816 3577 utilitatis.
855 3520 921 3574 Et
955 3520 1077 3574 ideo
1109 3536 1268 3574 verus
1310 3530 1394 3576 est
1424 3522 1713 3588 Dominus,
1757 3526 1878 3595 quia

286 3618 536 3671 bonorum
562 3623 854 3668 nostrorum
880 3628 981 3665 non
1012 3611 1205 3681 indiget
1239 3610 1355 3681 (Ps.
1391 3629 1485 3678 xv,
1518 3613 1597 3685 2).
1632 3614 1735 3670 Sed
1765 3616 1877 3671 haec

286 3707 402 3775 ipsa
446 3715 907 3759 sacramentorum
940 3705 1293 3758 commutatio
1335 3720 1401 3760 ne
1434 3720 1575 3759 nova
1616 3717 1667 3762 et
1699 3709 1878 3764 subito

285 3806 506 3870 putetur
551 3803 850 3866 assumpta,
883 3796 1141 3865 praedicta
1182 3796 1501 3865 jamdudum
1544 3800 1877 3871 pr0pheticis

286 3900 450 3959 atque
476 3890 669 3943 (ﬁvinis
690 3889 912 3943 vocibus
942 3887 1139 3954 fuerat,
1172 3888 1368 3958 quibus
1395 3891 1589 3944 dicitur
1617 3910 1629 3945 :
1659 3891 1776 3946 Non
1802 3910 1879 3945 ac-

285 3984 477 4052 cipiam
493 3983 557 4035 de
572 3981 722 4033 domo
753 3992 841 4035 tua
866 3980 1071 4043 vitulos,
1100 3998 1260 4051 neque
1287 3983 1350 4035 de
1373 3985 1605 4053 gregibus
1638 3986 1735 4038 luis
1765 3984 1876 4038 Itir-

288 4094 374 4131 cos
406 4074 524 4147 (Ps.
556 4090 708 4139 xux,
742 4073 819 4145 9).
858 4072 1171 4141 Postremo,
1206 4084 1266 4129 ut
1307 4076 1543 4131 breviter
1587 4078 1881 4133 concluda-

290 4184 430 4233 mus,
465 4174 562 4223 εἰη·
591 4168 803 4224 diversa
828 4167 930 4221 sibi
952 4167 1215 4222 sacriﬁcia
1250 4168 1388 4223 Deus
1417 4170 1645 4225 voluerit
1672 4169 1874 4239 offerri,

288 4262 410 4331 quia
429 4262 550 4315 aliis
568 4260 923 4316 sacramentis
953 4258 1224 4315 Christum
1246 4263 1593 4329 praenuntiari
1614 4263 1876 4331 oportuit,

288 4370 406 4410 cum
436 4362 699 4409 venturus
734 4365 912 4421 esset,
946 4353 1066 4408 aliis
1098 4356 1421 4409 annunliut'e
1454 4357 1723 4426 oportuit,
1757 4372 1877 4411 cum

291 4449 547 4504 venisset.

915 4532 966 4569 ιιι
1006 4530 1252 4571 Νυκεκιε.

364 4608 478 4663 Inl.
521 4609 735 4661 Balaam
762 4608 853 4661 ille
873 4606 1089 4674 gentilis
1103 4608 1230 4675 quid
1265 4621 1339 4662 es:
1366 4612 1504 4677 quod
1532 4611 1879 4678 prophetasse
1905 4606 1959 4666 D

294 4702 591 4757 secundum
617 4702 778 4755 fidem
809 4713 982 4754 sacrae
1004 4701 1387 4769 comprobatur
1419 4703 1661 4757 hiswria:
1686 4702 1876 4774 (Num.

292 4794 383 4859 es,
416 4793 543 4861 17)?

368 4884 526 4954 Resp.
570 4882 640 4938 Ut
679 4883 861 4937 multis
891 4883 1258 4938 iunotesceret
1286 4885 1493 4950 modis,
1529 4885 1656 4938 dum
1685 4894 1883 4956 usque-

294 4992 509 5047 quaque
551 4976 780 5047 prolata.
824 4978 990 5030 etlam
1059 4990 1155 5045 per
1194 4976 1442 5030 inﬁdeles
1511 4979 1877 5033 annuntiatur.

298 5071 364 5124 Et
415 5080 473 5123 ut
524 5069 624 5123 hoc
669 5082 735 5123 ex
777 5066 1025 5136 gentibus
1069 5068 1433 5137 prophetante
1478 5071 1686 5139 signum
1738 5078 1881 5125 esset

294 5162 548 5233 gentibus
570 5160 880 5217 credituris.
906 5160 1037 5213 Nam
1064 5169 1118 5215 et
1144 5160 1297 5214 lleliu
1344 5161 1394 5214 in
1423 5162 1525 5215 Job
1549 5161 1686 5217 libro
1708 5162 1777 5217 de
1798 5160 1881 5217 fu-

299 5260 430 5313 turis
448 5256 585 5311 haud
604 5254 765 5310 dubie
802 5254 948 5308 nulla
973 5253 1216 5321 prredixit
1234 5254 1377 5324 (Job.
1400 5266 1571 5318 χχιιι,
1599 5254 1633 5307 5
1652 5262 1700 5306 et
1722 5254 1879 5325 seq.),

303 5348 367 5404 Et
396 5351 621 5422 Caiphas
645 5349 714 5404 de
743 5348 971 5403 Domino
1002 5358 1064 5401 ac
1090 5344 1374 5403 Salvatore
1404 5348 1592 5403 uestro
1621 5346 1674 5401 in
1705 5346 1883 5403 Evan-

300 5445 439 5513 gelia
466 5441 789 5515 prophetarit
818 5438 995 5511 (Joan.
1030 5455 1105 5507 ιι,
1140 5438 1254 5509 50).

828 5558 882 5611 η(
919 5554 1350 5612 bsurenouodio.

373 5648 479 5703 Iul.
516 5642 651 5703 Cum
684 5638 739 5704 ln’
770 5644 1190 5704 Detlleronomio
1212 5648 1281 5703 70
1309 5646 1513 5704 tantum
1543 5649 1738 5704 animae
1763 5664 1885 5704 cum

309 5737 470 5798 Iacob
493 5739 785 5813 Egyptum
812 5741 1151 5797 ascribantur
1178 5738 1458 5809 impreSSae
1481 5740 1673 5811 (Deut.
1692 5756 1748 5805 ι,
1770 5740 1884 5812 22),

310 5837 576 5900 quomodo
616 5845 797 5908 postea
844 5838 895 5890 tn
941 5836 1159 5891 Actibus
1197 5832 1582 5902 Apustolorum
1639 5830 1889 5890 introisse

850 5982 859 5983 κ
914 5976 1031 5996 ’γύας
1094 5978 1100 5983 .

1983 3348 2178 3402 pensus
2207 3333 2535 3387 absolveret.

2052 3424 2158 3477 Iul.
2202 3424 2484 3493 Quomodo
2513 3424 2563 3478 in
2600 3425 2757 3479 Deut.
2794 3423 2813 3493 (
2843 3440 2889 3487 v,
2927 3423 2985 3491 9)
3020 3423 3155 3477 Deus
3184 3428 3376 3479 zelatus
3399 3425 3567 3483 fuisse

1980 3518 2201 3585 dicitur,
2226 3535 2347 3573 cum
2379 3520 2430 3573 in
2456 3518 2622 3574 Deum
2648 3518 2793 3572 nulla
2820 3518 3151 3587 perturbatio
3178 3522 3375 3574 radat?

2057 3612 2214 3682 Resp.
2258 3611 2400 3665 Deus
2431 3612 2756 3681 perturbari,
2787 3620 2845 3664 ut
2892 3611 3005 3679 ipse
3056 3611 3156 3676 ais,
3211 3627 3318 3667 non
3370 3622 3568 3683 potest,

1980 3704 2076 3761 sed
2123 3704 2412 3774 tranquilla
2461 3704 2702 3759 bonitate
2751 3702 2890 3757 zelat
2939 3720 2953 3760 :
3004 3718 3070 3757 ne
3098 3707 3187 3757 uni
3225 3704 3336 3759 Deo
3366 3708 3568 3764 debent

1982 3796 2161 3851 anima
2188 3796 2493 3850 castitatem
2523 3809 2620 3864 per
2650 3792 2851 3847 multos
2881 3791 3049 3847 falsos
3074 3805 3326 3864 corrupta
3357 3806 3411 3850 et
3438 3812 3566 3867 pro.

1982 3889 2163 3943 stituta
2196 3898 2457 3958 turpetur.

2672 4036 2724 4075 IN
2761 4036 2873 4075 ιοι.
3279 4010 3313 4039 ⁸

2059 4181 2164 4235 Ιηι.
2209 4180 2263 4234 ln
2289 4180 2394 4246 Job
2428 4180 2641 4246 (xxvm,
2666 4178 2754 4249 15)
2783 4180 3018 4249 qualiter
3060 4178 3430 4247 accipiendum
3462 4190 3565 4249 est,

1983 4274 2126 4342 quod
2160 4272 2433 4339 Scriptura
2462 4279 2874 4331 commemorat.
2917 4271 3109 4323 Aurum
3141 4268 3303 4338 Ophir
3331 4271 3355 4323 ?

2057 4365 2213 4432 Resp.
2256 4363 2427 4431 Regio
2457 4369 2541 4415 est
2570 4361 2740 4430 Ophir
2770 4361 2822 4414 in
2857 4361 3057 4415 Indiam
3087 4362 3314 4415 tendens
3342 4379 3352 4413 :
3387 4362 3567 4430 itaque

1984 4471 2171 4510 aurum
2225 4455 2386 4522 hujus
2438 4452 2637 4506 indicat
2695 4452 2952 4521 regionis.
3003 4451 3111 4506 Alii
3160 4468 3347 4506 aurum
3400 4451 3570 4522 Ophir

1983 4550 2136 4600 valde
2165 4546 2458 4615 pretiosum
2482 4558 2603 4598 esse
2628 4542 2971 4609 confirmant,
2997 4546 3136 4613 quod
3160 4545 3398 4616 obryzon
3428 4545 3571 4615 apud

1983 4638 2205 4693 Latinos
2240 4636 2567 4706 appellatur.

2058 4728 2164 4781 lnt.
2206 4727 2342 4796 Quid
2382 4728 2487 4781 sibi
2528 4727 2670 4794 vult,
2707 4728 2851 4800 quod
2880 4728 2993 4785 illic
3036 4739 3314 4786 auctorum
3348 4733 3573 4788 saecula-

1985 4824 2120 4875 rium
2174 4819 2569 4875 consuetudine
2628 4821 2855 4891 legimus
2912 4820 3192 4891 Pleiadas,
3246 4825 3441 4881 Oriona
3494 4828 3575 4882 vel

1985 4911 2259 4965 Arcturum
2289 4908 2433 4982 (Job.
2466 4926 2541 4979 ιι,
2575 4911 2666 4980 9)?

2060 5002 2217 5071 Resp.
2260 5001 2375 5055 Non
2432 5001 2574 5070 quod
2626 5002 2709 5057 his
2758 5004 2897 5073 apud
2952 5004 3210 5062 Hebraeos
3262 5011 3573 5066 nominibus

1988 5106 2330 5160 censeantur,
2380 5094 2476 5149 sed
2509 5107 2566 5151 ut
2603 5094 2745 5164 apud
2778 5110 2875 5150 nos
2906 5098 3095 5151 horum
3125 5098 3361 5155 siderum
3409 5102 3575 5172 signi-

1987 5188 2201 5243 ficantia
2239 5196 2423 5257 posset
2464 5201 2585 5242 esse
2630 5188 2990 5254 manifestior,
3022 5191 3094 5244 ita
3127 5189 3240 5245 haec
3276 5193 3574 5248 translator

1988 5282 2261 5351 appellare
2294 5280 2488 5345 voluit,
2520 5288 2579 5334 ut
2602 5294 2731 5334 usus
2761 5280 3077 5350 gentilitatis
3103 5284 3402 5339 invenerat.
3437 5284 3571 5342 lllud

1989 5390 2202 5446 quoque
2250 5374 2577 5443 generaliter
2622 5374 3022 5431 observandum
3069 5389 3172 5443 est,
3223 5380 3365 5449 quod
3410 5380 3609 5453 etiam;

1990 5466 2219 5537 apostoli
2265 5467 2350 5521 vel
2396 5466 2674 5533 apostolici
2724 5467 2822 5520 viri
2874 5468 2928 5519 in
2999 5471 3227 5539 epistolis
3271 5472 3379 5525 suis
3439 5473 3607 5528 δαί(

1991 5562 2180 5616 bentes
2213 5560 2277 5614 ad
2311 5560 2558 5629 populos.
2588 5560 2879 5615 abutuntur
2909 5562 3173 5617 interdum
3215 5564 3298 5618 his
3329 5567 3576 5621 testimo-

1992 5652 2093 5707 niis
2124 5650 2272 5722 (Tit.
2308 5666 2347 5719 ι,
2382 5649 2447 5703 12
2470 5650 2510 5720 ),
2544 5666 2663 5720 quas
2692 5651 3014 5707 videbantur
3040 5653 3312 5726 divulgata
3356 5674 3452 5728 per
3484 5677 3579 5731 po—

1994 5746 2166 5816 pulos.

2068 5833 2173 5889 Im.
2218 5833 2263 5887 tr
2326 5834 2516 5891 eodem
2563 5833 2705 5891 libro
2749 5835 2877 5905 quid
2927 5845 3031 5907 est,
3077 5839 3220 5910 quod
3247 5841 3317 5899 de
3345 5843 3581 5905 dracone
