4042 6188
773 211 777 213 .
814 195 853 215 ιιι

256 275 367 342 788

1471 277 2029 337 ιΝδτιιυοτιοΝωι
2069 278 2271 336 LIBER
2309 279 2345 333 Ι.

3455 289 3561 344 786

257 407 484 456 sanctus
516 395 776 453 Dominus
804 395 1168 458 exercituum,
1209 407 1369 446 unam
1403 393 1698 448 ostendunt
1725 391 1858 447 diri-
1887 396 1939 452 Α
1968 391 2363 458 gubernatores
2416 390 2672 445 Ecclesia:
2725 391 3158 460 praligurantur,
3211 394 3266 450 in
3325 394 3552 457 Danlcle

258 496 492 550 nitatem
527 493 579 547 in
614 492 869 563 mysterio
900 489 1197 543 Trinitatis.

331 586 443 642 lnt.
488 587 626 653 Quid
662 584 1096 651 rcSpondendnm
1129 593 1207 636 est
1268 583 1346 637 eis
1389 583 1479 651 qui
1529 582 1713 636 dicunt
1759 594 1858 634 no-

254 679 338 736 lis
386 698 399 733 :
445 681 584 746 Quid
633 678 876 732 f'certtnt
920 675 1112 740 Juliil'i,
1160 677 1202 729 si
1252 677 1475 730 credere
1525 692 1628 728 non
1671 683 1859 740 polue—

254 775 420 829 runt?
459 773 588 842 quia
647 786 870 825 necesse
918 771 1016 823 fuit
1065 777 1122 822 ut
1168 785 1346 823 sermo
1397 769 1546 822 Isaia:
1581 767 1861 836 pr0pltette

251 857 605 936 impleretur,
649 864 879 918 dicentis
906 880 917 914 :
949 860 1230 915 Excrecaeit
1259 862 1430 913 oculos
1471 875 1665 922 eorum,
1703 867 1748 910 et
1778 856 1863 908 iu-

253 961 463 1015 duruvit
483 976 579 1012 eor
600 974 796 1017 eorum.
830 968 884 1011 ut
910 973 1012 1009 non
1045 956 1245 1008 videant
1276 953 1468 1010 oculis.
1497 963 1544 1006 et
1573 951 1862 1019 intelligant

253 1054 432 1112 corde.
462 1064 512 1106 et
542 1061 928 1113 ronrertantur,
959 1058 1006 1101 et
1033 1063 1203 1100 sanem
1229 1044 1349 1098 illos
1380 1043 1532 1115 (lsai.
1564 1059 1640 1106 vt,
1674 1042 1788 1112 1θ).

332 1147 498 1211 Resp.
547 1145 818 1214 Propheta
868 1142 970 1196 hoc
1001 1140 1265 1206 praedixit,
1302 1138 1422 1208 quia
1457 1137 1597 1190 Deus
1630 1139 1730 1188 hoc
1775 1133 1862 1188 fu-

258 1250 446 1295 tttrnm
475 1254 606 1292 esse
654 1235 945 1305 prmscivit.
984 1231 1169 1299 Neque
1197 1230 1340 1284 enim
1375 1238 1548 1297 potest
1575 1226 1641 1280 ad
1675 1238 1866 1293 pecca-

259 1341 374 1385 tutn
428 1329 765 1397 compellere
817 1327 978 1386 Deus,
1029 1321 1115 1376 cui
1149 1335 1257 1374 non
1292 1328 1464 1386 potest
1498 1319 1710 1387 placere
1740 1329 1863 1384 pce-

259 1433 469 1480 caturn.
504 1422 562 1476 lu
599 1421 683 1474 his
728 1432 856 1487 ergo
885 1431 988 1470 non
1023 1412 1426 1484 pr.t'deslinali0
1474 1411 1656 1464 divina
1707 1407 1860 1462 intel-

259 1514 483 1586 ligenda
538 1522 644 1573 est,
682 1511 776 1564 sed
823 1505 1185 1574 tumscientia.
1223 1505 1294 1558 De
1340 1506 1442 1557 hoc
1483 1505 1532 1556 in
1569 1501 1864 1571 Evangelia

260 1607 529 1662 scribitur
573 1624 585 1657 :
631 1602 914 1670 ProPterea
955 1617 1055 1653 non
1086 1608 1320 1670 poterant
1351 1597 1586 1659 credere,
1617 1597 1735 1658 quia
1766 1596 1866 1647 ite-

261 1717 382 1752 rum
423 1697 555 1751 dicit
598 1694 765 1748 Isaias
805 1710 824 1747 :
868 1691 1155 1747 Erca'cavit
1203 1689 1374 1743 oculos
1403 1704 1599 1749 eorum,
1629 1696 1676 1740 et
1713 1687 1866 1739 indu-

1965 484 2135 536 SanCIi
2183 482 2686 551 continentiamque
2731 492 3023 549 sectantes,
3064 485 3118 539 in
3147 484 3248 541 Job
3274 487 3550 560 coniugati

1962 586 2015 629 et
2043 574 2308 644 justitiam
2341 575 2642 642 diligentes.

2041 663 2145 719 Iul.
2187 665 2323 732 Quid
2374 664 2643 734 sigriﬁcal
2695 665 2823 719 illud
2875 667 3018 734 quod
3070 668 3269 724 dicitur
3319 670 3375 725 itt
3427 686 3556 741 pro-

1965 757 2127 827 plteta
2173 775 2185 810 :
2232 759 2480 824 Auferam
2528 773 2615 809 cor
2665 759 2925 827 lapideum
2973 761 3036 812 de
3079 777 3230 814 carne
3277 774 3461 826 t'estra.
3503 773 3555 819 et

1965 850 2099 902 dabo
2126 850 2261 903 vobis
2287 866 2376 902 cor
2403 865 2645 901 corneum
2674 848 2886 919 (Ezech.
2917 869 2990 917 st,
3020 853 3106 920 19,
3135 865 3185 906 et
3213 871 3392 920 nm,
3418 854 3556 929 ‘26)?

2043 940 2198 1009 Resp.
2242 940 2446 994 Dortttn
2498 956 2594 994 cor
2641 951 2696 995 et
2729 943 3042 998 inobediens
3072 946 3264 1010 lapidci
3300 949 3555 1005 tt-stilica-

1967 1033 2116 1087 tione
2166 1032 2507 1086 demonstrat
2551 1050 2560 1083 :
2607 1034 2791 1087 carnei
2844 1050 2971 1088 vero
3019 1037 3410 1106 signiﬁcatione
3457 1053 3553 1095 cor

1967 1126 2132 1178 molle
2163 1123 2424 1188 ostendit,
2456 1139 2517 1177 ac
2543 1123 2742 1190 docile,
2769 1136 2821 1180 et
2850 1127 2993 1194 quod
3023 1128 3346 1186 insinuatam
3384 1131 3556 1201 possit

1972 1219 2220 1288 recipere
2246 1233 2364 1272 com
2376 1217 2740 1287 punctionem.

2494 1370 2546 1409 IN
2584 1370 3043 1412 PARALIPOIENON.

2039 1466 2147 1521 Int.
2190 1469 2329 1537 Quid
2360 1479 2442 1523 est
2468 1470 2611 1537 quod
2662 1472 2919 1524 scribitur
2964 1472 3015 1524 in
3051 1471 3553 1542 Paralipomenon:

1970 1559 2098 1625 Quae
2148 1562 2404 1616 habitabat
2446 1562 2499 1615 in
2545 1562 2875 1617 Hierusalem
2915 1564 2968 1617 in
2999 1567 3227 1620 secunda
3282 1566 3390 1635 (IV
3422 1567 3554 1641 Reg.

1969 1665 2098 1706 nu.
2135 1651 2257 1719 ii)?

263 1792 403 1846 rarit
437 1807 532 1844 cor
559 1805 752 1853 eorum,
786 1797 830 1841 et
862 1787 1054 1855 reliqua
1086 1782 1286 1856 (Joan.
1323 1800 1412 1848 stt,
1447 1785 1515 1838 39
1540 1788 1578 1853 ).
1618 1781 1730 1836 Non
1765 1795 1860 1849 po-
1897 1767 1944 1827 Β
1974 1743 3058 1856 ᾗδωιωθιρῗηέξ
3103 1749 3366 1856 Εξῗθιήπ
3408 1765 3556 1855 an?“

264 1892 453 1938 terant
502 1880 746 1943 credere,
783 1880 852 1931 ita
883 1877 1101 1940 dicilur,
1135 1877 1275 1929 sicut
1304 1885 1360 1930 et
1386 1890 1484 1929 nos
1516 1889 1662 1940 sepe
1689 1872 1864 1942 aliqua

265 1972 511 2028 dicimus
557 1988 662 2025 non
699 1984 885 2038 pthse,
918 1968 1041 2038 quia
1074 1968 1342 2020 uolumus.
1385 1965 1452 2019 Et
1495 1965 1561 2018 de
1592 1965 1867 2018 Pharaone

267 2066 535 2121 scribitur
577 2080 590 2118 :
640 2061 703 2116 In
734 2066 827 2115 hoc
862 2063 1028 2131 ipsum
1065 2059 1282 2113 excitavi
1314 2070 1381 2122 te,
1424 2066 1478 2110 ut
1519 2057 1784 2110 ostendam
1813 2057 1867 2108 in

268 2168 318 2213 te
347 2159 593 2212 eir:utem
623 2170 786 2208 meam
814 2151 1008 2223 (Exod.
1057 2167 1139 2219 ιι,
1177 2149 1288 2219 16).
1326 2149 1506 2219 Neque
1535 2148 1676 2202 enim
1707 2148 1866 2213 dixit,

270 2251 326 2308 in
362 2252 474 2306 hoc
507 2259 558 2303 te
589 2248 710 2315 ieci,
747 2260 802 2300 ut
833 2246 953 2300 talis
980 2259 1130 2301 esses
1173 2261 1186 2296 :
1230 2243 1323 2296 sed
1354 2244 1405 2296 in
1437 2242 1540 2295 hoc
1567 2250 1618 2295 te
1649 2240 1785 2310 elegi
1817 2250 1871 2295 et

273 2342 569 2404 suscitavi,
605 2355 727 2394 cum
757 2338 867 2408 jam
898 2347 951 2390 te
995 2337 1150 2389 talem
1184 2336 1298 2402 ipse
1329 2335 1552 2389 fecisses
1593 2351 1605 2385 :
1650 2334 1788 2402 Ergo
1816 2342 1871 2387 et

275 2432 371 2488 hic
420 2430 676 2486 exemi-ali
721 2444 909 2483 eorum
957 2427 1118 2490 oculi,
1164 2436 1220 2481 et
1265 2425 1570 2480 induratum
1611 2439 1732 2479 C358
1777 2440 1871 2478 cor

273 2529 507 2588 dicitur,
540 2529 662 2596 quia
693 2529 803 2593 jatn
835 2523 1002 2592 seipsi
1049 2525 1148 2576 hac
1179 2523 1422 2577 caecitate
1462 2522 1651 2591 dignos
1681 2519 1874 2575 ell'ece-

276 2632 429 2676 rant.
480 2619 732 2674 Excaecat
775 2623 953 2670 autem
982 2625 1037 2669 et
1087 2615 1298 2668 indurat
1332 2613 1590 2667 Dominus
1621 2621 1871 2682 pcectto-

276 2728 400 2768 rem
453 2709 759 2765 deserendo
814 2719 868 2762 et
917 2724 1022 2762 non
1075 2706 1402 2774 adjuvando.
1458 2705 1512 2760 Si
1562 2704 1646 2758 cui
1697 2713 1875 2757 autem

278 2819 482 2860 sensus
524 2803 610 2859 llic
647 2801 1085 2872 profundissiuue
1113 2799 1428 2866 quiestionis
1460 2798 1635 2851 minus
1667 2797 1871 2862 iecerit,

281 2897 680 2954 contremiseut
706 2911 941 2960 mecntn,
969 2905 1023 2948 et
1052 2894 1193 2948 dicat
1220 2893 1464 2947 :Jttdicia
1497 2890 1705 2943 Domini
1729 2890 1878 2959 abys-

281 3007 372 3045 sus
405 2987 572 3043 multa
619 2987 753 3059 (Ps.
786 3003 950 3050 xxxv,
987 2985 1077 3057 7),
1111 2985 1234 3052 quia
1278 2984 1478 3054 judicia
1525 2983 1620 3037 Dei
1662 2997 1879 3050 semper

283 3083 434 3153 iusta
463 3092 608 3145 sunt,
641 3081 732 3132 sed
764 3079 1072 3146 frequenter
1103 3079 1336 3132 occulta.

361 3172 478 3225 Int.
519 3171 659 3238 Qtid
691 3179 773 3224 est
818 3171 945 3224 illud
980 3170 1118 3238 quod
1151 3169 1405 3222 scribitur
1451 3184 1463 3220 :

286 3266 539 3335 imposuit
571 3261 696 3315 mihi
729 3265 954 3328 mitram,
1004 3272 1049 3316 et
1095 3263 1225 3314 sicut
1275 3277 1515 3330 sponsam
1560 3261 1760 3313 ornavit
1805 3277 1883 3313 me

292 3365 597 3410 ornamento
633 3351 803 3425 (Isai.
837 3369 945 3418 ut,
977 3352 1090 3424 9)?
1129 3348 1412 3420 Quomodo
1463 3353 1603 3408 idem
1652 3367 1883 3422 Sponsus

290 3457 349 3503 et
377 3446 610 3516 sponsa?

373 3541 531 3607 Resp.
576 3544 614 3592 Α
648 3540 823 3605 capite
861 3538 927 3592 ad
967 3553 1165 3607 corpus
1207 3539 1488 3591 transitum
1523 3537 1649 3591 fecit
1677 3555 1690 3590 :
1722 3538 1886 3609 Caput

295 3633 434 3687 enim
461 3631 693 3685 Christus
725 3639 820 3695 est,
868 3645 1054 3698 corpus
1102 3628 1334 3682 Ecclesia
1365 3628 1525 3700 (Eph.
1561 3645 1614 3692 γ,
1645 3629 1762 3700 23),
1791 3629 1885 3684 sed

297 3737 480 3780 tamen
533 3736 815 3792 utrumque
862 3739 983 3778 esse
1028 3733 1240 3777 constat
1286 3725 1336 3777 in
1368 3724 1603 3777 (.ltrism.
1643 3723 1886 3778 Nutanda

299 3802 437 3872 v'ero
481 3827 535 3871 et
583 3817 806 3871 tenenda
839 3817 1021 3886 regula
1059 3820 1192 3879 ba-c,
1223 3831 1343 3886 qtue
1371 3815 1423 3870 in
1471 3819 1747 3886 prOpbetis
1780 3816 1886 3872 fre-

301 3921 539 3981 quenter
585 3911 826 3975 incurrit,
872 3927 1138 3980 generatis
1173 3911 1541 3978 ignorantibus
1584 3913 1888 3966 obscurita-

303 4014 438 4070 tetu,
491 4019 609 4059 cum
657 4006 725 4060 de
774 4010 949 4074 capite
997 4007 1062 4060 ad
1095 4021 1312 4076 Corpus.
1356 4018 1448 4060 aut
1474 4007 1542 4062 de
1569 4022 1797 4074 corpore
1824 4007 1892 4062 ad

303 4109 470 4167 caput
499 4113 558 4152 se
587 4098 860 4166 propheta:
892 4099 1026 4151 ordo
1058 4099 1343 4153 convertit.

377 4187 491 4244 lnt.
533 4186 726 4242 Ctelunt
757 4191 880 4242 mihi
927 4188 1136 4244 thronus
1175 4202 1276 4257 est,
1321 4200 1456 4245 terra
1493 4203 1661 4248 autem
1702 4193 1897 4248 scabel—

305 4281 416 4335 lum
459 4280 643 4348 pedum
680 4297 906 4335 meorum
957 4282 1124 4352 (Isai.
1167 4298 1310 4346 Lm,
1351 4282 1455 4352 l)‘.
1496 4286 1763 4355 quotnodo
1796 4286 1897 4341 hoc

309 4376 538 4445 intelligi
575 4387 774 4443 potest,
802 4391 925 4430 cum
956 4375 1136 4446 utique
1170 4377 1338 4430 Deum
1367 4375 1749 4448 incorporeum
1777 4394 1898 4434 esse

309 4469 632 4524 credamus?

1971 1836 2268 1889 Secundum
2302 1835 2644 1890 Hierusalem
2678 1855 2890 1893 tnurum
2923 1839 3051 1895 fecit
3075 1881 3090 1906 ,
3140 1840 3390 1912 filiusque
3441 1843 3562 1913 ejus

1973 1929 2247 1984 Manasses
2297 1930 2542 1983 tertium.
2608 1931 2895 1987 ".tbitablll
2941 1949 3070 2003 ergo
3127 1940 3283 2005 haec,
3337 1936 3404 1991 de
3455 1950 3563 2008 qua

1971 2022 2233 2076 scribitur
2266 2021 2320 2075 in
2354 2023 2589 2075 secuoda
2625 2033 2777 2088 parte
2805 2024 3056 2080 civitatis.

2047 2112 2154 2167 Int.
2176 2113 2369 2168 Arcam
2407 2115 2642 2177 Dont'ni,
2677 2117 2728 2169 in
2763 2133 2868 2181 qua
2901 2129 3054 2172 erant
3086 2119 3205 2172 dum
3234 2120 3432 2175 tabula:
3455 2119 3565 2175 To-

1975 2205 2250 2266 stamenti.
2280 2222 2387 2274 quo
2416 2207 2650 2260 ablatam
2684 2224 2805 2262 esse
2833 2210 3160 2263 credendum
3191 2213 3316 2264 est?

2048 2298 2207 2368 Resp.
2249 2297 2503 2367 Legimus
2533 2299 2584 2353 in
2622 2300 3106 2370 Paralipomenon,
3148 2303 3351 2358 Josiam
3382 2319 3564 2374 regem

1974 2392 2140 2454 Jnda,
2175 2408 2295 2446 cum
2341 2394 2678 2448 Ilii-rusaletn
2724 2397 2928 2450 laceret
2976 2395 3179 2452 Pascha
3215 2399 3463 2465 Domino,
3498 2397 3567 2454 ad

1978 2484 2170 2538 levitas
2200 2484 2271 2538 ita
2306 2485 2544 2540 locutum
2577 2502 2699 2541 esse
2729 2505 2742 2543 :
2773 2486 2961 2543 Ponite
2989 2507 3162 2544 arcam
3190 2493 3242 2544 in
3271 2494 3567 2546 sanctuario

1979 2577 2191 2645 templi.
2244 2579 2382 2645 quod
2434 2579 2707 2647 (edi/icarit
2760 2580 3009 2635 Salomon
3062 2583 3202 2651 ﬁlius
3256 2582 3424 2637 Πανία
3478 2598 3570 2639 ηε

1981 2669 2169 2724 Israel.
2202 2671 2544 2743 Nequaquam
2575 2675 2709 2726 enim
2736 2691 2848 2727 rem
2878 2678 3011 2728 ultra
3048 2678 3315 2745 portabilis
3345 2678 3410 2750 (ll
3440 2676 3566 2731 Par.

1980 2779 2146 2829 xxxv,
2183 2766 2215 2817 3
2242 2767 2281 2832 ).
2333 2765 2441 2817 lloc
2473 2766 2592 2818 luco
2640 2765 2709 2819 ita
2756 2768 3063 2836 intelligere
3108 2769 3325 2838 quidam
3359 2768 3568 2831 volunt.

1981 2857 2123 2926 quod
2157 2857 2355 2923 Josias,
2387 2859 2694 2927 praevidens
2726 2860 3116 2928 captivitatem,
3141 2875 3322 2913 arcam
3356 2859 3570 2916 Domini

1981 2949 2034 3003 in
2061 2959 2268 3003 certum
2301 2960 2476 3004 tamen
2506 2954 2680 3005 locum
2713 2955 2911 3007 curarit
2943 2953 3222 3007 absenttdi.

2054 3042 2163 3094 Int.
2207 3042 2344 3107 Quitl
2379 3044 2518 3096 inter
2547 3044 2924 3098 holocaustum
2957 3054 3012 3098 et
3042 3045 3270 3098 hostiam
3310 3044 3571 3099 interest?

1511 3166 1659 3221 δίεπε
1688 3181 1879 3232 "mmo
1909 3147 1954 3210 ρ
2065 3134 2217 3202 Resp.
2259 3135 2415 3200 Quod
2452 3137 2643 3187 hostim
2684 3150 2890 3204 partem
2938 3136 3251 3190 sacerdoti-5
3300 3135 3572 3191 edebam;

1993 3225 2376 3280 ilolocaustnm
2423 3241 2554 3280 vero
2601 3237 2719 3279 erat
2773 3227 2947 3280 hosda
2980 3227 3188 3296 integra
3237 3239 3399 3297 atque
3445 3244 3572 3299 per-

1987 3319 2151 3382 fecta,
2183 3319 2308 3387 quia
2341 3328 2449 3370 tota
2483 3319 2533 3371 in
2575 3318 2854 3373 oblatione
2883 3321 3134 3375 sacrilieii
3168 3321 3275 3392 igni
3319 3322 3572 3378 dabatur.

1991 3409 2196 3464 llostia:
2226 3426 2441 3480 quoque
2469 3411 2710 3480 paciﬁca:
2742 3411 3178 3482 appellabantur,
3207 3413 3404 3484 quibus
3434 3415 3575 3472 vesci

1988 3503 2220 3574 populus
2248 3505 2475 3559 solebat.

2472 3635 2522 3672 ΙΝ
2564 3633 2877 3674 Ρειιιιιοῐιωι
2918 3635 3090 3677 ιιιιιιο.

2063 3731 2175 3788 Ιηι.
2213 3732 2347 3788 Cum
2381 3734 2583 3803 primus
2616 3737 2853 3802 psalmus
2907 3737 3095 3804 primis
3145 3735 3251 3792 illis
3287 3735 3579 3792 versiculis

1994 3827 2218 3895 impium
2253 3838 2597 3896 peceatorcm
2631 3826 3053 3896 lta‘reticumque
3079 3828 3417 3890 discreverit,
3452 3828 3579 3898 quid

1994 3921 2098 3974 sibi
2130 3921 2242 3974 vult
2275 3920 2367 3973 illa
2397 3919 2498 3973 sub
2540 3921 2655 3988 ipso
2688 3919 2882 3986 psalmi
2924 3922 3026 3972 line
3059 3921 3362 3984 conclu-io,
3397 3921 3449 3973 in
3476 3935 3580 3988 qua

1995 4012 2071 4066 ait
2098 4030 2110 4064 :
2142 4010 2268 4064 Ideo
2299 4028 2402 4065 mn
2434 4019 2704 4082 resurgunt
2730 4009 2871 4080 impii
2897 4011 2949 4062 in
2970 4011 3172 4082 judicio
3204 4009 3320 4074 (l’s.
3355 4026 3393 4072 ι,
3423 4011 3514 4081 5)?

2070 4101 2229 4171 Resp.
2272 4102 2472 4156 Psalmi
2521 4101 2681 4170 hujus
2730 4100 2941 4155 initiutn
2991 4101 3058 4155 de
3106 4101 3440 4156 discretione
3473 4116 3586 4156 me-

1999 4193 2111 4260 riti,
2144 4205 2194 4249 et
2230 4194 2351 4248 linis
2380 4195 2446 4249 de
2474 4193 2804 4248 discretione
2842 4192 3057 4262 judicii.
3104 4193 3162 4249 In
3191 4208 3297 4264 quo
3323 4192 3584 4261 ostendit,

1999 4288 2141 4359 quod
2176 4289 2337 4342 homo
2363 4289 2571 4357 absque
2618 4288 2782 4343 dubio
2833 4291 3013 4343 omnis
3059 4296 3301 4357 resurgat
3329 4327 3345 4351 ,
3396 4287 3449 4340 id
3477 4298 3586 4351 est,

1998 4380 2200 4450 justus,
2235 4391 2291 4432 ιιι
2329 4379 2557 4446 judicet,
2595 4388 2846 4446 peccator
2876 4392 2931 4433 ut
2967 4381 3262 4447 judicetur.
3305 4379 3504 4449 impius
3532 4391 3588 4437 ut

2008 4470 2285 4538 puniatur.
2319 4469 2507 4538 Neque
2546 4471 2690 4523 enim
2727 4482 2849 4522 tunc
2877 4470 3206 4538 judicabitttr
3237 4470 3346 4538 jam
3371 4469 3588 4538 judica-

388 4559 547 4625 Resp.
592 4558 896 4613 Secundum
926 4558 1378 4612 consuetudinem
1434 4560 1759 4615 elocutionis
1811 4577 1901 4616 no-
1932 4532 1977 4590 ο
2008 4574 2115 4626 tus,
2156 4561 2451 4616 secundum
2499 4562 2640 4629 quod
2675 4563 2931 4630 scriptum
2975 4572 3058 4617 est
3099 4583 3108 4615 :
3157 4563 3258 4631 Qui
3287 4574 3459 4619 autem
3489 4582 3588 4621 non

315 4661 445 4707 stra-
477 4651 688 4703 \idetut‘
721 4649 963 4705 habitum
999 4650 1282 4720 designare
1323 4653 1619 4719 regnantis,
1653 4664 1703 4706 nt
1738 4655 1898 4708 intel-

317 4745 512 4810 ligatur
563 4743 704 4796 Deus
753 4743 834 4797 vel
885 4742 1131 4798 habitare
1180 4743 1466 4812 cinlesda,
1519 4747 1608 4801 vel
1659 4747 1897 4814 subjecta

319 4837 520 4891 habere
549 4845 780 4890 terrena.

909 4944 959 4984 l3
1000 4945 1318 4986 εῑεειιιειε.

400 5017 503 5072 lnt.
545 5019 657 5083 Qua
688 5032 848 5073 causa
890 5021 1142 5074 scribitur
1190 5038 1203 5076 :
1250 5022 1304 5076 In
1339 5020 1428 5076 die
1459 5021 1548 5074 illa
1587 5037 1777 5093 magna
1807 5025 1902 5077 tri-

322 5111 615 5166 bnlatiottis
662 5126 820 5164 nemo
874 5112 1212 5179 liberabitur,
1274 5113 1372 5167 nisi
1423 5111 1569 5180 Noe,
1623 5113 1809 5168 Daniel
1857 5124 1903 5170 et

320 5205 418 5259 Job
465 5203 699 5276 (Exerit.
753 5219 841 5258 stv
868 5244 884 5270 ,
938 5202 1043 5270 ts)
1087 5221 1099 5256 :
1143 5220 1268 5259 cum
1310 5205 1496 5271 utique
1540 5206 1755 5274 quando
1805 5185 1923 5262 ista.

324 5298 572 5353 Ezechiel
611 5298 873 5367 propheta
903 5298 1139 5360 dicebat,
1169 5299 1322 5354 solus
1367 5298 1591 5354 forsitan
1637 5302 1818 5356 Daniel
1851 5304 1902 5357 in

323 5405 550 5459 corpore
596 5389 780 5453 fuerit,
834 5391 1044 5444 duobus
1071 5391 1194 5445 aliis
1217 5391 1328 5458 jam
1363 5401 1488 5444 tunc
1517 5393 1566 5446 itt
1601 5409 1730 5462 pace
1780 5394 1904 5450 dor-

326 5483 614 5539 mientibus
638 5483 721 5536 vel
750 5482 930 5538 carnis
961 5483 1186 5537 nexibus
1214 5485 1512 5540 absnlutis?

397 5575 554 5641 Resp.
599 5574 657 5630 ln
688 5576 770 5629 his
799 5577 968 5630 tribus
1013 5578 1212 5631 sanctis
1255 5578 1354 5631 tria
1399 5578 1673 5634 hominum
1705 5595 1903 5649 genera

327 5667 615 5737 signiﬁcari
642 5671 915 5734 videntur,
946 5684 1064 5738 quae
1092 5669 1368 5723 liberanda
1403 5670 1453 5723 in
1480 5670 1565 5723 die
1595 5671 1679 5724 illa
1714 5687 1902 5741 magna

329 5759 691 5818 tribulationis
725 5778 752 5817 a
783 5762 1045 5827 periculis
1071 5760 1476 5828 promittuntur.
1511 5760 1566 5816 lo
1609 5760 1719 5818 Noe
1761 5766 1901 5820 enim

2008 4657 2190 4720 credit,
2215 4659 2330 4726 jam
2351 4655 2619 4726 judicatus
2649 4665 2720 4707 est
2752 4653 2930 4723 (Joan.
2966 4671 3044 4720 tu,
3083 4657 3193 4727 18).

2081 4749 2190 4805 Int.
2233 4748 2368 4803 Cum
2419 4749 2599 4814 passio
2648 4748 2700 4802 in
2734 4747 2902 4802 Deum
2957 4766 3061 4803 non
3107 4750 3294 4815 cadat,
3348 4750 3476 4821 quid
3509 4760 3590 4807 εει

2010 4843 2150 4913 quod
2198 4855 2342 4909 sape
2387 4841 2443 4894 in
2495 4839 2788 4910 Scripturis
2839 4841 2916 4892 ira
2962 4839 3060 4894 Dei
3106 4849 3154 4895 et
3202 4829 3373 4911 furor-
3394 4843 3592 4898 dicitur

2012 4933 2132 5005 (Ps.
2163 4949 2235 4997 τι,
2265 4932 2356 4994 ‘2)?

2080 5025 2240 5094 Resp.
2283 5024 2582 5094 Scripturze
2630 5023 2967 5078 consuetudo
3026 5033 3139 5088 est,
3186 5034 3241 5078 ut
3273 5025 3350 5080 ira
3382 5041 3484 5097 pro
3516 5030 3596 5083 ul-

2010 5118 2153 5171 tione
2209 5125 2458 5185 ponatur.
2511 5115 2608 5168 Est
2655 5116 2795 5167 enim
2848 5117 2922 5168 ira
2951 5115 3242 5170 seettndum
3292 5116 3592 5184 hominem,
3633 5167 3638 5174 .

2009 5208 2244 5262 vindicta
2293 5208 2591 5261 secundum
2625 5206 2818 5269 Deum,
2853 5217 2905 5259 et
2937 5205 3083 5261 furor
3126 5209 3421 5263 secundum
3475 5211 3594 5265 ani-

2009 5317 2157 5356 mum
2199 5299 2470 5365 patientis,
2513 5315 2618 5352 non
2653 5298 2948 5352 secundum
2983 5299 3242 5364 jusuitiam
3273 5304 3593 5372 judic-tntis.

2011 5393 2147 5446 llinc
2176 5401 2230 5444 et
2257 5391 2390 5445 illud
2420 5401 2503 5443 ost
2558 5390 2698 5457 quod
2735 5391 2949 5456 ponitur
2982 5394 3030 5444 in
3063 5393 3321 5463 propheta
3360 5415 3372 5448 :
3415 5395 3595 5450 Domi-

2013 5502 2107 5537 mzs
2138 5501 2315 5536 errans
2345 5484 2482 5535 mala
2513 5481 2666 5549 (Ιδιιὶ.
2698 5498 2819 5544 XLV,
2853 5483 2930 5550 7).
2963 5482 3096 5536 Mala
3125 5501 3253 5554 ergo
3283 5499 3410 5541 sunt
3435 5488 3592 5555 juxta

2009 5577 2258 5631 allectum
2302 5577 2420 5645 ejus
2471 5576 2560 5643 qui
2614 5577 2864 5642 sustinet,
2919 5591 3022 5629 non
3073 5577 3225 5646 juxta
3278 5578 3594 5650 aequitatem

2011 5675 2128 5745 ejus
2159 5677 2247 5743 qui
2276 5675 2539 5729 decernit.
3631 5728 3651 5750 η,

2086 5764 2194 5819 Iul.
2239 5767 2376 5836 Quid
2426 5766 2526 5822 sibi
2595 5768 2704 5823 rult
2756 5766 2883 5821 illud
2950 5766 3092 5835 quod
3146 5765 3462 5836 frequenter
3535 5761 3594 5820 in
3657 5808 3667 5818 .
