4042 6188
303 1246 334 1271 ο

473 180 578 244 787

1460 188 1518 246 S.
1559 186 1890 244 EUCHERII
1928 184 2407 251 LUGDUNENSIS
2447 197 2751 261 EPISCOPI

3635 223 3746 282 761

469 300 804 372 psalmorum
857 301 1032 359 titulis
1084 304 1422 371 inscribitur,
1475 301 1542 357 In
1591 303 1764 374 ﬁnem,
1817 302 2354 366 PsalmusAsensus
2381 311 2636 372 infundit.
2669 321 2942 378 Autcerte
2971 324 3088 380 dies
3119 325 3225 382 diei
3253 340 3466 385 eructat
3493 335 3750 407 verbum,
3796 321 3804 328 ’

466 391 640 448 David
671 390 790 466 (Ps.
820 410 899 462 tv,
927 411 980 462 ν,
1014 411 1086 464 vr,
1118 406 1166 451 et
1189 397 1345 467 alii)?

537 487 704 560 Resp.
742 487 896 556 Quod
950 488 1145 558 psalmi
1193 490 1245 544 in
1289 488 1395 544 ﬁne
1427 491 1610 546 mundi
1655 491 1924 547 bonorum
1968 507 2054 548 re-

457 580 885 652 promissionem
936 578 1230 649 respiciant
1272 597 1286 632 :
1333 581 1417 637 vel
1449 581 1591 651 quod
1634 597 1696 637 ea
1727 598 1848 654 qua:
1877 583 2052 640 διιόωί

461 673 718 729 obtinere
765 685 826 726 se
879 684 1039 738 posse
1092 669 1148 725 in
1199 671 1469 742 principio
1519 671 1902 739 crediderunt,
1953 690 2051 730 nos

404 781 411 797 '
463 777 866 834 consequamur
895 762 949 817 in
993 762 1238 830 Christo,
1270 779 1432 833 quem
1466 765 1682 820 venisse
1727 766 2051 822 confitemur

402 845 417 917 ξ
460 856 519 911 in
544 857 671 912 line.

426 950 455 1018 ft
537 946 646 1001 Im.
685 946 971 1014 Quomodo
1029 947 1443 1020 intelligendum
1505 960 1592 1007 est
1647 953 1790 1022 quod
1857 956 2046 1010 scribi-

460 1050 550 1096 tur
591 1059 603 1093 :
648 1040 870 1112 Eloquia
901 1041 1135 1110 Domini,
1177 1041 1380 1113 eloquia
1422 1054 1583 1109 casta,
1623 1057 1889 1116 argentum
1932 1050 2049 1120 igne

460 1135 814 1188 examinatum
841 1179 854 1203 ,
910 1133 1181 1203 probatum
1227 1145 1397 1202 terrm,
1436 1148 1710 1208 purgatum
1753 1144 2046 1210 septuplum

461 1225 582 1298 (Ps.
614 1242 688 1293 XI,
719 1226 808 1296 7)?

404 1345 450 1382 ηε.
531 1320 690 1391 Resp.
730 1320 889 1376 Casta
921 1322 1174 1386 dicuntur
1202 1322 1414 1392 eloquia
1447 1323 1659 1378 Domini
1713 1325 1854 1393 ideo,
1901 1328 2041 1396 quod

407 1415 414 1464 ἱ
458 1412 606 1469 nullo
629 1413 737 1467 sint
760 1413 1064 1475 adulterata
1097 1414 1402 1480 mendacio,
1426 1425 1482 1470 et
1511 1417 1574 1471 ad
1606 1419 1776 1473 vicem
1806 1421 2039 1490 argenti,

413 1503 415 1508 ’
457 1505 603 1575 quod
657 1505 1012 1564 esamiuatur
1067 1505 1177 1578 igni
1224 1510 1564 1579 septemplici
1593 1551 1610 1577 ,
1663 1512 1884 1580 spiritus
1933 1515 2040 1582 igni

454 1596 804 1652 mundentur.

413 1703 445 1750 ε.
525 1689 634 1745 Int.
680 1689 808 1746 Non
829 1693 1180 1764 congregabo,
1231 1695 1436 1766 inquit,
1485 1696 1835 1750 conventicula
1861 1713 2039 1752 eorum
2071 1681 2118 1740 Β

405 1757 518 1847 fude
545 1784 880 1854 sanguinibus
911 1757 1038 1853 (Ps:
1063 1783 1239 1855 xv,4)
1263 1803 1276 1836 ε
1304 1757 1432 1840 cum
1467 1787 1651 1856 utique
1680 1787 1747 1842 de
1778 1789 2042 1857 sanguine

450 1871 624 1944 magis
647 1873 902 1928 Latinum
926 1884 1195 1941 sonasset,
1224 1892 1383 1945 quam
1409 1877 1480 1934 ob
1507 1893 1726 1934 causam
1757 1881 2036 1952 sanguini-

449 1963 553 2020 bus
583 1977 771 2020 contra
800 1968 1040 2036 regulam
1071 1966 1383 2026 Latinitatis
1411 1972 1704 2028 scribitur?

426 2084 442 2130 ί
524 2058 683 2130 Resp.
726 2059 786 2113 In
813 2058 1004 2114 Graeco
1043 2060 1272 2132 αἱμάτων
1306 2063 1501 2133 legitur
1549 2067 1745 2136 plurali
1783 2084 2032 2135 numero,

449 2151 768 2218 sanguinem
817 2150 1152 2220 signiﬁcans.
1205 2154 1372 2224 Cujus
1419 2159 1770 2225 proprietatis
1829 2161 1989 2216 ﬁdem
2019 2208 2032 2230 ,

447 2243 617 2300 etiam
670 2244 725 2299 in
773 2244 1026 2303 Latinum
1071 2249 1265 2320 plurali
1314 2267 1542 2332 numero
1598 2256 1894 2310 translator
1943 2273 2036 2312 ex-

443 2339 662 2408 pressit.

519 2427 626 2482 Int.
667 2428 802 2485 Cum
850 2433 903 2487 in
936 2433 1146 2502 psalmo
1179 2435 1300 2504 (xv,
1334 2433 1426 2505 10)
1453 2437 1717 2506 scriptum
1747 2441 1854 2494 sit:
1912 2441 2034 2495 Non

445 2522 590 2576 dabis
639 2540 808 2578 semen
857 2533 1004 2578 tuum
1047 2525 1218 2579 videre
1291 2529 1712 2600 corruptionem:
1759 2534 2034 2601 quomodo

427 2607 638 2683 iterum
695 2618 747 2671 in
793 2617 900 2672 alio
950 2617 1162 2688 psalmo
1207 2620 1470 2676 scribitur
1507 2637 1520 2674 :
1571 2621 1698 2688 Quae
1745 2626 1942 2679 utilitas
1979 2628 2032 2681 in

442 2713 692 2782 sanguine
733 2727 865 2778 meo,
909 2711 1034 2766 dum
1080 2713 1332 2768 descendo
1378 2715 1433 2769 in
1479 2719 1856 2788 corruptionem
1909 2719 2028 2790 (Ps.

442 2815 592 2868 xxix,
626 2801 754 2876 10)?

401 2912 434 2976 ,ί
504 2899 670 2972 ‘Resp.
720 2900 1067 2959 Descendere
1115 2919 1175 2961 se
1222 2904 1279 2960 in
1330 2907 1735 2975 corruptionem
1777 2908 2031 2964 Salvator

441 2991 721 3062 prOpbette
785 3009 919 3050 voce
963 2997 1317 3065 pronuntiat,
1367 2997 1496 3054 dum
1544 2999 1821 3055 clavorum
1860 3002 2031 3056 conli-

2161 414 2217 458 ct
2241 421 2347 460 nox
2381 411 2524 465 nocti
2575 413 2776 469 indicat
2819 419 3100 474 scientiam
3153 440 3166 475 :
3215 422 3342 477 dum
3379 427 3528 480 omni
3560 431 3756 502 utique

2157 494 2245 552 die
2275 509 2329 553 et
2356 512 2516 557 nocte
2536 507 2949 566 annnntiatione
2972 512 3207 570 ﬁdelium
3229 517 3456 573 verbum
3485 531 3542 576 et
3569 525 3755 586 scien-

2156 590 2228 645 tia
2261 607 2608 666 propagatur.

2228 684 2337 741 Int.
2393 689 2546 756 Virga
2589 703 2680 747 tua
2723 706 2771 750 et
2813 696 3021 753 baculus
3052 701 3165 770 ipsa
3194 720 3274 758 me
3309 706 3582 764 consolata
3626 720 3749 768 sunt

2161 774 2273 847 (Ps.
2309 795 2440 849 xm,
2474 782 2533 853 4)
2560 801 2571 836 :
2597 801 2715 855 quae
2743 785 2830 842 hic
2862 790 3214 863 intelligenda
3247 795 3505 855 discretio
3536 804 3659 858 est?

2226 869 2381 941 Resp.
2427 877 2482 929 In
2535 881 2679 947 virga
2731 886 2998 940 correctio
3053 888 3386 958 declaratur,
3438 895 3490 949 in
3543 897 3743 954 baculo

2151 965 2473 1021 consolatio.

2223 1053 2330 1108 lut.
2375 1056 2506 1111 Cum
2547 1063 2801 1118 animalia
2841 1084 2946 1122 non
2985 1071 3194 1139 absque
3231 1090 3394 1132 sensu
3425 1081 3553 1150 sint,
3598 1100 3739 1152 quo-

2152 1146 2313 1199 modo
2345 1147 2395 1201 in
2430 1153 2638 1220 psalmo
2685 1157 2862 1227 (xxxx,
2895 1159 2951 1232 7)
2987 1163 3222 1218 dicitur:
3259 1167 3433 1224 Nolite
3462 1146 3578 1240 fieri
3606 1177 3741 1231 sicut

2152 1254 2310 1305 equus
2340 1253 2388 1295 et
2423 1249 2614 1312 mulus,
2642 1249 2692 1301 in
2719 1251 2903 1319 quibus
2933 1272 3037 1308 non
3062 1267 3136 1311 est
3165 1260 3490 1320 intellectus?

2225 1329 2376 1404 Resp.
2409 1334 2545 1403 Quia
2585 1339 2636 1393 in
2671 1342 2994 1401 animalibus
3025 1365 3219 1406 sensus
3248 1365 3360 1424 est,
3396 1355 3452 1412 in
3498 1360 3736 1418 homini-

2147 1423 2244 1477 bus
2278 1425 2603 1486 intcllectus.
3171 1429 3178 1436 ’

2223 1513 2327 1571 Int.
2365 1519 2498 1575 Cum
2531 1523 2595 1578 de
2622 1527 2916 1595 jumentis,
2943 1534 3083 1588 sicut
3110 1536 3172 1591 de
3198 1538 3355 1594 bobus
3381 1559 3505 1597 cura
3535 1563 3631 1601 non
3657 1561 3733 1610 est

2150 1607 2259 1664 Deo
2291 1613 2330 1681 (l
2356 1611 2475 1668 Cor.
2514 1633 2586 1683 ix,
2621 1621 2700 1688 9),
2750 1628 3024 1705 quomodo
3053 1631 3294 1699 psalmus
3319 1634 3510 1706 (xxxv,
3545 1641 3598 1706 7)
3618 1607 3726 1696 ait;

2145 1712 2192 1770 et
2213 1707 2456 1774 jnntenta
2474 1712 2717 1780 salvebis,
2754 1714 3012 1771 Domine?

2219 1795 2374 1861 Resp.
2408 1800 2668 1858 llomines
2695 1809 2928 1875 appellat
2960 1812 3184 1867 rationis
3207 1829 3465 1886 capaces,
3489 1820 3730 1889 jumeuta

2143 1889 2372 1945 rationis
2393 1907 2668 1964 expertes.
2696 1901 2992 1958 Salvandos
3017 1921 3145 1960 vero
3173 1910 3457 1966 conﬁrmat
3492 1914 3613 1970 illos
3635 1932 3730 1986 per

2146 1995 2471 2050 pra-sentem
2521 1990 2957 2065 conversiomnn,
3012 2001 3110 2054 bos
3134 2017 3228 2071 per
3251 2007 3481 2062 futuram
3504 2025 3722 2067 convcr-

2139 2077 2372 2132 sionem.

2214 2169 2322 2227 Int.
2373 2175 2620 2240 Qualiter
2671 2183 3047 2250 accipiendum
3100 2199 3179 2242 est
3227 2191 3368 2259 quod
3420 2192 3717 2250 scribitur:

2141 2263 2358 2318 Remitte
2398 2271 2522 2320 mihi
2559 2280 2612 2322 ut
2647 2275 2918 2346 refrigerer
2947 2282 3248 2351 priusquam
3275 2285 3449 2339 abeam
3473 2329 3487 2354 ,
3522 2298 3571 2342 et
3607 2306 3724 2344 am-

2139 2355 2276 2423 plius
2305 2374 2405 2410 non
2435 2375 2522 2412 ero
2545 2359 2665 2433 (Ps.
2703 2382 2922 2432 xxnttt,
2962 2371 2979 2423 -l
2999 2372 3096 2441 i)?

2213 2447 2370 2518 Resp.
2402 2453 2608 2511 Sensus
2653 2457 2743 2512 hic
2775 2463 2839 2514 de
2866 2467 3242 2532 superioribus
3272 2473 3522 2527 versibus
3551 2477 3728 2530 mani-

2137 2538 2388 2597 festatur.
2422 2545 2594 2614 Supra
2627 2553 2769 2605 cnim
2807 2554 3015 2608 dixerat
3049 2577 3060 2610 :
3097 2561 3229 2624 Quia
3261 2564 3455 2618 advena
3483 2583 3577 2638 ego
3615 2587 3725 2622 sum

2136 2637 2276 2706 apud
2299 2651 2364 2704 te,
2390 2649 2436 2692 et
2457 2644 2774 2715 peregrinus,
2801 2634 2932 2703 sicut
2965 2669 3135 2707 omnes
3164 2667 3331 2722 patres
3358 2660 3470 2711 mei.
3507 2660 3727 2716 Remitte

2135 2730 2261 2784 mihi
2291 2743 2345 2785 ut
2380 2735 2648 2807 refrigerer
2691 2742 2986 2812 priusquam
3022 2747 3231 2812 obeam,
3273 2759 3319 2803 et
3363 2755 3589 2820 amplius
3629 2773 3724 2810 non

2136 2838 2243 2890 ero,
2291 2825 2614 2883 subauditur
2645 2831 2780 2885 illud
2812 2836 2954 2906 quod
3002 2841 3250 2908 superius
3280 2840 3447 2908 dixit,
3483 2847 3725 2918 peregri-

2138 2931 2258 2970 nus.
2287 2909 2553 2976 Czetcrutn
2587 2927 2925 2983 manifestum
2957 2944 3035 2985 est
3077 2934 3218 3002 quod
3250 2938 3355 2990 erit
3379 2980 3393 3006 ,
3427 2939 3516 3007 qui
3547 2956 3606 2994 se
3628 2956 3722 2995 su-

2137 3022 2231 3077 pra
2260 3014 2600 3081 peregrinum
2633 3021 2978 3089 appellando,
3011 3027 3259 3094 patriam,
3295 3029 3346 3082 in
3383 3045 3482 3100 qua
3514 3031 3721 3088 futurus

2138 3065 2154 3077 .
2260 3065 2270 3078 .
2369 3065 2599 3081 παμπη-
2633 3065 2747 3089 -ιννη

440 3089 683 3156 gentium
735 3086 1042 3158 irruptione
1087 3099 1420 3161 penetratur.
1469 3091 1676 3148 Rursus
1725 3110 1834 3149 non
1879 3065 2226 3163 deditc‘sit,
2262 3101 2462 3158 habere
2493 3108 2747 3164 declat-at.

439 3179 704 3234 Dominus
739 3191 985 3239 sanctum
1018 3197 1177 3238 suum
1203 3181 1389 3240 videre
1410 3186 1816 3257 corruptionem
1845 3204 1859 3242 :
1891 3188 2024 3264 quia

439 3271 848 3340 corruptionem
898 3274 1082 3330 carnis
1116 3274 1363 3336 Christus
1409 3278 1576 3334 celeri
1629 3285 2027 3346 resurrectione

436 3365 725 3432 przevenit.

407 3495 422 3517 ,-
509 3453 619 3509 Int.
664 3457 802 3524 Quid
854 3468 937 3513 est
987 3459 1129 3528 quod
1181 3461 1313 3516 dicit
1358 3464 1623 3532 pr0pheta
1670 3466 1736 3523 de
1788 3469 2024 3526 inimicis

431 3547 551 3602 suis
576 3565 588 3599 :
612 3547 833 3616 Adipem
856 3565 1005 3602 suum
1033 3553 1390 3608 concluserunt
1421 3555 1540 3627 (Ps.
1575 3573 1693 3625 xvr,
1725 3560 1850 3630 10)?

397 3661 412 3702 ι
505 3640 667 3708 Resp.
707 3640 890 3711 Adeps
921 3643 1262 3700 concluditur
1311 3648 1637 3717 impiorum,
1669 3668 1791 3707 cum
1828 3655 2022 3724 impin-

431 3732 580 3802 guati
621 3745 786 3787 sensu
833 3743 888 3789 ct
934 3735 1220 3792 incrassati
1272 3740 1558 3810 iniquitate
1593 3746 1853 3800 recedunt
1879 3749 1960 3800 vel
1991 3763 2019 3802 a

428 3822 658 3894 iustitia,
691 3824 778 3878 vel
824 3841 855 3880 a
901 3831 1188 3899 praiceptis
1220 3830 1309 3886 Dei
1359 3850 1371 3886 :
1420 3846 1474 3888 et
1518 3835 1721 3890 ideirco
1748 3837 1882 3891 dicit
1913 3839 2020 3893 alio

428 3917 584 3971 loco:
611 3915 916 3988 Egredietur
941 3936 1004 3975 ea;
1029 3921 1184 3994 adipe
1215 3925 1455 3995 iniquitas
1491 3945 1668 3981 eorum
1701 3929 1816 3998 (Ps.
1849 3946 2015 3996 Lxxn,

427 4008 527 4080 7).
560 4010 754 4066 Manna
785 4028 940 4080 vero,
991 4017 1043 4070 id
1088 4029 1193 4083 est,
1243 4022 1486 4076 cmlestis
1519 4025 1671 4077 cibus
1702 4027 1880 4078 tenuis
1909 4041 2012 4094 est,

426 4108 484 4157 et
510 4117 696 4156 eorum
745 4118 905 4174 aptus
946 4107 1242 4175 alimoniae,
1277 4113 1366 4180 qui
1419 4114 1719 4170 subtilitate
1758 4131 2013 4174 sensuum

424 4191 629 4261 vigent.

384 4288 410 4356 ξ
494 4283 604 4338 Int.
645 4287 786 4352 Quid
815 4288 1161 4345 sentiendum
1206 4305 1291 4348 est
1319 4295 1386 4350 de
1418 4297 1515 4351 hoc
1539 4300 1680 4368 quod
1712 4303 1968 4359 scribitur
1996 4324 2010 4360 :

421 4375 503 4431 De
538 4377 851 4436 absconditis
893 4384 991 4436 tuis
1018 4385 1328 4457 adimpletus
1358 4401 1430 4442 cst
1478 4402 1648 4462 venter
1679 4412 1852 4449 eorum
1883 4414 1901 4450 :
1924 4416 2007 4452 sa-

419 4472 577 4524 turati
621 4483 738 4526 sunt
777 4477 1010 4543 porcina,
1059 4489 1108 4531 et
1149 4479 1461 4551 reliquerunt
1505 4503 1617 4552 qua:
1646 4492 2007 4558 superfuerunt

419 4562 650 4630 parvulis
673 4566 779 4620 suis
805 4565 922 4635 (Ps.
951 4585 1061 4636 xvr,
1099 4572 1209 4642 14)?

490 4654 648 4725 Resp.
692 4658 864 4728 Supra
893 4663 1064 4730 petiit.
1102 4674 1160 4718 ut
1201 4665 1370 4721 Judaei
1403 4687 1431 4723 a
1466 4675 1651 4740 paucis
1690 4677 2005 4746 divideren-

413 4754 522 4809 tur,
552 4745 608 4800 id
638 4758 744 4814 est,
777 4765 807 4803 a
835 4751 996 4820 justis
1036 4769 1051 4809 :
1093 4758 1217 4824 quia
1248 4761 1396 4813 multi
1426 4765 1590 4816 vocati
1609 4806 1621 4826 ,
1654 4772 1806 4837 pauci
1835 4783 2004 4825 autent

411 4837 557 4891 electi
585 4836 822 4911 (Matth.
858 4859 948 4912 xx,
983 4843 1048 4899 16
1068 4845 1106 4916 ).
1138 4847 1288 4903 Nunc
1325 4862 1505 4908 autem
1533 4855 1634 4910 hos
1656 4836 1812 4926 ipsos
1853 4864 2003 4931 prius

410 4927 745 4986 absconditis
773 4933 974 4989 divin:e
1007 4936 1141 5006 legis
1180 4940 1503 5010 instruetos,
1545 4951 1763 5014 porcina
1796 4927 1912 5018 sua,
1949 4956 1998 5008 id

415 5030 516 5088 est,
547 5021 863 5092 dogmatum
913 5038 1096 5096 postea
1147 5031 1486 5090 immunditia
1538 5049 1830 5108 saturatos,
1873 5046 1996 5102 dum

408 5121 609 5181 negant
631 5112 929 5185 Christum,
978 5120 1226 5178 eamdem
1280 5125 1610 5194 impietatem
1655 5132 1786 5186 dicit
1830 5137 1993 5191 etiam

405 5203 475 5258 ad
504 5218 632 5260 suos
657 5217 904 5276 posteros
933 5214 1326 5271 transmisisse.

474 5295 586 5353 Int.
625 5299 871 5367 Qualiter
897 5305 1308 5378 intelligendum
1336 5323 1416 5366 est
1455 5331 1469 5368 :
1516 5314 1634 5369 Dies
1669 5318 1772 5372 diei
1798 5335 1992 5377 eructat

367 5379 627 5461 iarbam,
661 5404 707 5448 et
737 5413 842 5452 nos:
867 5400 1004 5454 nocti
1027 5401 1221 5455 indicat
1251 5405 1517 5460 scientiam
1553 5407 1669 5478 (Ps.
1715 5429 1867 5481 xviri,
1900 5415 1990 5488 5)?

480 5488 634 5556 Resp.
674 5488 803 5544 Dies
845 5491 951 5547 diei
999 5504 1212 5550 eructat
1262 5498 1531 5563 verbum,
1580 5503 1708 5557 dum
1759 5513 1988 5574 apostoli

396 5583 745 5640 credentibus
771 5590 1092 5644 annuntiant
1124 5591 1488 5648 Salvatorem.
1519 5595 1634 5649 Nox
1666 5602 1812 5655 nocti
1845 5603 1987 5659 indi-

393 5693 484 5740 cat
509 5683 818 5747 scientiam,
862 5685 988 5739 dum
1030 5687 1194 5742 Judas
1231 5691 1432 5744 Judaeis
1477 5692 1779 5750 doctrinam
1830 5704 1980 5768 pravi

2206 3189 2313 3246 Int.
2347 3196 2483 3262 Quid
2531 3200 2732 3255 indicat
2778 3205 2904 3259 illud
2938 3207 3079 3277 quod
3137 3209 3330 3281 legitur
3372 3213 3427 3268 in
3481 3218 3716 3285 psalmo:

2132 3281 2198 3338 In
2227 3285 2347 3358 (Ps.
2368 3306 2551 3358 xxxrx,
2585 3294 2643 3363 8)
2667 3298 2830 3368 capite
2853 3301 2970 3354 libri
2994 3307 3237 3372 scriptum
3273 3318 3343 3360 est
3373 3311 3436 3364 de
3461 3281 3580 3366 me?

2203 3385 2358 3457 Resp.
2400 3390 2473 3444 Ex
2511 3409 2736 3462 persona
2771 3399 2870 3453 hoc
2899 3400 3096 3456 dlClllll‘
3122 3405 3421 3461 Salvaturis
3444 3449 3458 3472 ,
3503 3411 3569 3462 de
3611 3428 3716 3480 quo

2129 3482 2380 3535 scribitur
2415 3502 2426 3536 :
2458 3482 2524 3538 In
2559 3489 2812 3561 principio
2845 3495 3030 3547 creavit
3071 3494 3208 3552 Dens
3237 3499 3417 3552 uelum
3447 3513 3493 3553 et
3525 3513 3712 3558 terram

2129 3571 2280 3644 (Gen.
2311 3590 2346 3638 1,
2380 3578 2452 3644 1),
2489 3579 2537 3632 id
2571 3593 2675 3646 est,
2708 3585 2756 3636 in
2791 3585 2920 3638 lilio.
2952 3592 3056 3641 Aut
3085 3602 3232 3644 certe
3259 3591 3386 3645 illud
3425 3612 3435 3643 :
3471 3593 3536 3648 In
3571 3600 3710 3663 prin-

2124 3667 2257 3736 cipio
2288 3680 2396 3722 erat
2436 3671 2689 3739 Verbum,
2724 3691 2767 3728 et
2802 3677 3017 3732 Verbum
3067 3692 3176 3734 erat
3232 3685 3374 3753 apud
3421 3685 3618 3758 Deum,
3664 3703 3709 3743 et

2126 3756 2263 3812 Deus
2295 3773 2398 3815 erat
2436 3761 2651 3819 Verbum
2675 3769 2851 3834 (Jonn.
2885 3787 2917 3833 l,
2958 3772 3030 3843 1).

2198 3847 2558 3925 Int.Abyssus
2629 3860 2867 3928 abyssum
2924 3865 3155 3930 invocat,
3209 3866 3416 3937 inquit,
3483 3872 3534 3925 in
3592 3891 3708 3927 roce

2123 3955 2497 4000 cataractarum
2524 3962 2725 4005 tuarum
2744 3953 2862 4024 (Ps.
2896 3956 3086 4030 xu._8)
3116 3977 3128 4012 :
3157 3963 3427 4029 quomodo
3452 3965 3589 4019 istud
3625 3967 3704 4020 in-

2122 4035 2469 4106 telligendnm
2493 4043 2608 4095 est?

2191 4129 2346 4201 Resp.
2377 4130 2491 4184 Non
2528 4135 2796 4190 immerito
2823 4142 3050 4210 abyssus
3073 4145 3376 4211 appellatur
3398 4147 3695 4205 divinarum

2118 4220 2519 4292 Scripturarum
2542 4230 2889 4298 profundum,
2913 4248 2965 4289 et
2999 4238 3124 4292 ideo
3156 4241 3206 4292 in
3239 4257 3371 4295 voce
3398 4253 3696 4299 cataracta-

2115 4327 2234 4366 rum
2257 4315 2482 4387 abyssus
2506 4319 2759 4390 abyssum
2787 4325 3024 4391 iuvet-at,
3053 4343 3174 4381 cum
3205 4339 3356 4384 vetus
3382 4332 3698 4389 Testamen-

2120 4411 2230 4460 tum
2264 4422 2458 4462 novum
2493 4415 2795 4482 annuntiat,
2825 4419 2907 4471 vel
2943 4435 3137 4474 novum
3168 4421 3575 4479 Testat‘nentnm
3603 4443 3691 4481 ve-

2116 4508 2201 4553 tus
2229 4501 2277 4554 in
2310 4503 2671 4559 testimonium
2701 4519 2858 4563 vocat
2883 4512 2933 4564 in
2962 4514 3182 4568 vocibus
3214 4517 3620 4586 proribetarntn.

2185 4594 2291 4647 lnt.
2318 4595 2452 4662 Quid
2477 4600 2880 4670 intelligendum
2911 4617 3081 4661 estex
3113 4609 3211 4662 huc
3244 4612 3382 4681 quntl
3409 4615 3692 4672 scribitur:

2111 4683 2218 4738 Pro
2246 4689 2477 4758 patribus
2509 4693 2607 4744 tuis
2635 4696 2742 4748 nati
2769 4709 2888 4750 sunt
2919 4700 3009 4752 tibi
3037 4701 3131 4768 lilii
3162 4702 3281 4774 (Ps.
3314 4721 3460 4770 xle,
3492 4709 3560 4762 ‘27
3581 4709 3642 4780 )?

2178 4777 2331 4849 Resp.
2366 4781 2421 4835 id
2448 4793 2551 4850 est,
2582 4788 2725 4855 quod
2753 4801 3050 4861 temporum
3072 4799 3418 4854 successione
3437 4803 3546 4855 sint
3570 4804 3691 4858 ft'tl-

2106 4868 2204 4924 diti
2232 4886 2328 4940 pro
2359 4875 2683 4942 patriarchis
2727 4882 2811 4936 vel
2843 4885 3119 4953 prophetis
3150 4892 3382 4957 apostoli
3415 4894 3497 4946 vel
3529 4910 3690 4949 evan-

2101 4963 2330 5032 gelistaz.

2174 5054 2282 5112 lnt.
2317 5055 2508 5114 Frater
2538 5080 2642 5120 non
2669 5067 2892 5130 redimit.
2926 5073 3136 5127 redimet
3165 5074 3317 5130 homo
3349 5076 3466 5149 (Ps.
3501 5097 3662 5136 sunt

2100 5147 2156 5216 8)
2186 5167 2198 5202 :
2232 5150 2356 5219 quid
2380 5151 2447 5208 de
2477 5154 2579 5212 hoc
2605 5159 2941 5216 sentiendum
2967 5165 3088 5218 est?

2174 5243 2330 5312 Resp.
2367 5246 2519 5314 Quod
2554 5267 2658 5305 non
2692 5254 2978 5309 redemerit
3008 5257 3243 5328 Moyses,
3276 5263 3503 5319 redimet
3529 5266 3680 5320 Chri-

2096 5347 2230 5393 Slus.
