4042 6188
257 237 368 299 789

1479 254 2027 331 [NSTRUCTIONUM
2067 259 2269 315 LIBER
2305 261 2343 316 1.

3440 263 3557 329 ⁸190

257 332 331 413 sit
355 356 564 427 absque
596 368 847 431 peccato,
879 362 949 415 ita
978 362 1303 431 justiﬁcatus
1329 367 1494 423 vincit
1520 370 1705 435 etiam,
1731 371 1859 427 dum
1886 378 1939 451 Α
1968 374 2205 444 tenditur
2246 391 2366 432 esse
2406 380 2699 450 completa.
2745 380 2803 433 ln
2844 394 2946 450 qua
2990 394 3134 436 nunc
3164 380 3412 436 animalia
3438 424 3452 447 ,
3493 381 3553 439 id

254 448 557 520 iudicatur,
590 449 648 505 id
681 460 766 507 εει
789 493 805 520 ,
837 453 921 508 vel
965 453 1212 510 Christus
1252 456 1304 511 in
1340 460 1620 527 passione,
1650 462 1736 517 vel
1774 478 1861 518 se-

252 544 505 600 cundum
564 543 701 600 illud
755 546 899 615 quod
929 547 982 601 in
1032 552 1293 619 prOpheta
1341 552 1514 607 dicit:
1548 554 1618 610 Et
1656 557 1857 627 venite,

251 634 595 708 iudicemur,
626 635 765 703 dicit
794 638 1070 693 Dominus.

327 722 439 781 Int.
483 725 615 793 Viri,
648 728 853 797 inquit,
886 732 1199 803 sanguinum
1230 741 1275 786 et
1296 733 1465 791 dolosi
1493 752 1593 790 non
1618 738 1859 793 dimidia-

251 817 377 871 bunt
398 817 512 872 dies
534 834 658 873 suos
679 819 801 889 (Ps.
826 836 933 889 LIV,
955 822 1049 892 24)
1073 839 1088 877 :
1108 822 1234 891 quid
1264 825 1349 879 hic
1371 829 1710 883 sentiendum
1735 834 1858 887 est?

323 909 483 981 Resp.
518 910 640 966 Non
695 912 982 967 dimidiam
1012 915 1130 969 dies
1171 932 1299 972 suos
1347 919 1402 973 bi
1434 920 1525 988 qui
1568 922 1855 980 immatura

250 1016 429 1063 morte
459 1008 774 1077 rapiuntur.
812 1011 923 1065 llac
951 1014 1164 1068 ratione
1201 1014 1365 1068 etiam
1394 1014 1526 1069 illud
1556 1018 1857 1087 intelligere

248 1113 548 1171 possumus
582 1121 597 1157 :
652 1102 737 1158 Ne
772 1106 950 1176 rapias
991 1122 1068 1158 me
1105 1107 1160 1160 in
1204 1106 1369 1160 medio
1400 1109 1599 1162 dierum
1626 1124 1855 1162 meorum

253 1190 581 1264 (Ps.cr,25).
616 1197 686 1250 Et
706 1198 863 1251 aliter
890 1216 902 1252 :
926 1198 1040 1252 Non
1060 1199 1343 1254 dimidiant
1366 1201 1483 1255 dies
1504 1217 1651 1264 suos,
1676 1204 1764 1271 qui
1788 1202 1854 1271 ad

248 1284 344 1349 Dei
366 1287 806 1345 satisfactionem
827 1307 933 1344 non
952 1291 1239 1345 conferunt
1255 1292 1338 1345 vel
1360 1294 1479 1345 vitae
1494 1308 1604 1347 suae
1622 1306 1850 1361 partem.

318 1378 431 1432 lnt.
463 1382 609 1449 Quid
658 1384 885 1439 interior
934 1400 1124 1439 sensus
1161 1386 1429 1454 eloquitur
1461 1386 1530 1442 de
1570 1387 1674 1443 hoc
1710 1389 1854 1458 quod

245 1473 565 1531 scribitur:
612 1475 923 1547 Priusquam
960 1478 1249 1548 producant
1299 1480 1463 1546 spina:
1508 1489 1686 1535 vestra:
1732 1482 1855 1535 rha-

244 1578 425 1619 muum
453 1566 581 1635 (Ps.
618 1583 746 1633 Lvu,
782 1567 914 1637 ill)?

317 1656 484 1725 Resp.
532 1657 590 1711 ld
625 1670 736 1725 est,
781 1663 1091 1731 priusquam
1132 1677 1191 1717 se
1223 1674 1441 1731 peccata
1491 1676 1670 1721 vestra
1722 1682 1852 1722 con-

242 1760 550 1807 autument.

320 1837 436 1893 Int.
470 1839 660 1896 Justus
690 1845 960 1912 quomodo
1007 1845 1144 1900 lavat
1177 1865 1359 1904 manus
1390 1866 1511 1905 suas
1548 1850 1605 1905 in
1639 1854 1853 1924 sangui-

244 1947 310 1985 ne
340 1946 677 2000 peccatorum
704 1937 821 2004 (Ps.
860 1955 988 2007 Lvn,
1022 1939 1159 2011 il)?

320 2024 485 2093 Resp.
532 2027 665 2083 Cum
703 2031 953 2085 tribuitur
982 2034 1215 2087 vindicta
1259 2034 1328 2089 de
1355 2035 1569 2104 impiis,
1602 2052 1706 2090 non
1753 2038 1857 2093 hoc

247 2121 681 2184 procurantibus
710 2125 911 2179 sanctis
948 2143 958 2178 :
993 2137 1043 2177 et
1083 2134 1204 2193 post
1231 2128 1427 2183 delicta
1458 2138 1620 2198 atque
1651 2130 1855 2185 exitum

245 2223 640 2279 peccatorum,
667 2216 935 2285 justorum
973 2218 1176 2275 clarius
1205 2221 1315 2275 vita
1361 2231 1524 2291 atque
1573 2237 1736 2293 opera
1767 2240 1854 2279 re-

246 2305 570 2373 splendent.

321 2392 437 2447 lnt.
491 2396 777 2461 Quomodo
834 2402 1205 2469 accipiendum
1272 2414 1354 2458 est
1404 2405 1536 2460 illud
1602 2406 1745 2477 quod
1800 2408 1853 2463 in

251 2486 475 2554 psalmo
503 2489 521 2557 (
557 2505 715 2552 Lvm,
750 2490 822 2559 6)
856 2491 1051 2560 legitur
1084 2512 1096 2545 :
1136 2494 1255 2548 Non
1287 2497 1581 2551 miserearis
1622 2500 1855 2555 omnibus

250 2580 342 2648 qui
372 2593 657 2646 aperantur
687 2583 1046 2652 iniquitatem?

328 2670 495 2740 Resp.
543 2673 658 2726 Non
691 2682 797 2728 tam
832 2678 1211 2734 maledircntis
1240 2681 1423 2736 animo
1451 2682 1594 2737 istud
1632 2684 1852 2750 dicitur,

250 2776 417 2831 quam
476 2767 877 2835 correptionem
920 2772 1463 2843 emendationemque
1513 2777 1852 2845 peccantium

251 2851 618 2911 desiderantis
648 2874 662 2910 :
704 2858 757 2912 id
796 2870 909 2925 est,
943 2872 997 2914 ut
1027 2862 1080 2916 in
1108 2866 1360 2932 praesenti
1391 2868 1575 2937 potius
1604 2870 1709 2923 vita
1733 2886 1855 2925 cor-

250 2945 421 3013 repti,
456 2962 563 3001 non
597 2951 889 3005 abutantur
920 2953 1102 3007 divina
1128 2957 1385 3025 patientia
1413 2973 1584 3029 usque
1614 2960 1681 3014 ad
1710 2960 1854 3015 futu-

251 3048 367 3090 ram
403 3052 686 3106 ptenarum
717 3044 1085 3098 acerbitatem.

1965 478 2070 538 est,
2106 477 2296 537 gentes
2326 470 2571 525 habitant
2599 479 2759 541 atque
2788 472 3117 527 consistunt.

2036 559 2144 613 lnt.
2170 562 2301 628 Qum
2342 563 2702 633 intelligentia
2737 573 2820 619 est
2859 566 2913 619 in
2957 566 3060 621 hoc
3094 568 3237 635 quod
3289 567 3552 637 legimus:

1967 649 2026 706 Si
2080 652 2346 707 dormiatis
2398 655 2532 731 inter
2571 656 2766 710 medios
2816 657 3017 723 cleros,
3073 674 3257 731 pennte
3307 658 3556 713 columba

1963 746 2310 825 deargentata:
2352 760 2399 801 et
2448 749 2732 818 posteriora
2776 749 2919 805 dorsi
2973 754 3089 824 ejus
3134 752 3188 805 in
3225 752 3394 822 specie
3438 753 3556 805 auri

1964 838 2241 912 (Psuvr,
2275 840 2406 911 M)?

2034 930 2192 1005 Resp.
2230 933 2284 991 In
2315 933 2417 989 hoc
2451 936 2569 990 loco
2595 935 2664 990 de
2690 936 2956 1005 apostolis
2993 942 3147 1005 optat
3175 938 3458 1005 propheta,
3494 946 3553 992 ut

1963 1041 2133 1093 usque
2157 1026 2223 1081 ad
2252 1028 2535 1083 transitum
2567 1040 2951 1098 perseverent,
2983 1030 3269 1085 credentes
3305 1031 3356 1084 in
3391 1040 3554 1087 testa-

1956 1118 2160 1185 mentis
2190 1118 2425 1173 duobus.
2450 1120 2510 1174 In
2531 1121 2780 1176 columba
2810 1132 2990 1176 autem
3020 1120 3259 1192 Spiritus
3289 1132 3508 1178 sanctus
3536 1163 3551 1189 ,

1958 1208 2011 1263 in
2065 1212 2457 1280 posterioribus
2502 1213 2765 1267 occultior
2822 1213 3129 1269 intellectus
3174 1234 3188 1269 :
3234 1215 3286 1267 in
3326 1224 3553 1284 argento

1959 1303 2251 1369 splendens
2269 1303 2495 1358 historia
2522 1306 2948 1374 Scripturarum,
2980 1305 3033 1361 in
3057 1321 3189 1362 auro
3210 1307 3437 1361 interior
3465 1306 3554 1361 vel

1961 1396 2251 1465 pretiosior
2278 1412 2472 1453 sensns
2502 1398 2825 1453 ostenditur.

2031 1490 2139 1545 Int.
2175 1492 2321 1548 Dixit
2352 1494 2649 1549 Dominus:
2685 1494 2764 1548 Ea:
2792 1493 2968 1548 Basan
3001 1504 3306 1561 convertam,
3342 1511 3550 1549 conitere

1957 1596 2062 1640 tant
2084 1588 2136 1640 in
2167 1590 2479 1658 profundum
2509 1590 2687 1654 maris,
2714 1599 2767 1641 ut
2790 1589 3077 1660 intingatur
3101 1605 3186 1659 pes
3215 1598 3332 1642 tuus
3360 1588 3412 1639 in
3441 1603 3555 1640 san-

1955 1680 2129 1749 guine,
2159 1683 2333 1752 lingua
2365 1698 2546 1733 canum
2572 1693 2777 1735 tuorum
2809 1697 2873 1735 ea:
2900 1681 3141 1745 inimicis,
3172 1680 3233 1733 ab
3274 1681 3386 1749 ipso
3423 1678 3550 1749 (Ps.

1882 1753 1927 1813 Β
1955 1770 2253 1841 van,25):
2280 1772 2406 1842 quid
2432 1773 2517 1827 hic
2548 1773 2876 1843 sequemur?

2031 1863 2190 1938 Resp.
2220 1865 2463 1920 Basanin
2498 1866 2687 1920 Latino
2714 1864 2961 1919 confusio
2985 1874 3164 1920 sonat.
3197 1865 3336 1933 Ergo
3372 1864 3554 1918 Domi-

1959 1971 2058 2008 nus
2082 1967 2296 2010 nosmet
2322 1956 2389 2010 de
2410 1956 2726 2009 confusione
2754 1958 3043 2021 convertit,
3070 1973 3186 2025 quae
3209 1956 3366 2011 estin
3394 1971 3554 2010 cruce

1957 2047 2075 2117 ejus
2108 2065 2121 2099 ε
2148 2049 2200 2102 in
2231 2064 2333 2118 qua
2366 2063 2525 2107 cruce
2550 2049 2813 2117 sanguine
2832 2048 3021 2117 pedem
3052 2064 3209 2102 suum
3237 2049 3414 2115 tinxit,
3443 2049 3554 2102 cla-

1960 2141 2232 2195 mantibus
2270 2140 2509 2203 Judaeis,
2545 2150 2599 2193 ut
2629 2141 3042 2210 cruciﬁgeretur
3076 2141 3334 2195 instinctu
3372 2141 3551 2193 inimi-

1958 2249 2167 2301 corum,
2204 2234 2255 2288 id
2286 2244 2401 2299 est,
2434 2234 2761 2289 daemonum.
2797 2234 2879 2289 Ab
2902 2235 3018 2303 ipso
3046 2246 3224 2288 autem
3273 2234 3553 2287 Salvatoro

1959 2326 2063 2384 hoc
2097 2338 2267 2384 totum
2294 2332 2470 2395 venit,
2502 2330 2625 2398 quia
2668 2328 2847 2383 omnia
2877 2328 2991 2382 haec
3023 2327 3239 2397 propria
3270 2327 3554 2381 voluntate

1958 2421 2234 2476 sustinuit.
2780 2418 2805 2442 ⁵

2030 2510 2142 2566 Int.
2172 2514 2322 2581 Quos
2364 2514 2484 2569 illos
2516 2514 2841 2584 accipiemus
2873 2514 3128 2586 principes
3166 2512 3404 2569 Zabulon
3425 2557 3439 2583 ,
3473 2513 3553 2567 νει

1961 2607 2219 2679 principes
2254 2607 2553 2671 Nephtalim
2585 2607 2701 2675 (Ps.
2738 2624 2903 2675 vatt,
2936 2608 3065 2681 ‘28)?

2033 2699 2192 2768 Resp.
2234 2700 2454 2755 Petrum
2496 2703 2835 2769 apostolum,
2880 2702 2963 2755 vel
3014 2702 3319 2765 Andream,
3352 2702 3443 2770 qui
3484 2717 3550 2756 ex

1960 2791 2148 2846 iisdem
2172 2792 2418 2848 tribubus
2441 2801 2566 2847 sunt
2590 2796 2794 2859 vocati,
2836 2794 2979 2849 sicut
3002 2805 3054 2848 et
3084 2810 3243 2863 supra
3274 2793 3549 2865 Benjamin

1962 2885 2180 2937 nomine
2211 2887 2512 2950 apostolum
2538 2886 2765 2940 Paulum
2796 2897 3011 2955 oportet
3050 2887 3293 2955 intelligi.

2031 2975 2137 3031 Int.
2172 2976 2313 3042 Quid
2362 2979 2564 3033 indicat
2609 2978 2753 3047 quod
2800 2980 2993 3047 legitur
3033 2996 3047 3031 :
3088 2978 3547 3048 Posueruntsigua

1962 3084 2077 3133 sua,
2110 3070 2278 3138 signa,
2297 3080 2340 3123 et
2370 3087 2475 3124 non
2508 3081 2852 3140 cognoverunt
2880 3072 3009 3124 sicut
3037 3072 3090 3123 in
3119 3072 3199 3124 via
3217 3087 3372 3140 supra
3398 3087 3513 3124 sum
3532 3103 3543 3110 -

324 3127 438 3179 Int.
497 3129 666 3183 Semel
713 3134 910 3187 locutus
957 3146 1031 3188 est
1083 3136 1252 3205 Deus,
1307 3139 1411 3193 duo
1464 3142 1573 3195 Ittec
1612 3142 1854 3197 exaudiui
1883 3126 1928 3188 C
1962 3126 2097 3212 ,νηιγῇ
2128 3126 2243 3230 (is,
2270 3126 2465 3227 ἰχχιιι,
2496 3126 2587 3231 5)i

252 3216 375 3285 (Ps.
409 3234 533 3284 ιιι,
566 3220 690 3285 ‘12):
725 3224 851 3292 quid
881 3225 967 3278 hic
999 3226 1410 3297 intelligendum
1442 3231 1571 3285 est?

325 3307 495 3381 Resp.
530 3312 707 3367 Semel
735 3316 818 3367 ttic
842 3330 948 3368 non
979 3318 1045 3369 ad
1069 3334 1350 3374 numerum
1379 3323 1720 3379 referendum
1748 3336 1851 3392 est,

251 3403 349 3459 sed
387 3404 454 3457 ad
489 3404 820 3462 ﬁrmitatem.
866 3407 996 3476 Qua:
1034 3422 1217 3465 autem
1262 3424 1390 3468 sunt
1421 3415 1508 3469 illa
1544 3416 1684 3479 duo,
1732 3434 1853 3485 quae

253 3494 491 3549 Domino
522 3497 817 3567 adjacent?
841 3509 895 3555 et
922 3517 1081 3569 posse
1104 3504 1308 3569 omnia,
1337 3515 1390 3559 et
1421 3509 1555 3562 velle
1584 3510 1850 3567 misereri.

252 3585 323 3640 Et
357 3588 521 3642 aliter
554 3607 566 3641 :
613 3589 791 3645 Semel
825 3592 1041 3647 locutus
1072 3603 1157 3649 est
1186 3595 1359 3662 Deus,
1391 3599 1440 3653 id
1467 3610 1583 3665 est,
1627 3603 1679 3656 in
1710 3604 1849 3674 lege.

251 3678 389 3735 Nam
421 3680 472 3733 in
497 3682 791 3752 Evangelia
822 3701 927 3739 non
960 3688 1062 3740 alia
1097 3692 1353 3757 praecepit
1385 3709 1399 3744 :
1431 3694 1555 3763 quia
1607 3711 1709 3750 non
1739 3699 1853 3751 ueni

253 3770 425 3842 legem
444 3772 657 3839 solvere,
690 3776 778 3827 sed
809 3777 1087 3847 adimplere
1114 3778 1329 3849 (Matth.
1370 3798 1427 3847 v,
1457 3785 1585 3855 l7)?

325 3863 439 3917 lnt.
486 3864 624 3933 Quid
679 3877 762 3922 est
807 3871 949 3939 quod
1000 3872 1258 3928 scribitur
1305 3894 1315 3927 :
1365 3875 1717 3933 Transieimus
1758 3897 1852 3949 per

251 3958 423 4028 ignem
439 3964 486 4012 et
498 3976 705 4029 aquam,
726 3970 771 4015 et
786 3962 1031 4018 induxisti
1052 3981 1143 4019 nos
1158 3968 1207 4019 in
1228 3969 1553 4039 refrigerium
1570 3977 1588 4040 (
1598 3971 1850 4046 Ps.t.xv)?

324 4051 488 4119 Resp.
518 4052 695 4123 Ignem
733 4064 787 4110 et
830 4072 1023 4128 aquam
1071 4062 1499 4128 persecutionem
1534 4065 1735 4121 indicat
1761 4078 1847 4121 at-

247 4160 354 4214 que
383 4147 724 4218 martyrium.
758 4150 936 4221 Aliqui
983 4152 1067 4206 hic
1098 4170 1289 4223 aquam
1328 4158 1651 4227 baptismum
1685 4161 1847 4216 intel-

250 4238 528 4309 ligendum
554 4252 771 4309 putant,
825 4254 879 4299 et
918 4246 1094 4314 ignem
1138 4262 1385 4303 sanetum
1420 4251 1719 4319 Spiritum,
1753 4253 1845 4322 qui

249 4333 464 4387 infusus
507 4347 727 4401 peccata
764 4347 1033 4407 tamquam
1064 4339 1202 4409 ignis
1244 4355 1435 4395 exurat
1475 4359 1491 4402 ;
1521 4354 1576 4398 et
1612 4346 1736 4401 hinc
1764 4354 1847 4399 est

248 4425 392 4488 quod
422 4426 677 4480 scribitur
708 4444 721 4480 :
758 4428 1009 4482 Dominus
1038 4428 1176 4483 Deus
1232 4442 1391 4487 vester
1420 4435 1553 4503 ignis
1583 4452 1738 4489 urens
1769 4446 1844 4490 est

253 4515 432 4585 (Deut.
455 4533 525 4581 tv,
556 4520 673 4586 24).

321 4608 428 4663 lnt.
459 4610 599 4675 Quid
626 4611 757 4665 dicit
781 4612 915 4667 illud
937 4614 1077 4683 quod
1098 4615 1290 4684 legitur
1317 4635 1329 4671 :
1356 4617 1460 4671 lter
1477 4622 1632 4687 facite
1652 4624 1718 4685 ei,
1746 4627 1836 4691 qui

246 4700 477 4754 ascendit
521 4717 673 4770 super
723 4717 1003 4769 occasum;
1056 4705 1305 4761 Dominus
1354 4724 1534 4763 nomen
1588 4710 1665 4763 illi
1710 4711 1830 4784 (Ps.

245 4805 413 4851 vatt,
445 4788 499 4859 5)
522 4791 543 4841 ’Ξ

321 4880 479 4947 Resp.
530 4879 680 4933 Viam
727 4882 990 4939 honorum
1035 4896 1248 4941 actuum
1284 4898 1581 4957 prmparate
1623 4894 1696 4948 illi
1743 4895 1833 4963 qui

242 4986 628 5040 supergressus
650 4982 730 5027 est
756 4989 1004 5030 occasum
1040 4988 1214 5035 morte
1244 4983 1474 5038 devicta.

310 5065 421 5119 Int.
457 5064 711 5133 Pluviam,
744 5068 937 5138 inquit,
968 5073 1305 5129 voluntariam
1333 5079 1640 5151 segregabis,
1663 5078 1822 5146 Deus,

240 5158 526 5211 ltwreditati
574 5168 703 5223 tute,
749 5170 798 5214 et
836 5161 1100 5231 inﬁrmata
1146 5176 1263 5232 est;
1306 5178 1361 5221 tu
1407 5186 1523 5223 vero
1569 5174 1827 5242 perfecisti

240 5250 649 5303 eam:animalia
676 5260 762 5303 tua
794 5253 1151 5309 inhabitabant
1181 5259 1234 5310 in
1263 5275 1324 5313 ea
1355 5258 1474 5327 (Ps.
1498 5277 1667 5329 uvu,
1702 5262 1823 5334 i0):

239 5342 353 5408 quis
383 5343 539 5409 hujus
568 5341 669 5397 loci
701 5358 891 5398 sensus
915 5348 1039 5400 est?

309 5434 467 5503 Resp.
504 5434 689 5491 Pluvia
719 5437 807 5493 hic
844 5439 1141 5495 secundum
1190 5444 1425 5500 litteram
1470 5462 1668 5503 manna
1716 5460 1829 5519 est,

237 5531 529 5585 secundum
597 5548 875 5603 anagOgen
934 5538 1186 5593 mandata
1241 5542 1593 5612 intelligenda
1637 5558 1762 5601 sunt
1814 5567 1825 5602 :

236 5636 355 5691 quae
384 5623 632 5679 mandata
682 5627 764 5681 vel
810 5628 929 5694 lex,
968 5628 1096 5686 licet
1128 5632 1341 5689 infirma
1370 5636 1621 5692 videatur
1652 5647 1827 5696 trans-

234 5711 601 5776 gressionibus
642 5715 987 5786 Judaeorum,
1020 5724 1188 5792 gratia
1216 5735 1393 5779 tamen
1426 5726 1705 5798 Evangelii
1738 5746 1824 5785 os-

2036 3250 2187 3323 Resp.
2219 3252 2369 3318 Quod
2408 3254 2685 3325 Babylonii
2719 3253 2945 3307 victoria
2994 3253 3290 3309 insolentes
3322 3254 3501 3309 cll'ecti
3526 3296 3541 3318 ,

1958 3344 2027 3399 ita
2056 3346 2590 3416 exposueruntsigna
2621 3346 2674 3400 in
2691 3346 3026 3414 Deitemplo,
3052 3347 3463 3401 sicutconstitni
3490 3352 3541 3401 in

1957 3440 2199 3507 trepiueo
2214 3439 2390 3493 solent
2412 3455 2577 3509 super
2602 3438 2837 3494 fornices
2856 3440 3214 3509 introitusque
3240 3451 3540 3509 portarum.

2026 3529 2134 3584 Int.
2168 3532 2306 3599 Quid
2349 3540 2435 3585 est
2459 3532 2603 3601 quod
2636 3531 2888 3585 scribitur
2917 3547 2930 3584 :
2967 3530 3103 3585 Deus
3134 3542 3299 3584 autem
3324 3548 3416 3585 rex
3444 3550 3541 3585 no-

1953 3632 2058 3677 ster
2083 3634 2200 3676 ante
2237 3626 2429 3677 saecula
2471 3634 2705 3696 operatus
2736 3634 2807 3678 est
2853 3625 3068 3678 salutem
3107 3625 3160 3677 in
3191 3625 3358 3679 medio
3393 3632 3543 3679 terra:

1953 3714 2073 3783 (Ps.
2101 3730 2287 3780 LXXIII,
2319 3715 2442 3784 i2)?

2024 3806 2178 3879 Resp.
2214 3808 2456 3864 Jndzeam
2485 3808 2639 3877 dixit,
2673 3808 2726 3863 in
2758 3823 2860 3879 qua
2886 3808 3135 3865 Christus
3165 3812 3413 3866 liberavit
3448 3828 3541 3881 per

1952 3916 2167 3957 crucem
2220 3902 2477 3955 mundum
2528 3918 2544 3961 :
2585 3917 2746 3972 quam
2797 3903 2958 3971 aliqui
3012 3904 3325 3956 umbilicum
3381 3914 3539 3958 terra:

1950 3995 2331 4065 appellandum
2374 3996 2730 4051 arbitrantur.
2777 3996 2841 4049 Et
2889 3996 3049 4049 aliter
3093 4012 3105 4048 :
3144 3997 3412 4063 Operatns
3456 4009 3537 4053 est

1948 4088 2182 4143 salutem
2215 4089 2268 4141 in
2304 4088 2481 4141 medio
2506 4097 2688 4156 terrm,
2717 4086 2765 4141 id
2797 4097 2901 4152 est,
2928 4088 2979 4142 in
3011 4100 3163 4141 utero
3194 4089 3461 4157 virginali.

2021 4177 2131 4234 Int.
2158 4179 2296 4248 Quid
2324 4190 2407 4235 est
2440 4181 2542 4235 hoc
2573 4180 2714 4250 quod
2740 4181 3000 4250 legimus:
3031 4180 3166 4246 Quia
3187 4181 3323 4234 calta:
3350 4181 3403 4235 in
3428 4198 3538 4235 ma-

1948 4288 2019 4325 nu
2049 4270 2259 4326 Domini
2283 4274 2386 4327 vini
2416 4274 2543 4326 meri
2570 4276 2753 4345 plenus
2780 4282 2852 4327 est
2881 4275 3071 4339 mixto,
3104 4283 3152 4325 et
3180 4274 3446 4327 inclinavit
3474 4291 3537 4329 ea:

1946 4361 2043 4416 hoc
2082 4366 2134 4416 in
2174 4365 2267 4417 hoc
2300 4379 2321 4417 :
2363 4374 2732 4418 verumtamen'
2755 4368 2839 4435 {ex
2869 4369 2984 4437 ejus
3026 4381 3125 4419 non
3163 4374 3235 4419 est
3269 4366 3535 4421 exinanita

1947 4451 2063 4520 (Ps.
2100 4469 2279 4519 anv,
2315 4453 2407 4521 9)?

2023 4547 2172 4617 Resp.
2227 4548 2379 4601 Calix
2414 4549 2622 4603 Domini
2662 4552 2865 4604 mixtus
2896 4551 3267 4606 misericordia
3306 4564 3355 4608 et
3382 4552 3531 4622 judi-

1943 4639 2085 4693 cium
2120 4658 2132 4692 :
2168 4640 2460 4695 inclinatur
2486 4657 2550 4695 ex
2577 4642 2677 4695 hoc
2706 4642 2757 4696 in
2788 4642 2941 4710 illud,
2974 4659 3097 4698 cum
3126 4646 3193 4698 de
3223 4646 3531 4702 misericor-

1944 4732 2032 4785 dia
2068 4732 2121 4786 in
2144 4731 2405 4801 judicium
2445 4733 2628 4789 divina
2661 4738 2951 4794 severitate
2980 4740 3259 4795 transitur.
3300 4741 3409 4796 Fex
3437 4758 3534 4795 au-

1946 4833 2053 4877 tem
2084 4826 2201 4895 ejus
2228 4840 2335 4879 non
2367 4828 2701 4895 exinanitur,
2744 4830 2870 4901 quia
2914 4831 3092 4887 adhuc
3121 4834 3365 4889 ultimum
3386 4834 3533 4903 judi-

1942 4916 2011 4970 cii
2038 4929 2363 4973 reservatur.

2009 5010 2117 5064 lnt.
2152 5012 2281 5079 Qua.-
2308 5013 2665 5083 signiﬁcantia
2696 5025 2783 5070 est
2809 5017 2952 5086 quod
2979 5018 3238 5073 scribitur
3273 5037 3285 5072 :
3312 5018 3379 5073 Et
3405 5020 3528 5076 reli-

1935 5117 2050 5170 quie
2071 5104 2437 5175 cegitationum
2453 5104 2591 5159 diem
2607 5106 2792 5172 festum
2808 5118 2959 5178 agent
2982 5108 3071 5161 tibi
3088 5110 3105 5177 (
3122 5108 3209 5160 Ps.
3229 5126 3392 5173 Lxxv,
3412 5110 3527 5182 ll)?

2010 5193 2168 5265 Resp.
2201 5195 2432 5251 Pulchre
2470 5197 2556 5253 hic
2582 5199 2887 5255 ostenditur
2922 5201 3065 5270 quod
3108 5202 3251 5258 Deus
3293 5205 3527 5273 puritate

1936 5290 2136 5342 mentis
2161 5290 2310 5343 velut
2338 5292 2567 5358 quadam
2600 5291 2896 5350 festivitate
2927 5296 3157 5351 letatur.

2007 5378 2117 5434 Int.
2174 5381 2309 5445 Vox,
2338 5382 2546 5454 inquit,
2579 5388 2795 5441 tonitrui
2837 5390 2913 5443 tui
2949 5389 3003 5443 in
3041 5399 3154 5444 rota
3181 5389 3299 5461 (Ps.
3339 5406 3506 5455 Lxxvr

1937 5474 2025 5543 19)
2058 5493 2069 5526 :
2102 5475 2227 5545 quid
2255 5476 2340 5531 hic
2371 5479 2715 5534 sentiendum
2739 5482 2864 5537 est?

2006 5566 2162 5634 Resp.
2214 5566 2406 5622 Rotam
2451 5569 2536 5625 hic
2577 5571 2750 5640 ipsum
2806 5573 2939 5630 dixit
2980 5576 3167 5632 orbem
3218 5585 3410 5644 terrae,
3454 5591 3519 5633 eo

1930 5660 2071 5730 quod
2104 5663 2240 5715 intra
2286 5662 2526 5732 ejusdem
2557 5666 2704 5722 orbis
2749 5678 2924 5723 rOtam
2964 5670 3348 5727 circumferant
3380 5670 3521 5727 toni-

1926 5760 2045 5806 trua
2078 5754 2360 5822 mugitum.

3606 468 3676 530 ἢθη(
