4042 6188
523 296 610 353 ῖσι
1515 281 1575 336 S.
1619 277 1944 336 EULllERll
1982 272 2464 333 LUGDUNENSIS
2504 276 2818 347 EPlSCOl'l;

3686 272 3801 335 733

589 413 697 464 Int.
728 412 773 477 Q
798 410 866 463 t:d
898 403 1308 469 intelligendum
1351 406 1435 453 est
1478 397 1545 451 de
1583 397 1685 450 hoc
1723 395 1865 466 quod
1910 393 2097 448 seribi-
2130 395 2179 454 Α
2208 402 2289 446 est
2333 393 2493 447 homo
2540 393 2848 446 Altissimus
2886 390 2972 453 qui
3027 386 3272 442 l'undavit
3310 401 3455 441 eam.
3505 388 3573 443 Et
3606 400 3802 448 notan.

513 518 596 559 tur
621 523 633 557 ;
660 500 725 555 Et
742 503 982 566 percussit
1000 496 1229 550 inimicos
1242 508 1361 546 suos
1384 493 1437 545 in
1458 492 1740 563 posteriora
1762 489 1880 561 (Ps.
1896 502 2094 553 Lxxvn,

509 594 683 664 eo)?

586 686 743 752 Resp.
797 679 1100 737 Secundum
1156 679 1386 732 litteram
1462 676 1706 729 ulcerum
1768 674 1982 727 illorum
2037 673 2094 727 lit

514 774 982 835 cutttnu-umratio,
1015 772 1210 840 quibus
1244 777 1373 823 sunt
1400 767 1671 835 Allnpltyli
1705 768 1756 819 itt
1792 764 2094 831 pOSIcriora

510 870 770 942 percussi.
807 867 1111 922 S~tCtttthttt
1146 865 1455 917 interiorem
1486 876 1611 914 ι’(εό
1643 874 1859 913 sensum
1898 872 2089 924 percu-

510 969 717 1023 tiuntur
752 964 951 1019 inimici
980 965 1069 1015 llei
1097 964 1144 1013 iu
1177 960 1499 1030 posteriora,
1532 973 1653 1011 cum
1688 958 1738 1009 in
1770 953 1980 1009 Domini
2004 953 2095 1024 ju-

506 1060 649 1114 dicio
682 1060 975 1127 puniuntur
996 1065 1264 1109 extremo.

577 1150 685 1206 Int.
736 1152 904 1219 Quem
950 1148 1218 1218 signiﬁmtt
1266 1145 1454 1199 dicens
1503 1160 1515 1194 :

504 1257 628 1309 aper
676 1242 739 1295 de
779 1244 945 1305 silva,
990 1250 1034 1292 et
1072 1236 1349 1309 singularis
1392 1235 1531 1303 ferus
1572 1234 1813 1301 depastus
1864 1242 1939 1285 est
1978 1246 2092 1285 eam

503 1334 625 1403 (Ps.
652 1348 831 1397 Lxxtx,
865 1332 994 1401 ll)?

574 1426 731 1493 Resp.
759 1426 963 1489 Aprum
991 1423 1076 1474 hic
1103 1420 1513 1488 Vestiasia'ium,
1550 1426 1601 1469 ut
1633 1416 1850 1486 quidam
1882 1415 2086 1483 dicunt,

502 1520 613 1574 'lltll
648 1518 901 1587 intelligi.
934 1519 1020 1585 qui
1051 1516 1264 1571 Judmos
1292 1514 1435 1568 bello
1470 1515 1717 1565 vast-vit.
1750 1511 2088 1579 Siugnlarem

502 1612 697 1669 ferum.
733 1612 912 1665 'l'itnm
948 1608 1262 1675 VCSpﬂSi‘Jlli
1292 1607 1479 1671 lilium,
1507 1605 1600 1672 qui
1633 1603 1971 1658 llicrusalem
1994 1616 2092 1671 op-

503 1704 827 1773 pugnatione
851 1699 1207 1762 consumpsit.

574 1794 682 1849 Int.
718 1797 970 1864 Legimus
1000 1794 1051 1846 in
1088 1792 1291 1859 psalmo
1312 1787 1600 1859 (t.xxx.9):
1634 1785 1823 1853 Israel,
1855 1786 2091 1839 siaudias
2123 1776 2169 1835 Β

499 1902 599 1952 me,
626 1904 726 1940 non
752 1890 847 1939 erit
876 1886 926 1937 in
958 1894 1005 1936 te
1046 1884 1186 1936 Deus
1222 1894 1435 1936 recens:
1469 1881 1740 1951 quomodo
1770 1878 1912 1933 istud
1950 1879 2092 1933 acci-

500 1980 750 2049 [)lCltll:S?

572 2072 728 2140 Resp.
787 2070 930 2123 ldola
990 2069 1073 2121 vel
1124 2067 1516 2122 Autiehri~tum
1576 2064 1919 2117 retutamluut
1968 2076 2091 2116 esse

498 2174 835 2234 pronuntat.
887 2164 1133 2215 Christus
1169 2172 1351 2216 autem
1412 2162 1546 2213 licus
1591 2175 1779 2212 recens
1811 2172 1914 2211 nou
1947 2166 2085 2222 erat,

495 2253 622 2311 lica
652 2257 849 2307 munda
878 2271 971 2323 per
992 2272 1209 2308 carnem
1240 2255 1438 2308 nostris
1462 2252 1801 2319 temporibus
1830 2251 2085 2303 illuxerit.

497 2346 641 2403 Nam
668 2350 721 2401 in
746 2350 1002 2415 principio
1034 2357 1142 2400 erat
1176 2346 1317 2417 apud
1346 2348 1506 2398 Deum
1540 2346 1672 2396 Deus
1705 2343 1922 2397 Verbum
1944 2384 1955 2405 ,
1980 2343 2088 2411 ipse

495 2457 673 2497 Creatis
724 2439 982 2492 hominem
1022 2439 1088 2491 ad
1129 2438 1514 2491 similitudinem
1568 2434 1661 2486 οδε
1706 2432 1897 2503 (Joau.
1924 2448 1973 2499 ι,
2015 2439 2033 2485 1
2068 2448 2083 2499 ;

494 2532 625 2590 Gen.
655 2550 704 2595 ι,
736 2531 855 2602 26),
881 2533 1081 2601 quique
1111 2530 1349 2584 diversis
1396 2529 1601 2581 vicibus
1630 2541 1787 2596 atque
1824 2525 2085 2597 tempori-

493 2625 592 2683 bus
628 2625 860 2680 Abraha:
903 2626 986 2679 vel
1041 2622 1283 2693 patribus
1331 2622 1533 2675 llOSlt‘iS
1574 2635 1791 2689 semper
1835 2619 2085 2689 apparuit

493 2716 649 2791 (Gen.
678 2734 831 2781 xvttt,
870 2716 941 2785 l).

566 2806 674 2863 Iut.
711 2805 1333 2877 Qualiteraceipiemlum
1357 2815 1434 2859 est
1452 2803 1591 2873 quod
1615 2804 1850 2869 psalmus
1868 2804 2080 2871 (LXXXI,

494 2899 550 2971 1)
578 2908 649 2954 ait
678 2921 689 2954 :
724 2901 859 2956 Dens
888 2903 1023 2955 stetit
1050 2901 1101 2954 in
1124 2915 1387 2970 synagoga
1420 2900 1631 2950 tlxorttm
1656 2899 1679 2950 ?

565 2994 703 3066 Resp
758 2995 809 3047 Id
840 3003 959 3054 est,
999 2994 1053 3046 in
1084 2993 1500 3060 congregatione
1544 2987 2085 3052 sanctorutu;Domi-

492 3102 591 3141 nu~
615 3098 793 3139 autem
829 3094 1011 3139 noster
1042 3096 1253 3137 sanctos
1276 3098 1404 3137 suos
1434 3095 1485 3133 ιιι
1511 3080 1657 3149 regni
1686 3080 1787 3139 sni,
1823 3080 1891 3132 ita
1916 3081 2079 3133 etiam

2202 485 2332 539 dum
2359 485 2496 554 quod
2528 488 2689 537 etiam
2720 484 2857 536 illius
2888 481 3192 536 Altissimus
3220 478 3551 546 appellatur.

2273 576 2381 631 Int.
2419 579 2553 644 Quid
2602 578 2689 632 hic
2736 574 3137 641 ittlclligi'ttllttttt
3185 581 3300 633 est,
3352 571 3441 625 tibi
3480 572 3791 632 set'ibitur:

2202 666 2394 722 Factus
2414 685 2523 721 sum
2550 669 2680 721 sicut
2708 666 2863 719 homo
2892 664 3001 719 sine
3032 663 3293 734 adjutorio
3316 663 3449 716 inter
3478 675 3712 720 mortuos
3735 666 3796 721 li-

2198 760 2288 815 ber
2318 760 2434 830 (Ps.
2469 776 2708 826 uuvn,
2740 759 2837 823 δν
3074 800 3077 801 ν

2274 853 2427 923 Resp.
2460 845 2707 905 Christus
2755 852 2935 918 utique
2977 848 3118 901 inter
3166 854 3408 900 mortuos
3449 846 3591 902 liber
3621 866 3633 901 :
3667 851 3793 919 quia

2196 942 2403 1011 absque
2437 951 2658 1007 t-eceatu
2690 943 2830 995 inter
2864 951 3175 1006 peccatores
3206 937 3506 1018 apparuit..

2268 1035 2377 1090 lnt.
2424 1036 2555 1104 Qua:
2586 1046 2665 1089 est
2699 1047 2839 1088 terra
2877 1033 2964 1085 illa
2998 1031 3288 1084 oblivionis
3318 1030 3384 1083 de
3411 1047 3513 1099 qua
3544 1031 3783 1088 dicitur:

1566 1140 1933 1195 Επμεηηῑηουῑι
1981 1144 2103 1193 eam
2199 1129 2465 1196 Numquid
2495 1140 2870 1198 cognoscentur
2912 1128 2963 1177 in
3019 1124 3234 1177 tenrbris
3280 1122 3537 1176 mirabilia
3576 1132 3702 1188 tua,
3745 1133 3792 1180 et

2187 1222 2397 1293 justitia
2429 1233 2516 1273 tua
2542 1222 2595 1273 in
2626 1232 2762 1272 terra
2793 1217 3060 1272 oblivionis
3116 1210 3233 1285 (Ρί.
3286 1230 3522 1273 Lxxxvtt.
3554 1216 3640 1283 l3)
3664 1215 3689 1267 ?

2270 1312 2425 1380 lissi).
2459 1310 2783 1364 Ret-tissime
2824 1308 3123 1377 appellatur
3167 1306 3455 1359 oblivionis
3496 1319 3640 1359 terra
3686 1304 3786 1360 im-

2196 1404 2407 1473 piorum
2450 1419 2577 1457 e..ro
2617 1418 2645 1454 a
2696 1400 2922 1454 Domitio
2951 1398 3231 1452 derelicta.
3284 1398 3347 1451 Et
3377 1397 3582 1451 aliter:
3647 1407 3790 1453 terra

2195 1498 2482 1553 oblivionis
2503 1497 2663 1548 etiam
2690 1494 2742 1548 in
2776 1495 2864 1544 illo
2889 1492 3059 1559 aet-ipi
3091 1488 3427 1559 potestqqu
3451 1489 3617 1544 dicit:
3649 1489 3789 1557 Qua-

2195 1590 2332 1641 nium
2361 1605 2460 1640 non
2506 1596 2577 1641 est
2614 1588 2665 1638 in
2696 1593 2857 1638 marte
2891 1584 2979 1653 qui
3003 1598 3197 1637 memor
3228 1582 3295 1635 sit
3326 1582 3402 1634 tui
3430 1596 3449 1634 :
3479 1585 3531 1634 in
3576 1581 3783 1651 inferno

2195 1692 2363 1735 autem
2391 1681 2503 1751 quis
2536 1680 2866 1745 conﬁtebitur
2898 1678 2987 1730 tibi
3013 1675 3131 1745 (Ps.
3165 1691 3239 1737 vt.
3273 1675 3376 1745 ()2

2270 1772 2377 1827 Int.
2424 1772 2707 1840 Qttntttodu
2734 1772 2992 1839 juventus
3032 1766 3226 1838 aquila:
3255 1776 3569 1831 renovatur,
3599 1781 3785 1822 secun-

2193 1866 2321 1922 dum
2359 1866 2485 1919 illud
2534 1864 2675 1933 quod
2713 1863 2941 1932 legimus
2985 1880 2996 1912 :
3037 1858 3388 1913 lienovubitur
3428 1860 3561 1912 sicut
3597 1856 3786 1929 aquila

2181 1962 2429 2031 jnt'cntus
2460 1968 2547 2010 tua
2574 1956 2693 2029 (Ps.
2720 1971 2813 2022 cu,

2266 2052 2424 2117 Resp.
2462 2051 2663 2119 Aquila:
2692 2049 2946 2101 dicuntur
2987 2046 3035 2099 vi
3078 2044 3261 2098 nimia!
3302 2055 3529 2096 senecue
3579 2043 3780 2109 impltto

2192 2158 2307 2197 mes
2342 2143 2455 2196 lieni
2477 2182 2489 2203 ,
2522 2157 2572 2195 et
2615 2139 2741 2194 nido
2783 2140 2968 2192 relata:
2999 2137 3234 2191 vicissim
3286 2135 3436 2198 pultis
3467 2133 3578 2188 suis
3610 2134 3777 2188 mini-

2193 2238 2490 2292 strantibus
2523 2236 2700 2303 pasci,
2734 2233 2907 2286 donec
2935 2230 3154 2286 deterso
3197 2227 3333 2283 senii
3380 2236 3601 2281 veterno
3631 2226 3781 2282 reci-

2191 2332 2347 2401 piunt
2383 2346 2504 2384 eum
2550 2328 2739 2396 pennis
2772 2342 2925 2379 usum
2962 2324 3196 2378 volandi.
3228 2322 3544 2378 Secundum
3578 2337 3779 2393 anago-

2188 2438 2287 2490 gen
2318 2432 2496 2474 autent
2526 2420 2780 2488 juvcnltts
2812 2426 2995 2472 nostra
3037 2416 3117 2469 vel
3153 2414 3419 2483 baptismo
3461 2414 3546 2468 vel
3598 2429 3778 2468 resur-

2189 2517 2427 2569 rectione
2459 2524 2770 2566 renovatur.

2259 2606 2366 2661 Int.
2411 2607 2674 2676 Abyssus,
2729 2603 2936 2672 inquit,
2985 2602 3116 2656 sicut
3156 2600 3371 2671 pallium
3416 2599 3636 2653 amictus
3670 2602 3777 2669 ejus

2186 2700 2304 2774 (Ps.
2335 2716 2444 2762 cut,
2475 2700 2568 2769 t):
2599 2696 2726 2766 quid
2759 2696 2845 2750 hic
2871 2692 3204 2761 sequemur?

2258 2795 2417 2861 Resp.
2454 2792 2566 2846 Non
2601 2793 2737 2846 liene
2768 2790 3006 2859 plerique
3040 2787 3372 2840 arbitrantur
3400 2784 3659 2854 abyssum
3692 2783 3779 2839 hic

2184 2890 2439 2943 amictum
2474 2886 2566 2939 Dci
2611 2882 2901 2952 appellari,
2952 2896 3071 2934 cum
3105 2880 3285 2949 potius
3321 2876 3579 2931 amictum
3620 2886 3777 2931 terra

2184 2979 2291 3033 dici
2342 2980 2455 3047 ipse
2498 2976 2840 3041 superiorum
2890 2987 3149 3027 versuum
3195 2970 3330 3023 ordo
3379 2967 3658 3031 declarat,
3712 2984 3777 3023 eo

2183 3073 2325 3141 quod
2361 3083 2501 3125 terra
2531 3070 2643 3137 ipsa
2674 3068 2869 3138 abysso
2900 3064 3055 3135 quasi
3082 3063 3314 3134 quodam
3346 3060 3509 3131 pallio
3536 3060 3777 3115 circum-

492 3178 725 3232 nomiuis
782 3178 863 3231 siti
925 3176 1337 3246 participatione
1391 3172 1630 3226 (Intravit.
1690 3171 1845 3226 Unde
1898 3180 1953 3223 et
2018 3145 2157 3223 ςιιιΟ
2192 3164 2307 3218 Γιῑεη
2349 3162 2581 3216 chi"?-

492 3266 709 3339 M~y~en
737 3269 905 3321 dicit:
958 3267 1085 3319 Dedi
1137 3277 1184 3320 te
1235 3266 1557 3319 Pharaonem
1596 3266 1647 3315 in
1686 3263 1845 3315 Deum
1885 3262 2083 3329 (Exod.

492 3372 586 3421 va.
614 3361 685 3431 ι).
713 3360 1119 3427 Cutnnellantur
1154 3376 1281 3427 ergo
1333 3357 1553 3410 nomine.
1586 3356 1701 3418 Dei,
1749 3358 1868 3422 quia
1902 3344 2087 3423 appel-

493 3449 673 3505 lantur
704 3461 758 3504 et
790 3452 907 3505 Filii
942 3453 1057 3504 Dei.
1094 3452 1201 3504 Nec
1239 3452 1430 3503 mirum
1466 3467 1562 3519 pro
1596 3450 1680 3501 illa
1716 3449 1969 3502 incllahili
2003 3449 2085 3502 di-

492 3542 635 3596 vitia:
669 3542 1018 3609 benignitatis
1061 3541 1389 3610 indulgentia
1413 3580 1428 3606 ,
1476 3540 1523 3595 si
1556 3541 1787 3594 Velut-rit
1824 3550 1882 3594 ut
1924 3542 2085 3595 homo

492 3633 868 3704 appellaretur
912 3632 1082 3694 Deus.
1126 3647 1246 3685 cum
1279 3631 1418 3685 Deus
1457 3632 1756 3699 appellatus
1787 3633 1854 3685 sit
1897 3632 2079 3685 homo.

565 3725 673 3777 lnt.
721 3724 856 3789 Quid
912 3724 999 3777 hic
1051 3725 1396 3779 sentiendum
1439 3734 1523 3779 cst
1567 3743 1577 3778 :
1628 3725 1843 3778 Iustitia
1887 3736 1935 3778 et
1976 3741 2082 3796 pax

492 3820 735 3873 osculata:
766 3828 878 3871 sunt
910 3835 962 3871 se
986 3816 1106 3887 (Ps.
1142 3834 1357 3883 Lsxxtv,
1392 3817 1503 3887 ιι).

565 3912 723 3981 Resp.
751 3912 902 3977 Quod
936 3928 993 3966 re
1025 3915 1110 3965 lex
1146 3924 1197 3965 et
1228 3912 1399 3980 gratia
1430 3909 1813 3979 c0ujuuxeriut
1842 3923 1936 3979 per
1966 3924 2079 3964 mc-

490 4004 753 4058 tliatorcm
805 4007 1084 4058 ltomiuum
1132 4016 1373 4059 nostrum
1418 4007 1603 4060 .lesum
1646 4004 1950 4069 Christum,
1992 4005 2080 4071 qui

490 4096 609 4164 {erit
640 4107 857 4163 utraque
883 4114 1037 4147 unum
1068 4094 1230 4165 (Eph.
1264 4112 1319 4159 tt,
1357 4096 1487 4164 ll)?

563 4184 673 4238 Iut.
703 4186 943 4252 Qualiter
985 4187 1356 4254 accipiendum
1387 4198 1469 4240 est
1497 4186 1638 4256 quod
1672 4187 1904 4255 legimus
1936 4205 1947 4239 :
1982 4186 2077 4240 Di-

492 4279 602 4351 ligit
633 4278 884 4332 Dominus
924 4287 1097 4350 portas
1131 4278 1288 4345 Sion,
1330 4295 1485 4349 super
1522 4282 1697 4333 omnia
1743 4281 2075 4335 tabernacula

489 4370 656 4424 Jacob
688 4369 803 4441 (Ps.
843 4386 1055 4433 Lxxxvt,
1086 4370 1189 4443 Et)?
1308 4356 1311 4359 l

564 4461 721 4530 Resp.
756 4461 907 4529 Quod
939 4462 1191 4517 Dominus
1214 4464 1543 4519 umbraculis
1571 4478 1855 4536 synagoga:
1886 4465 2074 4522 Eccle-

491 4555 585 4610 slm
611 4560 940 4610 munimenta
975 4558 1285 4624 prmluletit.

559 4646 667 4700 Int.
706 4647 871 4701 Mater
902 4650 1028 4703 Sion
1066 4650 1199 4702 dicet
1233 4648 1416 4717 homo,
1457 4659 1504 4704 et
1544 4651 1694 4704 homo
1723 4654 1891 4720 factus
1922 4663 1994 4703 est
2023 4652 2074 4704 in

489 4757 570 4803 ea,
602 4750 648 4793 et
682 4743 785 4810 ipse
826 4742 1059 4810 [undat-it
1094 4759 1205 4794 eam
1243 4742 1536 4798 Altissimus
1568 4745 1685 4815 (Ps.
1732 4759 1949 4811 Lxxxw,
1981 4744 2070 4812 5),

488 4832 613 4903 quid
648 4834 732 4887 hic
760 4834 1095 4901 sequemur?

558 4924 714 4996 Resp.
741 4924 908 4979 Mater
934 4926 1062 4979 Sion
1084 4965 1098 4986 ,
1130 4938 1189 4979 ut
1215 4925 1429 4996 quidam
1457 4926 1677 4991 volunt,
1706 4926 1870 4981 Maria
1908 4928 2071 4997 signi-

487 5017 696 5079 llcatur,
731 5018 783 5069 in
810 5033 913 5086 qua
948 5026 1101 5071 natus
1129 5030 1212 5070 est
1239 5020 1397 5071 homo
1426 5017 1706 5084 Christus,
1735 5017 1901 5086 ipsius
1929 5033 2065 5087 quo-

482 5127 587 5182 que
618 5121 806 5164 matris
834 5120 1068 5165 et'eator.
1100 5111 1388 5165 Sciendum
1427 5122 1519 5166 est
1551 5122 1727 5165 tamen
1750 5152 1766 5176 ,
1796 5112 1989 5165 melius
2013 5120 2070 5166 et

481 5203 779 5257 secundum
800 5204 1084 5257 llebrieum
1108 5204 1281 5258 verius
1312 5204 1413 5259 dici
1443 5221 1455 5255 :
1484 5204 1749 5273 Numquid
1774 5204 1903 5257 Sion
1927 5203 2067 5257 (licet

481 5298 667 5362 homo,
697 5308 751 5352 et
781 5297 943 5351 homo
972 5306 1129 5352 natus
1160 5308 1243 5354 est
1270 5299 1323 5353 in
1350 5314 1437 5361 ea,
1463 5308 1518 5353 et
1540 5298 1656 5367 ipse
1681 5296 1923 5352 [undavit
1947 5312 2065 5353 eam

481 5390 837 5446 Altissimus?
876 5390 937 5445 Et
966 5401 1050 5446 est
1094 5407 1285 5446 sensus
1313 5391 1441 5445 hic:
1475 5392 1601 5460 quis
1642 5392 1744 5445 hoc
1790 5390 2064 5446 hominum

480 5490 733 5540 nuntiare
764 5483 965 5554 possit?
993 5486 1147 5539 Sicut.
1172 5494 1226 5538 et
1255 5484 1384 5539 illud
1413 5502 1428 5541 :
1460 5484 1563 5539 Aut
1595 5484 1864 5538 brachium
1890 5484 2069 5539 Domi-

474 5576 533 5617 ν’
572 5582 655 5636 cui
682 5581 957 5633 revelatum
992 5588 1062 5631 est
1094 5576 1248 5645 (Isai.
1285 5594 1405 5645 LIII,
1447 5580 1538 5643 ll?
1584 5578 1722 5646 Ergo
1754 5579 1857 5631 ltoc
1890 5578 2019 5632 dicit
2047 5594 2060 5631 :

478 5675 619 5741 quod
652 5676 825 5727 nullus
852 5672 1127 5725 hominum
1158 5674 1204 5726 ei
1238 5673 1487 5725 nuntiare
1513 5671 1699 5737 possit,
1732 5672 1853 5739 quia
1886 5670 2063 5724 salve-

476 5768 566 5818 tur
600 5759 736 5815 Sion
767 5763 823 5817 in
852 5762 1069 5816 homine
1097 5762 1186 5829 qui
1218 5768 1375 5815 natus
1404 5762 1474 5817 sit
1523 5762 1576 5815 in
1610 5775 1696 5816 ea.
1729 5762 1845 5829 Ipse
1875 5771 2059 5816 autem

2265 3254 2375 3308 Iut.
2428 3251 2711 3321 Quomodo
2757 3260 2899 3304 stant
2950 3263 3115 3319 super
3167 3256 3379 3301 montes
3422 3246 3620 3314 aqum?
3650 3244 3772 3317 quia

2190 3350 2447 3415 scriptum
2476 3357 2555 3397 est
2587 3363 2600 3398 :
2634 3343 2803 3409 Super
2832 3352 3023 3395 montes
3054 3344 3258 3394 stabunt
3289 3354 3439 3407 aqua?
3466 3339 3490 3392 ?

2263 3438 2417 3507 Resp.
2469 3437 2665 3502 Utique
2699 3452 2819 3490 euttt
2861 3442 2953 3488 aut.
2998 3434 3167 3501 plena:
3196 3431 3351 3502 aquis
3399 3430 3572 3485 nubes
3612 3446 3775 3501 super

2189 3543 2402 3588 montes
2439 3530 2786 3599 dependent:
2819 3539 2910 3581 aut
2938 3544 3063 3583 eum
3091 3529 3140 3582 in
3170 3527 3306 3581 mari
3336 3526 3497 3580 υηιιω
3527 3526 3593 3579 ad
3621 3539 3773 3581 mon-

2190 3628 2318 3680 tium
2352 3627 2519 3679 instar
2550 3627 2881 3679 excitantur.

2259 3716 2365 3770 lnt.
2404 3716 2543 3785 Quid
2577 3716 2918 3771 sentiendum
2961 3724 3043 3770 est
3088 3715 3141 3767 in
3188 3712 3290 3768 hoc
3319 3713 3464 3783 quod
3498 3713 3769 3782 legimus:

2186 3808 2359 3863 Draco
2390 3810 2483 3862 iste
2518 3823 2667 3874 quem
2697 3807 2933 3878 formasti
2962 3804 3032 3858 ad
3066 3804 3391 3859 illudendum
3424 3808 3472 3859 ei
3502 3803 3624 3877 (Ps.
3659 3820 3771 3869 cm,

2183 3901 2324 3971 2m?
3500 3940 3503 3943 ›

2254 3993 2410 4062 Resp.
2449 3991 2617 4045 Draco
2648 3993 2748 4047 iste
2792 3991 3037 4046 diabolus
3066 4000 3180 4051 est.
3217 3989 3311 4045 sed
3350 3998 3477 4045 ante
3509 3989 3771 4045 formatus

2181 4102 2213 4142 ι
2246 4087 2502 4153 Domino,
2533 4103 2693 4153 quant
2735 4087 2785 4139 in
2828 4102 3023 4139 nomen
3072 4083 3271 4138 diaboli
3320 4084 3638 4136 voluntariae
3677 4097 3772 4138 nec

2180 4178 2361 4248 quina:
2419 4180 2673 4232 transiret
2746 4178 3026 4231 instinctu.
3088 4175 3238 4231 Iluuc
3279 4176 3537 4246 propheta
3597 4172 3770 4229 Isaias

2179 4287 2210 4326 a
2237 4272 2340 4343 (st,
2369 4272 2424 4337 7)
2463 4270 2702 4336 parvulis
2728 4268 2991 4324 describit
3023 4268 3196 4322 illudi.

2251 4362 2360 4417 lui.
2388 4363 2500 4429 Qui
2554 4363 2762 4415 ratione
2808 4360 3215 4430 intelligendum
3259 4368 3343 4413 est
3372 4358 3514 4427 quod
3562 4357 3761 4413 scribi-

2174 4468 2262 4513 tur
2289 4477 2302 4510 :
2350 4456 2566 4511 Ferrum
2599 4455 2921 4525 pertransiait
2951 4455 3177 4507 animam
3205 4456 3314 4525 ejus
3338 4450 3455 4523 (Ps.
3485 4467 3596 4510 CIV.
3630 4450 3764 4521 l5)?

2100 4531 2154 4593 Ῑ)
2254 4552 2409 4624 Resp.
2445 4550 2690 4604 Chrisms
2732 4549 2817 4604 hic
2855 4546 3294 4602 manifestissime
3334 4544 3674 4613 designatur,
3703 4557 3769 4599 eo

2178 4646 2319 4715 quod
2351 4644 2681 4714 resurgendo
2712 4644 3049 4712 alligentium
3076 4642 3353 4695 clavorutn
3378 4639 3622 4693 dolorem
3648 4654 3767 4693 cru-

2177 4741 2483 4803 ciatumque
2513 4739 2807 4805 Superavit.
2842 4737 3025 4789 PliiCsl
3056 4734 3143 4789 hic
3175 4733 3380 4787 ferrum
3413 4739 3469 4787 et
3490 4732 3766 4785 tribulatio

2176 4831 2327 4885 dune
2361 4830 2699 4885 neceSsitatis
2728 4828 2989 4895 intelligi,
3020 4827 3147 4895 quia
3176 4826 3411 4879 animam
3451 4823 3582 4877 dixit
3618 4840 3631 4895 Ξ
3663 4823 3766 4877 ali-

2174 4922 2387 4990 quando
2414 4934 2591 4975 tameu
2625 4920 2803 4973 anima
2835 4918 2887 4972 in
2913 4915 3206 4987 Scripturis
3248 4929 3344 4985 pro
3374 4913 3629 4983 praesenti
3658 4913 3765 4968 vita

2171 5018 2494 5086 appellatur,
2545 5024 2601 5068 ut
2632 5015 2683 5069 in
2726 5011 3024 5081 Evangelia
3066 5025 3079 5061 :
3120 5007 3311 5063 Nonne
3340 5008 3513 5061 anima
3547 5005 3665 5078 plus
3692 5013 3764 5060 est

2170 5126 2323 5180 quam
2338 5125 2453 5163 esca
2482 5107 2696 5180 (Matth.
2730 5122 2805 5171 vt,
2839 5103 2978 5173 25)?

2244 5200 2349 5255 int.
2383 5200 2519 5268 de
2554 5200 2691 5253 inter
2718 5197 2977 5265 p~almum
3009 5202 3064 5249 et
3083 5193 3351 5248 canticum
3371 5189 3639 5245 interesﬂ

2245 5292 2402 5359 Resp.
2436 5291 2588 5357 Quod
2640 5290 2830 5357 psalmi
2879 5301 2944 5342 ex
2994 5284 3255 5353 psalterio
3296 5282 3680 5354 appellantur,
3716 5286 3770 5332 at

2171 5398 2301 5439 vero
2324 5386 2593 5437 canticum
2620 5396 2686 5436 ex
2719 5394 2853 5434 voce
2881 5377 3160 5449 profertur
3192 5393 3203 5427 :
3235 5386 3289 5430 et
3314 5375 3457 5444 quod
3489 5372 3766 5426 canticum

2173 5493 2274 5550 pro
2324 5477 2579 5539 scientia,
2628 5490 2724 5544 pro
2777 5487 2942 5542 opere
2994 5484 3130 5524 vero
3182 5469 3423 5539 psalmus
3474 5466 3763 5530 accipitur.

2176 5572 2421 5625 l'mlmus
2455 5585 2583 5639 ergo
2606 5570 2669 5621 ad
2694 5568 2985 5630 actualetn,
3013 5564 3063 5617 id
3093 5560 3263 5618 estad
3296 5563 3566 5628 practiceu
3596 5576 3611 5613 :
3638 5572 3767 5613 can-

2170 5667 2332 5722 ticum
2365 5680 2494 5717 vero
2529 5662 2592 5717 ad
2624 5660 2903 5723 theoriam,
2941 5658 2991 5713 id
3019 5666 3125 5724 est,
3157 5652 3632 5721 contemplativam
3659 5665 3753 5706 rc-

2166 5760 2332 5815 fertur
