4042 6188
201 347 300 405 ἷθῦ

1399 333 1962 395 lNSTRUCTiONUM
2000 334 2206 391 LIBER
2241 336 2290 391 1.

3387 346 3494 406 τρι

262 455 375 512 Int.
401 456 611 513 Iuravit
648 457 932 518 Dominus,
967 468 1058 506 nec
1087 451 1344 523 paenitebit
1380 466 1497 504 eum
1523 447 1642 518 (Ps.
1675 462 1790 515 cu,
1820 448 1878 507 Δ
1975 446 2130 518 Resp.
2175 447 2251 502 De
2281 447 2473 503 futuris
2511 463 2571 504 se
2598 454 2671 506 .bt
2715 452 2859 519 loqui
2899 454 3162 522 prOpbeta
3204 457 3486 530 signiﬁcat,

193 549 244 606 ιι
273 567 286 602 :
318 550 592 619 quomodo
619 548 825 617 jnravit
858 546 1118 599 Dominus
1143 544 1166 597 ἲ

262 642 426 712 Resp.
461 640 658 696 Jurare
712 636 919 692 Domini
971 645 1056 690 cst
1103 633 1514 689 immutabiliter
1558 631 1789 703 promit-

189 739 326 786 tere.
371 731 542 785 Recte
576 731 740 799 igitur
771 729 914 782 istud
951 727 1302 782 commutatio
1341 726 1609 779 sermonis
1639 738 1794 776 usur-

188 830 299 887 pat,
334 837 401 875 co
430 821 579 891 quod
614 819 908 890 promissio
937 817 1056 888 t-jus
1083 815 1408 871 sacramenti
1430 815 1670 870 obtineat
1696 813 1790 867 flr-

187 915 458 968 mitatcm.

257 1006 367 1062 Int.
399 1007 545 1076 Quid
597 1006 806 1062 indicat
857 1004 986 1060 illud
1039 1004 1183 1074 quod
1224 1002 1528 1058 scribitur:
1571 1001 1647 1054 De
1689 1008 1794 1053 tor-

187 1108 328 1154 rente
354 1102 406 1153 in
432 1104 512 1154 via
536 1100 688 1165 bibit,
709 1111 982 1171 propterea
1005 1097 1251 1151 exaltabit
1274 1105 1423 1167 caput
1454 1092 1574 1166 (Ps.
1598 1108 1682 1154 cv.
1701 1090 1792 1163 ηε

263 1192 422 1260 Resp.
457 1194 536 1248 Ad
586 1208 875 1262 personam
916 1189 1118 1245 Chriin
1170 1189 1271 1242 ista
1321 1185 1604 1240 referenda
1644 1192 1792 1249 sunt,

188 1286 314 1355 quia
345 1290 414 1340 de
443 1296 718 1349 torrente,
752 1285 800 1337 id
831 1293 937 1346 est,
969 1281 1260 1350 passione:
1299 1279 1351 1332 in
1382 1278 1488 1339 via,
1517 1276 1566 1329 id
1601 1284 1703 1340 est,
1739 1275 1791 1329 in

188 1377 391 1432 Strenlo
421 1377 560 1432 bibit
586 1388 879 1446 propterea
913 1375 1052 1428 Deus
1081 1371 1314 1425 exultans
1343 1378 1496 1434 caput
1525 1370 1666 1432 eius,
1700 1367 1793 1419 do-

189 1468 328 1520 narit
357 1469 438 1521 illi
470 1485 660 1522 nomen
689 1467 827 1535 quod
856 1476 927 1519 est
956 1479 1108 1534 super
1134 1477 1284 1515 omne
1313 1477 1495 1514 nomen
1524 1457 1692 1529 (Phil.
1729 1473 1790 1526 tt,

188 1557 264 1625 ὓς
301 1559 395 1614 Ps.
423 1575 553 1615 cvtx
587 1570 633 1612 et
665 1558 860 1629 αντιφ).

260 1649 373 1706 Int.
413 1652 744 1719 Quindecim
782 1652 858 1704 illi
891 1650 1086 1718 psalmi
1129 1665 1287 1720 quam
1317 1648 1388 1703 ob
1423 1661 1640 1703 causam
1668 1661 1796 1701 can-

186 1743 356 1799 ticum
389 1744 660 1814 gradnnm
695 1751 1063 1814 prieootantur
1090 1742 1113 1795 ?

1894 543 1984 612 qui
2010 552 2130 612 post
2161 543 2302 596 illam
2353 547 2655 599 sessionem
2698 556 2952 616 surgendi
2991 562 3202 620 tempus
3229 552 3487 611 declarat.

1894 632 2041 688 Idem
2095 642 2443 702 posteaquam
2501 636 2712 691 dederit
2761 639 2975 694 dilectis
3035 643 3148 695 suis
3195 659 3487 712 somnum,

1895 727 2134 781 ostendit
2170 743 2291 795 qua:
2334 730 2507 782 futura
2550 731 2622 784 sit
2662 733 2988 787 resurrectio
3021 735 3109 788 illa
3144 747 3488 806 satlt'tttt'ttltt,

1897 817 2022 873 dum
2067 818 2200 872 dicit
2228 837 2240 871 :
2273 819 2409 874 Ecce
2433 821 2722 876 luercditas
2753 823 2968 878 Domini
3013 826 3103 880 filii
3134 843 3342 883 merces
3379 830 3492 886 fru-

1896 921 2014 965 ctus
2043 913 2268 967 ventris.
2300 913 2418 982 Ipsa
2461 912 2637 982 itaque
2671 915 2882 970 Domini
2911 926 2994 972 est
3034 919 3318 977 lia'reditas
3347 922 3400 978 in
3431 923 3492 978 li-

1897 1004 2006 1072 liis,
2035 1022 2193 1076 quam
2227 1022 2324 1076 pro
2351 1008 2598 1063 mercede
2630 1007 2835 1064 fructus
2853 1013 3060 1066 ventris
3091 1013 3344 1082 indeptus-
3373 1026 3488 1072 est:

1897 1099 2016 1172 quia
2045 1098 2281 1152 saIVator
2317 1098 2522 1152 fructus
2547 1112 2629 1154 est
2652 1101 2874 1165 ventris,
2897 1103 3050 1170 cujus
3073 1104 3256 1174 utique
3279 1119 3491 1161 merces

1896 1200 1998 1254 est.
2033 1201 2093 1245 ut
2130 1191 2178 1246 ci
2212 1201 2398 1261 gentes
2429 1191 2716 1247 hzrreditas
2764 1195 2893 1259 sint,
2925 1209 3059 1260 quas
3085 1212 3181 1266 per
3212 1196 3370 1252 tidem
3395 1212 3490 1269 ge-

1896 1292 2052 1336 nerat
2079 1283 2130 1336 in
2159 1283 2318 1336 filios.
2347 1281 2567 1351 Sagitta:
2588 1296 2764 1339 autem
2791 1287 3018 1355 apostoli
3048 1299 3192 1343 recte
3212 1291 3488 1358 appellan-

1896 1382 2001 1436 tur,
2037 1375 2127 1444 qni
2163 1375 2348 1430 orbem
2382 1388 2538 1430 terrm
2568 1377 2718 1446 quasi
2766 1377 2946 1432 volatu
2980 1376 3347 1448 peragrantes,
3390 1383 3488 1435 do-

1895 1469 2065 1523 ctrina
2092 1485 2186 1523 sna
2230 1469 2521 1524 infidelium
2552 1470 2713 1524 Corda
2759 1480 3304 1541 penetraruntzqnos
3348 1473 3489 1530 lilios

1896 1576 2271 1625 earnssornm,
2317 1563 2368 1616 id
2407 1572 2513 1625 est,
2543 1561 2951 1631 prophetarum,
2991 1564 3193 1632 optime
3224 1567 3486 1635 propheta

1896 1651 2161 1722 designat.
2189 1654 2320 1707 Nam
2351 1653 2532 1724 utique
2556 1670 2676 1708 cum
2701 1655 2752 1708 in
2780 1655 3059 1720 prophetia
3085 1671 3180 1709 sua
3207 1658 3487 1714 excutiun-

1898 1751 1987 1796 tur
2017 1745 2317 1815 prophetas,
2347 1745 2471 1814 quid
2503 1745 2642 1797 aliud
2673 1746 2723 1797 in
2753 1746 2860 1798 illis
2892 1747 2992 1799 nisi
3024 1747 3225 1801 inventi
3257 1749 3486 1815 apostoli

256 1837 428 1909 Resp.
461 1838 785 1906 Quindci-im
810 1836 1081 1905 quomlam
1115 1835 1392 1904 gradibus.
1424 1834 1562 1888 sicut
1601 1841 1786 1887 osten-
1819 1827 1868 1889 B
1897 1836 2340 1890 manifestantur?
2372 1837 2622 1891 lixrnssis
2655 1839 2830 1904 itaque
2863 1837 3160 1906 prophetis,
3196 1841 3316 1904 quia
3354 1854 3484 1910 apo-

182 1929 264 1984 dit
297 1929 559 1997 historia,
605 1929 1000 1984 ascemlebatur
1035 1927 1085 1980 in
1136 1927 1396 1995 templum
1435 1943 1448 1977 :
1483 1936 1643 1993 atque
1671 1925 1791 1980 ideo

185 2019 241 2075 hi
280 2020 486 2091 psalmi
536 2021 844 2089 quindecim
888 2019 1084 2073 cantici
1122 2019 1385 2086 graduum
1439 2017 1791 2081 inscriptione

183 2113 510 2181 signantur.
545 2113 687 2182 quod
718 2128 814 2166 nos
845 2128 941 2178 per
969 2113 1233 2180 quot-dam
1256 2110 1535 2178 profectus
1566 2110 1631 2163 ad
1661 2109 1789 2164 sub-

183 2204 329 2259 limia
362 2206 700 2276 spiritalium
729 2221 907 2259 rerum
935 2206 1292 2274 provectione
1327 2202 1645 2272 perdocuit.

256 2296 374 2352 Int.
405 2299 654 2368 Sugitur,
681 2298 875 2363 inquit,
909 2297 1126 2361 potentis
1150 2307 1317 2348 acuta:
1344 2311 1458 2347 cum
1485 2293 1789 2347 carbonibus

182 2389 525 2443 desolatoriis
554 2388 670 2460 (Ps.
706 2404 853 2454 cxtx,
875 2386 969 2458 4);
998 2403 1122 2457 qua:
1181 2387 1341 2455 hujus
1374 2399 1560 2441 versus
1593 2384 1791 2440 intelli-

179 2484 370 2552 gentia
397 2482 533 2535 est?

254 2574 421 2646 Resp.
469 2574 696 2643 Sigitta:
754 2573 994 2643 potentis
1021 2572 1182 2626 verba
1227 2571 1440 2626 Domini
1489 2579 1634 2631 sunt,
1668 2585 1788 2641 quae

179 2668 460 2724 charitate
483 2669 607 2737 ejus
638 2667 801 2723 corda
832 2677 1012 2721 nostra
1043 2666 1336 2734 conligunt.
1359 2667 1632 2719 Carbones
1660 2679 1789 2719 vero

182 2760 516 2814 desolatorii
547 2770 706 2827 sunt,
747 2761 836 2830 qui
872 2771 1087 2828 peccata
1124 2761 1454 2825 dissolvunt,
1488 2759 1788 2814 scentulum

183 2852 344 2907 illum
378 2852 656 2907 carbonem
691 2850 846 2906 Isaia!
868 2854 1132 2923 praphette
1167 2857 1275 2920 (ιι,
1303 2851 1383 2921 6),
1417 2851 1506 2921 qni
1551 2851 1617 2904 ad
1648 2852 1788 2905 labia

184 2945 310 3014 ejus
365 2947 642 3010 defertur.
676 2958 733 3001 ut
790 2959 981 3016 purget
1020 2951 1188 3012 vitia,
1244 2963 1362 3017 qua:
1414 2957 1765 3001 contraxerat

186 3041 274 3095 Vel
308 3041 615 3110 loquendo,
645 3041 727 3095 vel
755 3044 825 3093 ob
855 3042 1102 3096 timorem
1138 3041 1389 3094 tacendo.

255 3132 369 3189 let.
404 3133 547 3199 Quid
580 3133 681 3186 sibi
713 3133 825 3184 vult
853 3133 997 3198 quod
1029 3133 1284 3187 scribitur
1325 3148 1338 3183 :
1385 3130 1518 3184 Ecce
1541 3147 1639 3183 non
1668 3131 1790 3183 (lor-

1895 1929 2018 1982 stoli
2066 1929 2306 1997 generati
2339 1937 2488 1991 sunt,
2520 1937 2665 1982 recte
2704 1927 3042 1997 appeLlanmr
3081 1927 3178 1983 lilii
3224 1944 3484 1986 excusso-

1892 2037 2037 2077 rum.

1965 2113 2073 2168 Ῑηι.
2099 2114 2233 2183 Quid
2267 2124 2349 2169 est
2374 2113 2513 2183 quod
2538 2114 2796 2182 legimus:
2824 2114 2969 2168 Sicut
2994 2115 3300 2168 ablactatum
3329 2131 3485 2185 super

1891 2219 2054 2262 matre
2079 2226 2192 2275 sua,
2227 2210 2299 2260 itu
2328 2207 2564 2261 retribuis
2595 2210 2644 2258 in
2669 2209 2842 2259 anima
2869 2223 2979 2259 mea
3007 2205 3135 2277 (Ps.
3163 2222 3324 2268 cus.
3347 2207 3382 2258 2
3405 2207 3461 2278 )?

1965 2301 2124 2371 Resp.
2162 2302 2367 2356 Animze
2399 2310 2597 2354 no~tr:e
2625 2301 2914 2354 ablactatio
2943 2312 3048 2366 est,
3074 2316 3195 2353 cum
3227 2300 3296 2354 ab
3326 2301 3481 2371 igneo

1892 2395 2067 2448 rantia
2101 2393 2335 2446 infantia!
2361 2391 2424 2444 ad
2456 2392 2751 2460 perlectum
2781 2391 2960 2445 cibum
2990 2391 3112 2443 vitsc
3140 2405 3484 2446 censumma-

1893 2489 2040 2542 tione
2081 2501 2274 2541 sensus
2318 2485 2567 2555 erigitur.
2603 2485 2770 2555 Igitur
2799 2501 2959 2552 Supra
2998 2485 3204 2540 dixerat
3236 2504 3248 2538 :
3279 2486 3334 2540 Si
3376 2502 3483 2544 non

1894 2581 2170 2635 humiliter
2194 2581 2518 2643 sentiebam,
2555 2579 2604 2633 id
2633 2589 2739 2643 est,
2763 2579 2982 2632 humilia
3012 2589 3066 2633 et
3094 2588 3304 2634 terrena
3336 2582 3482 2651 cogi-

1893 2675 2069 2727 tabam
2104 2692 2115 2726 :
2144 2674 2236 2726 sed
2267 2673 2496 2727 exoltavi
2527 2672 2759 2724 animam
2797 2688 2991 2738 nti-am,
3027 2670 3129 2725 hoc
3158 2685 3262 2734 est.
3298 2673 3391 2726 sed
3415 2672 3484 2730 ad

1891 2768 2129 2822 coelestia
2162 2775 2341 2820 mente
2387 2765 2638 2819 contendi
2667 2784 2679 2818 :
2711 2763 2826 2818 hec
2857 2766 2984 2818 mihi
3029 2763 3122 2817 fiat
3156 2765 3480 2833 retributio,

1891 2869 1953 2912 ut
1981 2861 2212 2913 animam
2239 2874 2412 2913 meam
2441 2858 2744 2912 intellectus
2765 2857 3160 2912 consummatio
3184 2870 3483 2927 consequa-

1893 2960 1999 3003 tttr.

1964 3039 2071 3094 lnt.
2105 3040 2316 3102 Beatus,
2352 3039 2542 3106 inquit,
2573 3040 2662 3107 qui
2704 3040 2928 3092 restituet
2959 3037 3050 3092 tibi
3078 3040 3212 3109 quod
3242 3049 3296 3094 tu
3337 3042 3484 3096 resti-

1891 3132 2031 3184 tuisti
2079 3131 2222 3184 nobis
2252 3129 2376 3202 (Ps.
2409 3145 2626 3196 cxxxvt,
2675 3130 2780 3200 8):
2821 3132 2941 3200 quis
2971 3131 3055 3186 hic
3102 3131 3484 3204 intelligendus

181 3230 410 3292 mitubit,
439 3242 600 3296 neque
632 3225 849 3278 dormiet
870 3227 957 3296 qui
978 3228 1196 3279 custodit
1224 3225 1386 3278 Israel
1413 3222 1526 3292 (Ps.
1548 3237 1672 3287 cxx,
1696 3223 1790 3292 ψ
1819 3199 1866 3262 C
1896 3235 1976 3277 σει
2006 3223 2030 3275 ?

253 3319 422 3388 Resp.
477 3317 726 3372 Dormire
769 3317 1038 3371 interdum
1085 3319 1135 3370 in
1184 3316 1478 3383 Scriptntis
1528 3315 1790 3370 Dominus

181 3411 420 3475 dicitur,
454 3425 577 3463 cum
613 3410 665 3463 in
701 3410 855 3463 nobis
888 3409 1065 3477 potius
1096 3409 1228 3462 fides
1252 3409 1473 3472 dormit,
1503 3420 1555 3462 et
1582 3407 1788 3461 dormi-

183 3514 393 3560 tantem
441 3503 716 3558 infidelem
761 3503 1037 3570 relinquit.
1086 3502 1266 3556 Nescit
1311 3518 1439 3555 vero
1481 3503 1572 3555 ille
1598 3503 1788 3556 deesse

183 3596 562 3666 qumri-ntihns
593 3613 672 3659 se,
699 3610 803 3648 non
835 3595 986 3649 novit
1011 3594 1254 3648 dormire
1282 3595 1652 3663 vigilantibus.

255 3685 368 3741 Int.
398 3687 654 3756 Legimus
683 3687 734 3740 in
766 3689 970 3754 pS:tItt|0
995 3686 1163 3754 (cui,
1213 3685 1270 3755 5)
1301 3684 1371 3738 de
1397 3685 1732 3739 Ilierusalcnt
1761 3701 1775 3739 :

185 3779 351 3851 Cujus
397 3780 729 3851 participatio
770 3782 882 3846 eius
913 3779 965 3831 in
996 3780 1228 3848 idipsunt
1260 3794 1278 3832 :
1309 3778 1436 3849 quid
1469 3780 1555 3834 hic
1582 3794 1779 3849 seque-

195 3874 368 3928 mur?

256 3967 422 4038 Resp.
457 3965 612 4034 Quod
635 3964 866 4021 diversa:
897 3975 1080 4036 partes
1109 3979 1268 4018 unam
1297 3965 1634 4020 constituant
1662 3965 1790 4021 civi-

188 4066 389 4125 t-item,
423 4058 510 4114 vel
540 4057 754 4114 diversa
777 4058 1020 4112 membra
1051 4073 1215 4112 unum
1243 4058 1454 4112 Domini
1483 4073 1683 4128 corpus
1709 4055 1790 4112 ef-

188 4152 396 4208 ficiant.

254 4241 365 4297 Int.
400 4243 542 4310 Quid
583 4243 926 4299 sentiendum
969 4242 1149 4299 estde
1181 4259 1249 4298 eo
1294 4244 1437 4312 quod
1486 4244 1783 4299 scribitur:

191 4329 448 4388 Forsitan
497 4336 858 4403 pertransisset
903 4337 1080 4390 anima
1129 4345 1304 4390 nostra
1334 4353 1524 4406 aquam
1570 4339 1785 4390 immen-

187 4439 295 4477 sam
320 4425 443 4495 (Ps.
475 4441 669 4493 cum,
703 4427 798 4496 5)?

257 4515 419 4588 Resp.
454 4516 699 4572 Forsitan
770 4518 823 4571 in
861 4517 1054 4572 Grmco
1087 4519 1346 4586 scriptum
1382 4528 1460 4572 est
1494 4519 1616 4595 ἄρα,
1642 4518 1786 4589 quod

1968 3316 2126 3381 Resp.
2158 3314 2403 3370 Psalmns
2425 3315 2511 3369 hic
2531 3323 2584 3369 ct
2603 3315 2672 3370 de
2695 3314 3002 3384 captivitate
3025 3316 3335 3374 Jndreornm
3358 3334 3479 3377 cum

1894 3407 1946 3462 in
1979 3407 2306 3478 Baby‘oncm
2335 3406 2480 3462 dueti
2511 3419 2657 3472 sunt,
2684 3417 2736 3462 ct
2764 3407 2830 3460 dc
2864 3410 3235 3473 peccatoribus
3263 3413 3351 3480 qui
3385 3429 3480 3468 ex-

1894 3500 2034 3570 pulsi
2067 3499 2132 3552 εει)
2166 3498 2407 3553 Ecclesia
2439 3497 2739 3552 confusioni
2783 3499 3092 3563 traduntur,
3129 3501 3351 3574 intelligi
3386 3520 3480 3574 po-

1894 3601 2014 3645 teSt.
2052 3590 2146 3644 llic
2181 3606 2310 3659 ergo
2337 3591 2628 3644 secundum
2661 3589 2966 3656 historiam,
3014 3602 3071 3645 nt
3105 3593 3320 3662 quidam
3363 3596 3480 3666 opi-

1893 3694 2110 3746 nantnr,
2137 3684 2466 3752 significatur
2483 3681 2657 3753 Cyrus
2679 3697 2792 3744 rex,
2815 3687 2903 3751 qui
2925 3683 3061 3737 hanc
3082 3686 3477 3742 restitutionem

1889 3775 2150 3830 subversa
2200 3772 2475 3843 Babylone
2527 3773 2776 3836 restituit,
2811 3782 2865 3827 et
2912 3789 3080 3840 nsqu
3117 3774 3182 3827 ad
3228 3778 3479 3842 parvulos

1890 3866 2009 3934 ejus
2037 3865 2145 3918 illic
2194 3865 2338 3916 otnni
2371 3863 2738 3916 interni-ciooe
2765 3863 3034 3918 dcsmt‘iit.
3065 3865 3322 3921 Inter-iure
3351 3882 3479 3923 vero

1893 3975 2076 4022 sensu,
2105 3958 2364 4030 Babyloni
2388 3959 2555 4013 \it'Cllt
2579 3958 2667 4012 ille
2692 3959 2925 4012 restituit
2957 3959 3047 4028 qui
3069 3975 3186 4014 eam
3211 3963 3478 4024 captivam

1889 4050 2060 4113 ducit,
2094 4065 2212 4120 qna:
2243 4068 2301 4105 se
2337 4051 2482 4119 prius
2508 4053 2766 4105 habuerat
2797 4052 3001 4123 peccati
3035 4051 3152 4122 lege
3186 4054 3476 4122 captivam,

1890 4155 1945 4198 et
1987 4145 2209 4199 exordia
2251 4145 2502 4198 vitiorum
2533 4143 2598 4199 ad
2630 4153 2858 4215 petram,
2901 4159 3021 4214 qua:
3061 4153 3146 4199 est
3190 4144 3476 4216 Christus,

1889 4237 2063 4292 c'idit.

1962 4326 2069 4380 Int.
2112 4327 2265 4396 Smpe
2306 4328 2359 4381 in
2390 4327 2684 4396 Srripturis
2713 4327 2909 4383 dicitur
2943 4345 2956 4380 :
2994 4328 3303 4384 Conlitebor
3343 4328 3469 4398 tibi.

1890 4419 2118 4474 Domine
2141 4420 2400 4488 :qnaliter
2432 4420 2533 4476 hoc
2560 4420 2964 4489 intelligendum
2995 4419 3114 4473 est?

1966 4510 2125 4578 Resp.
2157 4511 2272 4566 Non
2298 4527 2513 4580 semper
2544 4512 2908 4579 panitentiam
2942 4510 3154 4565 videtur
3174 4511 3480 4582 significare

191 4607 381 4666 Latine
409 4610 748 4665 manifestius
792 4609 1182 4680 interpretatur
1210 4621 1387 4682 putas,
1418 4621 1472 4664 ut
1497 4578 1560 4665 sit
1591 4578 1785 4666 sensus
1820 4578 1870 4638 Β
1893 4602 2186 4657 Cttltfcssio.
2219 4600 2350 4655 Nam
2379 4603 2680 4656 confitebor
2711 4603 2979 4655 interdum
3011 4602 3224 4668 ponitur
3247 4618 3344 4670 pro
3367 4603 3478 4658 lau-

189 4700 335 4759 iste:
372 4703 538 4758 Putas
577 4702 965 4769 perlransisset
1012 4702 1191 4756 aniata
1236 4714 1418 4756 nostra
1455 4718 1648 4773 aquam
1683 4705 1785 4758 itn-

190 4809 460 4856 mensam,
487 4793 583 4845 nisi
620 4792 882 4846 Domiuns
911 4792 1104 4847 fuisset
1129 4797 1178 4846 in
1212 4794 1398 4848 nobis?

262 4884 374 4939 Int.
405 4883 540 4949 Quid
571 4893 658 4937 est
694 4883 834 4951 quod
879 4884 1130 4938 scribitur
1155 4902 1168 4938 :
1197 4884 1441 4939 Converte
1461 4927 1476 4948 ,
1528 4883 1742 4941 Domine
1764 4927 1780 4953 ,

189 4976 532 5044 captivitatem
576 4984 834 5042 nostrain,
884 4977 1016 5029 sicut
1063 4987 1264 5032 torrens
1309 4979 1362 5031 in
1409 4978 1600 5032 Austro
1652 4977 1777 5049 (Ps.

191 5084 360 5133 cxxv,
394 5068 496 5138 4t)?

262 5157 418 5223 Resp.
456 5157 786 5212 Exsultantis
817 5161 1015 5213 anima:
1055 5175 1157 5215 vox
1190 5169 1293 5226 est,
1325 5168 1380 5216 et
1418 5177 1485 5217 ex
1524 5163 1776 5218 vitiorum

193 5248 419 5304 vinculis
465 5251 516 5304 in
557 5250 856 5306 libertatem
901 5253 1420 5323 conversionemque
1463 5255 1775 5320 redeuntis,

194 5352 292 5402 qua
332 5341 592 5412 postulat.
626 5352 685 5394 ut
711 5342 781 5394 ita
813 5341 1012 5396 divinae
1045 5343 1411 5399 miserationis
1452 5347 1780 5414 aspiratione

195 5441 256 5481 ex
299 5441 640 5498 peccatorum
672 5434 985 5502 captivitate
1033 5434 1292 5499 solvatur,
1335 5436 1468 5492 sicut
1507 5439 1778 5494 tonstricti

196 5517 361 5585 glacie
385 5532 652 5578 torrentes
684 5525 869 5579 Austri
897 5533 1084 5594 tepore
1116 5526 1422 5581 solvuntur.

264 5613 369 5669 lnt.
401 5616 648 5682 Qualiter
685 5619 1095 5689 intelligendum
1126 5631 1208 5675 est
1251 5621 1381 5675 illud
1413 5639 1425 5675 :
1464 5621 1593 5677 Ecce
1622 5625 1780 5678 luere-

200 5708 326 5759 dt'tas
357 5705 561 5762 Domini
583 5710 678 5776 ﬁlii
706 5728 896 5764 merces
926 5711 1122 5780 fructus
1150 5714 1335 5764 ventris
1367 5726 1384 5765 :
1410 5713 1538 5765 sicut
1577 5715 1779 5782 sagitta?

198 5794 250 5850 in
274 5814 428 5854 manu
449 5804 692 5871 potentis,
719 5805 792 5860 ita
817 5804 915 5874 ﬁlii
944 5819 1271 5861 excusserunt
1303 5804 1321 5875 (
1345 5801 1437 5859 Ps.
1468 5820 1649 5873 cnvt,
1678 5806 1775 5877 3)?

1890 4693 2055 4758 dabo,
2090 4693 2173 4747 vel
2208 4709 2306 4762 pro
2335 4693 2535 4762 gratias
2561 4707 2739 4763 agam,
2765 4693 2849 4749 vel
2892 4709 2988 4763 pro
3019 4693 3333 4764 glorificabo
3369 4694 3476 4751 Do.

1890 4788 2116 4842 mitium.
3147 4809 3152 4815 -

1959 4877 2067 4932 Int.
2105 4876 2466 4947 Imperfectum
2493 4892 2680 4940 meum,
2713 4876 2910 4945 inquit,
2946 4877 3180 4930 viderunt
3204 4876 3342 4931 oculi
3368 4876 3478 4932 tui:

1887 4981 1934 5026 et
1959 4972 2012 5025 in
2032 4970 2160 5024 libro
2182 4977 2270 5022 tuo
2291 4985 2463 5022 omnes
2485 4968 2771 5022 scribentur
2791 4969 2812 5037 (
2832 4967 2926 5022 Ps.
2955 4982 3185 5036 cuxtx,
3212 4970 3279 5025 16
3295 4969 3337 5040 ):
3361 4984 3483 5040 qua:

1886 5066 1972 5120 hic
2001 5063 2356 5133 significantia
2389 5061 2513 5117 est?

1958 5156 2116 5228 Resp.
2145 5154 2295 5211 Oculi
2332 5154 2542 5210 Domini
2565 5154 2936 5226 imperfectum
2973 5163 3215 5209 nostrum
3258 5153 3480 5222 vident,

1887 5252 2010 5322 quia
2034 5252 2172 5306 Deus
2195 5250 2467 5305 hominem
2492 5251 2653 5304 etiam
2679 5251 2992 5320 priusquam
3019 5250 3282 5304 formetur
3323 5263 3482 5319 agno-

1887 5345 2009 5400 scit.
2045 5346 2112 5399 Et
2139 5345 2298 5400 aliter
2327 5361 2342 5398 :
2377 5343 2752 5414 Imperfectum
2808 5352 3053 5398 nostrum
3098 5343 3281 5397 vident
3329 5342 3479 5399 oculi

1889 5436 2005 5500 Dei,
2037 5437 2156 5506 quia
2185 5437 2536 5508 cogitationes
2579 5445 2793 5492 nostras
2836 5436 3002 5491 etiam
3036 5445 3326 5506 antequam
3359 5450 3482 5504 per-

1884 5531 2132 5586 ficiantur
2162 5531 2486 5601 introspicit.
2520 5530 2574 5584 In
2614 5531 2752 5585 libro
2794 5541 2973 5586 autem
3028 5530 3145 5596 ejus
3171 5529 3482 5583 scribentur

1883 5640 2094 5692 omnes,
2129 5627 2255 5697 quia
2279 5640 2466 5680 omnes
2495 5623 2741 5679 homines
2770 5639 2875 5679 non
2903 5623 3107 5692 absque
3135 5621 3254 5690 ejus
3283 5622 3481 5675 volun-

1883 5725 1990 5771 tate
2033 5729 2346 5781 na-scnntnr,
2395 5718 2476 5772 vel
2527 5731 2715 5771 omnes
2747 5717 3048 5772 voluntates
3095 5725 3301 5770 nostra:
3333 5711 3478 5782 apud

1882 5822 2002 5867 eum
2048 5809 2358 5880 plenissime
2403 5807 2802 5869 describuntur.
2847 5808 3101 5882 Sequitur
3138 5813 3319 5865 autem
3346 5803 3479 5864 :Dll
