4042 6188
501 280 601 340 795

1493 275 1552 329 S.
1597 269 1926 340 EUCHERll
1967 267 2450 328 LUGDUNENSIS
2490 271 2795 328 EPISCOPI

3692 273 3800 329 796

503 393 874 461 tenebuntur,
907 401 963 448 et
990 406 1151 446 nemo
1183 389 1234 441 in
1262 387 1361 441 eis.
1401 387 1517 447 Die.
1549 385 1601 438 id
1630 396 1730 450 est,
1764 383 1982 437 Christo
2010 396 2096 435 re-
2121 382 2172 456 Α
2200 383 2302 436 ctis
2333 385 2577 450 speciosa
2605 394 2708 452 est,
2737 387 2788 441 in
2814 385 3192 456 peccatoribus
3215 385 3386 440 fusca.
3411 385 3563 440 Sicut
3594 398 3648 440 ct
3674 390 3801 445 Hie-

503 488 812 554 plebuntur,
845 503 905 540 ac
939 496 1134 554 praeter
1157 481 1435 535 Christum
1467 497 1625 532 nemo
1655 479 1704 532 in
1738 480 1816 533 eis
1848 478 1952 532 erit
1981 478 2096 546 qui,

503 584 613 636 D’eo
643 580 806 650 pleni,
845 593 907 635 ea
942 593 1062 649 qua:
1091 577 1182 634 Dei
1213 592 1320 631 non
1359 583 1487 628 sunt
1533 574 1781 643 recipere
1834 587 1938 624 non
1972 584 2097 639 pos—

502 683 651 727 sunt.

451 816 477 843 ι.
576 765 681 821 litt.
717 765 820 835 Qui
847 775 971 822 sunt
994 765 1125 836 pulli
1154 777 1442 820 corvorum
1473 760 1539 816 de
1579 759 1775 830 quibus
1806 755 2096 813 scribitur:

504 859 569 915 Et
603 860 760 929 pullis
791 875 1060 913 corvorum
1103 857 1452 910 invocantibus
1483 871 1598 908 eum
1627 854 1642 918 (
1671 850 1762 904 Ps.
1795 865 1974 916 cxnvt,
2003 849 2101 919 9)?

578 952 734 1022 Resp.
771 949 986 1006 Fideles
1017 951 1158 1004 filios
1200 949 1468 1020 signiticat
1513 945 1580 1001 de
1623 946 1929 999 infidelibus
1970 958 2099 1013 pro-

507 1059 747 1103 creatos.

580 1137 686 1192 Int.
720 1137 858 1206 Quid
889 1137 1158 1192 indicatur
1179 1135 1229 1189 iu
1263 1134 1362 1186 hoc
1391 1131 1532 1202 quod
1563 1131 1790 1200 legimus
1823 1147 1835 1183 :
1866 1131 1995 1183 Ante
2019 1131 2100 1198 fa-

509 1248 632 1286 ciem
660 1231 869 1302 frigoris
900 1233 1011 1302 ejus
1039 1230 1153 1297 quis
1185 1226 1422 1279 subsistet
1459 1221 1584 1290 (Ps.
1620 1238 1825 1286 CXLVII,
1861 1221 1998 1289 17)?

584 1325 740 1396 Resp.
768 1322 1145 1376 Tuntationetu
1173 1335 1266 1390 per
1301 1320 1400 1369 hoc
1433 1314 1600 1384 frigus
1633 1314 1888 1367 oSteudit.

583 1418 694 1474 Iut.
725 1419 837 1483 Qua
870 1416 1079 1469 ratione
1108 1411 1448 1482 appellantur
1491 1407 1752 1476 ancipites
1794 1404 1869 1458 illi
1897 1413 2110 1458 sancto-

512 1526 629 1564 rum
681 1509 843 1578 gladii
892 1508 959 1560 de
1000 1506 1195 1575 quibus
1228 1503 1520 1556 scribitur:
1555 1500 1617 1553 Et
1655 1498 1818 1570 gladii
1860 1498 2109 1568 ancipites

513 1603 564 1654 in
600 1600 829 1654 manibus
858 1614 1034 1653 eorum
1067 1595 1198 1664 (Ps.
1233 1611 1413 1662 ειμι.
1445 1593 1564 1661 6)?

591 1693 745 1765 Resp.
793 1692 966 1748 Gladii
1012 1691 1274 1759 ancipites
1317 1688 1591 1751 dicuntur,
1641 1683 1782 1754 quod
1816 1683 1867 1738 in
1907 1682 2112 1753 judicio

515 1801 708 1858 corpus
737 1797 902 1855 atque
929 1786 1166 1838 animam
1201 1781 1393 1850 punire
1425 1779 1587 1834 simul
1625 1787 1868 1847 possunt.
1908 1779 1975 1830 Et
2004 1777 2105 1830 ali-
2141 1771 2188 1832 Β

516 1888 600 1934 ter
629 1898 640 1932 :
670 1879 813 1948 qttod
849 1879 1069 1947 puniant
1096 1887 1146 1930 et
1189 1874 1457 1944 supplicio
1503 1873 1786 1942 praisoutis
1834 1886 2028 1939 [)(BlllB,
2058 1881 2112 1924 et

519 1980 664 2026 metu
685 1971 899 2026 futurzn.
927 1969 993 2024 Et
1026 1969 1150 2023 hinc
1171 1979 1255 2023 est
1279 1968 1408 2021 illttd
1437 1966 1577 2035 quod
1608 1967 1658 2019 in
1690 1965 1879 2019 eodem
1907 1965 2113 2033 psalmo

517 2064 705 2136 (Vers.
740 2063 1035 2136 Ucauitur
1060 2081 1072 2118 :
1099 2061 1314 2116 Cantale
1347 2061 1572 2114 Domino
1613 2061 1870 2112 canticum
1903 2074 2108 2123 novum,

517 2157 659 2227 quod
686 2159 777 2230 qui
821 2159 1004 2214 mundi
1039 2165 1394 2227 purgamenta
1427 2154 1743 2216 creduntur,
1777 2153 1844 2206 de
1877 2154 2112 2204 nationi-

518 2251 617 2307 bus
646 2268 712 2308 ac
736 2251 953 2323 regibus
970 2251 1312 2320 judicabunt.

952 2359 1003 2404 IN
1033 2357 1343 2397 PROVERBIIS
1371 2350 1680 2394 SALOMONIS.

595 2438 702 2494 Int.
734 2437 920 2492 Cervus
951 2437 1191 2490 amicitia:
1219 2446 1264 2488 et
1295 2432 1470 2506 pullus
1499 2432 1786 2501 gratiarum
1818 2429 2117 2498 fabulentur

521 2538 689 2580 tecum
719 2525 912 2594 (Prov.
945 2543 1000 2590 v,
1037 2527 1135 2596 19)
1166 2542 1174 2579 :
1205 2523 1331 2588 quid
1363 2523 1451 2577 hic
1479 2521 1791 2592 sequimur?

593 2617 753 2688 Resp.
800 2619 1031 2674 Ccrvum
1063 2619 1313 2672 amicitiai
1362 2614 1734 2684 accipiendum
1783 2615 1869 2670 hic
1899 2615 2116 2684 quidam

531 2719 723 2780 putant
758 2710 1054 2778 Christum,
1085 2712 1247 2765 totius
1280 2708 1586 2766 dilectionis
1613 2720 1668 2764 et
1696 2710 1976 2764 charitatis
2007 2726 2118 2764 ma-

522 2805 769 2877 gistrum.
819 2804 1031 2860 Pullum
1077 2804 1373 2874 gratiarum
1420 2803 1678 2874 Spiritum
1723 2814 1993 2870 sanctum,
2027 2805 2118 2874 qui

521 2895 595 2951 sit
641 2897 880 2952 omnium
912 2900 1229 2969 gratiarum,
1264 2897 1315 2951 id
1347 2908 1464 2962 est,
1495 2896 1882 2951 charismatum
1933 2898 2117 2950 distri-

523 2990 702 3046 butor.
737 2991 1108 3048 Adtnonemnr
1134 3006 1266 3059 ergo
1307 3007 1372 3046 ex
1417 2989 1540 3054 hoc,
1587 3000 1645 3044 ut
1674 3005 1889 3060 semper
1919 2991 2116 3045 Christi

421 3107 430 3114 -
523 3084 613 3140 vel
642 3083 878 3156 Spiritus
909 3084 1082 3139 sancti
1113 3084 1302 3138 solatia
1335 3081 1694 3152 requiramus.

598 3174 709 3230 Int.
743 3176 881 3244 Quid
911 3189 996 3232 est
1018 3176 1160 3247 quod
1207 3175 1499 3229 scribitur:
1528 3175 1730 3243 Septies
1755 3174 1902 3227 cadet
1921 3176 2119 3244 justus,
2150 3157 2197 3224 Β

523 3278 572 3323 et
601 3280 829 3342 resurget
859 3271 879 3340 (
906 3269 1063 3326 Prov.
1092 3286 1239 3333 mv,
1279 3268 1345 3324 16
1364 3266 1410 3340 )?

603 3363 758 3433 Resp.
806 3363 865 3418 lu
893 3378 1149 3417 sermone
1195 3364 1380 3430 utique
1408 3370 1499 3415 aut
1536 3361 1589 3416 in
1624 3361 1970 3429 cogitatione.
2001 3377 2124 3416 cum

526 3455 760 3511 labitur:
782 3465 878 3510 aut
911 3467 1058 3511 certe
1086 3456 1228 3510 intra
1260 3456 1592 3526 septiformis
1621 3455 1848 3525 spiritus
1875 3457 2124 3525 gratiam,

527 3561 652 3602 cum
697 3547 981 3615 delinquit.
1033 3546 1262 3614 Quidam
1309 3559 1531 3616 promer
1579 3556 1788 3618 septem
1843 3548 1983 3612 dies,
2031 3563 2126 3615 per

528 3653 665 3710 quos
693 3639 820 3692 vita;
841 3638 1088 3692 humanae
1109 3653 1299 3692 cursus
1331 3639 1648 3704 revolvitur,
1685 3641 1885 3710 septies
1917 3640 2005 3694 hic
2044 3638 2125 3692 di-

531 3736 677 3782 ctum
706 3743 827 3782 esse
847 3729 1170 3796 confirmant
1195 3747 1208 3782 :
1231 3746 1297 3784 eo
1332 3731 1474 3799 quod
1509 3732 1713 3802 absque
1752 3741 1973 3802 peccato
2004 3732 2126 3786 vitae

531 3818 694 3875 istius
722 3833 914 3876 cursus
939 3836 1060 3878 esse
1086 3837 1190 3876 non
1225 3825 1414 3889 possit.

1096 3930 1147 3970 IN
1179 3929 1560 3970 ECCLESIASTE.

605 4005 713 4062 Int.
757 4006 894 4074 Quid
920 4017 1002 4062 est
1033 4009 1172 4078 quod
1203 4012 1255 4062 itt
1291 4009 1620 4062 Ecclesiaste
1656 4005 1881 4075 legimus
1909 4023 1922 4059 :
1951 4005 2130 4064 Flore

534 4102 604 4155 bit
631 4101 984 4174 amygdalum,
1018 4111 1062 4155 et
1088 4101 1490 4171 impinguabitur
1535 4101 1755 4168 locusta,
1783 4110 1828 4154 et
1855 4100 2131 4168 dissipabi-

533 4201 616 4247 tur
643 4199 882 4260 capparis
910 4208 930 4248 :
950 4195 1194 4262 quoniam
1214 4194 1301 4246 ibit
1335 4194 1486 4246 homo
1518 4194 1572 4246 in
1596 4193 1808 4246 domum
1827 4195 2128 4266 teternt'tatis

533 4303 640 4342 suae
670 4283 848 4357 (Eccl.
878 4300 974 4348 xu,
1009 4284 1129 4356 5)?

613 4380 769 4449 Resp.
815 4377 1057 4436 Tradunt
1089 4395 1181 4448 per
1211 4378 1326 4434 haec
1353 4377 1715 4436 humanorum
1759 4378 2126 4436 membrorum

535 4472 654 4540 fieri
679 4470 1118 4544 significantiam.
1152 4469 1283 4526 Nam
1317 4471 1371 4526 in
1397 4469 1530 4528 ﬂore
1552 4471 1823 4543 amygdali
1847 4486 2016 4527 canos
2040 4487 2127 4527 ca-

2204 477 2436 531 rusalem
2470 478 2628 532 modo
2657 490 2885 532 sanctam
2910 481 3160 532 civitatem
3190 475 3427 551 (Matth.
3454 493 3527 543 tv,
3559 478 3636 551 5)‘
3656 482 3799 555 Scri-

2206 579 2356 646 ptura
2383 582 2796 633 commemorat.
2832 574 2990 628 modo
3014 573 3348 644 peccatricem
3375 569 3612 646 (Matth.
3651 592 3795 654 xm,

2205 666 2314 738 37).

2278 759 2384 818 Int.
2435 762 2636 818 Nomen
2683 761 2954 818 fratruelis
3001 760 3128 850 quid
3175 758 3281 816 sibi
3323 758 3441 820 vult
3475 761 3530 817 in
3557 749 3799 821 Canticis

2205 853 2586 910 Canticorum?

2280 947 2436 1016 Resp.
2481 948 2746 1016 Ecclesia,
2790 949 2945 1019 cujus
2973 948 3197 1004 nomine
3229 948 3339 1005 illic
3366 949 3433 1004 ad
3455 949 3802 1014 Salvatorem

2208 1041 2307 1096 ista
2353 1042 2621 1108 dicuntur,
2656 1042 2966 1096 fratrueli-tn
2993 1051 3150 1094 vocat
3180 1039 3477 1108 Christum,
3514 1045 3605 1112 qui
3634 1044 3711 1102 sit
3742 1043 3806 1096 ft-

2212 1136 2310 1189 lius
2335 1151 2635 1206 synagogas.
2668 1137 2730 1192 Et
2754 1138 2875 1206 quia
2911 1137 3206 1190 Ecclesiam
3238 1151 3524 1207 synagoga:
3555 1151 3802 1206 sororem

2212 1227 2262 1280 in
2287 1229 2489 1282 sanctis
2532 1231 2698 1282 nostri
2731 1229 3004 1282 interdum
3037 1230 3238 1283 sentire
3264 1229 3573 1295 voluerunt,
3603 1229 3807 1284 idcirco

2213 1320 2504 1373 secundum
2531 1321 2818 1389 quamdam
2845 1322 3136 1390 Scriptura:
3159 1321 3524 1378 elocutionem
3557 1321 3808 1390 Christus

2215 1411 2468 1468 Ecclesia:
2499 1411 2770 1468 fratruelis
2803 1417 3109 1485 appellatur
3133 1425 3186 1469 et
3213 1429 3466 1484 sponsus.

2841 1505 3068 1560 CAPUT
3110 1505 3169 1559 ll.

2309 1597 2384 1651 De
2405 1601 2769 1669 quastionibus
2803 1601 3172 1672 difﬁcilioribus
3199 1601 3319 1653 novi
3351 1598 3681 1658 Testamenti.

2661 1710 2711 1747 IN
2743 1709 3041 1748 EVANGELIO
3072 1709 3341 1747 ΜΑΤΤΕΕΙ.
3364 1723 3372 1729 ·

2288 1785 2396 1844 Iul.
2427 1785 2597 1852 Quam
2621 1788 2691 1841 ob
2718 1803 2933 1841 causam
2959 1789 3009 1840 in
3039 1786 3284 1858 propheta
3305 1787 3657 1856 evangelista:
3683 1803 3810 1856 qua—

2218 1887 2332 1934 tuor
2344 1878 2542 1931 diversa
2557 1879 2860 1931 animalium
2877 1878 3089 1947 (Ezech.
3110 1895 3147 1940 ι,
3164 1880 3219 1948 5)
3237 1878 3415 1947 specie
3430 1878 3812 1948 designantur?

2294 1972 2447 2038 Resp.
2497 1971 2775 2026 lllattbteus
2808 1973 3040 2026 hominis
3074 1974 3274 2027 retinet
3324 1973 3571 2036 formam,
3603 1972 3729 2044 quia
3780 1988 3812 2026 a

2219 2065 2496 2116 nativitate
2525 2062 2758 2117 hominis
2788 2064 2997 2118 orditur
3035 2064 3222 2118 dicens
3251 2082 3262 2117 :
3286 2062 3431 2117 Liber
3458 2063 3814 2134 generationis

2217 2152 2347 2208 Jesu
2383 2154 2570 2209 Christi
2597 2156 2694 2223 ﬁlii
2733 2155 2921 2219 David,
2964 2156 3061 2225 ﬁlii
3088 2157 3342 2210 Abraham
3371 2154 3597 2228 (Matth.
3635 2169 3676 2218 ι,
3713 2154 3811 2224 1).

2220 2246 2429 2312 Marcus
2474 2249 2645 2301 leonis
2694 2250 2876 2316 Specie
2919 2249 3324 2316 prazligurntur,
3353 2264 3416 2314 eo
3455 2245 3597 2316 quod
3629 2257 3686 2300 ut
3724 2245 3816 2300 leo

2221 2339 2421 2408 ingenti
2469 2341 2644 2392 intulit
2676 2355 2808 2394 voce
2837 2359 2849 2395 :
2897 2341 3006 2394 Vox
3032 2342 3302 2394 clamantis
3333 2341 3386 2393 in
3433 2339 3634 2394 deserto
3662 2355 3678 2392 :
3705 2337 3815 2392 Pa-

2219 2439 2327 2481 rate
2370 2431 2501 2481 viam
2545 2429 2990 2500 Dmnino(.’llarc.
3025 2448 3070 2494 ι,
3119 2430 3209 2501 5).
3248 2431 3419 2484 LuCas
3463 2431 3816 2502 annuntiatur

2221 2522 2275 2580 in
2308 2522 2491 2586 vitulo,
2543 2524 2682 2592 quod
2715 2539 2746 2576 a
2775 2524 3057 2579 sacrificiis
3107 2524 3192 2579 vel
3221 2539 3250 2578 a
3279 2523 3587 2578 sacerdotio
3636 2530 3815 2578 sumat

2221 2613 2522 2680 exordium,
2549 2615 2767 2668 dicens:
2791 2614 2916 2668 Fuit
2939 2618 2990 2668 in
3013 2616 3188 2669 diebus
3211 2614 3438 2670 Herodis
3459 2617 3596 2690 regis
3616 2613 3816 2670 Iudae

2221 2709 2458 2760 sacerdos
2487 2707 2696 2778 quidam
2730 2710 2932 2761 nomine
2958 2708 3235 2764 Zacharias
3261 2710 3278 2780 (
3300 2709 3428 2763 Luc.
3462 2725 3501 2772 ι,
3533 2709 3622 2780 5).
3654 2709 3816 2764 10³11·

2226 2815 2322 2853 nes
2364 2801 2538 2870 aquila
2572 2812 2904 2868 praenotatur
2932 2819 2944 2856 :
2968 2803 3090 2871 quia
3125 2803 3316 2870 spiritu
3361 2803 3582 2857 evolans
3622 2801 3689 2857 ad
3721 2818 3817 2858 su-

2224 2906 2386 2960 perna
2420 2900 2688 2960 tamquam
2721 2891 2790 2946 de
2815 2893 3033 2947 sublimi
3067 2893 3270 2964 profert
3302 2892 3490 2947 dicens
3519 2912 3531 2946 ;
3562 2888 3633 2947 In
3659 2893 3810 2964 prin-

2225 2984 2360 3053 cipio
2398 2994 2506 3036 erat
2561 2982 2820 3050 Verbum,
2864 2994 2911 3038 et
2959 2983 3181 3038 Verbum
3211 2994 3319 3038 erat
3359 2984 3501 3051 apud
3550 2981 3740 3048 Deum,
3769 2992 3820 3036 et

2230 3075 2367 3130 Deus
2388 3086 2494 3130 erat
2531 3075 2751 3129 Verbum
2775 3075 2792 3149 (
2813 3075 2972 3134 Joan.
2998 3092 3037 3145 t,
3073 3076 3165 3150 1

2302 3171 2409 3226 litt.
2441 3173 2721 3240 Quomodo
2747 3174 3122 3240 accipiendum
3149 3182 3233 3230 est
3272 3173 3412 3244 quod
3448 3173 3710 3228 Dominus
3730 3172 3820 3238 λετ

2226 3282 2320 3320 sus
2348 3263 2596 3320 Christus
2641 3263 2810 3318 David
2835 3266 2977 3335 ﬁlius
3006 3266 3235 3338 (Matth.
3268 3283 3306 3332 ι,
3354 3265 3663 3338 l)dicitur,
3696 3281 3814 3323 cum

2230 3361 2412 3426 utique
2445 3370 2598 3412 natus
2630 3373 2734 3413 non
2761 3361 2834 3413 sit
2861 3375 2926 3413 ex
2964 3357 3187 3431 Joseph,
3230 3359 3322 3431 qui
3347 3374 3412 3415 ex
3450 3359 3615 3414 David
3646 3361 3816 3428 stirpe

2228 3449 2555 3504 descendit?

2304 3543 2460 3611 Resp.
2510 3543 2568 3598 In
2597 3542 2903 3614 conjugium
2941 3555 3064 3599 tunc
3113 3544 3281 3599 Judaei
3312 3541 3606 3599 secundum
3646 3542 3823 3612 legem

2229 3636 2296 3692 de
2321 3637 2787 3704 consanguinitate
2820 3637 3095 3704 proximas
3125 3637 3492 3692 assumebant.
3521 3636 3633 3691 Nec
3663 3636 3824 3691 dubi-

2229 3729 2450 3783 tandum
2481 3738 2564 3782 est
2609 3729 2752 3798 quod
2783 3729 2885 3782 hac
2919 3729 3124 3784 ratione
3147 3732 3307 3784 etiam
3339 3729 3499 3784 Maria
3529 3745 3596 3786 ex
3629 3729 3827 3790 eadem

2230 3820 2375 3874 tribu
2396 3821 2640 3884 veniens,
2668 3822 2809 3875 sicut
2838 3820 3036 3890 Juseph
3068 3837 3137 3875 ex
3172 3821 3338 3876 David
3384 3822 3556 3891 stirpe
3586 3820 3822 3877 descen-

2230 3913 2392 3979 derit,
2426 3915 2594 3968 immo
2636 3915 2982 3983 processerit.
3026 3912 3152 3968 ideo
3172 3925 3354 3969 autem
3391 3930 3488 3984 per
3512 3915 3827 3986 generatio-

2233 4019 2353 4058 nem
2378 4005 2578 4071 Joseph
2603 4007 2759 4074 origo
2780 4005 2959 4059 Mariae
2984 4007 3316 4076 signilicatur
3341 4007 3464 4077 quia
3483 4005 3827 4066 consuetudo

2231 4100 2630 4169 Scripturarum
2662 4113 2766 4170 est,
2815 4103 3052 4158 virorum
3085 4104 3262 4173 potius
3291 4119 3450 4172 quam
3498 4103 3827 4160 feminarum

2232 4193 2428 4247 seriem
2460 4192 2512 4246 in
2557 4193 2906 4263 generatione
2936 4206 3249 4250 contexere.
3293 4195 3462 4263 Cujus
3488 4193 3668 4249 Mariae
3699 4195 3826 4266 quia

2232 4295 2471 4354 cognata,
2499 4287 2639 4342 sicut
2667 4287 2880 4356 legitur.
2914 4287 3010 4343 fuit
3033 4286 3463 4357 Elizabeth(l.uc.
3498 4304 3535 4352 I,
3565 4286 3828 4360 56),th8

2233 4379 2399 4435 fuisse
2425 4381 2680 4435 scribitur
2707 4381 2770 4434 de
2804 4380 3012 4447 ﬁliabus
3042 4382 3218 4435 Aaron
3245 4381 3417 4450 (Luc.
3448 4397 3485 4445 l,
3519 4381 3621 4450 5),
3650 4363 3826 4434 mani;

2233 4472 2580 4528 festissimum
2613 4483 2718 4542 est,
2763 4473 2902 4541 quod
2933 4475 2985 4526 in
3017 4474 3236 4528 Christo
3267 4472 3560 4529 secundum
3602 4486 3824 4526 carnem

536 4564 718 4634 pillos,
746 4567 799 4618 in
829 4564 1253 4634 impinguatione
1280 4564 1500 4619 locusta:
1533 4575 1798 4620 tumorem
1832 4567 2050 4634 pedum,
2076 4567 2128 4622 in
2155 4536 2211 4599 Β
2234 4583 2300 4621 ex
2331 4574 2556 4636 utroque
2581 4581 2780 4636 genere
2805 4565 3144 4632 convenerit,
3179 4580 3368 4634 regum
3399 4565 3608 4620 scilicet
3637 4577 3795 4634 sacer

540 4653 891 4722 dissipatione
932 4655 1182 4723 capparis
1234 4657 1694 4725 concupiscentia:
1735 4657 1907 4728 frigus
1947 4669 2133 4716 osten-

536 4743 636 4798 dit.
661 4743 793 4810 Qua:
827 4759 947 4798 cum
979 4746 1093 4799 seni
1119 4745 1172 4798 in
1205 4756 1493 4814 postrenizc
1523 4749 1646 4802 vita:
1680 4760 1922 4820 tempore
1950 4767 2134 4810 acces-

535 4835 726 4904 seruit,
773 4847 898 4891 tunc
927 4849 1151 4898 necesse
1186 4846 1269 4892 est
1314 4838 1366 4891 in
1401 4845 1620 4904 terram,
1656 4840 1706 4894 id
1741 4851 1844 4906 est,
1879 4845 2032 4914 quasi
2077 4845 2131 4900 in

537 4927 856 4982 azteruitatis
904 4941 1015 4984 suae
1059 4925 1282 4984 domum
1337 4929 1539 4984 redeat.
1589 4931 1736 4987 Bene
1789 4946 1969 4989 tamen
2019 4937 2133 4994 haec

537 5019 863 5074 aeternitatis
891 5017 1084 5074 domus
1113 5019 1273 5074 etiam
1302 5021 1389 5074 illa
1431 5020 1604 5077 futura
1651 5037 1792 5080 terra
1843 5029 2131 5096 accipitur,

537 5110 604 5163 de
638 5126 740 5180 qua
771 5110 1032 5182 scriptum
1063 5120 1147 5167 est
1172 5128 1186 5165 :
1221 5109 1442 5167 Placebo
1472 5111 1696 5172 Domino
1724 5118 1780 5173 in
1818 5121 2026 5190 regione
2049 5123 2128 5175 vi-

539 5217 719 5256 vorum
746 5201 875 5274 (Ps.
899 5217 1045 5272 cxw,
1078 5204 1170 5272 9).
1453 5261 1458 5264 _

969 5309 1022 5348 IN
1065 5309 1305 5350 CANTICIS
1332 5313 1698 5356 CANTICOBUI.

613 5384 722 5440 Int.
769 5387 908 5456 Quid
950 5397 1034 5443 est
1074 5388 1202 5443 illud
1245 5392 1388 5460 quod
1437 5392 1503 5446 de
1545 5393 1788 5449 Ecclesia
1831 5396 2128 5453 scribitur:

539 5467 718 5534 Fusco
745 5497 861 5534 sum
886 5489 936 5535 et
973 5481 1200 5550 speciosa
1240 5483 1350 5551 ﬁlia
1395 5482 1724 5540 Hierusalem
1748 5485 1929 5560 (Cant.
1961 5505 2000 5556 t,
2032 5488 2134 5561 4)?

542 5573 599 5631 Si
633 5573 805 5643 fusca,
835 5572 1107 5646 quomodo
1127 5575 1405 5644 speciosa?

545 5651 558 5659 ’
615 5667 772 5740 Resp.
808 5670 940 5734 Quia
970 5679 1097 5726 ante
1125 5670 1582 5728 exatninatiouem
1634 5680 1715 5729 sui
1765 5676 2004 5734 Ecclesia
2039 5693 2136 5749 pro

545 5755 858 5822 diversitate
885 5760 938 5812 in
964 5774 1024 5814 se
1051 5761 1470 5816 consistentium
1491 5762 1746 5831 bipartita
1774 5776 1859 5821 est
1883 5783 1897 5819 :
1924 5769 1979 5822 in
2004 5783 2135 5823 san-

2235 4657 2530 4725 dotumque
2557 4657 2853 4712 successio.

2307 4749 2416 4804 lnt.
2445 4748 2786 4818 Evangelista
2810 4747 3093 4804 llatthteus
3123 4745 3206 4821 (ι,
3235 4744 3332 4816 16)
3357 4743 3549 4813 Ioseph
3596 4745 3824 4817 gentium

2234 4860 2299 4898 ex
2321 4841 2485 4896 Iacob
2507 4841 2668 4896 dicit:
2699 4853 2752 4896 et
2779 4840 3050 4911 quomodo
3063 4839 3235 4895 Lucas
3252 4836 3462 4912 (ttt,25)
3490 4833 3826 4893 eumezHcli

2235 4933 2402 4990 fuisse
2429 4935 2852 4990 commemorat?

2310 5024 2468 5095 Resp.
2497 5025 2624 5080 ldeo
2643 5026 2785 5096 quod
2812 5027 2951 5078 alter
2979 5025 3276 5079 secundum
3307 5032 3583 5088 naturam,
3615 5022 3754 5078 alter
3778 5021 3824 5076 ei

2237 5120 2533 5175 secundum
2581 5120 2755 5188 legem
2798 5129 2950 5186 pater
2987 5115 3167 5172 fuerit.
3215 5114 3565 5172 Consuetudo
3595 5131 3829 5186 namque

2235 5209 2381 5279 apud
2402 5209 2615 5264 .ludzeos
2638 5225 2708 5265 ex
2740 5210 2856 5278 lege
2882 5219 3019 5274 erat,
3048 5219 3105 5262 ut
3128 5207 3369 5262 defuncti
3397 5206 3578 5262 fratris
3605 5223 3830 5261 uxorem

2238 5311 2302 5361 ad
2354 5307 2722 5361 suscitandum
2758 5321 2943 5359 semen
2990 5313 3270 5372 superstes
3319 5302 3483 5360 frater
3530 5302 3832 5372 acciperet.

2237 5397 2403 5455 Jacob
2433 5413 2560 5467 ergo
2603 5407 2766 5467 atque
2796 5397 2915 5452 llcli
2944 5396 3142 5451 uteriui
3189 5396 3384 5451 fratres
3416 5395 3674 5451 fuerunt:
3705 5411 3835 5462 quu-

2239 5505 2357 5544 rum
2404 5489 2682 5557 superiore
2723 5490 3000 5559 defuncto,
3033 5488 3307 5559 posterior
3339 5503 3468 5545 usus
3495 5498 3677 5545 estex
3721 5487 3836 5555 lege

2238 5585 2514 5654 coniugio.
2549 5583 2604 5637 ln
2651 5599 2843 5640 eorum
2888 5585 3407 5641 commemoratione
3433 5583 3720 5640 Mattheus
3747 5581 3835 5636 Jo-

2241 5675 2373 5745 seph
2406 5678 2710 5745 prosapiam
2743 5693 2836 5747 per
2863 5677 3066 5748 regiam
3099 5677 3364 5750 originem
3405 5677 3612 5743 texuit,
3661 5676 3834 5734 Lucas

2241 5769 2648 5840 generationem
2692 5772 2808 5840 ejus
2850 5772 3174 5828 sacerdotali
3204 5772 3550 5831 successione
3578 5768 3829 5828 deduxit.
