  <div class='ocr_page' id='page_1' title='image "/cluster/home/n/w/nwhite01/storage/ocr_20150623/50/uva.x000827094/408.png"; bbox 0 0 4042 6188; ppageno 0'>
   <div class='ocr_carea' id='block_1_1' title="bbox 166 155 2197 230">
    <p class='ocr_par' dir='ltr' id='par_1_1' title="bbox 166 155 2197 230">
     <span class='ocr_line' id='line_1_1' title="bbox 166 155 2197 230; baseline -0.005 -3"><span class='ocrx_word' id='word_1_1' title='bbox 166 171 253 230; x_wconf 83' lang='lat'><strong>797</strong></span> <span class='ocrx_word' id='word_1_2' title='bbox 1327 155 1881 215; x_wconf 81' lang='lat' dir='ltr'><strong>INSTRUCTIONUM</strong></span> <span class='ocrx_word' id='word_1_3' title='bbox 1919 158 2118 216; x_wconf 76' lang='lat' dir='ltr'><strong>LIBER</strong></span> <span class='ocrx_word' id='word_1_4' title='bbox 2154 160 2197 218; x_wconf 88' lang='grc' dir='ltr'><strong>ι.</strong></span> 
     </span>
    </p>
   </div>
   <div class='ocr_carea' id='block_1_2' title="bbox 3302 164 3406 223">
    <p class='ocr_par' dir='ltr' id='par_1_2' title="bbox 3302 164 3406 223">
     <span class='ocr_line' id='line_1_2' title="bbox 3302 164 3406 223; baseline 0.038 -5"><span class='ocrx_word' id='word_1_5' title='bbox 3302 164 3406 223; x_wconf 75' lang='lat'><strong>798</strong></span> 
     </span>
    </p>
   </div>
   <div class='ocr_carea' id='block_1_3' title="bbox 166 274 3407 355">
    <p class='ocr_par' dir='ltr' id='par_1_3' title="bbox 166 274 3407 355">
     <span class='ocr_line' id='line_1_3' title="bbox 166 274 3407 355; baseline -0.002 -11"><span class='ocrx_word' id='word_1_6' title='bbox 166 287 307 344; x_wconf 81' lang='lat' dir='ltr'><strong>Pater</strong></span> <span class='ocrx_word' id='word_1_7' title='bbox 345 294 511 339; x_wconf 87' lang='lat' dir='ltr'><strong>tamen</strong></span> <span class='ocrx_word' id='word_1_8' title='bbox 538 279 741 355; x_wconf 75' lang='lat' dir='ltr'><strong>Ioseph</strong></span> <span class='ocrx_word' id='word_1_9' title='bbox 771 279 1063 336; x_wconf 81' lang='lat' dir='ltr'><strong>secundum</strong></span> <span class='ocrx_word' id='word_1_10' title='bbox 1093 286 1342 345; x_wconf 71' lang='lat' dir='ltr'><strong>naturam</strong></span> <span class='ocrx_word' id='word_1_11' title='bbox 1380 277 1522 343; x_wconf 78' lang='lat' dir='ltr'><strong>haud</strong></span> <span class='ocrx_word' id='word_1_12' title='bbox 1552 276 1713 339; x_wconf 78' lang='lat' dir='ltr'><strong>dubie</strong></span> <span class='ocrx_word' id='word_1_13' title='bbox 1740 276 1799 345; x_wconf 67' lang='lat' dir='ltr'><strong>At</strong></span> <span class='ocrx_word' id='word_1_14' title='bbox 1819 274 2293 343; x_wconf 56' lang='lat' dir='ltr'><strong>(abierunttuorum</strong></span> <span class='ocrx_word' id='word_1_15' title='bbox 2315 300 2417 353; x_wconf 86' lang='lat' dir='ltr'><strong>ego.</strong></span> <span class='ocrx_word' id='word_1_16' title='bbox 2434 283 2689 339; x_wconf 74' lang='lat' dir='ltr'><strong>custodiri</strong></span> <span class='ocrx_word' id='word_1_17' title='bbox 2711 284 2820 337; x_wconf 84' lang='lat' dir='ltr'><strong>vias</strong></span> <span class='ocrx_word' id='word_1_18' title='bbox 2842 284 2999 337; x_wconf 83' lang='lat' dir='ltr'><strong>duras</strong></span> <span class='ocrx_word' id='word_1_19' title='bbox 3023 281 3141 343; x_wconf 81' lang='lat' dir='ltr'><strong>(Ps.</strong></span> <span class='ocrx_word' id='word_1_20' title='bbox 3175 296 3284 344; x_wconf 76' lang='grc' dir='ltr'><strong>ιη,</strong></span> <span class='ocrx_word' id='word_1_21' title='bbox 3310 283 3407 352; x_wconf 64' lang='grc' dir='ltr'><strong>ἂν</strong></span> 
     </span>
    </p>
   </div>
   <div class='ocr_carea' id='block_1_4' title="bbox 168 378 455 435">
    <p class='ocr_par' dir='ltr' id='par_1_4' title="bbox 168 378 455 435">
     <span class='ocr_line' id='line_1_4' title="bbox 168 378 455 435; baseline -0.017 0"><span class='ocrx_word' id='word_1_22' title='bbox 168 378 316 435; x_wconf 73' lang='lat' dir='ltr'><strong>lacob</strong></span> <span class='ocrx_word' id='word_1_23' title='bbox 347 378 455 432; x_wconf 84' lang='lat' dir='ltr'><strong>iuit.</strong></span> 
     </span>
    </p>
   </div>
   <div class='ocr_carea' id='block_1_5' title="bbox 228 461 1719 537">
    <p class='ocr_par' dir='ltr' id='par_1_5' title="bbox 228 461 1719 537">
     <span class='ocr_line' id='line_1_5' title="bbox 228 461 1719 537; baseline -0.005 -14"><span class='ocrx_word' id='word_1_24' title='bbox 228 470 324 524; x_wconf 88' lang='lat' dir='ltr'><strong>lnt.</strong></span> <span class='ocrx_word' id='word_1_25' title='bbox 355 470 519 536; x_wconf 85' lang='lat' dir='ltr'><strong>Quare</strong></span> <span class='ocrx_word' id='word_1_26' title='bbox 544 467 595 521; x_wconf 90' lang='lat' dir='ltr'><strong>in</strong></span> <span class='ocrx_word' id='word_1_27' title='bbox 628 465 920 537; x_wconf 72' lang='lat' dir='ltr'><strong>Evangelio</strong></span> <span class='ocrx_word' id='word_1_28' title='bbox 943 462 1119 527; x_wconf 77' lang='lat' dir='ltr'><strong>Maria</strong></span> <span class='ocrx_word' id='word_1_29' title='bbox 1141 462 1338 535; x_wconf 75' lang='lat' dir='ltr'><strong>Ioseph</strong></span> <span class='ocrx_word' id='word_1_30' title='bbox 1365 463 1559 533; x_wconf 79' lang='lat' dir='ltr'><strong>conjua:</strong></span> <span class='ocrx_word' id='word_1_31' title='bbox 1588 461 1719 517; x_wconf 83' lang='lat' dir='ltr'><strong>dici-</strong></span> 
     </span>
    </p>
   </div>
   <div class='ocr_carea' id='block_1_6' title="bbox 168 560 729 637">
    <p class='ocr_par' dir='ltr' id='par_1_6' title="bbox 168 560 729 637">
     <span class='ocr_line' id='line_1_6' title="bbox 168 560 729 637; baseline -0.005 -20"><span class='ocrx_word' id='word_1_32' title='bbox 168 574 239 617; x_wconf 86' lang='lat' dir='ltr'><strong>tur</strong></span> <span class='ocrx_word' id='word_1_33' title='bbox 267 561 475 637; x_wconf 83' lang='lat' dir='ltr'><strong>(Matth.</strong></span> <span class='ocrx_word' id='word_1_34' title='bbox 512 577 557 625; x_wconf 91' lang='grc' dir='ltr'><strong>ι,</strong></span> <span class='ocrx_word' id='word_1_35' title='bbox 583 560 729 629; x_wconf 71' lang='lat'><strong>20)?</strong></span> 
     </span>
    </p>
   </div>
   <div class='ocr_carea' id='block_1_7' title="bbox 230 649 1717 733">
    <p class='ocr_par' dir='ltr' id='par_1_7' title="bbox 230 649 1717 733">
     <span class='ocr_line' id='line_1_7' title="bbox 230 649 1717 733; baseline 0 -26"><span class='ocrx_word' id='word_1_36' title='bbox 230 653 371 733; x_wconf 77' lang='lat' dir='ltr'><strong>Resp.</strong></span> <span class='ocrx_word' id='word_1_37' title='bbox 397 651 738 731; x_wconf 71' lang='lat' dir='ltr'><strong>Consuetudo</strong></span> <span class='ocrx_word' id='word_1_38' title='bbox 762 660 844 707; x_wconf 88' lang='lat' dir='ltr'><strong>est</strong></span> <span class='ocrx_word' id='word_1_39' title='bbox 865 650 1183 721; x_wconf 82' lang='lat' dir='ltr'><strong>Scripturae,</strong></span> <span class='ocrx_word' id='word_1_40' title='bbox 1214 657 1271 704; x_wconf 90' lang='lat' dir='ltr'><strong>ut</strong></span> <span class='ocrx_word' id='word_1_41' title='bbox 1298 649 1458 704; x_wconf 87' lang='lat' dir='ltr'><strong>etiam</strong></span> <span class='ocrx_word' id='word_1_42' title='bbox 1490 661 1717 719; x_wconf 79' lang='lat' dir='ltr'><strong>sponsas</strong></span> 
     </span>
    </p>
   </div>
   <div class='ocr_carea' id='block_1_8' title="bbox 162 746 608 815">
    <p class='ocr_par' dir='ltr' id='par_1_8' title="bbox 162 746 608 815">
     <span class='ocr_line' id='line_1_8' title="bbox 162 746 608 815; baseline -0.004 -15"><span class='ocrx_word' id='word_1_43' title='bbox 162 746 374 815; x_wconf 77' lang='lat' dir='ltr'><strong>appellet</strong></span> <span class='ocrx_word' id='word_1_44' title='bbox 397 760 608 809; x_wconf 80' lang='lat' dir='ltr'><strong>uxores.</strong></span> 
     </span>
    </p>
   </div>
   <div class='ocr_carea' id='block_1_9' title="bbox 225 831 1720 906">
    <p class='ocr_par' dir='ltr' id='par_1_9' title="bbox 225 831 1720 906">
     <span class='ocr_line' id='line_1_9' title="bbox 225 831 1720 906; baseline -0.003 -17"><span class='ocrx_word' id='word_1_45' title='bbox 225 837 323 891; x_wconf 88' lang='lat' dir='ltr'><strong>lnt.</strong></span> <span class='ocrx_word' id='word_1_46' title='bbox 362 836 487 902; x_wconf 84' lang='lat' dir='ltr'><strong>Quid</strong></span> <span class='ocrx_word' id='word_1_47' title='bbox 538 848 620 891; x_wconf 78' lang='lat' dir='ltr'><strong>est</strong></span> <span class='ocrx_word' id='word_1_48' title='bbox 668 835 810 906; x_wconf 92' lang='lat' dir='ltr'><strong>quod</strong></span> <span class='ocrx_word' id='word_1_49' title='bbox 857 835 1129 904; x_wconf 82' lang='lat' dir='ltr'><strong>legimus:</strong></span> <span class='ocrx_word' id='word_1_50' title='bbox 1157 835 1279 906; x_wconf 85' lang='lat' dir='ltr'><strong>Ipse</strong></span> <span class='ocrx_word' id='word_1_51' title='bbox 1324 850 1413 893; x_wconf 85' lang='lat' dir='ltr'><strong>vos</strong></span> <span class='ocrx_word' id='word_1_52' title='bbox 1444 831 1720 905; x_wconf 75' lang='lat' dir='ltr'><strong>baptizabit</strong></span> 
     </span>
    </p>
   </div>
   <div class='ocr_carea' id='block_1_10' title="bbox 164 926 1326 1001">
    <p class='ocr_par' dir='ltr' id='par_1_10' title="bbox 164 926 1326 1001">
     <span class='ocr_line' id='line_1_10' title="bbox 164 926 1326 1001; baseline -0.006 -14"><span class='ocrx_word' id='word_1_53' title='bbox 164 930 341 1001; x_wconf 84' lang='lat' dir='ltr'><strong>Spiritu</strong></span> <span class='ocrx_word' id='word_1_54' title='bbox 368 940 562 995; x_wconf 87' lang='lat' dir='ltr'><strong>sancto,</strong></span> <span class='ocrx_word' id='word_1_55' title='bbox 601 940 651 981; x_wconf 87' lang='lat' dir='ltr'><strong>et</strong></span> <span class='ocrx_word' id='word_1_56' title='bbox 680 930 785 999; x_wconf 86' lang='lat' dir='ltr'><strong>igni</strong></span> <span class='ocrx_word' id='word_1_57' title='bbox 818 928 1041 999; x_wconf 81' lang='lat' dir='ltr'><strong>(Matth.</strong></span> <span class='ocrx_word' id='word_1_58' title='bbox 1075 944 1154 995; x_wconf 80' lang='grc' dir='ltr'><strong>ιιι,</strong></span> <span class='ocrx_word' id='word_1_59' title='bbox 1184 930 1244 983; x_wconf 71' lang='lat' dir='ltr'><strong>ii</strong></span> <span class='ocrx_word' id='word_1_60' title='bbox 1267 926 1326 998; x_wconf 77' lang='lat' dir='ltr'><strong>)‘i</strong></span> 
     </span>
    </p>
   </div>
   <div class='ocr_carea' id='block_1_11' title="bbox 224 1019 1722 1097">
    <p class='ocr_par' dir='ltr' id='par_1_11' title="bbox 224 1019 1722 1097">
     <span class='ocr_line' id='line_1_11' title="bbox 224 1019 1722 1097; baseline -0.002 -21"><span class='ocrx_word' id='word_1_61' title='bbox 224 1023 366 1090; x_wconf 83' lang='lat' dir='ltr'><strong>Resp.</strong></span> <span class='ocrx_word' id='word_1_62' title='bbox 394 1022 525 1093; x_wconf 87' lang='lat' dir='ltr'><strong>Quia</strong></span> <span class='ocrx_word' id='word_1_63' title='bbox 554 1036 649 1097; x_wconf 85' lang='lat' dir='ltr'><strong>per</strong></span> <span class='ocrx_word' id='word_1_64' title='bbox 673 1022 927 1091; x_wconf 76' lang='lat' dir='ltr'><strong>Spiritum</strong></span> <span class='ocrx_word' id='word_1_65' title='bbox 953 1030 1197 1074; x_wconf 89' lang='lat' dir='ltr'><strong>sanctum</strong></span> <span class='ocrx_word' id='word_1_66' title='bbox 1224 1019 1308 1074; x_wconf 88' lang='lat' dir='ltr'><strong>vel</strong></span> <span class='ocrx_word' id='word_1_67' title='bbox 1338 1027 1555 1089; x_wconf 83' lang='lat' dir='ltr'><strong>peccata</strong></span> <span class='ocrx_word' id='word_1_68' title='bbox 1584 1032 1722 1073; x_wconf 80' lang='lat' dir='ltr'><strong>exu—</strong></span> 
     </span>
    </p>
   </div>
   <div class='ocr_carea' id='block_1_12' title="bbox 160 1109 1719 1180">
    <p class='ocr_par' dir='ltr' id='par_1_12' title="bbox 160 1109 1719 1180">
     <span class='ocr_line' id='line_1_12' title="bbox 160 1109 1719 1180; baseline -0.002 -12"><span class='ocrx_word' id='word_1_69' title='bbox 160 1126 333 1168; x_wconf 91' lang='lat' dir='ltr'><strong>runtur</strong></span> <span class='ocrx_word' id='word_1_70' title='bbox 366 1113 412 1166; x_wconf 85' lang='lat' dir='ltr'><strong>in</strong></span> <span class='ocrx_word' id='word_1_71' title='bbox 453 1114 630 1178; x_wconf 86' lang='lat' dir='ltr'><strong>nobis,</strong></span> <span class='ocrx_word' id='word_1_72' title='bbox 662 1113 743 1166; x_wconf 88' lang='lat' dir='ltr'><strong>vel</strong></span> <span class='ocrx_word' id='word_1_73' title='bbox 776 1112 1130 1167; x_wconf 87' lang='lat' dir='ltr'><strong>sanctiﬁcatio</strong></span> <span class='ocrx_word' id='word_1_74' title='bbox 1164 1111 1438 1180; x_wconf 89' lang='lat' dir='ltr'><strong>tribuitur,</strong></span> <span class='ocrx_word' id='word_1_75' title='bbox 1472 1110 1557 1163; x_wconf 93' lang='lat' dir='ltr'><strong>vel</strong></span> <span class='ocrx_word' id='word_1_76' title='bbox 1586 1109 1719 1167; x_wconf 83' lang='lat' dir='ltr'><strong>eba-</strong></span> 
     </span>
    </p>
   </div>
   <div class='ocr_carea' id='block_1_13' title="bbox 156 1201 1719 1273">
    <p class='ocr_par' dir='ltr' id='par_1_13' title="bbox 156 1201 1719 1273">
     <span class='ocr_line' id='line_1_13' title="bbox 156 1201 1719 1273; baseline -0.004 -13"><span class='ocrx_word' id='word_1_77' title='bbox 156 1207 317 1260; x_wconf 86' lang='lat' dir='ltr'><strong>ritatis</strong></span> <span class='ocrx_word' id='word_1_78' title='bbox 355 1207 402 1258; x_wconf 87' lang='lat' dir='ltr'><strong>in</strong></span> <span class='ocrx_word' id='word_1_79' title='bbox 434 1204 779 1273; x_wconf 76' lang='lat' dir='ltr'><strong>passionibus</strong></span> <span class='ocrx_word' id='word_1_80' title='bbox 820 1205 1118 1273; x_wconf 75' lang='lat' dir='ltr'><strong>tolerandis</strong></span> <span class='ocrx_word' id='word_1_81' title='bbox 1165 1202 1345 1257; x_wconf 80' lang='lat' dir='ltr'><strong>fervor</strong></span> <span class='ocrx_word' id='word_1_82' title='bbox 1388 1201 1719 1256; x_wconf 78' lang='lat' dir='ltr'><strong>accenditur.</strong></span> 
     </span>
    </p>
   </div>
   <div class='ocr_carea' id='block_1_14' title="bbox 154 1292 1724 1367">
    <p class='ocr_par' dir='ltr' id='par_1_14' title="bbox 154 1292 1724 1367">
     <span class='ocr_line' id='line_1_14' title="bbox 154 1292 1724 1367; baseline -0.003 -16"><span class='ocrx_word' id='word_1_83' title='bbox 154 1298 247 1353; x_wconf 81' lang='lat' dir='ltr'><strong>Aut</strong></span> <span class='ocrx_word' id='word_1_84' title='bbox 272 1308 406 1352; x_wconf 86' lang='lat' dir='ltr'><strong>certe</strong></span> <span class='ocrx_word' id='word_1_85' title='bbox 433 1299 561 1367; x_wconf 83' lang='lat' dir='ltr'><strong>quia</strong></span> <span class='ocrx_word' id='word_1_86' title='bbox 585 1297 787 1363; x_wconf 78' lang='lat' dir='ltr'><strong>Spiritu</strong></span> <span class='ocrx_word' id='word_1_87' title='bbox 824 1296 1072 1365; x_wconf 79' lang='lat' dir='ltr'><strong>baptisati</strong></span> <span class='ocrx_word' id='word_1_88' title='bbox 1096 1294 1498 1362; x_wconf 84' lang='lat' dir='ltr'><strong>divinojudicio</strong></span> <span class='ocrx_word' id='word_1_89' title='bbox 1522 1292 1724 1347; x_wconf 87' lang='lat' dir='ltr'><strong>exami-</strong></span> 
     </span>
    </p>
   </div>
   <div class='ocr_carea' id='block_1_15' title="bbox 154 1385 1728 1459">
    <p class='ocr_par' dir='ltr' id='par_1_15' title="bbox 154 1385 1728 1459">
     <span class='ocr_line' id='line_1_15' title="bbox 154 1385 1728 1459; baseline -0.004 -13"><span class='ocrx_word' id='word_1_90' title='bbox 154 1392 398 1446; x_wconf 84' lang='lat' dir='ltr'><strong>nabinntr.</strong></span> <span class='ocrx_word' id='word_1_91' title='bbox 419 1391 557 1445; x_wconf 86' lang='lat' dir='ltr'><strong>Sunt</strong></span> <span class='ocrx_word' id='word_1_92' title='bbox 582 1391 669 1459; x_wconf 90' lang='lat' dir='ltr'><strong>qui</strong></span> <span class='ocrx_word' id='word_1_93' title='bbox 695 1392 872 1445; x_wconf 82' lang='lat' dir='ltr'><strong>dicant</strong></span> <span class='ocrx_word' id='word_1_94' title='bbox 895 1390 1171 1456; x_wconf 77' lang='lat' dir='ltr'><strong>apostolos</strong></span> <span class='ocrx_word' id='word_1_95' title='bbox 1195 1387 1399 1455; x_wconf 83' lang='lat' dir='ltr'><strong>Spiritu</strong></span> <span class='ocrx_word' id='word_1_96' title='bbox 1428 1396 1613 1439; x_wconf 79' lang='lat' dir='ltr'><strong>sancto</strong></span> <span class='ocrx_word' id='word_1_97' title='bbox 1636 1385 1728 1439; x_wconf 86' lang='lat' dir='ltr'><strong>ba-</strong></span> 
     </span>
    </p>
   </div>
   <div class='ocr_carea' id='block_1_16' title="bbox 150 1476 1723 1553">
    <p class='ocr_par' dir='ltr' id='par_1_16' title="bbox 150 1476 1723 1553">
     <span class='ocr_line' id='line_1_16' title="bbox 150 1476 1723 1553; baseline -0.005 -15"><span class='ocrx_word' id='word_1_98' title='bbox 150 1485 361 1553; x_wconf 87' lang='lat' dir='ltr'><strong>ptizatos</strong></span> <span class='ocrx_word' id='word_1_99' title='bbox 378 1500 522 1547; x_wconf 86' lang='lat' dir='ltr'><strong>esse,</strong></span> <span class='ocrx_word' id='word_1_100' title='bbox 549 1499 663 1535; x_wconf 86' lang='lat' dir='ltr'><strong>cum</strong></span> <span class='ocrx_word' id='word_1_101' title='bbox 686 1498 839 1550; x_wconf 75' lang='lat' dir='ltr'><strong>super</strong></span> <span class='ocrx_word' id='word_1_102' title='bbox 858 1497 940 1534; x_wconf 87' lang='lat' dir='ltr'><strong>eos</strong></span> <span class='ocrx_word' id='word_1_103' title='bbox 964 1479 1094 1550; x_wconf 82' lang='lat' dir='ltr'><strong>ignis</strong></span> <span class='ocrx_word' id='word_1_104' title='bbox 1126 1480 1366 1552; x_wconf 82' lang='lat' dir='ltr'><strong>apparuit</strong></span> <span class='ocrx_word' id='word_1_105' title='bbox 1398 1478 1537 1547; x_wconf 83' lang='lat' dir='ltr'><strong>(Act.</strong></span> <span class='ocrx_word' id='word_1_106' title='bbox 1563 1493 1621 1539; x_wconf 91' lang='grc' dir='ltr'><strong>ιι,</strong></span> <span class='ocrx_word' id='word_1_107' title='bbox 1646 1476 1723 1547; x_wconf 75' lang='grc' dir='ltr'><strong>ὅ).</strong></span> 
     </span>
    </p>
   </div>
   <div class='ocr_carea' id='block_1_17' title="bbox 216 1568 1723 1643">
    <p class='ocr_par' dir='ltr' id='par_1_17' title="bbox 216 1568 1723 1643">
     <span class='ocr_line' id='line_1_17' title="bbox 216 1568 1723 1643; baseline -0.003 -17"><span class='ocrx_word' id='word_1_108' title='bbox 216 1575 317 1628; x_wconf 85' lang='lat' dir='ltr'><strong>Int.</strong></span> <span class='ocrx_word' id='word_1_109' title='bbox 351 1576 596 1643; x_wconf 87' lang='lat' dir='ltr'><strong>Qualiter</strong></span> <span class='ocrx_word' id='word_1_110' title='bbox 619 1573 994 1643; x_wconf 86' lang='lat' dir='ltr'><strong>accipiendum</strong></span> <span class='ocrx_word' id='word_1_111' title='bbox 1021 1582 1104 1626; x_wconf 89' lang='lat' dir='ltr'><strong>est</strong></span> <span class='ocrx_word' id='word_1_112' title='bbox 1137 1574 1199 1625; x_wconf 83' lang='lat' dir='ltr'><strong>de</strong></span> <span class='ocrx_word' id='word_1_113' title='bbox 1223 1570 1507 1638; x_wconf 75' lang='lat' dir='ltr'><strong>columba:(</strong></span> <span class='ocrx_word' id='word_1_114' title='bbox 1533 1568 1723 1622; x_wconf 80' lang='lat' dir='ltr'><strong><em>Matth.</em></strong></span> 
     </span>
    </p>
   </div>
   <div class='ocr_carea' id='block_1_18' title="bbox 1893 373 3410 445">
    <p class='ocr_par' dir='ltr' id='par_1_18' title="bbox 1893 373 3410 445">
     <span class='ocr_line' id='line_1_18' title="bbox 1893 373 3410 445; baseline 0 -16"><span class='ocrx_word' id='word_1_115' title='bbox 1893 373 2052 445; x_wconf 81' lang='lat' dir='ltr'><strong>Resp.</strong></span> <span class='ocrx_word' id='word_1_116' title='bbox 2087 374 2347 443; x_wconf 74' lang='lat' dir='ltr'><strong>Equidem</strong></span> <span class='ocrx_word' id='word_1_117' title='bbox 2380 375 2722 439; x_wconf 74' lang='lat' dir='ltr'><strong>manifestum</strong></span> <span class='ocrx_word' id='word_1_118' title='bbox 2747 376 2994 441; x_wconf 70' lang='lat' dir='ltr'><strong>estquod</strong></span> <span class='ocrx_word' id='word_1_119' title='bbox 3018 392 3187 435; x_wconf 72' lang='lat' dir='ltr'><strong>anates</strong></span> <span class='ocrx_word' id='word_1_120' title='bbox 3213 376 3302 445; x_wconf 75' lang='lat' dir='ltr'><strong>qui</strong></span> <span class='ocrx_word' id='word_1_121' title='bbox 3323 392 3410 437; x_wconf 77' lang='lat' dir='ltr'><strong>vo—</strong></span> 
     </span>
    </p>
   </div>
   <div class='ocr_carea' id='block_1_19' title="bbox 1820 465 3431 539">
    <p class='ocr_par' dir='ltr' id='par_1_19' title="bbox 1820 465 3431 539">
     <span class='ocr_line' id='line_1_19' title="bbox 1820 465 3431 539; baseline 0.002 -19"><span class='ocrx_word' id='word_1_122' title='bbox 1820 465 1939 539; x_wconf 66' lang='lat' dir='ltr'><strong>lunt</strong></span> <span class='ocrx_word' id='word_1_123' title='bbox 1980 470 2036 521; x_wconf 83' lang='lat' dir='ltr'><strong>in</strong></span> <span class='ocrx_word' id='word_1_124' title='bbox 2085 467 2287 535; x_wconf 83' lang='lat' dir='ltr'><strong>Christo</strong></span> <span class='ocrx_word' id='word_1_125' title='bbox 2329 470 2411 536; x_wconf 89' lang='lat' dir='ltr'><strong>pie</strong></span> <span class='ocrx_word' id='word_1_126' title='bbox 2456 470 2639 535; x_wconf 78' lang='lat' dir='ltr'><strong>vivere,</strong></span> <span class='ocrx_word' id='word_1_127' title='bbox 2688 470 3092 537; x_wconf 68' lang='lat' dir='ltr'><strong>persecutionem</strong></span> <span class='ocrx_word' id='word_1_128' title='bbox 3148 469 3431 537; x_wconf 28' lang='lat' dir='ltr'><strong>patiuntur.</strong></span> 
     </span>
    </p>
   </div>
   <div class='ocr_carea' id='block_1_20' title="bbox 1824 546 3411 634">
    <p class='ocr_par' dir='ltr' id='par_1_20' title="bbox 1824 546 3411 634">
     <span class='ocr_line' id='line_1_20' title="bbox 1824 546 3411 634; baseline -0.003 -15"><span class='ocrx_word' id='word_1_129' title='bbox 1824 561 1903 631; x_wconf 88' lang='grc' dir='ltr'><strong>(ΙΙ</strong></span> <span class='ocrx_word' id='word_1_130' title='bbox 1924 560 2061 615; x_wconf 84' lang='lat' dir='ltr'><strong>Tim.</strong></span> <span class='ocrx_word' id='word_1_131' title='bbox 2094 560 2309 634; x_wconf 62' lang='lat'><strong>&quot;1.12)</strong></span> <span class='ocrx_word' id='word_1_132' title='bbox 2336 579 2350 615; x_wconf 73' lang='grc' dir='ltr'>ε</span> <span class='ocrx_word' id='word_1_133' title='bbox 2376 561 2473 623; x_wconf 86' lang='lat' dir='ltr'><strong>sed</strong></span> <span class='ocrx_word' id='word_1_134' title='bbox 2509 570 2688 627; x_wconf 77' lang='lat' dir='ltr'><strong>tamen</strong></span> <span class='ocrx_word' id='word_1_135' title='bbox 2718 546 3065 630; x_wconf 69' lang='lat' dir='ltr'><strong>diligentibus</strong></span> <span class='ocrx_word' id='word_1_136' title='bbox 3097 561 3266 623; x_wconf 77' lang='lat' dir='ltr'><strong>Deum</strong></span> <span class='ocrx_word' id='word_1_137' title='bbox 3291 577 3411 632; x_wconf 63' lang='lat' dir='ltr'><strong>qua</strong></span> 
     </span>
    </p>
   </div>
   <div class='ocr_carea' id='block_1_21' title="bbox 1820 652 3412 725">
    <p class='ocr_par' dir='ltr' id='par_1_21' title="bbox 1820 652 3412 725">
     <span class='ocr_line' id='line_1_21' title="bbox 1820 652 3412 725; baseline 0.001 -17"><span class='ocrx_word' id='word_1_138' title='bbox 1820 666 1949 721; x_wconf 78' lang='lat' dir='ltr'><strong>sunt</strong></span> <span class='ocrx_word' id='word_1_139' title='bbox 1977 656 2110 713; x_wconf 86' lang='lat' dir='ltr'><strong>dura</strong></span> <span class='ocrx_word' id='word_1_140' title='bbox 2142 657 2193 715; x_wconf 83' lang='lat' dir='ltr'><strong>in</strong></span> <span class='ocrx_word' id='word_1_141' title='bbox 2221 672 2283 719; x_wconf 83' lang='lat' dir='ltr'><strong>re</strong></span> <span class='ocrx_word' id='word_1_142' title='bbox 2312 656 2658 725; x_wconf 44' lang='lat' dir='ltr'><strong>[trasennam</strong></span> <span class='ocrx_word' id='word_1_143' title='bbox 2681 694 2696 721; x_wconf 84' lang='lat'><strong>,</strong></span> <span class='ocrx_word' id='word_1_144' title='bbox 2727 655 3038 719; x_wconf 73' lang='lat' dir='ltr'><strong>elﬁciwttus</strong></span> <span class='ocrx_word' id='word_1_145' title='bbox 3062 652 3293 717; x_wconf 58' lang='lat' dir='ltr'><strong>levium.</strong></span> <span class='ocrx_word' id='word_1_146' title='bbox 3315 668 3412 723; x_wconf 90' lang='lat' dir='ltr'><strong>spe</strong></span> 
     </span>
    </p>
   </div>
   <div class='ocr_carea' id='block_1_22' title="bbox 1821 747 2145 829">
    <p class='ocr_par' dir='ltr' id='par_1_22' title="bbox 1821 747 2145 829">
     <span class='ocr_line' id='line_1_22' title="bbox 1821 747 2145 829; baseline 0.003 -28"><span class='ocrx_word' id='word_1_147' title='bbox 1821 747 2145 829; x_wconf 79' lang='lat' dir='ltr'><strong>futurorum.</strong></span> 
     </span>
    </p>
   </div>
   <div class='ocr_carea' id='block_1_23' title="bbox 1894 837 3413 909">
    <p class='ocr_par' dir='ltr' id='par_1_23' title="bbox 1894 837 3413 909">
     <span class='ocr_line' id='line_1_23' title="bbox 1894 837 3413 909; baseline 0.001 -17"><span class='ocrx_word' id='word_1_148' title='bbox 1894 838 2004 893; x_wconf 84' lang='grc' dir='ltr'><strong>Ιηι.</strong></span> <span class='ocrx_word' id='word_1_149' title='bbox 2041 840 2177 908; x_wconf 87' lang='lat' dir='ltr'><strong>Quid</strong></span> <span class='ocrx_word' id='word_1_150' title='bbox 2216 838 2627 907; x_wconf 72' lang='lat' dir='ltr'><strong>intelligendum</strong></span> <span class='ocrx_word' id='word_1_151' title='bbox 2654 848 2739 897; x_wconf 84' lang='lat' dir='ltr'><strong>est</strong></span> <span class='ocrx_word' id='word_1_152' title='bbox 2779 839 2900 900; x_wconf 74' lang='lat' dir='ltr'><strong>loco</strong></span> <span class='ocrx_word' id='word_1_153' title='bbox 2926 839 3042 906; x_wconf 83' lang='lat' dir='ltr'><strong>illo,</strong></span> <span class='ocrx_word' id='word_1_154' title='bbox 3066 837 3129 901; x_wconf 72' lang='lat' dir='ltr'><strong>in</strong></span> <span class='ocrx_word' id='word_1_155' title='bbox 3145 838 3413 909; x_wconf 70' lang='lat' dir='ltr'><strong>quosui—</strong></span> 
     </span>
    </p>
   </div>
   <div class='ocr_carea' id='block_1_24' title="bbox 1822 932 3411 1005">
    <p class='ocr_par' dir='ltr' id='par_1_24' title="bbox 1822 932 3411 1005">
     <span class='ocr_line' id='line_1_24' title="bbox 1822 932 3411 1005; baseline -0.001 -17"><span class='ocrx_word' id='word_1_156' title='bbox 1822 934 1965 988; x_wconf 88' lang='lat' dir='ltr'><strong>bitttr</strong></span> <span class='ocrx_word' id='word_1_157' title='bbox 2008 952 2022 989; x_wconf 93' lang='lat'>:</span> <span class='ocrx_word' id='word_1_158' title='bbox 2059 932 2216 987; x_wconf 87' lang='lat' dir='ltr'><strong>Orate</strong></span> <span class='ocrx_word' id='word_1_159' title='bbox 2260 950 2320 986; x_wconf 85' lang='lat' dir='ltr'><strong>ne</strong></span> <span class='ocrx_word' id='word_1_160' title='bbox 2350 934 2440 1001; x_wconf 81' lang='lat' dir='ltr'><strong>ﬁat</strong></span> <span class='ocrx_word' id='word_1_161' title='bbox 2485 934 2616 1005; x_wconf 74' lang='lat' dir='ltr'><strong>fuga</strong></span> <span class='ocrx_word' id='word_1_162' title='bbox 2653 944 2816 999; x_wconf 69' lang='lat' dir='ltr'><strong>uestra</strong></span> <span class='ocrx_word' id='word_1_163' title='bbox 2844 934 3039 999; x_wconf 79' lang='lat' dir='ltr'><strong>hieme,</strong></span> <span class='ocrx_word' id='word_1_164' title='bbox 3085 933 3165 987; x_wconf 78' lang='lat' dir='ltr'><strong>vel</strong></span> <span class='ocrx_word' id='word_1_165' title='bbox 3204 932 3411 987; x_wconf 85' lang='lat' dir='ltr'><strong>sabbato</strong></span> 
     </span>
    </p>
   </div>
   <div class='ocr_carea' id='block_1_25' title="bbox 1824 1025 2399 1097">
    <p class='ocr_par' dir='ltr' id='par_1_25' title="bbox 1824 1025 2399 1097">
     <span class='ocr_line' id='line_1_25' title="bbox 1824 1025 2399 1097; baseline -0.009 -17"><span class='ocrx_word' id='word_1_166' title='bbox 1824 1028 1843 1097; x_wconf 96' lang='grc'><strong>(</strong></span> <span class='ocrx_word' id='word_1_167' title='bbox 1864 1026 2050 1093; x_wconf 75' lang='lat' dir='ltr'><strong>Matth.</strong></span> <span class='ocrx_word' id='word_1_168' title='bbox 2084 1042 2231 1090; x_wconf 80' lang='lat' dir='ltr'><strong>xxiv,</strong></span> <span class='ocrx_word' id='word_1_169' title='bbox 2264 1025 2399 1097; x_wconf 74' lang='lat'><strong>20)?</strong></span> 
     </span>
    </p>
   </div>
   <div class='ocr_carea' id='block_1_26' title="bbox 1899 1115 3409 1190">
    <p class='ocr_par' dir='ltr' id='par_1_26' title="bbox 1899 1115 3409 1190">
     <span class='ocr_line' id='line_1_26' title="bbox 1899 1115 3409 1190; baseline 0 -20"><span class='ocrx_word' id='word_1_170' title='bbox 1899 1117 2055 1190; x_wconf 70' lang='lat' dir='ltr'><strong>Resp.</strong></span> <span class='ocrx_word' id='word_1_171' title='bbox 2089 1117 2396 1179; x_wconf 87' lang='lat' dir='ltr'><strong>Secundum</strong></span> <span class='ocrx_word' id='word_1_172' title='bbox 2442 1116 2724 1177; x_wconf 75' lang='lat' dir='ltr'><strong>historiam</strong></span> <span class='ocrx_word' id='word_1_173' title='bbox 2764 1118 2837 1175; x_wconf 82' lang='lat' dir='ltr'><strong>ita</strong></span> <span class='ocrx_word' id='word_1_174' title='bbox 2865 1115 3273 1187; x_wconf 74' lang='lat' dir='ltr'><strong>intelligendum</strong></span> <span class='ocrx_word' id='word_1_175' title='bbox 3304 1126 3409 1185; x_wconf 86' lang='lat' dir='ltr'><strong>est,</strong></span> 
     </span>
    </p>
   </div>
   <div class='ocr_carea' id='block_1_27' title="bbox 1828 1208 3413 1281">
    <p class='ocr_par' dir='ltr' id='par_1_27' title="bbox 1828 1208 3413 1281">
     <span class='ocr_line' id='line_1_27' title="bbox 1828 1208 3413 1281; baseline 0 -17"><span class='ocrx_word' id='word_1_176' title='bbox 1828 1225 1896 1276; x_wconf 77' lang='lat' dir='ltr'><strong>ne</strong></span> <span class='ocrx_word' id='word_1_177' title='bbox 1928 1214 2019 1271; x_wconf 83' lang='lat' dir='ltr'><strong>tiat</strong></span> <span class='ocrx_word' id='word_1_178' title='bbox 2058 1210 2177 1281; x_wconf 76' lang='lat' dir='ltr'><strong>luga</strong></span> <span class='ocrx_word' id='word_1_179' title='bbox 2212 1220 2392 1269; x_wconf 87' lang='lat' dir='ltr'><strong>vestra</strong></span> <span class='ocrx_word' id='word_1_180' title='bbox 2420 1211 2622 1279; x_wconf 84' lang='lat' dir='ltr'><strong>hieme,</strong></span> <span class='ocrx_word' id='word_1_181' title='bbox 2653 1210 2706 1266; x_wconf 90' lang='lat' dir='ltr'><strong>id</strong></span> <span class='ocrx_word' id='word_1_182' title='bbox 2736 1221 2856 1277; x_wconf 86' lang='lat' dir='ltr'><strong>est,</strong></span> <span class='ocrx_word' id='word_1_183' title='bbox 2888 1226 2957 1267; x_wconf 81' lang='lat' dir='ltr'><strong>ne</strong></span> <span class='ocrx_word' id='word_1_184' title='bbox 2984 1212 3036 1265; x_wconf 88' lang='lat' dir='ltr'><strong>in</strong></span> <span class='ocrx_word' id='word_1_185' title='bbox 3063 1208 3413 1271; x_wconf 82' lang='lat' dir='ltr'><strong>tribulatione</strong></span> 
     </span>
    </p>
   </div>
   <div class='ocr_carea' id='block_1_28' title="bbox 1829 1301 3413 1373">
    <p class='ocr_par' dir='ltr' id='par_1_28' title="bbox 1829 1301 3413 1373">
     <span class='ocr_line' id='line_1_28' title="bbox 1829 1301 3413 1373; baseline -0.001 -17"><span class='ocrx_word' id='word_1_186' title='bbox 1829 1301 1964 1373; x_wconf 74' lang='lat' dir='ltr'><strong>fuga:</strong></span> <span class='ocrx_word' id='word_1_187' title='bbox 1991 1302 2254 1370; x_wconf 84' lang='lat' dir='ltr'><strong>temporis</strong></span> <span class='ocrx_word' id='word_1_188' title='bbox 2280 1304 2650 1363; x_wconf 75' lang='lat' dir='ltr'><strong>accumulatur</strong></span> <span class='ocrx_word' id='word_1_189' title='bbox 2688 1302 2906 1371; x_wconf 77' lang='lat' dir='ltr'><strong>injuria.</strong></span> <span class='ocrx_word' id='word_1_190' title='bbox 2943 1302 3021 1357; x_wconf 82' lang='lat' dir='ltr'><strong>Ne</strong></span> <span class='ocrx_word' id='word_1_191' title='bbox 3050 1302 3142 1355; x_wconf 86' lang='lat' dir='ltr'><strong>ﬁat</strong></span> <span class='ocrx_word' id='word_1_192' title='bbox 3171 1302 3295 1369; x_wconf 76' lang='lat' dir='ltr'><strong>fuga</strong></span> <span class='ocrx_word' id='word_1_193' title='bbox 3321 1315 3413 1355; x_wconf 84' lang='lat' dir='ltr'><strong>ve-</strong></span> 
     </span>
    </p>
   </div>
   <div class='ocr_carea' id='block_1_29' title="bbox 1829 1392 3414 1465">
    <p class='ocr_par' dir='ltr' id='par_1_29' title="bbox 1829 1392 3414 1465">
     <span class='ocr_line' id='line_1_29' title="bbox 1829 1392 3414 1465; baseline 0.001 -16"><span class='ocrx_word' id='word_1_194' title='bbox 1829 1404 1939 1461; x_wconf 82' lang='lat' dir='ltr'><strong>stra</strong></span> <span class='ocrx_word' id='word_1_195' title='bbox 1980 1396 2205 1453; x_wconf 85' lang='lat' dir='ltr'><strong>sabbato</strong></span> <span class='ocrx_word' id='word_1_196' title='bbox 2235 1414 2249 1449; x_wconf 87' lang='lat'><strong>:</strong></span> <span class='ocrx_word' id='word_1_197' title='bbox 2279 1411 2347 1451; x_wconf 90' lang='lat' dir='ltr'><strong>ne</strong></span> <span class='ocrx_word' id='word_1_198' title='bbox 2372 1411 2437 1452; x_wconf 85' lang='lat' dir='ltr'><strong>eo</strong></span> <span class='ocrx_word' id='word_1_199' title='bbox 2469 1395 2654 1465; x_wconf 86' lang='lat' dir='ltr'><strong>utique</strong></span> <span class='ocrx_word' id='word_1_200' title='bbox 2684 1396 2773 1450; x_wconf 84' lang='lat' dir='ltr'><strong>die</strong></span> <span class='ocrx_word' id='word_1_201' title='bbox 2803 1413 2909 1465; x_wconf 91' lang='lat' dir='ltr'><strong>quo</strong></span> <span class='ocrx_word' id='word_1_202' title='bbox 2940 1396 3141 1451; x_wconf 84' lang='lat' dir='ltr'><strong>habere</strong></span> <span class='ocrx_word' id='word_1_203' title='bbox 3170 1392 3414 1462; x_wconf 70' lang='lat' dir='ltr'><strong>requieta</strong></span> 
     </span>
    </p>
   </div>
   <div class='ocr_carea' id='block_1_30' title="bbox 1830 1484 3417 1557">
    <p class='ocr_par' dir='ltr' id='par_1_30' title="bbox 1830 1484 3417 1557">
     <span class='ocr_line' id='line_1_30' title="bbox 1830 1484 3417 1557; baseline 0.001 -17"><span class='ocrx_word' id='word_1_204' title='bbox 1830 1489 2276 1557; x_wconf 86' lang='lat' dir='ltr'><strong>vacationemque</strong></span> <span class='ocrx_word' id='word_1_205' title='bbox 2315 1488 2638 1545; x_wconf 70' lang='lat' dir='ltr'><strong>consuestis.</strong></span> <span class='ocrx_word' id='word_1_206' title='bbox 2674 1490 2741 1543; x_wconf 83' lang='lat' dir='ltr'><strong>At</strong></span> <span class='ocrx_word' id='word_1_207' title='bbox 2781 1504 2907 1544; x_wconf 88' lang='lat' dir='ltr'><strong>vero</strong></span> <span class='ocrx_word' id='word_1_208' title='bbox 2934 1487 3229 1543; x_wconf 87' lang='lat' dir='ltr'><strong>secundum</strong></span> <span class='ocrx_word' id='word_1_209' title='bbox 3256 1484 3417 1545; x_wconf 78' lang='lat' dir='ltr'><strong>intel-</strong></span> 
     </span>
    </p>
   </div>
   <div class='ocr_carea' id='block_1_31' title="bbox 1833 1574 3419 1649">
    <p class='ocr_par' dir='ltr' id='par_1_31' title="bbox 1833 1574 3419 1649">
     <span class='ocr_line' id='line_1_31' title="bbox 1833 1574 3419 1649; baseline 0 -18"><span class='ocrx_word' id='word_1_210' title='bbox 1833 1580 2026 1634; x_wconf 89' lang='lat' dir='ltr'><strong>lectum</strong></span> <span class='ocrx_word' id='word_1_211' title='bbox 2074 1584 2441 1648; x_wconf 87' lang='lat' dir='ltr'><strong>superiorem,</strong></span> <span class='ocrx_word' id='word_1_212' title='bbox 2476 1596 2545 1636; x_wconf 89' lang='lat' dir='ltr'><strong>ne</strong></span> <span class='ocrx_word' id='word_1_213' title='bbox 2593 1581 2685 1634; x_wconf 90' lang='lat' dir='ltr'><strong>ﬁat</strong></span> <span class='ocrx_word' id='word_1_214' title='bbox 2726 1579 2853 1649; x_wconf 79' lang='lat' dir='ltr'><strong>fuga</strong></span> <span class='ocrx_word' id='word_1_215' title='bbox 2881 1588 3059 1635; x_wconf 85' lang='lat' dir='ltr'><strong>vestra</strong></span> <span class='ocrx_word' id='word_1_216' title='bbox 3104 1577 3283 1633; x_wconf 87' lang='lat' dir='ltr'><strong>bieme</strong></span> <span class='ocrx_word' id='word_1_217' title='bbox 3331 1574 3419 1631; x_wconf 81' lang='lat' dir='ltr'><strong>vel</strong></span> 
     </span>
    </p>
   </div>
   <div class='ocr_carea' id='block_1_32' title="bbox 149 1656 1734 1743">
    <p class='ocr_par' dir='ltr' id='par_1_32' title="bbox 149 1661 1727 1737">
     <span class='ocr_line' id='line_1_32' title="bbox 149 1661 1727 1737; baseline -0.004 -16"><span class='ocrx_word' id='word_1_218' title='bbox 149 1682 220 1735; x_wconf 89' lang='grc' dir='ltr'><strong>ιιι,</strong></span> <span class='ocrx_word' id='word_1_219' title='bbox 256 1668 349 1737; x_wconf 77' lang='grc'><strong>16)</strong></span> <span class='ocrx_word' id='word_1_220' title='bbox 382 1668 525 1719; x_wconf 88' lang='lat' dir='ltr'><strong>illius</strong></span> <span class='ocrx_word' id='word_1_221' title='bbox 556 1680 805 1732; x_wconf 86' lang='lat' dir='ltr'><strong>corpore,</strong></span> <span class='ocrx_word' id='word_1_222' title='bbox 834 1663 885 1717; x_wconf 91' lang='lat' dir='ltr'><strong>in</strong></span> <span class='ocrx_word' id='word_1_223' title='bbox 910 1679 1011 1731; x_wconf 72' lang='lat' dir='ltr'><strong>qua</strong></span> <span class='ocrx_word' id='word_1_224' title='bbox 1040 1663 1103 1715; x_wconf 90' lang='lat' dir='ltr'><strong>ad</strong></span> <span class='ocrx_word' id='word_1_225' title='bbox 1128 1663 1465 1718; x_wconf 89' lang='lat' dir='ltr'><strong>Salvatorem</strong></span> <span class='ocrx_word' id='word_1_226' title='bbox 1495 1661 1727 1731; x_wconf 86' lang='lat' dir='ltr'><strong>Spiritus</strong></span> 
     </span>
    </p>
   </div>
   <div class='ocr_carea' id='block_1_33' title="bbox 1847 1656 3419 1743">
    <p class='ocr_par' dir='ltr' id='par_1_33' title="bbox 1847 1667 3419 1743">
     <span class='ocr_line' id='line_1_33' title="bbox 1847 1667 3419 1743; baseline -0.003 -18"><span class='ocrx_word' id='word_1_227' title='bbox 1847 1671 2079 1739; x_wconf 74' lang='lat' dir='ltr'><strong>sabbato,</strong></span> <span class='ocrx_word' id='word_1_228' title='bbox 2104 1673 2177 1726; x_wconf 88' lang='lat' dir='ltr'><strong>ita</strong></span> <span class='ocrx_word' id='word_1_229' title='bbox 2201 1673 2372 1740; x_wconf 85' lang='lat' dir='ltr'><strong>accipi</strong></span> <span class='ocrx_word' id='word_1_230' title='bbox 2398 1680 2614 1743; x_wconf 86' lang='lat' dir='ltr'><strong>potest:</strong></span> <span class='ocrx_word' id='word_1_231' title='bbox 2638 1688 2709 1727; x_wconf 87' lang='lat' dir='ltr'><strong>ne</strong></span> <span class='ocrx_word' id='word_1_232' title='bbox 2733 1686 2830 1725; x_wconf 90' lang='lat' dir='ltr'><strong>vos</strong></span> <span class='ocrx_word' id='word_1_233' title='bbox 2853 1672 2974 1740; x_wconf 75' lang='lat' dir='ltr'><strong>luga</strong></span> <span class='ocrx_word' id='word_1_234' title='bbox 2999 1669 3093 1724; x_wconf 89' lang='lat' dir='ltr'><strong>illa</strong></span> <span class='ocrx_word' id='word_1_235' title='bbox 3116 1667 3419 1737; x_wconf 84' lang='lat' dir='ltr'><strong>deprehen-</strong></span> 
     </span>
    </p>
   </div>
   <div class='ocr_carea' id='block_1_34' title="bbox 149 1753 1725 1825">
    <p class='ocr_par' dir='ltr' id='par_1_34' title="bbox 149 1753 1725 1825">
     <span class='ocr_line' id='line_1_34' title="bbox 149 1753 1725 1825; baseline -0.003 -14"><span class='ocrx_word' id='word_1_236' title='bbox 149 1760 309 1811; x_wconf 90' lang='lat' dir='ltr'><strong>sancti</strong></span> <span class='ocrx_word' id='word_1_237' title='bbox 358 1757 528 1825; x_wconf 86' lang='lat' dir='ltr'><strong>patuit</strong></span> <span class='ocrx_word' id='word_1_238' title='bbox 562 1753 842 1808; x_wconf 82' lang='lat' dir='ltr'><strong>manifesta</strong></span> <span class='ocrx_word' id='word_1_239' title='bbox 891 1754 1172 1809; x_wconf 81' lang='lat' dir='ltr'><strong>descensio</strong></span> <span class='ocrx_word' id='word_1_240' title='bbox 1205 1773 1215 1806; x_wconf 91' lang='lat'>:</span> <span class='ocrx_word' id='word_1_241' title='bbox 1247 1762 1423 1808; x_wconf 90' lang='lat' dir='ltr'><strong>utrum</strong></span> <span class='ocrx_word' id='word_1_242' title='bbox 1465 1765 1589 1807; x_wconf 88' lang='lat' dir='ltr'><strong>ante</strong></span> <span class='ocrx_word' id='word_1_243' title='bbox 1616 1753 1725 1823; x_wconf 87' lang='lat' dir='ltr'><strong>jam</strong></span> 
     </span>
    </p>
   </div>
   <div class='ocr_carea' id='block_1_35' title="bbox 145 1845 1587 1917">
    <p class='ocr_par' dir='ltr' id='par_1_35' title="bbox 145 1845 1587 1917">
     <span class='ocr_line' id='line_1_35' title="bbox 145 1845 1587 1917; baseline -0.004 -14"><span class='ocrx_word' id='word_1_244' title='bbox 145 1849 321 1916; x_wconf 86' lang='lat' dir='ltr'><strong>fuerit,</strong></span> <span class='ocrx_word' id='word_1_245' title='bbox 355 1866 421 1903; x_wconf 87' lang='lat' dir='ltr'><strong>an</strong></span> <span class='ocrx_word' id='word_1_246' title='bbox 451 1849 519 1903; x_wconf 88' lang='lat' dir='ltr'><strong>ad</strong></span> <span class='ocrx_word' id='word_1_247' title='bbox 551 1860 763 1917; x_wconf 88' lang='lat' dir='ltr'><strong>tempus</strong></span> <span class='ocrx_word' id='word_1_248' title='bbox 796 1846 990 1900; x_wconf 83' lang='lat' dir='ltr'><strong>factum</strong></span> <span class='ocrx_word' id='word_1_249' title='bbox 1027 1847 1205 1900; x_wconf 89' lang='lat' dir='ltr'><strong>subito</strong></span> <span class='ocrx_word' id='word_1_250' title='bbox 1236 1845 1587 1915; x_wconf 75' lang='lat' dir='ltr'><strong>apparuerit?</strong></span> 
     </span>
    </p>
   </div>
   <div class='ocr_carea' id='block_1_36' title="bbox 212 1938 1725 2013">
    <p class='ocr_par' dir='ltr' id='par_1_36' title="bbox 212 1938 1725 2013">
     <span class='ocr_line' id='line_1_36' title="bbox 212 1938 1725 2013; baseline -0.004 -16"><span class='ocrx_word' id='word_1_251' title='bbox 212 1944 367 2013; x_wconf 84' lang='lat' dir='ltr'><strong>Resp.</strong></span> <span class='ocrx_word' id='word_1_252' title='bbox 404 1942 601 2011; x_wconf 85' lang='lat' dir='ltr'><strong>Utique</strong></span> <span class='ocrx_word' id='word_1_253' title='bbox 618 1944 681 1995; x_wconf 87' lang='lat' dir='ltr'><strong>ad</strong></span> <span class='ocrx_word' id='word_1_254' title='bbox 712 1951 920 2010; x_wconf 89' lang='lat' dir='ltr'><strong>tempus</strong></span> <span class='ocrx_word' id='word_1_255' title='bbox 948 1949 1241 1993; x_wconf 87' lang='lat' dir='ltr'><strong>ostensum.</strong></span> <span class='ocrx_word' id='word_1_256' title='bbox 1275 1938 1408 1992; x_wconf 82' lang='lat' dir='ltr'><strong>Nam</strong></span> <span class='ocrx_word' id='word_1_257' title='bbox 1434 1950 1488 1993; x_wconf 93' lang='lat' dir='ltr'><strong>ut</strong></span> <span class='ocrx_word' id='word_1_258' title='bbox 1513 1938 1725 2007; x_wconf 71' lang='lat' dir='ltr'><strong>signum</strong></span> 
     </span>
    </p>
   </div>
   <div class='ocr_carea' id='block_1_37' title="bbox 145 2033 1729 2119">
    <p class='ocr_par' dir='ltr' id='par_1_37' title="bbox 145 2033 1729 2119">
     <span class='ocr_line' id='line_1_37' title="bbox 145 2033 1729 2119; baseline 0 -33"><span class='ocrx_word' id='word_1_259' title='bbox 145 2037 343 2091; x_wconf 84' lang='lat' dir='ltr'><strong>visibile</strong></span> <span class='ocrx_word' id='word_1_260' title='bbox 373 2037 608 2119; x_wconf 80' lang='lat' dir='ltr'><strong>Spiritus</strong></span> <span class='ocrx_word' id='word_1_261' title='bbox 638 2038 830 2100; x_wconf 84' lang='lat' dir='ltr'><strong>sancti,</strong></span> <span class='ocrx_word' id='word_1_262' title='bbox 862 2035 952 2103; x_wconf 87' lang='lat' dir='ltr'><strong>qui</strong></span> <span class='ocrx_word' id='word_1_263' title='bbox 980 2044 1094 2087; x_wconf 83' lang='lat' dir='ltr'><strong>erat</strong></span> <span class='ocrx_word' id='word_1_264' title='bbox 1122 2033 1426 2098; x_wconf 78' lang='lat' dir='ltr'><strong>invisibilis,</strong></span> <span class='ocrx_word' id='word_1_265' title='bbox 1461 2040 1729 2086; x_wconf 84' lang='lat' dir='ltr'><strong>manstra-</strong></span> 
     </span>
    </p>
   </div>
   <div class='ocr_carea' id='block_1_38' title="bbox 145 2125 1763 2198">
    <p class='ocr_par' dir='ltr' id='par_1_38' title="bbox 145 2125 1763 2198">
     <span class='ocr_line' id='line_1_38' title="bbox 145 2125 1763 2198; baseline -0.004 -14"><span class='ocrx_word' id='word_1_266' title='bbox 145 2139 305 2196; x_wconf 90' lang='lat' dir='ltr'><strong>retur,</strong></span> <span class='ocrx_word' id='word_1_267' title='bbox 333 2145 526 2184; x_wconf 90' lang='lat' dir='ltr'><strong>verum</strong></span> <span class='ocrx_word' id='word_1_268' title='bbox 568 2127 786 2198; x_wconf 86' lang='lat' dir='ltr'><strong>quidem</strong></span> <span class='ocrx_word' id='word_1_269' title='bbox 820 2141 1021 2194; x_wconf 86' lang='lat' dir='ltr'><strong>corpus</strong></span> <span class='ocrx_word' id='word_1_270' title='bbox 1062 2126 1326 2179; x_wconf 63' lang='lat' dir='ltr'><strong>Columba:</strong></span> <span class='ocrx_word' id='word_1_271' title='bbox 1356 2126 1501 2178; x_wconf 89' lang='lat' dir='ltr'><strong>illius</strong></span> <span class='ocrx_word' id='word_1_272' title='bbox 1529 2139 1625 2194; x_wconf 89' lang='lat' dir='ltr'><strong>per</strong></span> <span class='ocrx_word' id='word_1_273' title='bbox 1650 2125 1732 2179; x_wconf 87' lang='lat' dir='ltr'><strong>di-</strong></span> <span class='ocrx_word' id='word_1_274' title='bbox 1762 2182 1763 2189; x_wconf 30' lang='grc' dir='ltr'><strong>η</strong></span> 
     </span>
    </p>
   </div>
   <div class='ocr_carea' id='block_1_39' title="bbox 143 2218 1727 2297">
    <p class='ocr_par' dir='ltr' id='par_1_39' title="bbox 143 2218 1727 2297">
     <span class='ocr_line' id='line_1_39' title="bbox 143 2218 1727 2297; baseline -0.001 -22"><span class='ocrx_word' id='word_1_275' title='bbox 143 2225 311 2277; x_wconf 88' lang='lat' dir='ltr'><strong>vinam</strong></span> <span class='ocrx_word' id='word_1_276' title='bbox 346 2224 667 2293; x_wconf 85' lang='lat' dir='ltr'><strong>potentiam,</strong></span> <span class='ocrx_word' id='word_1_277' title='bbox 701 2221 795 2275; x_wconf 90' lang='lat' dir='ltr'><strong>sed</strong></span> <span class='ocrx_word' id='word_1_278' title='bbox 830 2222 881 2297; x_wconf 86' lang='lat' dir='ltr'><strong>in</strong></span> <span class='ocrx_word' id='word_1_279' title='bbox 915 2229 1156 2290; x_wconf 86' lang='lat' dir='ltr'><strong>tempore</strong></span> <span class='ocrx_word' id='word_1_280' title='bbox 1195 2220 1415 2282; x_wconf 88' lang='lat' dir='ltr'><strong>laetum,</strong></span> <span class='ocrx_word' id='word_1_281' title='bbox 1440 2219 1508 2271; x_wconf 81' lang='lat' dir='ltr'><strong>ad</strong></span> <span class='ocrx_word' id='word_1_282' title='bbox 1541 2218 1727 2275; x_wconf 84' lang='lat' dir='ltr'><strong>horam</strong></span> 
     </span>
    </p>
   </div>
   <div class='ocr_carea' id='block_1_40' title="bbox 142 2312 1723 2383">
    <p class='ocr_par' dir='ltr' id='par_1_40' title="bbox 142 2312 1723 2383">
     <span class='ocr_line' id='line_1_40' title="bbox 142 2312 1723 2383; baseline -0.001 -16"><span class='ocrx_word' id='word_1_283' title='bbox 142 2317 477 2383; x_wconf 83' lang='lat' dir='ltr'><strong>apparuisse,</strong></span> <span class='ocrx_word' id='word_1_284' title='bbox 520 2328 581 2367; x_wconf 88' lang='lat' dir='ltr'><strong>ac</strong></span> <span class='ocrx_word' id='word_1_285' title='bbox 611 2313 868 2382; x_wconf 83' lang='lat' dir='ltr'><strong>deinceps</strong></span> <span class='ocrx_word' id='word_1_286' title='bbox 914 2312 1191 2373; x_wconf 78' lang='lat' dir='ltr'><strong>destitisse</strong></span> <span class='ocrx_word' id='word_1_287' title='bbox 1240 2312 1573 2366; x_wconf 87' lang='lat' dir='ltr'><strong>credendum</strong></span> <span class='ocrx_word' id='word_1_288' title='bbox 1622 2320 1723 2367; x_wconf 79' lang='lat' dir='ltr'><strong>est.</strong></span> 
     </span>
    </p>
   </div>
   <div class='ocr_carea' id='block_1_41' title="bbox 138 2403 1728 2475">
    <p class='ocr_par' dir='ltr' id='par_1_41' title="bbox 138 2403 1728 2475">
     <span class='ocr_line' id='line_1_41' title="bbox 138 2403 1728 2475; baseline -0.001 -14"><span class='ocrx_word' id='word_1_289' title='bbox 138 2406 323 2475; x_wconf 80' lang='lat' dir='ltr'><strong>Angeli</strong></span> <span class='ocrx_word' id='word_1_290' title='bbox 361 2422 493 2459; x_wconf 88' lang='lat' dir='ltr'><strong>vero</strong></span> <span class='ocrx_word' id='word_1_291' title='bbox 521 2420 640 2458; x_wconf 91' lang='lat' dir='ltr'><strong>cum</strong></span> <span class='ocrx_word' id='word_1_292' title='bbox 666 2418 723 2457; x_wconf 89' lang='lat' dir='ltr'><strong>se</strong></span> <span class='ocrx_word' id='word_1_293' title='bbox 751 2404 997 2457; x_wconf 85' lang='lat' dir='ltr'><strong>humanis</strong></span> <span class='ocrx_word' id='word_1_294' title='bbox 1024 2403 1257 2459; x_wconf 79' lang='lat' dir='ltr'><strong>oﬂ&#39;erunt</strong></span> <span class='ocrx_word' id='word_1_295' title='bbox 1279 2406 1473 2469; x_wconf 90' lang='lat' dir='ltr'><strong>oculis,</strong></span> <span class='ocrx_word' id='word_1_296' title='bbox 1497 2406 1728 2460; x_wconf 82' lang='lat' dir='ltr'><strong>credun-</strong></span> 
     </span>
    </p>
   </div>
   <div class='ocr_carea' id='block_1_42' title="bbox 138 2495 1725 2567">
    <p class='ocr_par' dir='ltr' id='par_1_42' title="bbox 138 2495 1725 2567">
     <span class='ocr_line' id='line_1_42' title="bbox 138 2495 1725 2567; baseline 0 -16"><span class='ocrx_word' id='word_1_297' title='bbox 138 2507 239 2563; x_wconf 88' lang='lat' dir='ltr'><strong>tur,</strong></span> <span class='ocrx_word' id='word_1_298' title='bbox 265 2511 319 2552; x_wconf 84' lang='grc' dir='ltr'><strong>ιιι</strong></span> <span class='ocrx_word' id='word_1_299' title='bbox 347 2497 711 2567; x_wconf 89' lang='lat' dir='ltr'><strong>quorumdam</strong></span> <span class='ocrx_word' id='word_1_300' title='bbox 738 2495 919 2566; x_wconf 88' lang='lat' dir='ltr'><strong>opinio</strong></span> <span class='ocrx_word' id='word_1_301' title='bbox 945 2504 1048 2557; x_wconf 88' lang='lat' dir='ltr'><strong>est,</strong></span> <span class='ocrx_word' id='word_1_302' title='bbox 1074 2510 1136 2548; x_wconf 82' lang='lat' dir='ltr'><strong>ex</strong></span> <span class='ocrx_word' id='word_1_303' title='bbox 1163 2495 1268 2549; x_wconf 87' lang='lat' dir='ltr'><strong>isto</strong></span> <span class='ocrx_word' id='word_1_304' title='bbox 1291 2497 1561 2551; x_wconf 87' lang='lat' dir='ltr'><strong>crassiore</strong></span> <span class='ocrx_word' id='word_1_305' title='bbox 1580 2511 1725 2562; x_wconf 86' lang='lat' dir='ltr'><strong>aere,</strong></span> 
     </span>
    </p>
   </div>
   <div class='ocr_carea' id='block_1_43' title="bbox 135 2589 1725 2663">
    <p class='ocr_par' dir='ltr' id='par_1_43' title="bbox 135 2589 1725 2663">
     <span class='ocr_line' id='line_1_43' title="bbox 135 2589 1725 2663; baseline -0.003 -16"><span class='ocrx_word' id='word_1_306' title='bbox 135 2593 182 2647; x_wconf 90' lang='lat' dir='ltr'><strong>id</strong></span> <span class='ocrx_word' id='word_1_307' title='bbox 225 2604 333 2656; x_wconf 85' lang='lat' dir='ltr'><strong>est,</strong></span> <span class='ocrx_word' id='word_1_308' title='bbox 386 2592 570 2646; x_wconf 77' lang='lat' dir='ltr'><strong>vicino</strong></span> <span class='ocrx_word' id='word_1_309' title='bbox 613 2590 773 2645; x_wconf 88' lang='lat' dir='ltr'><strong>terris</strong></span> <span class='ocrx_word' id='word_1_310' title='bbox 810 2589 875 2644; x_wconf 86' lang='lat' dir='ltr'><strong>ad</strong></span> <span class='ocrx_word' id='word_1_311' title='bbox 918 2605 1159 2663; x_wconf 65' lang='lat' dir='ltr'><strong>prmsens</strong></span> <span class='ocrx_word' id='word_1_312' title='bbox 1188 2604 1383 2660; x_wconf 76' lang='lat' dir='ltr'><strong>corpus</strong></span> <span class='ocrx_word' id='word_1_313' title='bbox 1428 2604 1725 2645; x_wconf 78' lang='lat' dir='ltr'><strong>assumere.</strong></span> 
     </span>
    </p>
   </div>
   <div class='ocr_carea' id='block_1_44' title="bbox 134 2685 1725 2756">
    <p class='ocr_par' dir='ltr' id='par_1_44' title="bbox 134 2685 1725 2756">
     <span class='ocr_line' id='line_1_44' title="bbox 134 2685 1725 2756; baseline -0.003 -13"><span class='ocrx_word' id='word_1_314' title='bbox 134 2688 302 2744; x_wconf 88' lang='lat' dir='ltr'><strong>Porro</strong></span> <span class='ocrx_word' id='word_1_315' title='bbox 329 2698 515 2742; x_wconf 89' lang='lat' dir='ltr'><strong>autem</strong></span> <span class='ocrx_word' id='word_1_316' title='bbox 541 2702 727 2741; x_wconf 86' lang='lat' dir='ltr'><strong>vocem</strong></span> <span class='ocrx_word' id='word_1_317' title='bbox 760 2686 993 2755; x_wconf 75' lang='lat' dir='ltr'><strong>aliqunm</strong></span> <span class='ocrx_word' id='word_1_318' title='bbox 1017 2685 1087 2740; x_wconf 88' lang='lat' dir='ltr'><strong>ita</strong></span> <span class='ocrx_word' id='word_1_319' title='bbox 1114 2694 1370 2756; x_wconf 85' lang='lat' dir='ltr'><strong>putantur</strong></span> <span class='ocrx_word' id='word_1_320' title='bbox 1397 2688 1725 2755; x_wconf 81' lang='lat' dir='ltr'><strong>exprimere,</strong></span> 
     </span>
    </p>
   </div>
   <div class='ocr_carea' id='block_1_45' title="bbox 130 2777 1730 2849">
    <p class='ocr_par' dir='ltr' id='par_1_45' title="bbox 130 2777 1730 2849">
     <span class='ocr_line' id='line_1_45' title="bbox 130 2777 1730 2849; baseline -0.003 -14"><span class='ocrx_word' id='word_1_321' title='bbox 130 2794 247 2835; x_wconf 82' lang='lat' dir='ltr'><strong>cum</strong></span> <span class='ocrx_word' id='word_1_322' title='bbox 297 2779 484 2832; x_wconf 85' lang='lat' dir='ltr'><strong>illisus</strong></span> <span class='ocrx_word' id='word_1_323' title='bbox 527 2777 655 2832; x_wconf 83' lang='lat' dir='ltr'><strong>huic</strong></span> <span class='ocrx_word' id='word_1_324' title='bbox 687 2778 795 2832; x_wconf 90' lang='lat' dir='ltr'><strong>aeri</strong></span> <span class='ocrx_word' id='word_1_325' title='bbox 841 2778 977 2832; x_wconf 87' lang='lat' dir='ltr'><strong>ictus</strong></span> <span class='ocrx_word' id='word_1_326' title='bbox 1018 2790 1287 2849; x_wconf 87' lang='lat' dir='ltr'><strong>tamquam</strong></span> <span class='ocrx_word' id='word_1_327' title='bbox 1321 2779 1500 2848; x_wconf 88' lang='lat' dir='ltr'><strong>palato</strong></span> <span class='ocrx_word' id='word_1_328' title='bbox 1538 2778 1730 2834; x_wconf 88' lang='lat' dir='ltr'><strong>verbo-</strong></span> 
     </span>
    </p>
   </div>
   <div class='ocr_carea' id='block_1_46' title="bbox 132 2872 713 2929">
    <p class='ocr_par' dir='ltr' id='par_1_46' title="bbox 132 2872 713 2929">
     <span class='ocr_line' id='line_1_46' title="bbox 132 2872 713 2929; baseline -0.002 -1"><span class='ocrx_word' id='word_1_329' title='bbox 132 2890 249 2928; x_wconf 85' lang='lat' dir='ltr'><strong>rum</strong></span> <span class='ocrx_word' id='word_1_330' title='bbox 276 2889 478 2929; x_wconf 84' lang='lat' dir='ltr'><strong>SOItum</strong></span> <span class='ocrx_word' id='word_1_331' title='bbox 516 2872 713 2928; x_wconf 84' lang='lat' dir='ltr'><strong>reddit.</strong></span> 
     </span>
    </p>
   </div>
   <div class='ocr_carea' id='block_1_47' title="bbox 1830 1761 3421 1837">
    <p class='ocr_par' dir='ltr' id='par_1_47' title="bbox 1830 1761 3421 1837">
     <span class='ocr_line' id='line_1_47' title="bbox 1830 1761 3421 1837; baseline 0.001 -18"><span class='ocrx_word' id='word_1_332' title='bbox 1830 1766 1942 1831; x_wconf 83' lang='lat' dir='ltr'><strong>dat,</strong></span> <span class='ocrx_word' id='word_1_333' title='bbox 1978 1778 2072 1821; x_wconf 86' lang='lat' dir='ltr'><strong>aut</strong></span> <span class='ocrx_word' id='word_1_334' title='bbox 2127 1768 2179 1821; x_wconf 91' lang='lat' dir='ltr'><strong>in</strong></span> <span class='ocrx_word' id='word_1_335' title='bbox 2222 1767 2458 1835; x_wconf 79' lang='lat' dir='ltr'><strong>peccatis</strong></span> <span class='ocrx_word' id='word_1_336' title='bbox 2510 1766 2782 1837; x_wconf 78' lang='lat' dir='ltr'><strong>algentes,</strong></span> <span class='ocrx_word' id='word_1_337' title='bbox 2832 1774 2928 1821; x_wconf 86' lang='lat' dir='ltr'><strong>aut</strong></span> <span class='ocrx_word' id='word_1_338' title='bbox 2976 1764 3134 1821; x_wconf 84' lang='lat' dir='ltr'><strong>bonis</strong></span> <span class='ocrx_word' id='word_1_339' title='bbox 3161 1761 3421 1832; x_wconf 73' lang='lat' dir='ltr'><strong>operibus</strong></span> 
     </span>
    </p>
   </div>
   <div class='ocr_carea' id='block_1_48' title="bbox 1831 1860 2087 1923">
    <p class='ocr_par' dir='ltr' id='par_1_48' title="bbox 1831 1860 2087 1923">
     <span class='ocr_line' id='line_1_48' title="bbox 1831 1860 2087 1923; baseline 0.004 -10"><span class='ocrx_word' id='word_1_340' title='bbox 1831 1860 2087 1923; x_wconf 79' lang='lat' dir='ltr'><strong>otiantes.</strong></span> 
     </span>
    </p>
   </div>
   <div class='ocr_carea' id='block_1_49' title="bbox 1902 1944 3421 2021">
    <p class='ocr_par' dir='ltr' id='par_1_49' title="bbox 1902 1944 3421 2021">
     <span class='ocr_line' id='line_1_49' title="bbox 1902 1944 3421 2021; baseline -0.005 -13"><span class='ocrx_word' id='word_1_341' title='bbox 1902 1954 2012 2009; x_wconf 84' lang='lat' dir='ltr'><strong>lnt.</strong></span> <span class='ocrx_word' id='word_1_342' title='bbox 2046 1954 2102 2009; x_wconf 83' lang='lat' dir='ltr'><strong>In</strong></span> <span class='ocrx_word' id='word_1_343' title='bbox 2131 1952 2323 2008; x_wconf 88' lang='lat' dir='ltr'><strong>eodem</strong></span> <span class='ocrx_word' id='word_1_344' title='bbox 2361 1951 2613 2009; x_wconf 68' lang='lat' dir='ltr'><strong>Matthaio</strong></span> <span class='ocrx_word' id='word_1_345' title='bbox 2637 1951 2655 2021; x_wconf 93' lang='lat'><strong>(</strong></span> <span class='ocrx_word' id='word_1_346' title='bbox 2675 1966 2827 2014; x_wconf 81' lang='lat' dir='ltr'><strong>xxvi,</strong></span> <span class='ocrx_word' id='word_1_347' title='bbox 2853 1947 2949 2018; x_wconf 70' lang='grc'><strong>29)</strong></span> <span class='ocrx_word' id='word_1_348' title='bbox 2980 1947 3260 2005; x_wconf 86' lang='lat' dir='ltr'><strong>scribitur:</strong></span> <span class='ocrx_word' id='word_1_349' title='bbox 3287 1944 3421 2000; x_wconf 83' lang='lat' dir='ltr'><strong>Dice</strong></span> 
     </span>
    </p>
   </div>
   <div class='ocr_carea' id='block_1_50' title="bbox 1830 2038 3417 2119">
    <p class='ocr_par' dir='ltr' id='par_1_50' title="bbox 1830 2038 3417 2119">
     <span class='ocr_line' id='line_1_50' title="bbox 1830 2038 3417 2119; baseline -0.005 -20"><span class='ocrx_word' id='word_1_350' title='bbox 1830 2057 2002 2119; x_wconf 80' lang='lat' dir='ltr'><strong>autem</strong></span> <span class='ocrx_word' id='word_1_351' title='bbox 2032 2046 2192 2109; x_wconf 85' lang='lat' dir='ltr'><strong>vobis,</strong></span> <span class='ocrx_word' id='word_1_352' title='bbox 2228 2044 2351 2103; x_wconf 82' lang='lat' dir='ltr'><strong>Non</strong></span> <span class='ocrx_word' id='word_1_353' title='bbox 2380 2043 2757 2099; x_wconf 85' lang='lat' dir='ltr'><strong>bibamamodo</strong></span> <span class='ocrx_word' id='word_1_354' title='bbox 2780 2043 2843 2101; x_wconf 80' lang='lat' dir='ltr'><strong>de</strong></span> <span class='ocrx_word' id='word_1_355' title='bbox 2872 2041 2966 2099; x_wconf 78' lang='lat' dir='ltr'><strong>hoc</strong></span> <span class='ocrx_word' id='word_1_356' title='bbox 2992 2040 3247 2112; x_wconf 76' lang='lat' dir='ltr'><strong>genimine</strong></span> <span class='ocrx_word' id='word_1_357' title='bbox 3276 2038 3417 2102; x_wconf 77' lang='lat' dir='ltr'><strong>vitis,</strong></span> 
     </span>
    </p>
   </div>
   <div class='ocr_carea' id='block_1_51' title="bbox 1832 2132 3433 2209">
    <p class='ocr_par' dir='ltr' id='par_1_51' title="bbox 1832 2132 3433 2209">
     <span class='ocr_line' id='line_1_51' title="bbox 1832 2132 3433 2209; baseline -0.007 -16"><span class='ocrx_word' id='word_1_358' title='bbox 1832 2157 1990 2209; x_wconf 83' lang='lat' dir='ltr'><strong>usque</strong></span> <span class='ocrx_word' id='word_1_359' title='bbox 2014 2140 2068 2191; x_wconf 88' lang='lat' dir='ltr'><strong>in</strong></span> <span class='ocrx_word' id='word_1_360' title='bbox 2108 2138 2241 2191; x_wconf 84' lang='lat' dir='ltr'><strong>diem</strong></span> <span class='ocrx_word' id='word_1_361' title='bbox 2270 2135 2423 2191; x_wconf 18' lang='lat' dir='ltr'><strong>illum.</strong></span> <span class='ocrx_word' id='word_1_362' title='bbox 2451 2152 2549 2204; x_wconf 88' lang='lat' dir='ltr'><strong>quo</strong></span> <span class='ocrx_word' id='word_1_363' title='bbox 2589 2135 2721 2191; x_wconf 79' lang='lat' dir='ltr'><strong>illud</strong></span> <span class='ocrx_word' id='word_1_364' title='bbox 2753 2133 2921 2189; x_wconf 87' lang='lat' dir='ltr'><strong>bibam</strong></span> <span class='ocrx_word' id='word_1_365' title='bbox 2944 2132 3207 2187; x_wconf 78' lang='lat' dir='ltr'><strong>uobiscum</strong></span> <span class='ocrx_word' id='word_1_366' title='bbox 3230 2143 3433 2187; x_wconf 68' lang='lat' dir='ltr'><strong>nouum</strong></span> 
     </span>
    </p>
   </div>
   <div class='ocr_carea' id='block_1_52' title="bbox 1829 2225 3047 2302">
    <p class='ocr_par' dir='ltr' id='par_1_52' title="bbox 1829 2225 3047 2302">
     <span class='ocr_line' id='line_1_52' title="bbox 1829 2225 3047 2302; baseline -0.007 -16"><span class='ocrx_word' id='word_1_367' title='bbox 1829 2233 1885 2286; x_wconf 83' lang='lat' dir='ltr'><strong>in</strong></span> <span class='ocrx_word' id='word_1_368' title='bbox 1910 2248 2065 2302; x_wconf 87' lang='lat' dir='ltr'><strong>regno</strong></span> <span class='ocrx_word' id='word_1_369' title='bbox 2093 2230 2268 2283; x_wconf 83' lang='lat' dir='ltr'><strong>Patris</strong></span> <span class='ocrx_word' id='word_1_370' title='bbox 2294 2231 2411 2282; x_wconf 87' lang='lat' dir='ltr'><strong>mei.</strong></span> <span class='ocrx_word' id='word_1_371' title='bbox 2446 2228 2585 2295; x_wconf 86' lang='lat' dir='ltr'><strong>Quid</strong></span> <span class='ocrx_word' id='word_1_372' title='bbox 2611 2228 2696 2282; x_wconf 87' lang='lat' dir='ltr'><strong>hic</strong></span> <span class='ocrx_word' id='word_1_373' title='bbox 2725 2225 3047 2294; x_wconf 71' lang='lat' dir='ltr'><strong>sequemur?</strong></span> 
     </span>
    </p>
   </div>
   <div class='ocr_carea' id='block_1_53' title="bbox 1903 2312 3421 2396">
    <p class='ocr_par' dir='ltr' id='par_1_53' title="bbox 1903 2312 3421 2396">
     <span class='ocr_line' id='line_1_53' title="bbox 1903 2312 3421 2396; baseline -0.007 -17"><span class='ocrx_word' id='word_1_374' title='bbox 1903 2324 2060 2396; x_wconf 79' lang='lat' dir='ltr'><strong>Resp.</strong></span> <span class='ocrx_word' id='word_1_375' title='bbox 2095 2325 2335 2392; x_wconf 78' lang='lat' dir='ltr'><strong>Regnum</strong></span> <span class='ocrx_word' id='word_1_376' title='bbox 2361 2322 2477 2387; x_wconf 87' lang='lat' dir='ltr'><strong>Dei,</strong></span> <span class='ocrx_word' id='word_1_377' title='bbox 2507 2329 2567 2375; x_wconf 87' lang='lat' dir='ltr'><strong>ut</strong></span> <span class='ocrx_word' id='word_1_378' title='bbox 2587 2320 2730 2375; x_wconf 86' lang='lat' dir='ltr'><strong>docti</strong></span> <span class='ocrx_word' id='word_1_379' title='bbox 2758 2322 3201 2387; x_wconf 75' lang='lat' dir='ltr'><strong>interpretantur,</strong></span> <span class='ocrx_word' id='word_1_380' title='bbox 3234 2312 3421 2370; x_wconf 82' lang='lat' dir='ltr'><strong>Eccle—</strong></span> 
     </span>
    </p>
   </div>
   <div class='ocr_carea' id='block_1_54' title="bbox 1830 2403 3433 2485">
    <p class='ocr_par' dir='ltr' id='par_1_54' title="bbox 1830 2403 3433 2485">
     <span class='ocr_line' id='line_1_54' title="bbox 1830 2403 3433 2485; baseline -0.006 -14"><span class='ocrx_word' id='word_1_381' title='bbox 1830 2416 1909 2472; x_wconf 85' lang='lat' dir='ltr'><strong>sia</strong></span> <span class='ocrx_word' id='word_1_382' title='bbox 1927 2426 2041 2471; x_wconf 86' lang='lat' dir='ltr'><strong>est:</strong></span> <span class='ocrx_word' id='word_1_383' title='bbox 2067 2416 2118 2471; x_wconf 84' lang='lat' dir='ltr'><strong>in</strong></span> <span class='ocrx_word' id='word_1_384' title='bbox 2139 2431 2241 2485; x_wconf 87' lang='lat' dir='ltr'><strong>qua</strong></span> <span class='ocrx_word' id='word_1_385' title='bbox 2263 2414 2507 2482; x_wconf 90' lang='lat' dir='ltr'><strong>quotidie</strong></span> <span class='ocrx_word' id='word_1_386' title='bbox 2524 2413 2657 2469; x_wconf 84' lang='lat' dir='ltr'><strong>bibit</strong></span> <span class='ocrx_word' id='word_1_387' title='bbox 2674 2411 2988 2480; x_wconf 80' lang='lat' dir='ltr'><strong>sanguinem</strong></span> <span class='ocrx_word' id='word_1_388' title='bbox 3006 2403 3433 2463; x_wconf 73' lang='lat' dir='ltr'><strong>suumChristus</strong></span> 
     </span>
    </p>
   </div>
   <div class='ocr_carea' id='block_1_55' title="bbox 1834 2498 3369 2575">
    <p class='ocr_par' dir='ltr' id='par_1_55' title="bbox 1834 2498 3369 2575">
     <span class='ocr_line' id='line_1_55' title="bbox 1834 2498 3369 2575; baseline -0.008 -11"><span class='ocrx_word' id='word_1_389' title='bbox 1834 2524 1930 2575; x_wconf 88' lang='lat' dir='ltr'><strong>per</strong></span> <span class='ocrx_word' id='word_1_390' title='bbox 1956 2518 2172 2563; x_wconf 83' lang='lat' dir='ltr'><strong>sanctos</strong></span> <span class='ocrx_word' id='word_1_391' title='bbox 2198 2521 2347 2574; x_wconf 87' lang='lat' dir='ltr'><strong>suos,</strong></span> <span class='ocrx_word' id='word_1_392' title='bbox 2382 2518 2653 2575; x_wconf 86' lang='lat' dir='ltr'><strong>tamquam</strong></span> <span class='ocrx_word' id='word_1_393' title='bbox 2683 2512 2842 2572; x_wconf 89' lang='lat' dir='ltr'><strong>caput</strong></span> <span class='ocrx_word' id='word_1_394' title='bbox 2870 2502 2925 2560; x_wconf 86' lang='lat' dir='ltr'><strong>in</strong></span> <span class='ocrx_word' id='word_1_395' title='bbox 2954 2499 3212 2557; x_wconf 81' lang='lat' dir='ltr'><strong>membris</strong></span> <span class='ocrx_word' id='word_1_396' title='bbox 3238 2498 3369 2554; x_wconf 73' lang='lat' dir='ltr'><strong>suis.</strong></span> 
     </span>
    </p>
   </div>
   <div class='ocr_carea' id='block_1_56' title="bbox 1904 2589 3423 2669">
    <p class='ocr_par' dir='ltr' id='par_1_56' title="bbox 1904 2589 3423 2669">
     <span class='ocr_line' id='line_1_56' title="bbox 1904 2589 3423 2669; baseline -0.009 -13"><span class='ocrx_word' id='word_1_397' title='bbox 1904 2600 2017 2657; x_wconf 82' lang='lat' dir='ltr'><strong>Int.</strong></span> <span class='ocrx_word' id='word_1_398' title='bbox 2048 2600 2187 2669; x_wconf 88' lang='lat' dir='ltr'><strong>Quid</strong></span> <span class='ocrx_word' id='word_1_399' title='bbox 2216 2615 2393 2655; x_wconf 62' lang='lat' dir='ltr'><strong>causa:</strong></span> <span class='ocrx_word' id='word_1_400' title='bbox 2417 2607 2502 2655; x_wconf 87' lang='lat' dir='ltr'><strong>est</strong></span> <span class='ocrx_word' id='word_1_401' title='bbox 2527 2597 2667 2667; x_wconf 90' lang='lat' dir='ltr'><strong>quod</strong></span> <span class='ocrx_word' id='word_1_402' title='bbox 2698 2595 2893 2651; x_wconf 84' lang='lat' dir='ltr'><strong>dicitur</strong></span> <span class='ocrx_word' id='word_1_403' title='bbox 2922 2609 2939 2650; x_wconf 84' lang='lat'><strong>:</strong></span> <span class='ocrx_word' id='word_1_404' title='bbox 2967 2591 3166 2651; x_wconf 76' lang='lat' dir='ltr'><strong>Arnodo</strong></span> <span class='ocrx_word' id='word_1_405' title='bbox 3194 2589 3423 2645; x_wconf 80' lang='lat' dir='ltr'><strong>videbitis</strong></span> 
     </span>
    </p>
   </div>
   <div class='ocr_carea' id='block_1_57' title="bbox 1837 2683 3425 2751">
    <p class='ocr_par' dir='ltr' id='par_1_57' title="bbox 1837 2683 3425 2751">
     <span class='ocr_line' id='line_1_57' title="bbox 1837 2683 3425 2751; baseline -0.01 0"><span class='ocrx_word' id='word_1_406' title='bbox 1837 2694 2031 2751; x_wconf 78' lang='lat' dir='ltr'><strong>Filium</strong></span> <span class='ocrx_word' id='word_1_407' title='bbox 2057 2694 2280 2751; x_wconf 82' lang='lat' dir='ltr'><strong>hominis</strong></span> <span class='ocrx_word' id='word_1_408' title='bbox 2308 2693 2567 2748; x_wconf 73' lang='lat' dir='ltr'><strong>sedentem</strong></span> <span class='ocrx_word' id='word_1_409' title='bbox 2602 2690 2670 2743; x_wconf 80' lang='lat' dir='ltr'><strong>ad</strong></span> <span class='ocrx_word' id='word_1_410' title='bbox 2702 2690 2968 2743; x_wconf 72' lang='lat' dir='ltr'><strong>dexteram</strong></span> <span class='ocrx_word' id='word_1_411' title='bbox 3003 2683 3229 2746; x_wconf 77' lang='lat' dir='ltr'><strong>virtutis,</strong></span> <span class='ocrx_word' id='word_1_412' title='bbox 3257 2688 3303 2734; x_wconf 89' lang='lat' dir='ltr'><strong>et</strong></span> <span class='ocrx_word' id='word_1_413' title='bbox 3339 2695 3425 2735; x_wconf 76' lang='lat' dir='ltr'><strong>va-</strong></span> 
     </span>
    </p>
   </div>
   <div class='ocr_carea' id='block_1_58' title="bbox 1831 2770 3423 2850">
    <p class='ocr_par' dir='ltr' id='par_1_58' title="bbox 1831 2770 3423 2850">
     <span class='ocr_line' id='line_1_58' title="bbox 1831 2770 3423 2850; baseline -0.009 -8"><span class='ocrx_word' id='word_1_414' title='bbox 1831 2790 2053 2845; x_wconf 81' lang='lat' dir='ltr'><strong>nientem</strong></span> <span class='ocrx_word' id='word_1_415' title='bbox 2068 2790 2122 2841; x_wconf 86' lang='lat' dir='ltr'><strong>in</strong></span> <span class='ocrx_word' id='word_1_416' title='bbox 2151 2786 2368 2849; x_wconf 81' lang='lat' dir='ltr'><strong>nubibus</strong></span> <span class='ocrx_word' id='word_1_417' title='bbox 2392 2786 2508 2839; x_wconf 75' lang='grc' dir='ltr'><strong>σαιιὶ</strong></span> <span class='ocrx_word' id='word_1_418' title='bbox 2532 2780 2753 2850; x_wconf 72' lang='lat' dir='ltr'><strong>(Matth.</strong></span> <span class='ocrx_word' id='word_1_419' title='bbox 2778 2792 2923 2841; x_wconf 78' lang='lat' dir='ltr'><strong>xxvi,</strong></span> <span class='ocrx_word' id='word_1_420' title='bbox 2943 2775 3060 2843; x_wconf 62' lang='lat'><strong>68)?</strong></span> <span class='ocrx_word' id='word_1_421' title='bbox 3089 2774 3155 2828; x_wconf 83' lang='lat' dir='ltr'><strong>Et</strong></span> <span class='ocrx_word' id='word_1_422' title='bbox 3173 2772 3279 2825; x_wconf 85' lang='lat' dir='ltr'><strong>alio</strong></span> <span class='ocrx_word' id='word_1_423' title='bbox 3302 2770 3423 2832; x_wconf 77' lang='lat' dir='ltr'><strong>loco</strong></span> 
     </span>
    </p>
   </div>
   <div class='ocr_carea' id='block_1_59' title="bbox 1832 2860 3423 2937">
    <p class='ocr_par' dir='ltr' id='par_1_59' title="bbox 1832 2860 3423 2937">
     <span class='ocr_line' id='line_1_59' title="bbox 1832 2860 3423 2937; baseline -0.013 -3"><span class='ocrx_word' id='word_1_424' title='bbox 1832 2880 2033 2937; x_wconf 91' lang='lat' dir='ltr'><strong>dicitur</strong></span> <span class='ocrx_word' id='word_1_425' title='bbox 2075 2894 2181 2935; x_wconf 89' lang='lat' dir='ltr'><strong>non</strong></span> <span class='ocrx_word' id='word_1_426' title='bbox 2206 2880 2418 2937; x_wconf 81' lang='lat' dir='ltr'><strong>visuros</strong></span> <span class='ocrx_word' id='word_1_427' title='bbox 2460 2875 2767 2930; x_wconf 82' lang='lat' dir='ltr'><strong>venientem</strong></span> <span class='ocrx_word' id='word_1_428' title='bbox 2797 2870 2851 2925; x_wconf 90' lang='lat' dir='ltr'><strong>in</strong></span> <span class='ocrx_word' id='word_1_429' title='bbox 2883 2866 3115 2922; x_wconf 85' lang='lat' dir='ltr'><strong>nubibus</strong></span> <span class='ocrx_word' id='word_1_430' title='bbox 3143 2862 3288 2929; x_wconf 66' lang='lat' dir='ltr'><strong>catli,</strong></span> <span class='ocrx_word' id='word_1_431' title='bbox 3319 2860 3423 2916; x_wconf 85' lang='lat' dir='ltr'><strong>nisi</strong></span> 
     </span>
    </p>
   </div>
   <div class='ocr_carea' id='block_1_60' title="bbox 203 2952 3422 3035">
    <p class='ocr_par' dir='ltr' id='par_1_60' title="bbox 203 2952 3422 3035">
     <span class='ocr_line' id='line_1_60' title="bbox 203 2952 3422 3035; baseline -0.005 -16"><span class='ocrx_word' id='word_1_432' title='bbox 203 2967 318 3021; x_wconf 84' lang='lat' dir='ltr'><strong>lnt.</strong></span> <span class='ocrx_word' id='word_1_433' title='bbox 370 2966 548 3021; x_wconf 82' lang='lat' dir='ltr'><strong>Justis</strong></span> <span class='ocrx_word' id='word_1_434' title='bbox 576 2966 905 3035; x_wconf 85' lang='lat' dir='ltr'><strong>promittitur</strong></span> <span class='ocrx_word' id='word_1_435' title='bbox 942 2978 1164 3035; x_wconf 80' lang='lat' dir='ltr'><strong>regnum</strong></span> <span class='ocrx_word' id='word_1_436' title='bbox 1205 2962 1487 3030; x_wconf 63' lang='lat' dir='ltr'><strong>caelorum,</strong></span> <span class='ocrx_word' id='word_1_437' title='bbox 1520 2972 1571 3016; x_wconf 86' lang='lat' dir='ltr'><strong>et</strong></span> <span class='ocrx_word' id='word_1_438' title='bbox 1596 2976 1730 3030; x_wconf 62' lang='lat' dir='ltr'><strong>quoo</strong></span> <span class='ocrx_word' id='word_1_439' title='bbox 1834 2970 1886 3023; x_wconf 78' lang='lat' dir='ltr'><strong>in</strong></span> <span class='ocrx_word' id='word_1_440' title='bbox 1940 2969 2235 3023; x_wconf 72' lang='lat' dir='ltr'><strong>novissimo</strong></span> <span class='ocrx_word' id='word_1_441' title='bbox 2282 2976 2490 3025; x_wconf 72' lang='lat' dir='ltr'><strong>tantum</strong></span> <span class='ocrx_word' id='word_1_442' title='bbox 2530 2964 2617 3023; x_wconf 84' lang='lat' dir='ltr'><strong>die</strong></span> <span class='ocrx_word' id='word_1_443' title='bbox 2667 2961 2967 3033; x_wconf 85' lang='lat' dir='ltr'><strong>plangentes</strong></span> <span class='ocrx_word' id='word_1_444' title='bbox 3027 2970 3202 3009; x_wconf 83' lang='lat' dir='ltr'><strong>omnes</strong></span> <span class='ocrx_word' id='word_1_445' title='bbox 3260 2952 3422 3011; x_wconf 69' lang='lat' dir='ltr'><strong>tribus</strong></span> 
     </span>
    </p>
   </div>
   <div class='ocr_carea' id='block_1_61' title="bbox 129 3034 3424 3125">
    <p class='ocr_par' dir='ltr' id='par_1_61' title="bbox 129 3034 3424 3125">
     <span class='ocr_line' id='line_1_61' title="bbox 129 3034 3424 3125; baseline -0.005 -13"><span class='ocrx_word' id='word_1_446' title='bbox 129 3060 288 3112; x_wconf 88' lang='lat' dir='ltr'><strong>modo</strong></span> <span class='ocrx_word' id='word_1_447' title='bbox 335 3059 507 3113; x_wconf 90' lang='lat' dir='ltr'><strong>etiam</strong></span> <span class='ocrx_word' id='word_1_448' title='bbox 544 3058 642 3110; x_wconf 87' lang='lat' dir='ltr'><strong>hoc</strong></span> <span class='ocrx_word' id='word_1_449' title='bbox 682 3059 915 3111; x_wconf 87' lang='lat' dir='ltr'><strong>dicitur:</strong></span> <span class='ocrx_word' id='word_1_450' title='bbox 949 3034 1204 3121; x_wconf 78' lang='lat' dir='ltr'><strong>Quoniam</strong></span> <span class='ocrx_word' id='word_1_451' title='bbox 1250 3055 1351 3125; x_wconf 84' lang='lat' dir='ltr'><strong>ipsi</strong></span> <span class='ocrx_word' id='word_1_452' title='bbox 1396 3052 1727 3121; x_wconf 75' lang='lat' dir='ltr'><strong>possidebunt</strong></span> <span class='ocrx_word' id='word_1_453' title='bbox 1758 3034 1804 3097; x_wconf 66' lang='grc' dir='ltr'><strong>(ἶ</strong></span> <span class='ocrx_word' id='word_1_454' title='bbox 1836 3069 2006 3125; x_wconf 52' lang='grc' dir='ltr'><strong>εει-τω,</strong></span> <span class='ocrx_word' id='word_1_455' title='bbox 2032 3071 2077 3113; x_wconf 76' lang='grc' dir='ltr'><strong>ει</strong></span> <span class='ocrx_word' id='word_1_456' title='bbox 2110 3074 2229 3112; x_wconf 71' lang='lat' dir='ltr'><strong>mm;</strong></span> <span class='ocrx_word' id='word_1_457' title='bbox 2255 3059 2494 3112; x_wconf 65' lang='lat' dir='ltr'><strong>videbam</strong></span> <span class='ocrx_word' id='word_1_458' title='bbox 2522 3054 2721 3119; x_wconf 62' lang='lat' dir='ltr'><strong>Filium</strong></span> <span class='ocrx_word' id='word_1_459' title='bbox 2751 3052 2971 3109; x_wconf 71' lang='lat' dir='ltr'><strong>hominis</strong></span> <span class='ocrx_word' id='word_1_460' title='bbox 2992 3050 3046 3104; x_wconf 81' lang='lat' dir='ltr'><strong>in</strong></span> <span class='ocrx_word' id='word_1_461' title='bbox 3067 3046 3289 3107; x_wconf 63' lang='lat' dir='ltr'><strong>nubibus</strong></span> <span class='ocrx_word' id='word_1_462' title='bbox 3310 3045 3424 3109; x_wconf 68' lang='lat' dir='ltr'><strong>cali</strong></span> 
     </span>
    </p>
   </div>
   <div class='ocr_carea' id='block_1_62' title="bbox 130 3146 807 3221">
    <p class='ocr_par' dir='ltr' id='par_1_62' title="bbox 130 3146 807 3221">
     <span class='ocr_line' id='line_1_62' title="bbox 130 3146 807 3221; baseline -0.003 -19"><span class='ocrx_word' id='word_1_463' title='bbox 130 3159 317 3205; x_wconf 85' lang='lat' dir='ltr'><strong>terram</strong></span> <span class='ocrx_word' id='word_1_464' title='bbox 350 3146 587 3221; x_wconf 85' lang='lat' dir='ltr'><strong>(Matth.</strong></span> <span class='ocrx_word' id='word_1_465' title='bbox 620 3164 673 3211; x_wconf 92' lang='lat' dir='ltr'><strong>v,</strong></span> <span class='ocrx_word' id='word_1_466' title='bbox 708 3147 807 3217; x_wconf 65' lang='lat'><strong>4)?</strong></span> 
     </span>
    </p>
   </div>
   <div class='ocr_carea' id='block_1_63' title="bbox 196 3235 1730 3313">
    <p class='ocr_par' dir='ltr' id='par_1_63' title="bbox 196 3235 1730 3313">
     <span class='ocr_line' id='line_1_63' title="bbox 196 3235 1730 3313; baseline -0.007 -17"><span class='ocrx_word' id='word_1_467' title='bbox 196 3243 367 3313; x_wconf 83' lang='lat' dir='ltr'><strong>Resp.</strong></span> <span class='ocrx_word' id='word_1_468' title='bbox 400 3238 543 3307; x_wconf 87' lang='lat' dir='ltr'><strong>Quia</strong></span> <span class='ocrx_word' id='word_1_469' title='bbox 575 3253 760 3290; x_wconf 87' lang='lat' dir='ltr'><strong>novum</strong></span> <span class='ocrx_word' id='word_1_470' title='bbox 791 3238 974 3291; x_wconf 67' lang='lat' dir='ltr'><strong>calum</strong></span> <span class='ocrx_word' id='word_1_471' title='bbox 1003 3247 1049 3290; x_wconf 91' lang='lat' dir='ltr'><strong>et</strong></span> <span class='ocrx_word' id='word_1_472' title='bbox 1072 3254 1199 3291; x_wconf 74' lang='lat' dir='ltr'><strong>nova</strong></span> <span class='ocrx_word' id='word_1_473' title='bbox 1226 3245 1360 3290; x_wconf 88' lang='lat' dir='ltr'><strong>terra</strong></span> <span class='ocrx_word' id='word_1_474' title='bbox 1389 3235 1583 3305; x_wconf 80' lang='lat' dir='ltr'><strong>(Apoc.</strong></span> <span class='ocrx_word' id='word_1_475' title='bbox 1618 3248 1730 3299; x_wconf 73' lang='lat' dir='ltr'><strong>XXI,</strong></span> 
     </span>
    </p>
   </div>
   <div class='ocr_carea' id='block_1_64' title="bbox 127 3327 1734 3407">
    <p class='ocr_par' dir='ltr' id='par_1_64' title="bbox 127 3327 1734 3407">
     <span class='ocr_line' id='line_1_64' title="bbox 127 3327 1734 3407; baseline -0.007 -15"><span class='ocrx_word' id='word_1_476' title='bbox 127 3336 185 3407; x_wconf 73' lang='grc'><strong>1)</strong></span> <span class='ocrx_word' id='word_1_477' title='bbox 221 3338 276 3391; x_wconf 90' lang='lat' dir='ltr'><strong>in</strong></span> <span class='ocrx_word' id='word_1_478' title='bbox 332 3337 522 3387; x_wconf 83' lang='lat' dir='ltr'><strong>futuro</strong></span> <span class='ocrx_word' id='word_1_479' title='bbox 552 3331 1150 3401; x_wconf 85' lang='lat' dir='ltr'><strong>repromittiturjustis,</strong></span> <span class='ocrx_word' id='word_1_480' title='bbox 1198 3339 1255 3383; x_wconf 91' lang='lat' dir='ltr'><strong>ut</strong></span> <span class='ocrx_word' id='word_1_481' title='bbox 1282 3339 1407 3383; x_wconf 89' lang='lat' dir='ltr'><strong>tunc</strong></span> <span class='ocrx_word' id='word_1_482' title='bbox 1452 3343 1573 3383; x_wconf 88' lang='lat' dir='ltr'><strong>cum</strong></span> <span class='ocrx_word' id='word_1_483' title='bbox 1621 3327 1734 3382; x_wconf 90' lang='lat' dir='ltr'><strong>Deo</strong></span> 
     </span>
    </p>
   </div>
   <div class='ocr_carea' id='block_1_65' title="bbox 124 3422 1175 3496">
    <p class='ocr_par' dir='ltr' id='par_1_65' title="bbox 124 3422 1175 3496">
     <span class='ocr_line' id='line_1_65' title="bbox 124 3422 1175 3496; baseline -0.009 -11"><span class='ocrx_word' id='word_1_484' title='bbox 124 3432 269 3485; x_wconf 87' lang='lat' dir='ltr'><strong>sicut</strong></span> <span class='ocrx_word' id='word_1_485' title='bbox 296 3425 490 3496; x_wconf 84' lang='lat' dir='ltr'><strong>angeli</strong></span> <span class='ocrx_word' id='word_1_486' title='bbox 523 3438 815 3494; x_wconf 84' lang='lat' dir='ltr'><strong>utrumque</strong></span> <span class='ocrx_word' id='word_1_487' title='bbox 846 3422 1175 3495; x_wconf 85' lang='lat' dir='ltr'><strong>possideant.</strong></span> 
     </span>
    </p>
   </div>
   <div class='ocr_carea' id='block_1_66' title="bbox 192 3512 1737 3585">
    <p class='ocr_par' dir='ltr' id='par_1_66' title="bbox 192 3512 1737 3585">
     <span class='ocr_line' id='line_1_66' title="bbox 192 3512 1737 3585; baseline -0.006 -11"><span class='ocrx_word' id='word_1_488' title='bbox 192 3519 310 3574; x_wconf 87' lang='lat' dir='ltr'><strong>Int.</strong></span> <span class='ocrx_word' id='word_1_489' title='bbox 345 3517 492 3573; x_wconf 90' lang='lat' dir='ltr'><strong>Cum</strong></span> <span class='ocrx_word' id='word_1_490' title='bbox 521 3517 666 3569; x_wconf 83' lang='lat' dir='ltr'><strong>dicat</strong></span> <span class='ocrx_word' id='word_1_491' title='bbox 694 3515 963 3577; x_wconf 78' lang='lat' dir='ltr'><strong>Salvator,</strong></span> <span class='ocrx_word' id='word_1_492' title='bbox 994 3514 1189 3585; x_wconf 82' lang='lat' dir='ltr'><strong>Tyrum</strong></span> <span class='ocrx_word' id='word_1_493' title='bbox 1218 3523 1274 3567; x_wconf 77' lang='lat' dir='ltr'><strong>et</strong></span> <span class='ocrx_word' id='word_1_494' title='bbox 1296 3513 1543 3573; x_wconf 73' lang='lat' dir='ltr'><strong>Sidonem</strong></span> <span class='ocrx_word' id='word_1_495' title='bbox 1569 3512 1737 3581; x_wconf 64' lang='lat' dir='ltr'><strong>pinni-</strong></span> 
     </span>
    </p>
   </div>
   <div class='ocr_carea' id='block_1_67' title="bbox 126 3606 1737 3687">
    <p class='ocr_par' dir='ltr' id='par_1_67' title="bbox 126 3606 1737 3687">
     <span class='ocr_line' id='line_1_67' title="bbox 126 3606 1737 3687; baseline -0.006 -21"><span class='ocrx_word' id='word_1_496' title='bbox 126 3616 347 3668; x_wconf 86' lang='lat' dir='ltr'><strong>tentiam</strong></span> <span class='ocrx_word' id='word_1_497' title='bbox 392 3626 550 3687; x_wconf 82' lang='lat' dir='ltr'><strong>agere</strong></span> <span class='ocrx_word' id='word_1_498' title='bbox 583 3608 814 3681; x_wconf 81' lang='lat' dir='ltr'><strong>(Matth.</strong></span> <span class='ocrx_word' id='word_1_499' title='bbox 849 3623 923 3672; x_wconf 75' lang='grc' dir='ltr'>ιιι,</span> <span class='ocrx_word' id='word_1_500' title='bbox 946 3606 1009 3669; x_wconf 74' lang='grc'><strong>21</strong></span> <span class='ocrx_word' id='word_1_501' title='bbox 1038 3607 1058 3679; x_wconf 96' lang='grc'>)</span> <span class='ocrx_word' id='word_1_502' title='bbox 1089 3608 1349 3677; x_wconf 85' lang='lat' dir='ltr'><strong>potuisse,</strong></span> <span class='ocrx_word' id='word_1_503' title='bbox 1386 3608 1431 3659; x_wconf 79' lang='lat' dir='ltr'><strong>si</strong></span> <span class='ocrx_word' id='word_1_504' title='bbox 1461 3606 1514 3660; x_wconf 90' lang='lat' dir='ltr'><strong>in</strong></span> <span class='ocrx_word' id='word_1_505' title='bbox 1549 3607 1626 3661; x_wconf 90' lang='lat' dir='ltr'><strong>eis</strong></span> <span class='ocrx_word' id='word_1_506' title='bbox 1657 3606 1737 3658; x_wconf 87' lang='lat' dir='ltr'><strong>di-</strong></span> 
     </span>
    </p>
   </div>
   <div class='ocr_carea' id='block_1_68' title="bbox 125 3701 1737 3773">
    <p class='ocr_par' dir='ltr' id='par_1_68' title="bbox 125 3701 1737 3773">
     <span class='ocr_line' id='line_1_68' title="bbox 125 3701 1737 3773; baseline -0.004 -15"><span class='ocrx_word' id='word_1_507' title='bbox 125 3708 385 3760; x_wconf 87' lang='lat' dir='ltr'><strong>vinarum</strong></span> <span class='ocrx_word' id='word_1_508' title='bbox 442 3701 823 3771; x_wconf 70' lang='lat' dir='ltr'><strong>apparuissent</strong></span> <span class='ocrx_word' id='word_1_509' title='bbox 867 3702 1017 3773; x_wconf 86' lang='lat' dir='ltr'><strong>signa</strong></span> <span class='ocrx_word' id='word_1_510' title='bbox 1064 3701 1365 3753; x_wconf 86' lang='lat' dir='ltr'><strong>virtutum:</strong></span> <span class='ocrx_word' id='word_1_511' title='bbox 1406 3708 1737 3768; x_wconf 80' lang='lat' dir='ltr'><strong>quapmpter</strong></span> 
     </span>
    </p>
   </div>
   <div class='ocr_carea' id='block_1_69' title="bbox 122 3788 1735 3862">
    <p class='ocr_par' dir='ltr' id='par_1_69' title="bbox 122 3788 1735 3862">
     <span class='ocr_line' id='line_1_69' title="bbox 122 3788 1735 3862; baseline -0.007 -9"><span class='ocrx_word' id='word_1_512' title='bbox 122 3798 235 3854; x_wconf 89' lang='lat' dir='ltr'><strong>illic</strong></span> <span class='ocrx_word' id='word_1_513' title='bbox 266 3798 423 3851; x_wconf 80' lang='lat' dir='ltr'><strong>facta</strong></span> <span class='ocrx_word' id='word_1_514' title='bbox 459 3808 567 3847; x_wconf 92' lang='lat' dir='ltr'><strong>non</strong></span> <span class='ocrx_word' id='word_1_515' title='bbox 600 3800 746 3858; x_wconf 90' lang='lat' dir='ltr'><strong>sunt,</strong></span> <span class='ocrx_word' id='word_1_516' title='bbox 789 3808 908 3862; x_wconf 84' lang='lat' dir='ltr'><strong>quae</strong></span> <span class='ocrx_word' id='word_1_517' title='bbox 951 3793 1184 3845; x_wconf 85' lang='lat' dir='ltr'><strong>salutem</strong></span> <span class='ocrx_word' id='word_1_518' title='bbox 1216 3789 1443 3845; x_wconf 84' lang='lat' dir='ltr'><strong>fuissent</strong></span> <span class='ocrx_word' id='word_1_519' title='bbox 1472 3788 1735 3844; x_wconf 90' lang='lat' dir='ltr'><strong>credenti-</strong></span> 
     </span>
    </p>
   </div>
   <div class='ocr_carea' id='block_1_70' title="bbox 126 3885 544 3944">
    <p class='ocr_par' dir='ltr' id='par_1_70' title="bbox 126 3885 544 3944">
     <span class='ocr_line' id='line_1_70' title="bbox 126 3885 544 3944; baseline -0.017 -2"><span class='ocrx_word' id='word_1_520' title='bbox 126 3887 226 3944; x_wconf 84' lang='lat' dir='ltr'><strong>bus</strong></span> <span class='ocrx_word' id='word_1_521' title='bbox 259 3885 544 3943; x_wconf 83' lang='lat' dir='ltr'><strong>allatura?</strong></span> 
     </span>
    </p>
   </div>
   <div class='ocr_carea' id='block_1_71' title="bbox 195 3971 1741 4051">
    <p class='ocr_par' dir='ltr' id='par_1_71' title="bbox 195 3971 1741 4051">
     <span class='ocr_line' id='line_1_71' title="bbox 195 3971 1741 4051; baseline -0.007 -16"><span class='ocrx_word' id='word_1_522' title='bbox 195 3980 367 4051; x_wconf 86' lang='lat' dir='ltr'><strong>Resp.</strong></span> <span class='ocrx_word' id='word_1_523' title='bbox 403 3977 545 4044; x_wconf 82' lang='lat' dir='ltr'><strong>Quia</strong></span> <span class='ocrx_word' id='word_1_524' title='bbox 573 3974 825 4029; x_wconf 92' lang='lat' dir='ltr'><strong>Dominus</strong></span> <span class='ocrx_word' id='word_1_525' title='bbox 848 3989 911 4029; x_wconf 87' lang='lat' dir='ltr'><strong>ac</strong></span> <span class='ocrx_word' id='word_1_526' title='bbox 928 3973 1179 4030; x_wconf 81' lang='lat' dir='ltr'><strong>Salvator</strong></span> <span class='ocrx_word' id='word_1_527' title='bbox 1202 3987 1297 4041; x_wconf 92' lang='lat' dir='ltr'><strong>pro</strong></span> <span class='ocrx_word' id='word_1_528' title='bbox 1320 3972 1501 4027; x_wconf 86' lang='lat' dir='ltr'><strong>divina</strong></span> <span class='ocrx_word' id='word_1_529' title='bbox 1526 3971 1741 4040; x_wconf 79' lang='lat' dir='ltr'><strong>dispen-</strong></span> 
     </span>
    </p>
   </div>
   <div class='ocr_carea' id='block_1_72' title="bbox 125 4066 1740 4136">
    <p class='ocr_par' dir='ltr' id='par_1_72' title="bbox 125 4066 1740 4136">
     <span class='ocr_line' id='line_1_72' title="bbox 125 4066 1740 4136; baseline -0.007 -7"><span class='ocrx_word' id='word_1_530' title='bbox 125 4077 345 4130; x_wconf 82' lang='lat' dir='ltr'><strong>satione</strong></span> <span class='ocrx_word' id='word_1_531' title='bbox 379 4089 491 4126; x_wconf 85' lang='lat' dir='ltr'><strong>non</strong></span> <span class='ocrx_word' id='word_1_532' title='bbox 518 4079 742 4136; x_wconf 85' lang='lat' dir='ltr'><strong>venerat,</strong></span> <span class='ocrx_word' id='word_1_533' title='bbox 776 4070 877 4122; x_wconf 83' lang='lat' dir='ltr'><strong>nisi</strong></span> <span class='ocrx_word' id='word_1_534' title='bbox 903 4070 970 4121; x_wconf 87' lang='lat' dir='ltr'><strong>ad</strong></span> <span class='ocrx_word' id='word_1_535' title='bbox 998 4085 1111 4122; x_wconf 85' lang='lat' dir='ltr'><strong>oves</strong></span> <span class='ocrx_word' id='word_1_536' title='bbox 1144 4082 1259 4135; x_wconf 81' lang='lat' dir='ltr'><strong>qua:</strong></span> <span class='ocrx_word' id='word_1_537' title='bbox 1282 4069 1535 4135; x_wconf 82' lang='lat' dir='ltr'><strong>perierant</strong></span> <span class='ocrx_word' id='word_1_538' title='bbox 1559 4066 1740 4118; x_wconf 84' lang='lat' dir='ltr'><strong>domus</strong></span> 
     </span>
    </p>
   </div>
   <div class='ocr_carea' id='block_1_73' title="bbox 126 4159 1740 4235">
    <p class='ocr_par' dir='ltr' id='par_1_73' title="bbox 126 4159 1740 4235">
     <span class='ocr_line' id='line_1_73' title="bbox 126 4159 1740 4235; baseline -0.006 -17"><span class='ocrx_word' id='word_1_539' title='bbox 126 4164 300 4222; x_wconf 84' lang='lat' dir='ltr'><strong>Israel</strong></span> <span class='ocrx_word' id='word_1_540' title='bbox 350 4163 593 4235; x_wconf 69' lang='lat' dir='ltr'><strong>(Matth.</strong></span> <span class='ocrx_word' id='word_1_541' title='bbox 628 4178 717 4226; x_wconf 87' lang='lat' dir='ltr'><strong>xv,</strong></span> <span class='ocrx_word' id='word_1_542' title='bbox 767 4160 893 4230; x_wconf 69' lang='grc'><strong>24).</strong></span> <span class='ocrx_word' id='word_1_543' title='bbox 944 4161 1010 4215; x_wconf 88' lang='lat' dir='ltr'><strong>Et</strong></span> <span class='ocrx_word' id='word_1_544' title='bbox 1040 4160 1168 4231; x_wconf 88' lang='lat' dir='ltr'><strong>quid</strong></span> <span class='ocrx_word' id='word_1_545' title='bbox 1200 4159 1343 4230; x_wconf 87' lang='lat' dir='ltr'><strong>quod</strong></span> <span class='ocrx_word' id='word_1_546' title='bbox 1376 4176 1481 4213; x_wconf 87' lang='lat' dir='ltr'><strong>non</strong></span> <span class='ocrx_word' id='word_1_547' title='bbox 1513 4166 1740 4212; x_wconf 85' lang='lat' dir='ltr'><strong>venerat</strong></span> 
     </span>
    </p>
   </div>
   <div class='ocr_carea' id='block_1_74' title="bbox 126 4252 1743 4321">
    <p class='ocr_par' dir='ltr' id='par_1_74' title="bbox 126 4252 1743 4321">
     <span class='ocr_line' id='line_1_74' title="bbox 126 4252 1743 4321; baseline -0.008 -8"><span class='ocrx_word' id='word_1_548' title='bbox 126 4260 227 4314; x_wconf 90' lang='lat' dir='ltr'><strong>nisi</strong></span> <span class='ocrx_word' id='word_1_549' title='bbox 253 4260 327 4314; x_wconf 88' lang='lat' dir='ltr'><strong>ad</strong></span> <span class='ocrx_word' id='word_1_550' title='bbox 356 4272 501 4313; x_wconf 90' lang='lat' dir='ltr'><strong>oves</strong></span> <span class='ocrx_word' id='word_1_551' title='bbox 521 4255 715 4310; x_wconf 90' lang='lat' dir='ltr'><strong>domus</strong></span> <span class='ocrx_word' id='word_1_552' title='bbox 742 4253 902 4308; x_wconf 91' lang='lat' dir='ltr'><strong>Israel</strong></span> <span class='ocrx_word' id='word_1_553' title='bbox 923 4253 945 4305; x_wconf 78' lang='lat' dir='ltr'><strong>&#39;l</strong></span> <span class='ocrx_word' id='word_1_554' title='bbox 966 4253 1101 4319; x_wconf 86' lang='lat' dir='ltr'><strong>Quia</strong></span> <span class='ocrx_word' id='word_1_555' title='bbox 1124 4252 1264 4305; x_wconf 89' lang='lat' dir='ltr'><strong>inter</strong></span> <span class='ocrx_word' id='word_1_556' title='bbox 1292 4252 1526 4321; x_wconf 87' lang='lat' dir='ltr'><strong>reliquas</strong></span> <span class='ocrx_word' id='word_1_557' title='bbox 1554 4264 1743 4316; x_wconf 87' lang='lat' dir='ltr'><strong>usque-</strong></span> 
     </span>
    </p>
   </div>
   <div class='ocr_carea' id='block_1_75' title="bbox 124 4342 1737 4424">
    <p class='ocr_par' dir='ltr' id='par_1_75' title="bbox 124 4342 1737 4424">
     <span class='ocr_line' id='line_1_75' title="bbox 124 4342 1737 4424; baseline -0.01 -15"><span class='ocrx_word' id='word_1_558' title='bbox 124 4370 346 4424; x_wconf 86' lang='lat' dir='ltr'><strong>quaque</strong></span> <span class='ocrx_word' id='word_1_559' title='bbox 374 4350 634 4407; x_wconf 88' lang='lat' dir='ltr'><strong>nationes</strong></span> <span class='ocrx_word' id='word_1_560' title='bbox 661 4348 948 4418; x_wconf 91' lang='lat' dir='ltr'><strong>specialius</strong></span> <span class='ocrx_word' id='word_1_561' title='bbox 971 4362 1136 4400; x_wconf 90' lang='lat' dir='ltr'><strong>unum</strong></span> <span class='ocrx_word' id='word_1_562' title='bbox 1160 4345 1325 4399; x_wconf 86' lang='lat' dir='ltr'><strong>Israel</strong></span> <span class='ocrx_word' id='word_1_563' title='bbox 1358 4345 1524 4399; x_wconf 89' lang='lat' dir='ltr'><strong>Deutn</strong></span> <span class='ocrx_word' id='word_1_564' title='bbox 1549 4342 1737 4397; x_wconf 89' lang='lat' dir='ltr'><strong>coluit:</strong></span> 
     </span>
    </p>
   </div>
   <div class='ocr_carea' id='block_1_76' title="bbox 1836 3151 2441 3223">
    <p class='ocr_par' dir='ltr' id='par_1_76' title="bbox 1836 3151 2441 3223">
     <span class='ocr_line' id='line_1_76' title="bbox 1836 3151 2441 3223; baseline -0.008 -15"><span class='ocrx_word' id='word_1_565' title='bbox 1836 3151 2069 3223; x_wconf 68' lang='lat' dir='ltr'><strong>(Matth.</strong></span> <span class='ocrx_word' id='word_1_566' title='bbox 2102 3167 2260 3216; x_wconf 80' lang='lat' dir='ltr'><strong>xxiv,</strong></span> <span class='ocrx_word' id='word_1_567' title='bbox 2291 3151 2441 3219; x_wconf 77' lang='lat'><strong>30)?</strong></span> 
     </span>
    </p>
   </div>
   <div class='ocr_carea' id='block_1_77' title="bbox 1907 3228 3423 3315">
    <p class='ocr_par' dir='ltr' id='par_1_77' title="bbox 1907 3228 3423 3315">
     <span class='ocr_line' id='line_1_77' title="bbox 1907 3228 3423 3315; baseline -0.01 -15"><span class='ocrx_word' id='word_1_568' title='bbox 1907 3244 2067 3315; x_wconf 65' lang='lat' dir='ltr'><strong>Resp.</strong></span> <span class='ocrx_word' id='word_1_569' title='bbox 2096 3243 2235 3312; x_wconf 83' lang='lat' dir='ltr'><strong>Quia</strong></span> <span class='ocrx_word' id='word_1_570' title='bbox 2261 3245 2316 3299; x_wconf 89' lang='lat' dir='ltr'><strong>in</strong></span> <span class='ocrx_word' id='word_1_571' title='bbox 2354 3243 2456 3296; x_wconf 86' lang='lat' dir='ltr'><strong>hoc</strong></span> <span class='ocrx_word' id='word_1_572' title='bbox 2490 3240 2664 3311; x_wconf 81' lang='lat' dir='ltr'><strong>primo</strong></span> <span class='ocrx_word' id='word_1_573' title='bbox 2698 3233 2977 3307; x_wconf 85' lang='lat' dir='ltr'><strong>corporis,</strong></span> <span class='ocrx_word' id='word_1_574' title='bbox 3009 3234 3064 3291; x_wconf 94' lang='lat' dir='ltr'><strong>id</strong></span> <span class='ocrx_word' id='word_1_575' title='bbox 3100 3242 3206 3300; x_wconf 83' lang='lat' dir='ltr'><strong>est,</strong></span> <span class='ocrx_word' id='word_1_576' title='bbox 3237 3228 3423 3289; x_wconf 77' lang='lat' dir='ltr'><strong>Eccle-</strong></span> 
     </span>
    </p>
   </div>
   <div class='ocr_carea' id='block_1_78' title="bbox 1836 3323 3423 3402">
    <p class='ocr_par' dir='ltr' id='par_1_78' title="bbox 1836 3323 3423 3402">
     <span class='ocr_line' id='line_1_78' title="bbox 1836 3323 3423 3402; baseline -0.01 -9"><span class='ocrx_word' id='word_1_577' title='bbox 1836 3338 1933 3393; x_wconf 84' lang='lat' dir='ltr'><strong>siae</strong></span> <span class='ocrx_word' id='word_1_578' title='bbox 1970 3339 2207 3393; x_wconf 88' lang='lat' dir='ltr'><strong>adventu</strong></span> <span class='ocrx_word' id='word_1_579' title='bbox 2256 3334 2605 3391; x_wconf 85' lang='lat' dir='ltr'><strong>annuntiatur</strong></span> <span class='ocrx_word' id='word_1_580' title='bbox 2649 3347 2747 3402; x_wconf 83' lang='lat' dir='ltr'><strong>per</strong></span> <span class='ocrx_word' id='word_1_581' title='bbox 2788 3327 3282 3393; x_wconf 80' lang='lat' dir='ltr'><strong>manifestationem</strong></span> <span class='ocrx_word' id='word_1_582' title='bbox 3311 3323 3423 3379; x_wconf 86' lang='lat' dir='ltr'><strong>cla-</strong></span> 
     </span>
    </p>
   </div>
   <div class='ocr_carea' id='block_1_79' title="bbox 1836 3415 3424 3498">
    <p class='ocr_par' dir='ltr' id='par_1_79' title="bbox 1836 3415 3424 3498">
     <span class='ocr_line' id='line_1_79' title="bbox 1836 3415 3424 3498; baseline -0.008 -15"><span class='ocrx_word' id='word_1_583' title='bbox 1836 3428 2161 3498; x_wconf 85' lang='lat' dir='ltr'><strong>ritatetnque</strong></span> <span class='ocrx_word' id='word_1_584' title='bbox 2203 3430 2479 3496; x_wconf 69' lang='lat' dir='ltr'><strong>signorum</strong></span> <span class='ocrx_word' id='word_1_585' title='bbox 2505 3442 2519 3479; x_wconf 89' lang='lat'><strong>:</strong></span> <span class='ocrx_word' id='word_1_586' title='bbox 2546 3426 2633 3483; x_wconf 89' lang='lat' dir='ltr'><strong>ille</strong></span> <span class='ocrx_word' id='word_1_587' title='bbox 2662 3438 2792 3479; x_wconf 85' lang='lat' dir='ltr'><strong>vero</strong></span> <span class='ocrx_word' id='word_1_588' title='bbox 2819 3421 2957 3479; x_wconf 83' lang='lat' dir='ltr'><strong>alius</strong></span> <span class='ocrx_word' id='word_1_589' title='bbox 2987 3419 3252 3477; x_wconf 75' lang='lat' dir='ltr'><strong>adventus</strong></span> <span class='ocrx_word' id='word_1_590' title='bbox 3276 3415 3424 3485; x_wconf 82' lang='lat' dir='ltr'><strong>capi-</strong></span> 
     </span>
    </p>
   </div>
   <div class='ocr_carea' id='block_1_80' title="bbox 1839 3512 3426 3589">
    <p class='ocr_par' dir='ltr' id='par_1_80' title="bbox 1839 3512 3426 3589">
     <span class='ocr_line' id='line_1_80' title="bbox 1839 3512 3426 3589; baseline -0.007 -13"><span class='ocrx_word' id='word_1_591' title='bbox 1839 3523 1909 3576; x_wconf 86' lang='lat' dir='ltr'><strong>tis</strong></span> <span class='ocrx_word' id='word_1_592' title='bbox 1949 3530 2054 3586; x_wconf 85' lang='lat' dir='ltr'><strong>est,</strong></span> <span class='ocrx_word' id='word_1_593' title='bbox 2106 3520 2160 3577; x_wconf 93' lang='lat' dir='ltr'><strong>id</strong></span> <span class='ocrx_word' id='word_1_594' title='bbox 2212 3530 2315 3589; x_wconf 77' lang='lat' dir='ltr'><strong>est,</strong></span> <span class='ocrx_word' id='word_1_595' title='bbox 2347 3519 2512 3588; x_wconf 85' lang='lat' dir='ltr'><strong>ipsius</strong></span> <span class='ocrx_word' id='word_1_596' title='bbox 2563 3517 2781 3574; x_wconf 84' lang='lat' dir='ltr'><strong>Christi.</strong></span> <span class='ocrx_word' id='word_1_597' title='bbox 2829 3514 2885 3570; x_wconf 85' lang='lat' dir='ltr'><strong>In</strong></span> <span class='ocrx_word' id='word_1_598' title='bbox 2926 3514 3023 3571; x_wconf 91' lang='lat' dir='ltr'><strong>illo</strong></span> <span class='ocrx_word' id='word_1_599' title='bbox 3063 3512 3299 3569; x_wconf 84' lang='lat' dir='ltr'><strong>adventu</strong></span> <span class='ocrx_word' id='word_1_600' title='bbox 3327 3522 3426 3580; x_wconf 75' lang='lat' dir='ltr'><strong>per</strong></span> 
     </span>
    </p>
   </div>
   <div class='ocr_carea' id='block_1_81' title="bbox 1841 3608 3293 3679">
    <p class='ocr_par' dir='ltr' id='par_1_81' title="bbox 1841 3608 3293 3679">
     <span class='ocr_line' id='line_1_81' title="bbox 1841 3608 3293 3679; baseline -0.006 -8"><span class='ocrx_word' id='word_1_601' title='bbox 1841 3615 2081 3673; x_wconf 83' lang='lat' dir='ltr'><strong>membra</strong></span> <span class='ocrx_word' id='word_1_602' title='bbox 2104 3629 2198 3669; x_wconf 86' lang='lat' dir='ltr'><strong>sua</strong></span> <span class='ocrx_word' id='word_1_603' title='bbox 2222 3613 2468 3671; x_wconf 82' lang='lat' dir='ltr'><strong>Christus</strong></span> <span class='ocrx_word' id='word_1_604' title='bbox 2499 3612 2664 3677; x_wconf 88' lang='lat' dir='ltr'><strong>venit,</strong></span> <span class='ocrx_word' id='word_1_605' title='bbox 2693 3610 2749 3664; x_wconf 90' lang='lat' dir='ltr'><strong>in</strong></span> <span class='ocrx_word' id='word_1_606' title='bbox 2776 3609 2883 3667; x_wconf 88' lang='lat' dir='ltr'><strong>boc</strong></span> <span class='ocrx_word' id='word_1_607' title='bbox 2910 3624 3005 3679; x_wconf 88' lang='lat' dir='ltr'><strong>per</strong></span> <span class='ocrx_word' id='word_1_608' title='bbox 3033 3608 3293 3677; x_wconf 81' lang='lat' dir='ltr'><strong>seipsutn.</strong></span> 
     </span>
    </p>
   </div>
   <div class='ocr_carea' id='block_1_82' title="bbox 2490 3763 2769 3804">
    <p class='ocr_par' dir='ltr' id='par_1_82' title="bbox 2490 3763 2769 3804">
     <span class='ocr_line' id='line_1_82' title="bbox 2490 3763 2769 3804; baseline -0.014 0"><span class='ocrx_word' id='word_1_609' title='bbox 2490 3766 2542 3804; x_wconf 70' lang='lat' dir='ltr'><strong>IN</strong></span> <span class='ocrx_word' id='word_1_610' title='bbox 2572 3763 2769 3804; x_wconf 70' lang='lat' dir='ltr'><strong>IABCO.</strong></span> 
     </span>
    </p>
   </div>
   <div class='ocr_carea' id='block_1_83' title="bbox 1912 3876 3424 3959">
    <p class='ocr_par' dir='ltr' id='par_1_83' title="bbox 1912 3876 3424 3959">
     <span class='ocr_line' id='line_1_83' title="bbox 1912 3876 3424 3959; baseline -0.012 -11"><span class='ocrx_word' id='word_1_611' title='bbox 1912 3891 2021 3948; x_wconf 85' lang='lat' dir='ltr'><strong>Int.</strong></span> <span class='ocrx_word' id='word_1_612' title='bbox 2053 3891 2189 3959; x_wconf 89' lang='lat' dir='ltr'><strong>Quid</strong></span> <span class='ocrx_word' id='word_1_613' title='bbox 2218 3889 2483 3959; x_wconf 84' lang='lat' dir='ltr'><strong>signiﬁcat</strong></span> <span class='ocrx_word' id='word_1_614' title='bbox 2512 3886 2566 3942; x_wconf 91' lang='lat' dir='ltr'><strong>in</strong></span> <span class='ocrx_word' id='word_1_615' title='bbox 2610 3881 2903 3953; x_wconf 75' lang='lat' dir='ltr'><strong>Evangelio</strong></span> <span class='ocrx_word' id='word_1_616' title='bbox 2927 3879 3075 3950; x_wconf 89' lang='lat' dir='ltr'><strong>quod</strong></span> <span class='ocrx_word' id='word_1_617' title='bbox 3114 3877 3285 3933; x_wconf 85' lang='lat' dir='ltr'><strong>dicit:</strong></span> <span class='ocrx_word' id='word_1_618' title='bbox 3322 3876 3424 3943; x_wconf 80' lang='lat' dir='ltr'><strong>Qui</strong></span> 
     </span>
    </p>
   </div>
   <div class='ocr_carea' id='block_1_84' title="bbox 1841 3964 3426 4048">
    <p class='ocr_par' dir='ltr' id='par_1_84' title="bbox 1841 3964 3426 4048">
     <span class='ocr_line' id='line_1_84' title="bbox 1841 3964 3426 4048; baseline -0.013 -8"><span class='ocrx_word' id='word_1_619' title='bbox 1841 3986 1977 4040; x_wconf 83' lang='lat' dir='ltr'><strong>enim</strong></span> <span class='ocrx_word' id='word_1_620' title='bbox 2002 3985 2169 4048; x_wconf 81' lang='lat' dir='ltr'><strong>habet,</strong></span> <span class='ocrx_word' id='word_1_621' title='bbox 2203 3980 2407 4035; x_wconf 83' lang='lat' dir='ltr'><strong>dabitur</strong></span> <span class='ocrx_word' id='word_1_622' title='bbox 2435 3979 2515 4033; x_wconf 85' lang='lat' dir='ltr'><strong>illi</strong></span> <span class='ocrx_word' id='word_1_623' title='bbox 2538 3993 2553 4030; x_wconf 92' lang='lat'><em>:</em></span> <span class='ocrx_word' id='word_1_624' title='bbox 2578 3988 2627 4031; x_wconf 92' lang='lat' dir='ltr'><strong>et</strong></span> <span class='ocrx_word' id='word_1_625' title='bbox 2657 3976 2746 4047; x_wconf 86' lang='lat' dir='ltr'><strong>qui</strong></span> <span class='ocrx_word' id='word_1_626' title='bbox 2783 3990 2886 4028; x_wconf 84' lang='lat' dir='ltr'><strong>non</strong></span> <span class='ocrx_word' id='word_1_627' title='bbox 2913 3971 3087 4039; x_wconf 87' lang='lat' dir='ltr'><strong>habet,</strong></span> <span class='ocrx_word' id='word_1_628' title='bbox 3111 3970 3262 4024; x_wconf 86' lang='lat' dir='ltr'><strong>etiam</strong></span> <span class='ocrx_word' id='word_1_629' title='bbox 3286 3964 3426 4035; x_wconf 75' lang='lat' dir='ltr'><strong>quod</strong></span> 
     </span>
    </p>
   </div>
   <div class='ocr_carea' id='block_1_85' title="bbox 1841 4064 3013 4141">
    <p class='ocr_par' dir='ltr' id='par_1_85' title="bbox 1841 4064 3013 4141">
     <span class='ocr_line' id='line_1_85' title="bbox 1841 4064 3013 4141; baseline -0.009 -12"><span class='ocrx_word' id='word_1_630' title='bbox 1841 4076 2012 4139; x_wconf 77' lang='lat' dir='ltr'><strong>habet,</strong></span> <span class='ocrx_word' id='word_1_631' title='bbox 2042 4079 2300 4141; x_wconf 76' lang='lat' dir='ltr'><strong>auferetur</strong></span> <span class='ocrx_word' id='word_1_632' title='bbox 2323 4073 2385 4124; x_wconf 87' lang='lat' dir='ltr'><strong>ab</strong></span> <span class='ocrx_word' id='word_1_633' title='bbox 2406 4070 2498 4124; x_wconf 83' lang='lat' dir='ltr'><strong>illo</strong></span> <span class='ocrx_word' id='word_1_634' title='bbox 2527 4070 2546 4139; x_wconf 96' lang='lat'><strong>(</strong></span> <span class='ocrx_word' id='word_1_635' title='bbox 2570 4067 2735 4122; x_wconf 78' lang='lat' dir='ltr'><strong>Marc.</strong></span> <span class='ocrx_word' id='word_1_636' title='bbox 2760 4082 2836 4133; x_wconf 79' lang='lat' dir='ltr'><strong>Iv,</strong></span> <span class='ocrx_word' id='word_1_637' title='bbox 2858 4065 2931 4121; x_wconf 71' lang='lat'><strong>25</strong></span> <span class='ocrx_word' id='word_1_638' title='bbox 2951 4064 3013 4135; x_wconf 71' lang='lat' dir='ltr'><strong>)i</strong></span> 
     </span>
    </p>
   </div>
   <div class='ocr_carea' id='block_1_86' title="bbox 1916 4152 3426 4236">
    <p class='ocr_par' dir='ltr' id='par_1_86' title="bbox 1916 4152 3426 4236">
     <span class='ocr_line' id='line_1_86' title="bbox 1916 4152 3426 4236; baseline -0.012 -14"><span class='ocrx_word' id='word_1_639' title='bbox 1916 4169 2072 4236; x_wconf 85' lang='lat' dir='ltr'><strong>Resp.</strong></span> <span class='ocrx_word' id='word_1_640' title='bbox 2109 4164 2269 4219; x_wconf 85' lang='lat' dir='ltr'><strong>Verbi</strong></span> <span class='ocrx_word' id='word_1_641' title='bbox 2292 4162 2483 4233; x_wconf 80' lang='lat' dir='ltr'><strong>gratia,</strong></span> <span class='ocrx_word' id='word_1_642' title='bbox 2512 4170 2571 4213; x_wconf 83' lang='grc' dir='ltr'><strong>ιιι</strong></span> <span class='ocrx_word' id='word_1_643' title='bbox 2596 4160 2642 4214; x_wconf 90' lang='lat' dir='ltr'><strong>si</strong></span> <span class='ocrx_word' id='word_1_644' title='bbox 2664 4160 2823 4213; x_wconf 87' lang='lat' dir='ltr'><strong>ﬁdem</strong></span> <span class='ocrx_word' id='word_1_645' title='bbox 2854 4157 3078 4218; x_wconf 84' lang='lat' dir='ltr'><strong>habens,</strong></span> <span class='ocrx_word' id='word_1_646' title='bbox 3106 4152 3426 4215; x_wconf 79' lang='lat' dir='ltr'><strong>charitatem</strong></span> 
     </span>
    </p>
   </div>
   <div class='ocr_carea' id='block_1_87' title="bbox 1846 4240 3430 4323">
    <p class='ocr_par' dir='ltr' id='par_1_87' title="bbox 1846 4240 3430 4323">
     <span class='ocr_line' id='line_1_87' title="bbox 1846 4240 3430 4323; baseline -0.011 -10"><span class='ocrx_word' id='word_1_647' title='bbox 1846 4275 1952 4315; x_wconf 87' lang='lat' dir='ltr'><strong>non</strong></span> <span class='ocrx_word' id='word_1_648' title='bbox 1994 4259 2209 4322; x_wconf 78' lang='lat' dir='ltr'><strong>habeat,</strong></span> <span class='ocrx_word' id='word_1_649' title='bbox 2239 4259 2398 4310; x_wconf 88' lang='lat' dir='ltr'><strong>etiam</strong></span> <span class='ocrx_word' id='word_1_650' title='bbox 2432 4254 2543 4323; x_wconf 76' lang='lat' dir='ltr'><strong>ipSa</strong></span> <span class='ocrx_word' id='word_1_651' title='bbox 2576 4252 2682 4306; x_wconf 87' lang='lat' dir='ltr'><strong>ﬁde</strong></span> <span class='ocrx_word' id='word_1_652' title='bbox 2711 4258 2923 4314; x_wconf 88' lang='lat' dir='ltr'><strong>careat,</strong></span> <span class='ocrx_word' id='word_1_653' title='bbox 2949 4263 3110 4318; x_wconf 84' lang='lat' dir='ltr'><strong>quam</strong></span> <span class='ocrx_word' id='word_1_654' title='bbox 3150 4246 3284 4299; x_wconf 78' lang='lat' dir='ltr'><strong>forte</strong></span> <span class='ocrx_word' id='word_1_655' title='bbox 3332 4240 3430 4303; x_wconf 88' lang='lat' dir='ltr'><strong>ba-</strong></span> 
     </span>
    </p>
   </div>
   <div class='ocr_carea' id='block_1_88' title="bbox 1847 4335 3427 4413">
    <p class='ocr_par' dir='ltr' id='par_1_88' title="bbox 1847 4335 3427 4413">
     <span class='ocr_line' id='line_1_88' title="bbox 1847 4335 3427 4413; baseline -0.013 -6"><span class='ocrx_word' id='word_1_656' title='bbox 1847 4354 1976 4411; x_wconf 87' lang='lat' dir='ltr'><strong>bere</strong></span> <span class='ocrx_word' id='word_1_657' title='bbox 1999 4352 2303 4407; x_wconf 80' lang='lat' dir='ltr'><strong>videbatur.</strong></span> <span class='ocrx_word' id='word_1_658' title='bbox 2338 4349 2487 4404; x_wconf 90' lang='lat' dir='ltr'><strong>Sicut</strong></span> <span class='ocrx_word' id='word_1_659' title='bbox 2510 4344 2681 4400; x_wconf 70' lang='lat' dir='ltr'><strong>Judtei</strong></span> <span class='ocrx_word' id='word_1_660' title='bbox 2712 4360 2807 4413; x_wconf 81' lang='lat' dir='ltr'><strong>per</strong></span> <span class='ocrx_word' id='word_1_661' title='bbox 2833 4342 3164 4410; x_wconf 83' lang='lat' dir='ltr'><strong>Scripturam</strong></span> <span class='ocrx_word' id='word_1_662' title='bbox 3192 4335 3427 4397; x_wconf 81' lang='lat' dir='ltr'><strong>divinam</strong></span> 
     </span>
    </p>
   </div>
   <div class='ocr_carea' id='block_1_89' title="bbox 124 4418 3431 4521">
    <p class='ocr_par' dir='ltr' id='par_1_89' title="bbox 124 4418 3431 4521">
     <span class='ocr_line' id='line_1_89' title="bbox 124 4418 3431 4521; baseline -0.006 -23"><span class='ocrx_word' id='word_1_663' title='bbox 124 4418 318 4521; x_wconf 60' lang='lat' dir='ltr'><strong>dique,</strong></span> <span class='ocrx_word' id='word_1_664' title='bbox 354 4456 420 4499; x_wconf 87' lang='lat' dir='ltr'><strong>ut</strong></span> <span class='ocrx_word' id='word_1_665' title='bbox 458 4444 530 4495; x_wconf 86' lang='lat' dir='ltr'><strong>ita</strong></span> <span class='ocrx_word' id='word_1_666' title='bbox 565 4440 824 4504; x_wconf 70' lang='lat' dir='ltr'><strong>dixerim,</strong></span> <span class='ocrx_word' id='word_1_667' title='bbox 857 4439 1136 4509; x_wconf 84' lang='lat' dir='ltr'><strong>peculiaris</strong></span> <span class='ocrx_word' id='word_1_668' title='bbox 1164 4435 1262 4490; x_wconf 84' lang='lat' dir='ltr'><strong>Dei</strong></span> <span class='ocrx_word' id='word_1_669' title='bbox 1288 4437 1544 4505; x_wconf 86' lang='lat' dir='ltr'><strong>quondam</strong></span> <span class='ocrx_word' id='word_1_670' title='bbox 1576 4451 1739 4504; x_wconf 83' lang='lat' dir='ltr'><strong>popu-</strong></span> <span class='ocrx_word' id='word_1_671' title='bbox 1768 4418 1821 4479; x_wconf 84' lang='lat' dir='ltr'><strong>D</strong></span> <span class='ocrx_word' id='word_1_672' title='bbox 1850 4461 1953 4498; x_wconf 81' lang='grc' dir='ltr'><strong>ηοη</strong></span> <span class='ocrx_word' id='word_1_673' title='bbox 2003 4441 2367 4513; x_wconf 60' lang='grc' dir='ltr'><strong>ίηωιιίεςηιεε</strong></span> <span class='ocrx_word' id='word_1_674' title='bbox 2413 4436 2715 4501; x_wconf 74' lang='lat' dir='ltr'><strong>Christum,</strong></span> <span class='ocrx_word' id='word_1_675' title='bbox 2762 4433 2921 4488; x_wconf 84' lang='lat' dir='ltr'><strong>etiam</strong></span> <span class='ocrx_word' id='word_1_676' title='bbox 2954 4431 3128 4499; x_wconf 88' lang='lat' dir='ltr'><strong>ipsam</strong></span> <span class='ocrx_word' id='word_1_677' title='bbox 3167 4442 3325 4497; x_wconf 85' lang='lat' dir='ltr'><strong>quam</strong></span> <span class='ocrx_word' id='word_1_678' title='bbox 3371 4440 3431 4487; x_wconf 74' lang='lat' dir='ltr'><strong>se</strong></span> 
     </span>
    </p>
   </div>
   <div class='ocr_carea' id='block_1_90' title="bbox 121 4512 3431 4608">
    <p class='ocr_par' dir='ltr' id='par_1_90' title="bbox 121 4512 3431 4608">
     <span class='ocr_line' id='line_1_90' title="bbox 121 4512 3431 4608; baseline -0.004 -21"><span class='ocrx_word' id='word_1_679' title='bbox 121 4512 337 4607; x_wconf 33' lang='lat' dir='ltr'><strong>lusvfuit</strong></span> <span class='ocrx_word' id='word_1_680' title='bbox 371 4533 579 4606; x_wconf 85' lang='lat' dir='ltr'><strong>(Deut.</strong></span> <span class='ocrx_word' id='word_1_681' title='bbox 610 4546 703 4594; x_wconf 86' lang='lat' dir='ltr'><strong>vtt,</strong></span> <span class='ocrx_word' id='word_1_682' title='bbox 732 4528 820 4598; x_wconf 86' lang='lat'><strong>6),</strong></span> <span class='ocrx_word' id='word_1_683' title='bbox 852 4530 919 4582; x_wconf 92' lang='lat' dir='ltr'><strong>ob</strong></span> <span class='ocrx_word' id='word_1_684' title='bbox 949 4528 1136 4580; x_wconf 88' lang='lat' dir='ltr'><strong>merita</strong></span> <span class='ocrx_word' id='word_1_685' title='bbox 1164 4524 1382 4579; x_wconf 78' lang='lat' dir='ltr'><strong>Abrahtz</strong></span> <span class='ocrx_word' id='word_1_686' title='bbox 1412 4524 1580 4594; x_wconf 86' lang='lat' dir='ltr'><strong>(Gen.</strong></span> <span class='ocrx_word' id='word_1_687' title='bbox 1612 4539 1740 4589; x_wconf 66' lang='grc' dir='ltr'><strong>χιιι,</strong></span> <span class='ocrx_word' id='word_1_688' title='bbox 1849 4537 2107 4608; x_wconf 40' lang='lat' dir='ltr'><strong>multum</strong></span> <span class='ocrx_word' id='word_1_689' title='bbox 2138 4512 2341 4603; x_wconf 54' lang='lat' dir='ltr'><strong>teme,</strong></span> <span class='ocrx_word' id='word_1_690' title='bbox 2374 4531 2470 4585; x_wconf 83' lang='lat' dir='ltr'><strong>Dei</strong></span> <span class='ocrx_word' id='word_1_691' title='bbox 2503 4528 2743 4583; x_wconf 82' lang='lat' dir='ltr'><strong>notitiam</strong></span> <span class='ocrx_word' id='word_1_692' title='bbox 2769 4525 3145 4595; x_wconf 64' lang='lat' dir='ltr'><strong>perdiderunt,</strong></span> <span class='ocrx_word' id='word_1_693' title='bbox 3160 4534 3213 4579; x_wconf 86' lang='lat' dir='ltr'><strong>et</strong></span> <span class='ocrx_word' id='word_1_694' title='bbox 3238 4521 3431 4585; x_wconf 76' lang='lat' dir='ltr'><strong>Filium</strong></span> 
     </span>
    </p>
   </div>
   <div class='ocr_carea' id='block_1_91' title="bbox 123 4615 3151 4701">
    <p class='ocr_par' dir='ltr' id='par_1_91' title="bbox 123 4615 3151 4701">
     <span class='ocr_line' id='line_1_91' title="bbox 123 4615 3151 4701; baseline -0.01 -18"><span class='ocrx_word' id='word_1_695' title='bbox 123 4630 229 4701; x_wconf 80' lang='grc'><strong>18)</strong></span> <span class='ocrx_word' id='word_1_696' title='bbox 260 4645 331 4684; x_wconf 87' lang='lat' dir='ltr'><strong>ac</strong></span> <span class='ocrx_word' id='word_1_697' title='bbox 364 4624 829 4698; x_wconf 78' lang='lat' dir='ltr'><strong>patriarcharum,</strong></span> <span class='ocrx_word' id='word_1_698' title='bbox 883 4622 960 4675; x_wconf 85' lang='lat' dir='ltr'><strong>vel</strong></span> <span class='ocrx_word' id='word_1_699' title='bbox 1000 4620 1167 4673; x_wconf 84' lang='lat' dir='ltr'><strong>David</strong></span> <span class='ocrx_word' id='word_1_700' title='bbox 1200 4617 1327 4688; x_wconf 86' lang='lat' dir='ltr'><strong>(Ps.</strong></span> <span class='ocrx_word' id='word_1_701' title='bbox 1360 4632 1555 4679; x_wconf 83' lang='lat' dir='ltr'><strong>cxxxt.</strong></span> <span class='ocrx_word' id='word_1_702' title='bbox 1590 4616 1653 4671; x_wconf 79' lang='lat' dir='ltr'>H</span> <span class='ocrx_word' id='word_1_703' title='bbox 1680 4615 1699 4686; x_wconf 90' lang='lat'><strong>)</strong></span> <span class='ocrx_word' id='word_1_704' title='bbox 1726 4634 1739 4669; x_wconf 84' lang='lat'><strong>:</strong></span> <span class='ocrx_word' id='word_1_705' title='bbox 1849 4644 1959 4697; x_wconf 62' lang='grc' dir='ltr'><strong>ηρη</strong></span> <span class='ocrx_word' id='word_1_706' title='bbox 1983 4626 2329 4694; x_wconf 45' lang='lat' dir='ltr'><strong>“autem”.</strong></span> <span class='ocrx_word' id='word_1_707' title='bbox 2362 4623 2522 4683; x_wconf 49' lang='lat' dir='ltr'><strong>“iam</strong></span> <span class='ocrx_word' id='word_1_708' title='bbox 2552 4620 2764 4687; x_wconf 63' lang='lat' dir='ltr'><strong>pan-em</strong></span> <span class='ocrx_word' id='word_1_709' title='bbox 2796 4633 2901 4673; x_wconf 72' lang='grc' dir='ltr'><strong>ιιοη</strong></span> <span class='ocrx_word' id='word_1_710' title='bbox 2932 4616 3151 4675; x_wconf 49' lang='lat' dir='ltr'><strong>habent.</strong></span> 
     </span>
    </p>
   </div>
   <div class='ocr_carea' id='block_1_92' title="bbox 117 4706 1734 4791">
    <p class='ocr_par' dir='ltr' id='par_1_92' title="bbox 117 4710 1734 4791">
     <span class='ocr_line' id='line_1_92' title="bbox 117 4710 1734 4791; baseline -0.011 -14"><span class='ocrx_word' id='word_1_711' title='bbox 117 4724 331 4791; x_wconf 82' lang='lat' dir='ltr'><strong>quibus</strong></span> <span class='ocrx_word' id='word_1_712' title='bbox 367 4716 631 4774; x_wconf 70' lang='lat' dir='ltr'><strong>Christus</strong></span> <span class='ocrx_word' id='word_1_713' title='bbox 671 4715 889 4789; x_wconf 88' lang='lat' dir='ltr'><strong>proprie</strong></span> <span class='ocrx_word' id='word_1_714' title='bbox 918 4710 1305 4785; x_wconf 89' lang='lat' dir='ltr'><strong>repromissus,</strong></span> <span class='ocrx_word' id='word_1_715' title='bbox 1355 4719 1515 4776; x_wconf 84' lang='lat' dir='ltr'><strong>atque</strong></span> <span class='ocrx_word' id='word_1_716' title='bbox 1544 4722 1609 4759; x_wconf 89' lang='lat' dir='ltr'><strong>ex</strong></span> <span class='ocrx_word' id='word_1_717' title='bbox 1651 4721 1734 4760; x_wconf 86' lang='lat' dir='ltr'><strong>eo-</strong></span> 
     </span>
    </p>
   </div>
   <div class='ocr_carea' id='block_1_93' title="bbox 1847 4706 3431 4791">
    <p class='ocr_par' dir='ltr' id='par_1_93' title="bbox 1919 4706 3431 4785">
     <span class='ocr_line' id='line_1_93' title="bbox 1919 4706 3431 4785; baseline -0.007 -12"><span class='ocrx_word' id='word_1_718' title='bbox 1919 4718 2030 4773; x_wconf 86' lang='lat' dir='ltr'><strong>Iut.</strong></span> <span class='ocrx_word' id='word_1_719' title='bbox 2062 4718 2275 4774; x_wconf 80' lang='lat' dir='ltr'><strong>Marcus</strong></span> <span class='ocrx_word' id='word_1_720' title='bbox 2302 4714 2636 4785; x_wconf 71' lang='lat' dir='ltr'><strong>evangelista</strong></span> <span class='ocrx_word' id='word_1_721' title='bbox 2673 4712 2822 4766; x_wconf 86' lang='lat' dir='ltr'><strong>tertia</strong></span> <span class='ocrx_word' id='word_1_722' title='bbox 2851 4710 2982 4771; x_wconf 84' lang='lat' dir='ltr'><strong>hora</strong></span> <span class='ocrx_word' id='word_1_723' title='bbox 3009 4709 3115 4765; x_wconf 80' lang='lat' dir='ltr'><strong>diei</strong></span> <span class='ocrx_word' id='word_1_724' title='bbox 3146 4706 3431 4773; x_wconf 81' lang='lat' dir='ltr'><strong>Dominum</strong></span> 
     </span>
    </p>
   </div>
   <div class='ocr_carea' id='block_1_94' title="bbox 115 4798 3435 4889">
    <p class='ocr_par' dir='ltr' id='par_1_94' title="bbox 115 4798 3435 4889">
     <span class='ocr_line' id='line_1_94' title="bbox 115 4798 3435 4889; baseline -0.006 -21"><span class='ocrx_word' id='word_1_725' title='bbox 115 4831 236 4871; x_wconf 91' lang='lat' dir='ltr'><strong>rum</strong></span> <span class='ocrx_word' id='word_1_726' title='bbox 273 4814 477 4880; x_wconf 88' lang='lat' dir='ltr'><strong>stirpe</strong></span> <span class='ocrx_word' id='word_1_727' title='bbox 523 4806 882 4873; x_wconf 83' lang='lat' dir='ltr'><strong>descendens,</strong></span> <span class='ocrx_word' id='word_1_728' title='bbox 935 4804 1054 4857; x_wconf 82' lang='lat' dir='ltr'><strong>inde</strong></span> <span class='ocrx_word' id='word_1_729' title='bbox 1099 4804 1263 4871; x_wconf 85' lang='lat' dir='ltr'><strong>ipsam</strong></span> <span class='ocrx_word' id='word_1_730' title='bbox 1312 4817 1513 4854; x_wconf 85' lang='lat' dir='ltr'><strong>carnem</strong></span> <span class='ocrx_word' id='word_1_731' title='bbox 1543 4799 1736 4872; x_wconf 84' lang='lat' dir='ltr'><strong>(Rom.</strong></span> <span class='ocrx_word' id='word_1_732' title='bbox 1847 4809 2115 4889; x_wconf 61' lang='lat' dir='ltr'><strong>signiﬁcat.</strong></span> <span class='ocrx_word' id='word_1_733' title='bbox 2155 4822 2277 4864; x_wconf 82' lang='lat' dir='ltr'><strong>esse</strong></span> <span class='ocrx_word' id='word_1_734' title='bbox 2319 4806 2633 4873; x_wconf 79' lang='lat' dir='ltr'><strong>cruciﬁxum</strong></span> <span class='ocrx_word' id='word_1_735' title='bbox 2664 4803 2865 4874; x_wconf 72' lang='lat' dir='ltr'><strong>(Marc.</strong></span> <span class='ocrx_word' id='word_1_736' title='bbox 2900 4817 2989 4864; x_wconf 82' lang='lat' dir='ltr'><strong>xv,</strong></span> <span class='ocrx_word' id='word_1_737' title='bbox 3032 4798 3259 4872; x_wconf 57' lang='lat'><strong>25):“</strong></span> <span class='ocrx_word' id='word_1_738' title='bbox 3300 4810 3435 4866; x_wconf 87' lang='lat' dir='ltr'><strong>quo-</strong></span> 
     </span>
    </p>
   </div>
   <div class='ocr_carea' id='block_1_95' title="bbox 108 4889 1734 4978">
    <p class='ocr_par' dir='ltr' id='par_1_95' title="bbox 108 4892 1734 4978">
     <span class='ocr_line' id='line_1_95' title="bbox 108 4892 1734 4978; baseline -0.008 -18"><span class='ocrx_word' id='word_1_739' title='bbox 108 4925 141 4973; x_wconf 84' lang='grc' dir='ltr'><strong>ι,</strong></span> <span class='ocrx_word' id='word_1_740' title='bbox 174 4909 213 4964; x_wconf 75' lang='lat'><strong>5</strong></span> <span class='ocrx_word' id='word_1_741' title='bbox 240 4910 299 4978; x_wconf 89' lang='lat'><strong>),</strong></span> <span class='ocrx_word' id='word_1_742' title='bbox 340 4904 405 4958; x_wconf 88' lang='lat' dir='ltr'><strong>in</strong></span> <span class='ocrx_word' id='word_1_743' title='bbox 443 4911 558 4966; x_wconf 84' lang='lat' dir='ltr'><strong>qua</strong></span> <span class='ocrx_word' id='word_1_744' title='bbox 588 4898 745 4952; x_wconf 90' lang='lat' dir='ltr'><strong>terris</strong></span> <span class='ocrx_word' id='word_1_745' title='bbox 785 4898 1053 4965; x_wconf 87' lang='lat' dir='ltr'><strong>apparuit,</strong></span> <span class='ocrx_word' id='word_1_746' title='bbox 1083 4895 1383 4967; x_wconf 76' lang='lat' dir='ltr'><strong>assumpsit.</strong></span> <span class='ocrx_word' id='word_1_747' title='bbox 1417 4892 1522 4949; x_wconf 89' lang='lat' dir='ltr'><strong>Sed</strong></span> <span class='ocrx_word' id='word_1_748' title='bbox 1559 4904 1734 4947; x_wconf 89' lang='lat' dir='ltr'><strong>tamen</strong></span> 
     </span>
    </p>
   </div>
   <div class='ocr_carea' id='block_1_96' title="bbox 1847 4889 3434 4978">
    <p class='ocr_par' dir='ltr' id='par_1_96' title="bbox 1849 4889 3434 4970">
     <span class='ocr_line' id='line_1_96' title="bbox 1849 4889 3434 4970; baseline -0.008 -12"><span class='ocrx_word' id='word_1_749' title='bbox 1849 4904 2009 4958; x_wconf 90' lang='lat' dir='ltr'><strong>modo</strong></span> <span class='ocrx_word' id='word_1_750' title='bbox 2037 4903 2172 4956; x_wconf 69' lang='lat' dir='ltr'><strong>alius</strong></span> <span class='ocrx_word' id='word_1_751' title='bbox 2201 4900 2528 4970; x_wconf 70' lang='lat' dir='ltr'><strong>evangelista</strong></span> <span class='ocrx_word' id='word_1_752' title='bbox 2559 4898 2740 4951; x_wconf 87' lang='lat' dir='ltr'><strong>horam</strong></span> <span class='ocrx_word' id='word_1_753' title='bbox 2783 4904 2977 4949; x_wconf 78' lang='lat' dir='ltr'><strong>sextam</strong></span> <span class='ocrx_word' id='word_1_754' title='bbox 3007 4908 3112 4963; x_wconf 81' lang='lat' dir='ltr'><strong>qua</strong></span> <span class='ocrx_word' id='word_1_755' title='bbox 3143 4889 3434 4947; x_wconf 72' lang='lat' dir='ltr'><strong>cruciﬁxus</strong></span> 
     </span>
    </p>
   </div>
   <div class='ocr_carea' id='block_1_97' title="bbox 112 4984 3109 5068">
    <p class='ocr_par' dir='ltr' id='par_1_97' title="bbox 112 4984 3109 5068">
     <span class='ocr_line' id='line_1_97' title="bbox 112 4984 3109 5068; baseline -0.009 -19"><span class='ocrx_word' id='word_1_756' title='bbox 112 5002 241 5068; x_wconf 81' lang='lat' dir='ltr'><strong>quia</strong></span> <span class='ocrx_word' id='word_1_757' title='bbox 301 4996 559 5048; x_wconf 85' lang='lat' dir='ltr'><strong>virtutes</strong></span> <span class='ocrx_word' id='word_1_758' title='bbox 612 4998 794 5060; x_wconf 89' lang='lat' dir='ltr'><strong>postea</strong></span> <span class='ocrx_word' id='word_1_759' title='bbox 827 4999 883 5042; x_wconf 92' lang='lat' dir='ltr'><strong>et</strong></span> <span class='ocrx_word' id='word_1_760' title='bbox 918 4987 973 5042; x_wconf 92' lang='lat' dir='ltr'><strong>in</strong></span> <span class='ocrx_word' id='word_1_761' title='bbox 1016 4988 1266 5057; x_wconf 76' lang='lat' dir='ltr'><strong>gentibus</strong></span> <span class='ocrx_word' id='word_1_762' title='bbox 1292 4985 1451 5041; x_wconf 74' lang='lat' dir='ltr'><strong>facta:</strong></span> <span class='ocrx_word' id='word_1_763' title='bbox 1492 4994 1638 5049; x_wconf 83' lang='lat' dir='ltr'><strong>sunt,</strong></span> <span class='ocrx_word' id='word_1_764' title='bbox 1672 4986 1745 5039; x_wconf 88' lang='lat' dir='ltr'><strong>ita</strong></span> <span class='ocrx_word' id='word_1_765' title='bbox 1848 4997 1919 5053; x_wconf 67' lang='grc' dir='ltr'><strong>δῖε</strong></span> <span class='ocrx_word' id='word_1_766' title='bbox 1946 4995 2110 5048; x_wconf 58' lang='lat' dir='ltr'><strong>fuisse</strong></span> <span class='ocrx_word' id='word_1_767' title='bbox 2137 5000 2524 5048; x_wconf 61' lang='lat' dir='ltr'><strong>commemora;</strong></span> <span class='ocrx_word' id='word_1_768' title='bbox 2554 4988 2719 5059; x_wconf 64' lang='grc' dir='ltr'><strong>(ιω,</strong></span> <span class='ocrx_word' id='word_1_769' title='bbox 2749 5002 2900 5050; x_wconf 63' lang='grc' dir='ltr'><strong>χχιιι.</strong></span> <span class='ocrx_word' id='word_1_770' title='bbox 2931 4984 3071 5054; x_wconf 63' lang='lat'><strong>“)2</strong></span> <span class='ocrx_word' id='word_1_771' title='bbox 3106 5022 3109 5023; x_wconf 30' lang='grc' dir='ltr'><em>ν</em></span> 
     </span>
    </p>
   </div>
   <div class='ocr_carea' id='block_1_98' title="bbox 114 5073 3432 5154">
    <p class='ocr_par' dir='ltr' id='par_1_98' title="bbox 114 5073 3432 5154">
     <span class='ocr_line' id='line_1_98' title="bbox 114 5073 3432 5154; baseline -0.008 -8"><span class='ocrx_word' id='word_1_772' title='bbox 114 5086 528 5148; x_wconf 83' lang='lat' dir='ltr'><strong>testimonium</strong></span> <span class='ocrx_word' id='word_1_773' title='bbox 568 5086 671 5138; x_wconf 91' lang='lat' dir='ltr'><strong>hoc</strong></span> <span class='ocrx_word' id='word_1_774' title='bbox 712 5082 933 5151; x_wconf 75' lang='lat' dir='ltr'><strong>intelligi</strong></span> <span class='ocrx_word' id='word_1_775' title='bbox 980 5091 1176 5149; x_wconf 83' lang='lat' dir='ltr'><strong>potest.</strong></span> <span class='ocrx_word' id='word_1_776' title='bbox 1230 5088 1289 5132; x_wconf 92' lang='lat' dir='ltr'><strong>ut</strong></span> <span class='ocrx_word' id='word_1_777' title='bbox 1318 5079 1405 5133; x_wconf 91' lang='lat' dir='ltr'><strong>ubi</strong></span> <span class='ocrx_word' id='word_1_778' title='bbox 1446 5078 1594 5145; x_wconf 89' lang='lat' dir='ltr'><strong>dicit,</strong></span> <span class='ocrx_word' id='word_1_779' title='bbox 1630 5077 1744 5131; x_wconf 80' lang='lat' dir='ltr'><strong>Non</strong></span> <span class='ocrx_word' id='word_1_780' title='bbox 1926 5086 2079 5153; x_wconf 67' lang='grc' dir='ltr'><strong>ηεερ,</strong></span> <span class='ocrx_word' id='word_1_781' title='bbox 2121 5085 2253 5154; x_wconf 67' lang='lat' dir='ltr'><strong>Quia</strong></span> <span class='ocrx_word' id='word_1_782' title='bbox 2283 5085 2369 5138; x_wconf 68' lang='lat' dir='ltr'><strong>hic</strong></span> <span class='ocrx_word' id='word_1_783' title='bbox 2400 5083 2552 5137; x_wconf 71' lang='lat' dir='ltr'><strong>mam</strong></span> <span class='ocrx_word' id='word_1_784' title='bbox 2594 5095 2732 5149; x_wconf 77' lang='lat' dir='ltr'><strong>pene</strong></span> <span class='ocrx_word' id='word_1_785' title='bbox 2760 5079 2946 5132; x_wconf 71' lang='lat' dir='ltr'><strong>horam</strong></span> <span class='ocrx_word' id='word_1_786' title='bbox 2980 5077 3033 5131; x_wconf 79' lang='lat' dir='ltr'><strong>in</strong></span> <span class='ocrx_word' id='word_1_787' title='bbox 3075 5075 3290 5146; x_wconf 69' lang='lat' dir='ltr'><strong>scriptis</strong></span> <span class='ocrx_word' id='word_1_788' title='bbox 3319 5073 3432 5130; x_wconf 68' lang='lat' dir='ltr'><strong>sui.</strong></span> 
     </span>
    </p>
   </div>
   <div class='ocr_carea' id='block_1_99' title="bbox 1851 5168 3431 5246">
    <p class='ocr_par' dir='ltr' id='par_1_99' title="bbox 1851 5168 3431 5246">
     <span class='ocr_line' id='line_1_99' title="bbox 1851 5168 3431 5246; baseline -0.011 -13"><span class='ocrx_word' id='word_1_789' title='bbox 1851 5180 2053 5243; x_wconf 85' lang='lat' dir='ltr'><strong>retulit,</strong></span> <span class='ocrx_word' id='word_1_790' title='bbox 2086 5193 2187 5246; x_wconf 88' lang='lat' dir='ltr'><strong>qua</strong></span> <span class='ocrx_word' id='word_1_791' title='bbox 2216 5191 2341 5231; x_wconf 84' lang='lat' dir='ltr'><strong>vere</strong></span> <span class='ocrx_word' id='word_1_792' title='bbox 2367 5172 2657 5229; x_wconf 88' lang='lat' dir='ltr'><strong>cruciﬁxus</strong></span> <span class='ocrx_word' id='word_1_793' title='bbox 2683 5179 2786 5226; x_wconf 87' lang='lat' dir='ltr'><strong>est.</strong></span> <span class='ocrx_word' id='word_1_794' title='bbox 2819 5172 3017 5223; x_wconf 84' lang='lat' dir='ltr'><strong>Atvero</strong></span> <span class='ocrx_word' id='word_1_795' title='bbox 3055 5168 3144 5224; x_wconf 86' lang='lat' dir='ltr'><strong>ille</strong></span> <span class='ocrx_word' id='word_1_796' title='bbox 3168 5168 3315 5221; x_wconf 72' lang='lat' dir='ltr'><strong>horae</strong></span> <span class='ocrx_word' id='word_1_797' title='bbox 3337 5181 3431 5218; x_wconf 87' lang='lat' dir='ltr'><strong>an-</strong></span> 
     </span>
    </p>
   </div>
   <div class='ocr_carea' id='block_1_100' title="bbox 1853 5258 3433 5338">
    <p class='ocr_par' dir='ltr' id='par_1_100' title="bbox 1853 5258 3433 5338">
     <span class='ocr_line' id='line_1_100' title="bbox 1853 5258 3433 5338; baseline -0.01 -11"><span class='ocrx_word' id='word_1_798' title='bbox 1853 5271 2067 5327; x_wconf 88' lang='lat' dir='ltr'><strong>terioris</strong></span> <span class='ocrx_word' id='word_1_799' title='bbox 2095 5280 2303 5338; x_wconf 86' lang='lat' dir='ltr'><strong>tempus</strong></span> <span class='ocrx_word' id='word_1_800' title='bbox 2327 5264 2859 5321; x_wconf 84' lang='lat' dir='ltr'><strong>commemorandum</strong></span> <span class='ocrx_word' id='word_1_801' title='bbox 2888 5262 3116 5332; x_wconf 85' lang='lat' dir='ltr'><strong>putavit,</strong></span> <span class='ocrx_word' id='word_1_802' title='bbox 3144 5274 3250 5329; x_wconf 84' lang='lat' dir='ltr'><strong>quo</strong></span> <span class='ocrx_word' id='word_1_803' title='bbox 3276 5258 3343 5312; x_wconf 88' lang='lat' dir='ltr'><strong>de</strong></span> <span class='ocrx_word' id='word_1_804' title='bbox 3366 5270 3433 5312; x_wconf 81' lang='lat' dir='ltr'><strong>eo</strong></span> 
     </span>
    </p>
   </div>
   <div class='ocr_carea' id='block_1_101' title="bbox 1852 5348 3432 5425">
    <p class='ocr_par' dir='ltr' id='par_1_101' title="bbox 1852 5348 3432 5425">
     <span class='ocr_line' id='line_1_101' title="bbox 1852 5348 3432 5425; baseline -0.011 -7"><span class='ocrx_word' id='word_1_805' title='bbox 1852 5363 2053 5418; x_wconf 74' lang='lat' dir='ltr'><strong>Judzeis</strong></span> <span class='ocrx_word' id='word_1_806' title='bbox 2083 5359 2505 5416; x_wconf 85' lang='lat' dir='ltr'><strong>acclamantibus</strong></span> <span class='ocrx_word' id='word_1_807' title='bbox 2522 5356 2819 5425; x_wconf 73' lang='lat' dir='ltr'><strong>iudicatum</strong></span> <span class='ocrx_word' id='word_1_808' title='bbox 2861 5363 2966 5417; x_wconf 89' lang='lat' dir='ltr'><strong>est,</strong></span> <span class='ocrx_word' id='word_1_809' title='bbox 2992 5352 3144 5421; x_wconf 86' lang='lat' dir='ltr'><strong>quasi</strong></span> <span class='ocrx_word' id='word_1_810' title='bbox 3172 5364 3267 5419; x_wconf 86' lang='lat' dir='ltr'><strong>per</strong></span> <span class='ocrx_word' id='word_1_811' title='bbox 3294 5348 3432 5403; x_wconf 82' lang='lat' dir='ltr'><strong>anti-</strong></span> 
     </span>
    </p>
   </div>
   <div class='ocr_carea' id='block_1_102' title="bbox 1851 5440 3431 5524">
    <p class='ocr_par' dir='ltr' id='par_1_102' title="bbox 1851 5440 3431 5524">
     <span class='ocr_line' id='line_1_102' title="bbox 1851 5440 3431 5524; baseline -0.009 -15"><span class='ocrx_word' id='word_1_812' title='bbox 1851 5454 2175 5524; x_wconf 87' lang='lat' dir='ltr'><strong>cipationem</strong></span> <span class='ocrx_word' id='word_1_813' title='bbox 2206 5449 2484 5506; x_wconf 87' lang='lat' dir='ltr'><strong>relationis</strong></span> <span class='ocrx_word' id='word_1_814' title='bbox 2511 5462 2575 5502; x_wconf 86' lang='lat' dir='ltr'><strong>ea</strong></span> <span class='ocrx_word' id='word_1_815' title='bbox 2602 5448 2732 5501; x_wconf 86' lang='lat' dir='ltr'><strong>hora</strong></span> <span class='ocrx_word' id='word_1_816' title='bbox 2760 5443 3050 5501; x_wconf 83' lang='lat' dir='ltr'><strong>cruciﬁxus</strong></span> <span class='ocrx_word' id='word_1_817' title='bbox 3069 5443 3161 5512; x_wconf 85' lang='lat' dir='ltr'><strong>sit,</strong></span> <span class='ocrx_word' id='word_1_818' title='bbox 3196 5455 3295 5510; x_wconf 82' lang='lat' dir='ltr'><strong>qua</strong></span> <span class='ocrx_word' id='word_1_819' title='bbox 3326 5440 3431 5507; x_wconf 82' lang='lat' dir='ltr'><strong>jus-</strong></span> 
     </span>
    </p>
   </div>
   <div class='ocr_carea' id='block_1_103' title="bbox 1853 5534 3431 5613">
    <p class='ocr_par' dir='ltr' id='par_1_103' title="bbox 1853 5534 3431 5613">
     <span class='ocr_line' id='line_1_103' title="bbox 1853 5534 3431 5613; baseline -0.01 -10"><span class='ocrx_word' id='word_1_820' title='bbox 1853 5563 1945 5609; x_wconf 85' lang='lat' dir='ltr'><strong>sus</strong></span> <span class='ocrx_word' id='word_1_821' title='bbox 1988 5557 2069 5602; x_wconf 69' lang='grc' dir='ltr'><strong>εει</strong></span> <span class='ocrx_word' id='word_1_822' title='bbox 2098 5542 2355 5613; x_wconf 74' lang='lat' dir='ltr'><strong>cruciﬁgi.</strong></span> <span class='ocrx_word' id='word_1_823' title='bbox 2401 5540 2507 5597; x_wconf 87' lang='lat' dir='ltr'><strong>Sed</strong></span> <span class='ocrx_word' id='word_1_824' title='bbox 2549 5550 2727 5595; x_wconf 90' lang='lat' dir='ltr'><strong>tamen</strong></span> <span class='ocrx_word' id='word_1_825' title='bbox 2771 5537 2827 5592; x_wconf 90' lang='lat' dir='ltr'><strong>in</strong></span> <span class='ocrx_word' id='word_1_826' title='bbox 2875 5538 2989 5607; x_wconf 84' lang='lat' dir='ltr'><strong>ipsa</strong></span> <span class='ocrx_word' id='word_1_827' title='bbox 3032 5536 3136 5591; x_wconf 85' lang='lat' dir='ltr'><strong>hac</strong></span> <span class='ocrx_word' id='word_1_828' title='bbox 3181 5534 3431 5605; x_wconf 84' lang='lat' dir='ltr'><strong>passione</strong></span> 
     </span>
    </p>
   </div>
   <div class='ocr_carea' id='block_1_104' title="bbox 1855 5624 3433 5709">
    <p class='ocr_par' dir='ltr' id='par_1_104' title="bbox 1855 5624 3433 5709">
     <span class='ocr_line' id='line_1_104' title="bbox 1855 5624 3433 5709; baseline -0.008 -16"><span class='ocrx_word' id='word_1_829' title='bbox 1855 5642 1970 5709; x_wconf 86' lang='lat' dir='ltr'><strong>ejus</strong></span> <span class='ocrx_word' id='word_1_830' title='bbox 2000 5639 2078 5693; x_wconf 86' lang='lat' dir='ltr'><strong>sic</strong></span> <span class='ocrx_word' id='word_1_831' title='bbox 2104 5646 2289 5693; x_wconf 88' lang='lat' dir='ltr'><strong>tenere</strong></span> <span class='ocrx_word' id='word_1_832' title='bbox 2316 5634 2594 5699; x_wconf 87' lang='lat' dir='ltr'><strong>debemus,</strong></span> <span class='ocrx_word' id='word_1_833' title='bbox 2624 5629 2766 5702; x_wconf 92' lang='lat' dir='ltr'><strong>quod</strong></span> <span class='ocrx_word' id='word_1_834' title='bbox 2799 5630 2871 5684; x_wconf 87' lang='lat' dir='ltr'><strong>ita</strong></span> <span class='ocrx_word' id='word_1_835' title='bbox 2902 5629 3065 5684; x_wconf 86' lang='lat' dir='ltr'><strong>homo</strong></span> <span class='ocrx_word' id='word_1_836' title='bbox 3092 5626 3184 5687; x_wconf 86' lang='lat' dir='ltr'><strong>ille</strong></span> <span class='ocrx_word' id='word_1_837' title='bbox 3226 5624 3319 5696; x_wconf 79' lang='lat' dir='ltr'><strong>qui</strong></span> <span class='ocrx_word' id='word_1_838' title='bbox 3346 5638 3433 5681; x_wconf 77' lang='lat' dir='ltr'><strong>as-</strong></span> 
     </span>
    </p>
   </div>
   <div class='ocr_carea' id='block_1_105' title="bbox 116 5172 1749 5245">
    <p class='ocr_par' dir='ltr' id='par_1_105' title="bbox 116 5172 1749 5245">
     <span class='ocr_line' id='line_1_105' title="bbox 116 5172 1749 5245; baseline -0.004 -11"><span class='ocrx_word' id='word_1_839' title='bbox 116 5187 243 5240; x_wconf 84' lang='lat' dir='ltr'><strong>veni</strong></span> <span class='ocrx_word' id='word_1_840' title='bbox 284 5180 433 5245; x_wconf 86' lang='lat' dir='ltr'><strong>nisi,</strong></span> <span class='ocrx_word' id='word_1_841' title='bbox 486 5175 861 5243; x_wconf 85' lang='lat' dir='ltr'><strong>subaudiatur,</strong></span> <span class='ocrx_word' id='word_1_842' title='bbox 915 5178 1107 5245; x_wconf 90' lang='lat' dir='ltr'><strong>prius:</strong></span> <span class='ocrx_word' id='word_1_843' title='bbox 1138 5174 1302 5229; x_wconf 90' lang='lat' dir='ltr'><strong>utsic</strong></span> <span class='ocrx_word' id='word_1_844' title='bbox 1346 5182 1401 5228; x_wconf 87' lang='lat' dir='ltr'><strong>et</strong></span> <span class='ocrx_word' id='word_1_845' title='bbox 1448 5172 1749 5228; x_wconf 77' lang='lat' dir='ltr'><strong>tesﬁmonii</strong></span> 
     </span>
    </p>
   </div>
   <div class='ocr_carea' id='block_1_106' title="bbox 116 5266 1750 5334">
    <p class='ocr_par' dir='ltr' id='par_1_106' title="bbox 116 5266 1750 5334">
     <span class='ocr_line' id='line_1_106' title="bbox 116 5266 1750 5334; baseline -0.009 -2"><span class='ocrx_word' id='word_1_846' title='bbox 116 5281 338 5332; x_wconf 75' lang='lat' dir='ltr'><strong>veritas</strong></span> <span class='ocrx_word' id='word_1_847' title='bbox 368 5284 435 5328; x_wconf 82' lang='lat' dir='ltr'><strong>et</strong></span> <span class='ocrx_word' id='word_1_848' title='bbox 466 5266 844 5324; x_wconf 85' lang='lat' dir='ltr'><strong>misericordia</strong></span> <span class='ocrx_word' id='word_1_849' title='bbox 870 5266 964 5321; x_wconf 85' lang='lat' dir='ltr'><strong>Dei</strong></span> <span class='ocrx_word' id='word_1_850' title='bbox 986 5266 1038 5319; x_wconf 90' lang='lat' dir='ltr'><strong>in</strong></span> <span class='ocrx_word' id='word_1_851' title='bbox 1068 5266 1345 5320; x_wconf 88' lang='lat' dir='ltr'><strong>universos</strong></span> <span class='ocrx_word' id='word_1_852' title='bbox 1373 5274 1621 5334; x_wconf 90' lang='lat' dir='ltr'><strong>prompta</strong></span> <span class='ocrx_word' id='word_1_853' title='bbox 1643 5278 1750 5319; x_wconf 83' lang='lat' dir='ltr'><strong>ma-</strong></span> 
     </span>
    </p>
   </div>
   <div class='ocr_carea' id='block_1_107' title="bbox 118 5368 499 5438">
    <p class='ocr_par' dir='ltr' id='par_1_107' title="bbox 118 5368 499 5438">
     <span class='ocr_line' id='line_1_107' title="bbox 118 5368 499 5438; baseline -0.024 -13"><span class='ocrx_word' id='word_1_854' title='bbox 118 5370 202 5438; x_wconf 74' lang='lat' dir='ltr'><strong>gis</strong></span> <span class='ocrx_word' id='word_1_855' title='bbox 236 5368 499 5423; x_wconf 79' lang='lat' dir='ltr'><strong>clareat.</strong></span> 
     </span>
    </p>
   </div>
   <div class='ocr_carea' id='block_1_108' title="bbox 188 5452 1749 5525">
    <p class='ocr_par' dir='ltr' id='par_1_108' title="bbox 188 5452 1749 5525">
     <span class='ocr_line' id='line_1_108' title="bbox 188 5452 1749 5525; baseline -0.006 -9"><span class='ocrx_word' id='word_1_856' title='bbox 188 5460 317 5516; x_wconf 83' lang='lat' dir='ltr'><strong>Int.</strong></span> <span class='ocrx_word' id='word_1_857' title='bbox 361 5458 434 5515; x_wconf 84' lang='lat' dir='ltr'><strong>In</strong></span> <span class='ocrx_word' id='word_1_858' title='bbox 490 5453 779 5525; x_wconf 75' lang='lat' dir='ltr'><strong>Evangelio</strong></span> <span class='ocrx_word' id='word_1_859' title='bbox 808 5452 935 5509; x_wconf 88' lang='lat' dir='ltr'><strong>dicit</strong></span> <span class='ocrx_word' id='word_1_860' title='bbox 984 5453 1241 5507; x_wconf 86' lang='lat' dir='ltr'><strong>Dominus</strong></span> <span class='ocrx_word' id='word_1_861' title='bbox 1281 5460 1335 5506; x_wconf 89' lang='lat' dir='ltr'><strong>et</strong></span> <span class='ocrx_word' id='word_1_862' title='bbox 1376 5452 1622 5507; x_wconf 85' lang='lat' dir='ltr'><strong>Salvator</strong></span> <span class='ocrx_word' id='word_1_863' title='bbox 1652 5466 1749 5506; x_wconf 88' lang='lat' dir='ltr'><strong>no-</strong></span> 
     </span>
    </p>
   </div>
   <div class='ocr_carea' id='block_1_109' title="bbox 118 5544 1742 5620">
    <p class='ocr_par' dir='ltr' id='par_1_109' title="bbox 118 5544 1742 5620">
     <span class='ocr_line' id='line_1_109' title="bbox 118 5544 1742 5620; baseline -0.005 -13"><span class='ocrx_word' id='word_1_864' title='bbox 118 5562 258 5620; x_wconf 78' lang='lat' dir='ltr'><strong>ster,</strong></span> <span class='ocrx_word' id='word_1_865' title='bbox 292 5548 520 5619; x_wconf 69' lang='lat' dir='ltr'><strong>Iugum</strong></span> <span class='ocrx_word' id='word_1_866' title='bbox 543 5562 707 5599; x_wconf 86' lang='lat' dir='ltr'><strong>meum</strong></span> <span class='ocrx_word' id='word_1_867' title='bbox 730 5548 842 5599; x_wconf 80' lang='lat' dir='ltr'><strong>lere</strong></span> <span class='ocrx_word' id='word_1_868' title='bbox 866 5553 912 5600; x_wconf 89' lang='lat' dir='ltr'><strong>et</strong></span> <span class='ocrx_word' id='word_1_869' title='bbox 933 5561 1061 5599; x_wconf 82' lang='lat' dir='ltr'><strong>onus</strong></span> <span class='ocrx_word' id='word_1_870' title='bbox 1087 5559 1256 5598; x_wconf 85' lang='lat' dir='ltr'><strong>meum</strong></span> <span class='ocrx_word' id='word_1_871' title='bbox 1279 5544 1382 5599; x_wconf 81' lang='lat' dir='ltr'><strong>leve</strong></span> <span class='ocrx_word' id='word_1_872' title='bbox 1407 5555 1480 5599; x_wconf 86' lang='lat' dir='ltr'><strong>est</strong></span> <span class='ocrx_word' id='word_1_873' title='bbox 1511 5545 1527 5614; x_wconf 97' lang='lat'><strong>(</strong></span> <span class='ocrx_word' id='word_1_874' title='bbox 1552 5544 1742 5599; x_wconf 79' lang='lat' dir='ltr'><strong>Matth.</strong></span> 
     </span>
    </p>
   </div>
   <div class='ocr_carea' id='block_1_110' title="bbox 121 5638 1749 5715">
    <p class='ocr_par' dir='ltr' id='par_1_110' title="bbox 121 5638 1749 5715">
     <span class='ocr_line' id='line_1_110' title="bbox 121 5638 1749 5715; baseline -0.006 -11"><span class='ocrx_word' id='word_1_875' title='bbox 121 5663 204 5715; x_wconf 80' lang='lat' dir='ltr'><strong>xl,</strong></span> <span class='ocrx_word' id='word_1_876' title='bbox 237 5643 396 5711; x_wconf 82' lang='lat'><strong>&#39;50),</strong></span> <span class='ocrx_word' id='word_1_877' title='bbox 425 5650 489 5695; x_wconf 86' lang='lat' dir='ltr'><strong>et</strong></span> <span class='ocrx_word' id='word_1_878' title='bbox 509 5642 772 5709; x_wconf 88' lang='lat' dir='ltr'><strong>quomodo</strong></span> <span class='ocrx_word' id='word_1_879' title='bbox 796 5643 989 5713; x_wconf 76' lang='lat' dir='ltr'><strong>legitur</strong></span> <span class='ocrx_word' id='word_1_880' title='bbox 1013 5640 1068 5696; x_wconf 90' lang='lat' dir='ltr'><strong>in</strong></span> <span class='ocrx_word' id='word_1_881' title='bbox 1092 5640 1323 5711; x_wconf 85' lang='lat' dir='ltr'><strong>psalmo,</strong></span> <span class='ocrx_word' id='word_1_882' title='bbox 1350 5638 1573 5709; x_wconf 87' lang='lat' dir='ltr'><strong>Propter</strong></span> <span class='ocrx_word' id='word_1_883' title='bbox 1598 5642 1749 5695; x_wconf 78' lang='lat' dir='ltr'><strong>verba</strong></span> 
     </span>
    </p>
   </div>
  </div>
