4042 6188
545 322 642 381 799

543 443 789 507 sumptus
830 436 922 500 sit,
970 446 1070 502 pro
1114 427 1357 500 ejusdem
1395 426 1670 480 voluntate
1715 420 2018 494 pertulerit,
2065 429 2124 474 ut
2151 425 2199 482 Α

541 529 768 586 Verbum
804 524 935 582 illud
960 521 1105 596 quod
1134 522 1187 576 in
1227 519 1493 592 principio
1524 517 1665 588 apud
1699 516 1864 570 Deum
1912 514 2125 570 Patrem

545 631 685 686 erat,
711 617 1023 673 inviolatum
1053 617 1541 680 intemeratumque
1573 607 1928 680 permanserit
1953 623 1968 661 :
1997 621 2128 676 ergo

547 711 674 768 illud
696 708 909 778 injuria
939 706 1232 763 obnoxium
1262 704 1381 773 fuit,
1413 700 1557 774 quod
1591 715 1688 769 pro
1716 704 1946 754 humana
1979 699 2129 753 inllr-

546 805 732 859 mitate
775 798 1285 871 susceperatzillud
1334 810 1464 850 vero
1514 796 1881 863 incorruptum
1909 791 2125 856 mansit,

547 893 687 965 quod
713 893 896 949 divina
923 892 1203 947 mternitas
1234 886 1566 958 possidebat.

1209 995 1260 1036 IN
1309 995 1464 1035 ιυςΑ.

619 1087 728 1133 ιηι.
762 1077 900 1146 Quid
939 1083 1026 1133 est
1052 1074 1195 1146 quod
1224 1073 1481 1128 scribitur
1511 1071 1563 1126 in
1593 1071 1735 1127 Luca
1777 1071 1845 1126 de
1873 1070 2134 1126 Zacharia

550 1170 852 1236 sacerdote,
882 1169 1024 1240 quod
1054 1175 1201 1224 esset
1224 1167 1290 1222 de
1315 1167 1429 1220 vice
1457 1165 1591 1219 Abia
1621 1164 1783 1238 (Luc.
1809 1180 1849 1227 t,
1880 1164 1992 1235 5)?

627 1263 784 1331 Resp.
823 1260 1019 1332 Viginti
1059 1269 1281 1330 quatuor
1308 1258 1530 1311 sortibus
1568 1257 1620 1309 in
1649 1257 1982 1309 ministerium
2010 1264 2137 1309 tem-

550 1356 627 1426 pli
674 1355 935 1410 distributi
976 1355 1177 1425 fuerant
1207 1350 1494 1405 sacerdotes
1527 1350 1578 1418 (Ι
1612 1347 1740 1403 Par.
1775 1363 1920 1413 xxiv,
1952 1347 2011 1417 7)
2035 1389 2048 1412 ,
2081 1355 2139 1400 ut

554 1448 743 1503 ordine
771 1448 903 1502 vicis
927 1461 1039 1500 sua:
1070 1445 1298 1514 quisque
1326 1442 1647 1497 sacerdotali
1681 1441 1995 1511 iungeretur
2024 1439 2140 1495 oili-

557 1538 643 1595 cio
671 1556 686 1592 :
713 1540 765 1594 itt
798 1540 898 1592 hoc
926 1553 1055 1606 ergo
1100 1536 1290 1590 ordine
1321 1545 1569 1589 octavam
1609 1542 1810 1588 sortem
1859 1534 1993 1588 Abia
2045 1533 2139 1587 ha-

560 1630 696 1700 buit,
723 1629 790 1685 de
815 1645 917 1701 qua
949 1630 1065 1683 vice
1095 1627 1389 1682 Zacharias
1420 1625 1677 1681 sacerdos
1703 1624 1820 1680 fuit.

633 1722 740 1778 lnt.
772 1723 875 1790 Qui
908 1722 984 1776 illi
1011 1730 1133 1776 sunt
1158 1719 1250 1790 qui
1292 1719 1346 1774 in
1376 1718 1674 1786 Scripturis
1718 1719 1891 1773 sacris
1923 1718 2138 1773 nomina

565 1823 849 1886 antequam
877 1823 1228 1879 nascerentur
1257 1810 1617 1881 acceperunt?

634 1906 789 1976 Resp.
821 1906 875 1960 lit
907 1921 1046 1960 novo
1063 1903 1430 1969 Testamento,
1456 1915 1652 1974 praeter
1669 1902 2025 1968 Salvatorem,
2058 1915 2145 1955 so-

565 1999 674 2057 lum
705 1999 934 2068 legimus
971 1997 1265 2066 Baptistam
1297 1997 1560 2050 Joannem
1591 2014 1604 2052 :
1637 1993 1692 2048 lit
1722 1997 1888 2049 veteri
1919 2007 2146 2065 quatuor

564 2097 709 2155 sunt,
738 2088 886 2144 Isaac
915 2086 1073 2153 (Gen.
1115 2103 1251 2151 xvtt,
1297 2087 1404 2155 l9),
1453 2086 1640 2141 lsmael
1686 2085 1841 2158 (Cen.
1871 2103 1981 2151 ινι,
2033 2087 2142 2154 ll),

565 2183 843 2244 Salomon.
869 2182 954 2238 vel
983 2182 1156 2237 Josias
1177 2180 1267 2250 (Ill
1300 2181 1424 2249 Reg.
1453 2195 1567 2247 sm,
1590 2179 1647 2250 '1)
1672 2182 1761 2249 qui
1785 2189 1907 2234 ortu
1940 2179 2149 2234 videan-

565 2288 654 2329 tur
687 2275 926 2343 iuniores
966 2289 1088 2328 esse
1115 2289 1273 2340 quam
1310 2273 1547 2326 nomine.

639 2362 749 2417 Int.
779 2365 859 2418 Ad
884 2365 1170 2418 adventum
1199 2364 1390 2417 matris
1421 2361 1656 2429 Domini,
1687 2361 1956 2429 quomodo
1983 2362 2146 2417 Joan-

567 2469 664 2510 nes
711 2455 887 2508 adhuc
933 2469 1097 2508 sensu
1146 2469 1336 2508 carens
1365 2453 1421 2529 in
1453 2462 1608 2508 utero
1663 2453 1834 2523 potuit
1880 2455 2150 2510 exsultare

568 2557 812 2604 materno
853 2545 1010 2617 (Luc.
1042 2562 1081 2611 t,
1109 2545 1237 2615 ΗΠ

640 2640 801 2709 Resp.
860 2639 971 2694 lloc
1002 2640 1187 2694 matris
1235 2639 1407 2709 magis
1445 2653 1605 2694 sensu
1649 2640 1731 2694 vel
1759 2638 1954 2708 gaudio
1982 2654 2010 2693 a
2034 2639 2152 2710 qui-

571 2732 796 2790 busdam
821 2731 1019 2785 factum
1042 2731 1357 2791 (PSlllllaltll'.
1391 2743 1446 2784 ut
1488 2731 1649 2786 etiam
1680 2731 2023 2786 interioribus
2051 2747 2150 2803 po-

569 2825 734 2881 tuerit
758 2824 1032 2880 exsultare
1054 2823 1374 2878 visceribus.
1401 2826 1504 2879 Aut
1532 2835 1680 2879 certe
1709 2825 1751 2878 si
1781 2824 1881 2879 hoc
1903 2825 1967 2878 ad
1991 2825 2154 2880 Joan-

570 2933 694 2975 nem
727 2917 903 2986 potius
933 2917 1136 2971 referre
1169 2917 1374 2985 placet,
1405 2917 1546 2971 inter
1576 2917 1829 2971 miracula
1859 2917 2036 2972 divina
2069 2933 2153 2973 re-

571 3009 865 3082 putandum
893 3020 1000 3076 est,
1032 3008 1172 3062 sicut
1193 3017 1245 3062 et
1271 3008 1423 3076 illud,
1443 3025 1560 3062 cum
1588 3025 1685 3062 vos;
1712 3011 1872 3064 asina:
1892 3010 1945 3063 in
1969 3025 2154 3064 sonum

571 3104 820 3158 sermonis
841 3103 1004 3174 (rupit
1028 3099 1218 3172 (Nunt.
1249 3115 1386 3167 χιιι,
1421 3100 1541 3166 28).

645 3195 754 3250 tm.
788 3195 842 3252 In
870 3167 1061 3250 eodem
1097 3194 1385 3264 Evangelia
1413 3194 1536 3266 quid
1577 3195 1677 3250 sibi
1704 3196 1817 3251 vult
1845 3195 1972 3250 illud
2010 3194 2153 3264 quod
2178 3167 2229 3232 η

573 3288 770 3360 legitur
799 3305 810 3340 :
842 3286 1064 3340 Factum
1093 3295 1167 3340 est
1197 3296 1366 3340 autem
1397 3289 1450 3340 in
1480 3287 1689 3341 sabbato
1715 3288 1938 3341 secundo
1963 3288 2149 3356 primo,

574 3398 690 3438 cum
717 3380 958 3433 transiret
990 3395 1080 3448 per
1107 3389 1235 3442 sata,
1273 3378 1523 3433 vellebant
1550 3380 1794 3446 discipuli
1815 3382 1930 3450 ejus
1959 3381 2152 3448 spicas,

573 3480 622 3526 et
644 3469 1026 3524 manducabant
1056 3471 1399 3539 confricantes
1423 3473 1663 3525 monibus
1699 3470 1853 3541 (Luc.
1883 3487 1956 3535 VI,
1986 3472 2085 3541 υτ

646 3564 805 3632 Resp.
840 3563 1067 3630 Quidam
1099 3563 1202 3618 hoc
1246 3565 1363 3619 loco
1405 3564 1549 3620 diem
1581 3565 1911 3621 dominicmn
1958 3568 2029 3620 ila
2059 3581 2158 3636 ap-

575 3657 833 3729 pellatum
877 3656 1208 3722 existimant,
1237 3673 1304 3713 eo
1342 3660 1482 3727 quod
1525 3660 1766 3714 videatur
1792 3660 2062 3715 secundus
2091 3661 2158 3715 ab

575 3749 669 3806 illa
701 3748 862 3818 legali
892 3747 1272 3805 observatione
1299 3751 1527 3817 sabbati,
1561 3761 1616 3806 et
1640 3752 1844 3822 primus
1881 3753 1951 3806 sit
1993 3767 2160 3806 evan-

574 3842 759 3912 gelica:
787 3841 978 3912 gratia:
1026 3841 1365 3900 celebritate.
1409 3844 1464 3897 Si
1494 3844 1581 3898 cui
1622 3853 1797 3898 autem
1848 3844 1950 3898 hoc
1981 3845 2159 3899 minus

573 3934 891 3990 satisfacere
915 3934 1148 4001 videtur,
1181 3936 1323 4006 quod
1372 3937 1515 3990 diem
1551 3938 1721 4004 ipsum
1754 3939 1922 4006 magis
1950 3936 2158 3991 sabbati

579 4029 745 4085 fu’sse
764 4029 1075 4090 contendat.
1099 4032 1222 4099 quia
1247 4029 1506 4097 scriptum
1531 4031 1597 4084 sit
1619 4029 1685 4084 de
1708 4044 1802 4084 eo:
1831 4030 1967 4096 Quid
1989 4032 2160 4098 facitis

578 4121 717 4190 quod
737 4136 836 4173 non
858 4119 975 4173 licet
1003 4120 1058 4171 in
1083 4120 1307 4172 sabbatis
1335 4118 1485 4189 (Luc.
1513 4134 1587 4182 vi,
1620 4120 1707 4188 l)?
1739 4131 1913 4188 potest
1937 4120 2159 4177 forsitan

575 4220 632 4268 et
654 4213 767 4281 ipse
797 4210 1147 4264 nihilominus
1173 4210 1288 4264 dies
1325 4210 1529 4264 sabbati
1556 4210 1623 4265 ita
1647 4226 1714 4265 ex
1757 4213 1856 4266 hoc
1888 4214 2111 4284 intelligi
2138 4254 2155 4278 ,

574 4314 633 4360 ut
657 4317 797 4359 nunc
819 4302 1200 4357 observatione
1223 4311 1405 4356 nostra
1429 4303 1698 4358 secundus
1721 4305 1813 4370 sit,
1837 4306 1926 4374 qui
1952 4306 2159 4375 primus

576 4398 845 4470 quondam
895 4396 1055 4451 fuerit
1106 4395 1484 4451 observatione
1539 4397 1779 4453 .lndaica.
1839 4398 2159 4456 Rectissime

574 4490 720 4545 enim
743 4489 858 4544 dies
886 4489 1091 4558 primus
1120 4486 1240 4542 dies
1272 4487 1574 4543 dominicus
1596 4490 1903 4560 deputatur.

649 4579 756 4637 Int.
791 4581 1075 4647 Quomodo
1104 4580 1369 4636 visionem
1401 4581 1552 4637 illam
1574 4581 1627 4637 in
1656 4599 1760 4650 qua
1789 4583 2048 4639 Dominus
2076 4599 2164 4640 as-

576 4672 803 4742 sumptis
834 4673 1007 4725 tribus
1031 4670 1308 4740 discipulis
1335 4672 1669 4743 gloriﬁcatus
1690 4686 1772 4730 est
1797 4716 1812 4740 ,
1849 4673 2018 4730 Lucas
2041 4685 2165 4746 post

579 4771 722 4830 octo,
752 4763 840 4818 alii
867 4779 998 4818 vero
1019 4763 1364 4832 evangelista:
1396 4775 1517 4833 post
1544 4779 1638 4820 sos
1670 4766 1786 4820 dies
1817 4767 2161 4823 subsecutam

577 4871 702 4912 esse
747 4866 1171 4912 commemorant
1218 4854 1372 4925 (Luc.
1403 4872 1479 4923 tr,
1529 4855 1628 4922 28;
1683 4857 1871 4911 Matth.
1931 4873 2061 4925 xvtt,
2094 4860 2161 4928 l;

579 4949 750 5007 Marc.
779 4966 852 5009 ix.
885 4949 975 5019 1)?

653 5041 810 5113 Resp.
842 5041 1036 5104 Lucas,
1068 5041 1180 5110 qui,
1213 5039 1398 5094 habito
1443 5039 1655 5095 Domini
1688 5040 1829 5109 apud
1871 5041 2168 5110 discipulos

580 5149 830 5194 sermone
857 5141 980 5204 post
1009 5145 1132 5188 octo
1153 5133 1288 5198 dies,
1323 5132 1511 5187 scribit
1539 5131 1797 5186 visionem
1831 5131 1972 5188 hanc
1999 5133 2165 5189 disci-

580 5228 723 5300 pulis
745 5236 1049 5291 ostensam,
1082 5235 1134 5280 et
1160 5240 1280 5280 eum
1309 5224 1450 5279 diem
1500 5240 1608 5295 quo
1655 5223 1914 5278 Dominus
1954 5224 2168 5280 locutus

583 5331 664 5376 est
695 5317 1109 5389 comprehendit
1148 5326 1204 5372 et
1233 5332 1356 5372 eum
1383 5332 1490 5386 quo
1514 5316 1672 5372 Jesus
1712 5315 2041 5385 glorilicatus
2069 5333 2167 5390 ap-

585 5411 781 5483 paruit.
813 5410 874 5465 lli
903 5424 1033 5465 vero
1059 5409 1148 5476 qui
1195 5423 1288 5463 sex
1319 5409 1436 5464 dies
1465 5409 1782 5463 iudicandos
1825 5419 2165 5478 putaverunt,

585 5504 777 5562 mediis
823 5511 1028 5557 tantum
1070 5510 1230 5571 atque
1283 5501 1505 5571 integris
1551 5501 1742 5556 diebus
1776 5502 2170 5568 annumeratis,

586 5601 738 5670 quasi
767 5597 1120 5666 semiplenam
1153 5596 1385 5665 primum
1419 5596 1572 5650 illum
1626 5596 1768 5651 diem
1811 5606 2174 5667 postremum-

589 5703 692 5756 que
723 5695 1030 5741 tacuerunt.

663 5773 772 5828 litt.
815 5775 1016 5827 Rursus
1056 5773 1110 5829 in
1156 5773 1343 5830 eodem
1398 5775 1563 5831 dicit:
1600 5774 1768 5830 Erunt
1804 5778 1935 5830 enim
1983 5793 2044 5832 ex
2079 5780 2171 5834 hac

2171 1790 2220 1850 B

1523 315 1579 372 5.
1622 255 1952 370 EUCﬂERll
1989 302 2470 367 LUGDL’NENSIS
2507 299 2812 359 EPISCOPI

2228 416 2448 486 quinque
2475 413 2526 466 in
2557 411 2709 466 domo
2735 427 2839 466 una
2868 412 3040 476 diuisi,
3077 421 3179 465 tres
3207 412 3261 465 in
3291 411 3396 465 duo
3423 419 3472 466 et
3499 413 3607 468 duo
3632 415 3689 468 in
3717 425 3826 474 tres

2228 506 2549 569 divideu'ur;
2588 515 2736 576 pater
2761 504 2815 557 in
2847 504 3037 572 ﬁlium,
3073 513 3120 556 et
3144 504 3372 572 ﬁtiusju
3404 516 3604 573 patrem
3627 523 3825 578 suum;

2228 610 2390 653 mater
2419 599 2470 651 in
2507 598 2667 666 ﬁliam
2688 637 2702 660 ,
2728 606 2776 651 et
2805 596 2917 664 ﬁlia
2948 595 2999 647 in
3042 606 3290 661 matrem,
3340 612 3524 649 socrus
3550 599 3601 651 in
3631 616 3824 653 nurum

2227 707 2396 756 suam,
2427 699 2474 743 et
2505 705 2664 742 nurus
2695 689 2746 741 iu
2775 704 2979 742 socrum
3029 703 3175 740 suam
3211 687 3378 755 (Luc.
3408 703 3504 753 sit,
3535 688 3649 760 52).
3681 691 3822 761 Quid

2229 782 2484 854 estquod
2513 798 2635 837 eum
2690 783 2944 852 superius
2998 781 3237 850 quinque
3284 781 3529 837 videatur
3574 786 3825 850 posuisse

2230 891 2531 946 personas,
2561 890 2658 929 sex
2703 875 2755 928 in
2803 873 3257 942 subsequentibus
3301 888 3424 928 cum
3465 889 3827 946 personarum

2231 969 2625 1041 signiﬁcatione
2654 967 2927 1038 subjecit?

2307 1063 2466 1130 Resp.
2493 1062 2662 1116 Mater
2690 1071 2744 1114 et
2770 1074 2961 1115 socrus
3013 1058 3204 1114 eadem
3234 1057 3463 1130 intelligi
3493 1069 3673 1131 potest
3699 1076 3830 1132 qua:

2235 1169 2334 1226 per
2367 1155 2530 1209 ﬁliam
2559 1162 2614 1208 et
2656 1169 2849 1207 nitrum
2882 1152 3094 1209 duobus
3139 1153 3212 1208 sit
3237 1155 3557 1222 eompellata
3587 1156 3824 1210 nomini-

2239 1249 2375 1304 bus:
2428 1263 2491 1303 ac
2532 1247 2756 1318 perinde
2788 1246 2928 1302 etin
2973 1247 3323 1316 subsequeuti
3371 1247 3612 1318 quinque
3656 1249 3829 1306 videri

2241 1350 2424 1412 pOICSl
2454 1355 2713 1395 numerus
2745 1355 3121 1408 personarum.

2314 1435 2421 1489 lnt.
2464 1435 2518 1488 In
2548 1434 2799 1504 parabole
2841 1433 3028 1488 Lazari
3057 1441 3110 1488 ct
3142 1431 3326 1488 divitis
3366 1434 3416 1490 al
3439 1443 3658 1505 quanta:
3685 1451 3830 1506 qna:-

2240 1527 2447 1581 stiones
2493 1527 2795 1581 incurrunt.
2843 1526 2950 1580 Ant
2987 1526 3258 1596 quomodo
3289 1525 3445 1580 dives
3471 1527 3830 1583 intormentil

2242 1620 2314 1674 sit
2343 1629 2468 1674 ante
2492 1619 2752 1688 judicium
2802 1617 2954 1688 (Luc.
2990 1633 3103 1682 xvi,
3144 1619 3263 1685 l9);
3309 1629 3402 1673 aut
3439 1621 3708 1688 quomodo
3747 1621 3830 1675 die

2242 1713 2384 1782 gitus
2414 1711 2601 1765 Lazari
2633 1711 2844 1764 dicatur
2893 1708 3044 1778 (Luc.
3082 1725 3196 1774 xvi,
3242 1709 3365 1780 ‘3‘);
3419 1713 3678 1774 nttmquiil
3705 1728 3830 1768 cor-

2247 1819 2376 1874 pora
2410 1804 2547 1871 apud
2595 1803 2794 1854 inferos
2823 1802 2963 1866 sint;
2995 1811 3084 1854 aut
3130 1801 3244 1871 ipse
3290 1818 3482 1872 aquam
3517 1803 3832 1868 desideret;

2247 1896 2504 1966 numquid
2536 1896 2679 1950 sitim
2710 1895 2956 1962 corporis
2978 1895 3285 1950 sentiebat?

2321 1989 2478 2060 Resp.
2507 1988 2632 2042 llaec
2661 1987 2842 2041 omnia
2873 1986 3172 2041 secundum
3203 2001 3297 2042 eos
3326 1988 3546 2043 aﬂ’ectus
3569 1989 3840 2059 loquitur,

2248 2097 2387 2152 quos
2436 2079 2725 2149 aliquando
2776 2095 2873 2147 pro
2914 2079 3238 2134 necessitate
3282 2080 3520 2148 corporis
3561 2090 3838 2150 gesserat.

2247 2171 2518 2227 Ceterum
2567 2172 2652 2225 ille
2702 2180 2829 2224 ante
2875 2170 3139 2239 judicium
3199 2181 3580 2226 tormentorum
3638 2187 3843 2229 sensus

2249 2264 2399 2334 quasi
2427 2278 2523 2331 pro
2547 2262 2666 2315 loco
2693 2261 2953 2316 custodia:
2984 2264 3035 2316 in
3063 2279 3172 2332 quo
3199 2274 3316 2318 erat
3345 2265 3692 2331 accipiendus
3714 2275 3841 2322 est:

2249 2357 2357 2411 reis
2385 2355 2579 2428 quippe
2619 2357 2733 2423 ipsa
2763 2355 3004 2410 custodia
3039 2356 3200 2410 etiam
3255 2367 3378 2412 ante
3419 2357 3687 2428 judicium
3735 2376 3843 2418 non

2250 2460 2335 2506 est
2377 2452 2580 2520 absque
2623 2450 2927 2506 tormentis.
2960 2450 3016 2504 lit
3043 2451 3148 2507 hoc
3178 2467 3391 2520 quoque
3419 2453 3562 2522 quod
3591 2454 3728 2525 apud
3755 2455 3842 2509 in-

2253 2542 2461 2597 fernum
2491 2543 2762 2597 Abraham
2784 2543 2916 2596 vidit
2938 2543 3053 2598 lia'c
3079 2543 3322 2608 subesse,
3352 2559 3381 2597 a
3408 2545 3725 2613 quibusdam
3754 2563 3842 2602 ra-

2252 2637 2329 2690 tio
2359 2646 2590 2703 jutatur,
2621 2636 2762 2706 quod
2785 2636 2946 2690 etiam
2977 2651 3166 2691 omnes
3193 2638 3368 2692 sancti
3393 2648 3523 2693 ante
3549 2639 3844 2695 adventum

2255 2728 2464 2783 Domini
2499 2729 2669 2783 nostri
2695 2728 2823 2784 Jesu
2847 2728 3051 2783 Christi
3088 2729 3156 2784 ad
3188 2730 3416 2794 inferna,
3449 2731 3575 2786 licet
3602 2732 3652 2785 in
3682 2731 3846 2787 refrio

2253 2822 2383 2891 gerii
2419 2821 2630 2887 locum,
2680 2819 3029 2875 descendisse
3077 2820 3345 2876 dicuntur.
3401 2822 3505 2877 Alii
3551 2824 3848 2894 Opinatitur

2256 2913 2430 2968 locum
2453 2915 2599 2967 illum
2632 2913 2683 2967 iti
2715 2929 2820 2983 quo
2849 2913 3118 2969 Abraham
3144 2925 3281 2979 erat,
3307 2917 3375 2969 ab
3402 2915 3510 2974 illis
3537 2917 3726 2972 inferni
3757 2918 3848 2974 lo-

2255 3007 2334 3060 cis
2361 3007 2412 3060 in
2459 3005 2834 3075 superioribus
2861 3005 3234 3072 constitutum,
3281 3020 3506 3079 propter
3530 3009 3669 3080 quod
3697 3009 3849 3066 dicat

2259 3099 2516 3154 Dominus
2547 3101 2614 3154 de
2659 3099 2750 3154 illo
2805 3099 3009 3154 divite:
3067 3099 3300 3155 Elevans
3343 3102 3532 3157 oculos
3563 3116 3689 3156 suos
3718 3117 3848 3158 cum

2259 3202 2401 3247 esset
2428 3191 2480 3245 in
2506 3193 2812 3256 tormentis,
2837 3191 2972 3244 vidit
2998 3191 3269 3246 Abraham
3301 3194 3368 3247 de
3394 3192 3591 3261 longe;
3640 3194 3846 3249 sinum-

2259 3301 2364 3355 que
2388 3285 2553 3356 ipsius
2583 3284 2816 3340 Abrahae
2837 3283 3107 3355 designari
3151 3285 3296 3339 illius
3323 3286 3556 3353 regionis
3584 3286 3846 3356 quietem.

2333 3376 2441 3430 Int.
2465 3377 2745 3444 Quomodo
2776 3377 3147 3446 accipiendum
3172 3386 3256 3432 est
3281 3377 3422 3446 quod
3453 3378 3712 3448 legimus:
3737 3376 3846 3432 Re-

2260 3487 2415 3543 gnum
2449 3469 2541 3522 Dei
2569 3471 2706 3522 intra
2735 3485 2822 3523 ros
2845 3481 2918 3523 est
2949 3467 3102 3540 (Luc.
3133 3483 3263 3533 xvu,
3290 3468 3420 3534 ειη

2337 3562 2497 3630 Resp.
2547 3562 2602 3616 lo
2653 3577 2983 3630 unoquoque
3036 3576 3136 3630 pro
3182 3561 3444 3617 bonorum
3475 3562 3850 3635 malorumque

2261 3664 2476 3709 actuum
2504 3653 2888 3720 discrepantia,
2923 3661 3014 3706 aut
3039 3652 3177 3707 Deus
3211 3664 3418 3723 regnat,
3447 3664 3538 3709 attt
3564 3654 3846 3712 diabolus:

2262 3751 2385 3818 quia
2434 3765 2658 3806 necesse
2689 3761 2771 3804 est
2797 3750 2951 3819 cujus
2973 3751 3303 3803 voluntatem
3353 3765 3518 3820 opere
3559 3760 3844 3818 procurat,

2263 3841 2380 3910 ejus
2411 3842 2636 3910 imperio
2667 3842 2910 3896 videatur
2947 3856 3070 3896 esse
3095 3841 3390 3910 subjectus.
3425 3841 3606 3911 Itaque
3633 3842 3676 3896 si
3717 3843 3848 3912 justi

2263 3944 2388 3988 sunt
2409 3935 2647 4004 quidam,
2678 3935 2823 3989 Deus
2856 3936 2907 3988 in
2938 3934 3022 3988 his
3046 3949 3272 4005 regnare
3301 3933 3562 3990 dicendus
3586 3944 3704 3999 est;
3731 3935 3849 3990 dia-

2263 4027 2438 4092 bolus,
2466 4029 2510 4082 si
2542 4028 2747 4097 injusti.
2778 4029 2960 4084 Potest
2987 4029 3192 4083 etiides
3222 4043 3444 4099 regnum
3473 4028 3564 4084 Dei
3588 4028 3717 4095 diei,
3740 4044 3848 4100 qua

2263 4119 2370 4173 itur
2397 4120 2462 4171 ad
2491 4135 2739 4188 regnum,
2773 4123 2894 4190 quia
2939 4122 3113 4190 utique
3149 4123 3324 4192 justus
3354 4136 3418 4173 ea:
3457 4121 3561 4189 ﬁde
3602 4121 3724 4174 vivit
3750 4134 3771 4175 :
3801 4128 3851 4173 et

2264 4229 2353 4282 per
2379 4229 2530 4279 quam
2555 4211 2790 4267 Christus
2820 4213 3016 4267 habitat
3045 4215 3097 4267 in
3130 4211 3373 4266 cordibus
3411 4221 3708 4267 sanctorum
3732 4229 3851 4268 suo-

2263 4320 2379 4358 rum
2412 4304 2567 4375 (Πρὸ.
2602 4321 2662 4372 ll,
2692 4307 2758 4370 d;
2784 4305 2920 4375 Epit.
2956 4322 3038 4371 ιιι,
3073 4306 3182 4376 l7).

2337 4395 2446 4452 Int.
2468 4400 2750 4464 Quomodo
2773 4400 2823 4453 in
2853 4399 2992 4454 Luca
3018 4399 3210 4453 latroni
3225 4399 3474 4455 Salvator
3493 4398 3654 4454 dicit:
3681 4398 3853 4455 Hodie

2265 4507 2463 4544 mecum
2487 4493 2586 4544 eris
2614 4492 2667 4544 in
2699 4493 2945 4561 paradiso
2978 4491 3130 4560 (Luc.
3163 4505 3308 4557 xstv,
3341 4491 3451 4559 43),
3498 4505 3620 4545 cum
3667 4491 3856 4561 utique

2265 4582 2354 4637 die
2384 4583 2475 4637 illo
2507 4583 2801 4639 secundum
2829 4584 3101 4640 hominem
3123 4598 3354 4654 corpore
3381 4583 3433 4638 in
3467 4592 3630 4644 terra.
3669 4583 3855 4637 anima

2265 4675 2406 4745 apud
2431 4674 2635 4729 inferos
2658 4675 2862 4731 fuerit?

2339 4765 2499 4839 Resp.
2531 4767 2714 4824 Potest
2742 4767 2878 4822 forte
2905 4767 2995 4823 hic
3041 4783 3140 4840 pro
3165 4767 3417 4840 paradiso
3445 4767 3612 4837 accipi
3653 4767 3748 4824 ille
3775 4778 3860 4824 at-

2270 4860 2481 4916 tributa:
2503 4861 2702 4930 quietis
2719 4861 2891 4923 locus,
2916 4861 3007 4917 ubi
3035 4862 3308 4918 Abraham
3330 4877 3451 4918 esse
3474 4878 3597 4917 cum
3627 4862 3858 4930 Lazaro,

2274 4951 2327 5006 in
2362 4953 2654 5022 Evangelio
2687 4953 2936 5008 Salvator
2979 4955 3215 5010 ostendit
3263 4955 3414 5022 (Luc.
3450 4972 3561 5019 xvi,
3603 4956 3717 5024 ξε).
3753 4957 3864 5015 Aut

2271 5051 2418 5098 certe
2443 5043 2514 5097 ita
2549 5043 2954 5112 intelligendum
2985 5055 3087 5110 est,
3107 5046 3248 5116 quod
3279 5047 3415 5101 hanc
3441 5048 3858 5116 promissionem

2273 5132 2533 5191 Dominus
2581 5136 2875 5190 secundum
2928 5137 3174 5192 eﬂ'ecmm
3206 5139 3402 5194 divina:
3447 5141 3733 5210 potestatis
3760 5143 3865 5199 im-

2271 5225 2522 5295 pleverit,
2548 5227 2673 5296 quia
2699 5228 2894 5298 ubique
2929 5229 3093 5283 Demn
3116 5244 3239 5285 esse
3269 5231 3600 5287 noscendum
3629 5241 3733 5288 est.

2842 5383 2848 5388 _
2906 5336 2959 5376 IN
2993 5335 3213 5376 JOANNB.

2348 5409 2454 5466 Int.
2501 5409 2864 5482 Quadraginta
2905 5421 2965 5468 et
3000 5427 3093 5467 Sex
3122 5413 3246 5468 anni
3273 5454 3288 5478 ,
3334 5413 3741 5472 afﬁrmantibus
3781 5418 3850 5473 Ju

2276 5503 2430 5566 dteis,
2466 5502 2760 5558 secundum
2802 5504 3150 5574 Evangeliqu
3201 5507 3424 5563 Joannis
3454 5509 3478 5580 (
3504 5525 3563 5573 tt,
3604 5508 3745 5580 20),
3824 5511 3882 5565 iii

2277 5597 2640 5653 aediﬁcatione
2683 5598 2866 5669 templi
2903 5600 3175 5668 quomodo
3209 5601 3571 5658 ostenduntur
3609 5603 3820 5674 impleti
3861 5603 3887 5656 ἲ

2351 5688 2505 5758 Resp.
2555 5687 2901 5744 Salomonem
2944 5690 3163 5758 quidem
3193 5699 3403 5759 septem
3455 5701 3667 5748 tantum
3707 5694 3875 5752 anuis

2279 5779 2492 5835 domum
2524 5780 2731 5835 Domini
2752 5780 3047 5839 mditicasse
3069 5781 3199 5839 satis
3226 5789 3440 5840 constat
3467 5799 3530 5843 es
3583 5785 3876 5858 Scriptura
