4042 6188
1361 183 1918 249 lNSTRUCTlONUM
1957 184 2162 244 LIBER
2200 180 2240 241 l.

3335 178 3446 243 802

176 324 272 377 hoc
298 317 542 372 dicente;
576 307 984 380 idiﬁcauitque
1007 321 1120 361 eant
1158 306 1211 359 itt
1258 308 1409 359 annis
1448 313 1640 374 septem
1665 301 1752 371 (lli
1783 308 1831 365 Α
1859 313 2050 358 cuncta
2105 300 2394 373 propositae
2441 299 2775 370 Operationis
2829 299 3172 370 impleverat,
3224 315 3445 378 propter

180 413 302 482 Reg.
331 423 401 473 ιι,
433 404 544 474 38).
596 401 964 470 Quadraginta
989 414 1118 452 vero
1167 412 1258 452 ses
1289 398 1416 450 anni
1464 396 1516 449 in
1568 393 1754 465 templi

177 501 563 559 retauratione
618 502 909 565 ponuntur,
964 508 1083 561 qttre
1131 490 1306 544 habita
1357 498 1438 543 cst
1471 489 1521 542 in
1563 488 1753 543 diebus

183 597 393 660 Esdrze,
425 601 544 662 post
569 588 978 644 subversioncm
1028 586 1438 655 Hierosolyma,
1474 582 1755 650 captivita-

179 698 388 755 temque
407 684 736 739 Judaeorunt.
769 680 938 734 Porro
967 678 1080 746 ipsa
1111 676 1382 746 reparatio
1408 673 1757 729 em-dilican-

180 780 227 831 di
259 776 433 845 templi
461 774 551 828 diu
581 782 750 826 tracta
773 779 878 834 est,
899 768 1092 822 vicinis
1111 767 1162 820 itt
1191 766 1419 820 cirCItilu
1447 763 1758 818 natiOuibus

180 884 307 939 Opus
332 867 545 923 assidua
571 865 918 920 infestatione
948 859 1382 932 prohibentibus.

250 961 354 1017 int.
375 959 661 1028 Quomodo
681 957 931 1011 Salvator
951 949 1290 1021 assntnptuni
1318 949 1588 1004 hominem
1609 946 1761 1002 duxit

182 1059 230 1114 itt
256 1061 446 1113 caelum
470 1055 494 1107 ?
520 1063 611 1107 aut
641 1049 911 1121 quomodo
935 1047 1128 1103 cmlutn
1162 1047 1490 1112 promittitur
1532 1040 1756 1107 sanctis,

180 1166 300 1206 cum
331 1149 472 1202 dicat
495 1163 506 1198 :
534 1144 701 1199 Nemo
721 1141 946 1196 ascendit
971 1142 1022 1193 in
1045 1138 1246 1201 malum,
1271 1137 1368 1190 nisi
1390 1136 1474 1205 qui
1499 1133 1762 1188 descendit

181 1243 244 1296 de
262 1239 384 1296 cwlo
405 1236 578 1290 Filius
607 1235 828 1288 Itominis
859 1233 946 1302 qui
973 1240 1047 1284 est
1089 1231 1140 1283 in
1169 1230 1291 1283 calo
1318 1227 1500 1297 (Joan.
1535 1241 1610 1288 ιιι,
1637 1225 1762 1291 13)?

182 1339 282 1389 Aut
303 1331 571 1399 quomodo
595 1329 645 1381 in
668 1327 806 1382 cado
831 1334 966 1390 erat,
997 1339 1118 1376 cum
1140 1321 1316 1374 adhuc
1340 1330 1485 1373 esset
1513 1318 1564 1371 in
1588 1315 1764 1370 terra?

248 1422 403 1492 Resp.
441 1421 754 1478 Secundum
784 1430 1002 1471 carnem
1044 1414 1095 1468 iit
1129 1424 1267 1467 terra
1300 1423 1436 1476 erat,
1467 1411 1762 1466 secundum

187 1516 436 1570 Deitatent
461 1513 606 1566 crelo
630 1526 734 1563 non
766 1509 971 1561 deerat.
1001 1504 1125 1559 ideo
1169 1516 1222 1558 et
1263 1504 1379 1572 ipse
1405 1503 1646 1558 ascendit
1676 1502 1766 1571 qui

183 1604 478 1669 descendit,
529 1601 656 1671 quia
686 1600 814 1653 licet
858 1597 1210 1665 asstunpscrit
1258 1595 1552 1660 hominem,
1586 1606 1764 1648 tamen

1857 413 1976 468 qum
2010 398 2256 449 homines
2284 405 2590 460 terramque
2625 394 2955 448 vsitavcrat.

1932 488 2039 543 litt.
2087 488 2371 556 Quomodo
2428 487 2832 555 intelligendum
2877 495 2960 542 est
3007 489 3148 558 quod
3201 490 3447 549 Salvator

1859 587 2024 640 dicit:
2072 584 2195 638 Cum
2223 586 2452 650 loquitur
2482 584 2822 648 mendacium,
2855 601 2918 637 ex
2949 586 3170 654 propriis
3193 587 3445 652 loquitur,

1860 679 1980 746 quia
2014 677 2232 730 mendax.
2258 685 2330 729 est
2355 687 2400 728 et
2428 686 2575 745 pater
2599 675 2708 743 ejus
2739 673 2918 741 (Joan.
2955 691 3068 737 \lll,
3102 673 3232 743 45)?
3323 675 3325 678 ’

1933 770 2093 837 Resp.
2123 768 2293 837 Supra
2325 770 2534 821 dixerat
2565 766 2695 820 Dom
2723 784 2821 820 nus
2849 766 2914 819 atl
2946 765 3193 821 Juda'os:
3225 767 3278 821 Si
3306 767 3449 845 Deus

1863 872 2020 934 pater
2049 873 2227 917 vester
2254 873 2419 926 esset,
2444 861 2736 929 diligeretis
2768 861 2954 928 utique
2996 876 3104 925 me,
3135 869 3189 914 et
3219 875 3404 929 postea
3429 877 3446 916 :

1869 957 1976 1012 Vos
2007 973 2074 1011 ex
2098 957 2319 1009 diabolo
2349 967 2499 1024 patre
2523 957 2677 1019 estis,
2709 966 2760 1007 et
2784 953 3054 1007 desideria
3089 954 3257 1022 patris
3285 953 3449 1008 vestri

1866 1051 2026 1104 vultis
2059 1051 2256 1104 facere.
2294 1049 2364 1102 lle
2396 1048 2662 1101 hunticida
2698 1061 2810 1099 erat
2845 1047 2913 1098 ab
2962 1046 3132 1108 initio,
3183 1055 3236 1100 et
3278 1047 3329 1099 itt
3362 1061 3452 1100 vc-

1867 1143 2027 1196 ritate
2057 1138 2350 1198 nunstetit,
2372 1141 2492 1208 quia
2542 1153 2647 1189 non
2683 1151 2758 1191 ρει
2791 1138 2992 1191 veritas
3015 1140 3064 1189 iu
3089 1153 3174 1191 eo.
3201 1135 3334 1190 Cum
3370 1137 3452 1192 lo-

1866 1233 2048 1302 quitur
2081 1232 2440 1295 mendacium,
2479 1231 2562 1283 hic
2585 1230 3014 1283 subaudiendum
3038 1242 3142 1293 (νει,
3169 1230 3454 1298 unuSquis-

1867 1341 1974 1395 que
2005 1338 2265 1390 vestrum,
2312 1340 2376 1378 ex
2411 1325 2642 1391 propriis
2675 1322 2932 1390 loquitur,
2957 1321 3078 1390 quia
3114 1325 3342 1376 mendax
3371 1330 3454 1375 est

1869 1428 1923 1471 et
1956 1428 2104 1486 pater
2125 1419 2266 1485 ejus,
2318 1417 2368 1469 id
2399 1423 2514 1477 est,
2549 1413 2819 1467 diabolus.
2861 1414 2996 1467 Sunt
3028 1414 3116 1482 qui
3163 1414 3231 1465 ita
3267 1412 3456 1481 dispu-

1870 1517 2012 1562 tant:
2044 1508 2177 1561 Cum
2213 1508 2449 1577 loquitur
2481 1505 2843 1566 mendacium,
2868 1503 2922 1558 id
2951 1513 3052 1568 est,
3087 1503 3355 1566 diabolus,
3388 1505 3456 1558 de

1872 1601 2106 1671 proltriis
2137 1603 2392 1669 loquitur,
2423 1600 2548 1668 quia
2600 1598 2830 1651 lllCl-dax
2872 1608 2976 1661 ρει,
3032 1607 3084 1649 et
3136 1607 3288 1664 pater
3316 1593 3455 1663 ejus,

182 1695 340 1751 Ῑιοηιο
379 1706 432 1751 οι
467 1695 627 1759 Deus.
658 1692 757 1745 Ιιυε
788 1698 891 1753 εει,
940 1687 1214 1751 (ἷῑιτιειυεο
1250 1701 1353 1740 ιιηει
1386 1700 1614 1754 116150⁸ιὶ1
1646 1693 1763 1748 ρδυ
1801 1689 1845 1750 Β
1873 1694 1977 1748 hoc
2007 1704 2090 1748 est
2135 1692 2402 1747 mendacii
2435 1692 2604 1759 ipsius
2653 1704 2804 1758 pater
2835 1698 2938 1752 est,
2973 1688 3095 1758 quia
3129 1695 3198 1741 ab
3231 1690 3347 1754 ipso
3378 1689 3458 1740 vi-

181 1795 232 1842 et
261 1786 445 1854 utique
478 1797 599 1837 cum
633 1782 725 1834 ille
772 1781 843 1833 sit
882 1788 1064 1846 caput,
1113 1777 1284 1830 sancti
1314 1787 1490 1829 autem
1526 1775 1768 1829 membra

182 1879 306 1942 sint,
342 1890 566 1931 necesse
611 1882 694 1928 est
738 1880 794 1925 ut
844 1880 1140 1940 sequantur
1183 1868 1424 1922 membra
1468 1883 1575 1936 quo
1609 1874 1771 1935 caput

184 1971 478 2039 pra-cessit,
511 1977 566 2019 ut
595 1968 666 2018 sit
695 1965 746 2018 in
775 1963 918 2017 caelo
956 1960 1158 2015 Chriin
1190 1963 1433 2028 corporis
1471 1959 1767 2027 plenitudo.

252 2059 358 2116 Int.
384 2058 774 2126 Qualiterillud
803 2054 1178 2125 accipiendum
1203 2063 1286 2108 est
1317 2053 1457 2122 quod
1487 2054 1770 2107 scribitur:

188 2152 306 2208 Non
335 2155 473 2209 enim
506 2154 572 2208 ad
594 2167 887 2207 mensuram
919 2153 1008 2204 dat
1039 2148 1179 2203 Deus
1206 2148 1442 2219 spiritum
1475 2145 1662 2215 (Joan.
1691 2160 1770 2211 ιιι,

187 2247 324 2316 35)?

255 2337 416 2406 Resp.
457 2338 570 2392 lloc
599 2337 816 2408 quidam
843 2336 912 2390 de
954 2334 1092 2389 Filio
1119 2335 1334 2402 proprie
1363 2332 1772 2402 intelligendum

187 2446 307 2488 esse
337 2431 662 2486 Conlirmant
691 2447 703 2481 :
753 2430 875 2498 quia
905 2428 1151 2481 homines
1175 2427 1303 2480 dum
1344 2426 1436 2479 al.i
1486 2424 1608 2479 aliis
1659 2425 1776 2492 ilus

187 2524 436 2579 minusve
462 2524 696 2592 capiant.
723 2523 910 2590 utique
936 2521 1003 2575 ad
1032 2537 1335 2575 mensuram
1359 2522 1605 2590 spiritum
1637 2521 1778 2576 acci-

191 2631 321 2685 pere
356 2617 633 2680 videntur,
663 2615 815 2683 juxta
849 2614 978 2668 illud
1013 2613 1286 2683 Apostoii:
1322 2612 1581 2669 Habentes
1609 2626 1778 2668 autem

189 2711 494 2764 donationes
524 2710 804 2762 secundum
853 2709 1095 2777 gratiam,
1147 2724 1261 2774 qua:
1308 2709 1430 2761 data
1479 2718 1553 2762 est
1593 2708 1777 2773 trabis,

191 2801 508 2870 iii/ferentes,
540 2801 644 2855 sive
671 2799 994 2871 prophetiam
1023 2800 1304 2853 secundum
1336 2816 1628 2852 mensuram
1656 2799 1780 2866 ﬁdei

193 2891 365 2962 (Rom.
389 2907 486 2955 sit.
502 2891 581 2956 6),
598 2907 702 2947 etc.
718 2890 932 2946 Christo
944 2906 1072 2946 vero
1092 2892 1364 2959 unigenito
1378 2906 1495 2954 suo,
1511 2892 1600 2960 qni
1617 2892 1778 2944 etiam

194 2983 303 3053 dat,
332 3001 438 3040 n0n
470 2995 554 3040 est
583 2983 804 3053 spiritus
834 2985 899 3036 ad
926 2999 1232 3038 mensuram
1266 2985 1446 3046 datus,
1477 2984 1600 3052 quia
1631 2983 1685 3036 in
1715 2997 1781 3036 eo

193 3086 277 3132 est
302 3079 469 3131 omnis
500 3078 762 3144 plenitudo
785 3077 1068 3128 divinitatis
1098 3076 1316 3146 ((Joloss.
1352 3091 1406 3137 Il,
1450 3074 1526 3141 9).

266 3166 379 3221 Int.
415 3166 663 3220 Salvator
691 3167 854 3220 dicit:
914 3163 1013 3218 Vos
1059 3166 1318 3218 ascendite
1348 3164 1417 3217 ad
1449 3166 1584 3218 diem
1611 3163 1782 3231 hunc,

196 3277 286 3332 ego
315 3277 418 3314 non
444 3261 716 3314 ascendam
742 3259 809 3311 ad
830 3259 964 3311 diem
985 3262 1170 3327 festum
1200 3259 1351 3311 istum
1377 3259 1554 3328 (Joan.
1586 3274 1679 3323 vn,
1707 3258 1786 3330 8),

197 3363 252 3406 et
277 3350 551 3421 quomodo
577 3361 762 3414 postea
792 3349 1051 3404 scribitur
1073 3350 1141 3405 de
1167 3365 1232 3404 eo
1258 3369 1270 3403 ε
1309 3350 1374 3404 Ut
1415 3362 1584 3404 autent
1612 3368 1790 3405 ascen-

199 3445 386 3499 derunt
414 3449 600 3514 fratres
648 3446 780 3515 ejus,
827 3453 945 3497 tunc
975 3453 1022 3496 et
1049 3443 1158 3511 ipse
1187 3445 1415 3498 ascendit
1456 3444 1523 3498 ad
1551 3445 1685 3499 diem
1715 3449 1791 3502 fe-

200 3549 336 3592 stum
368 3537 553 3605 (Joan.
583 3553 678 3600 vn,
712 3537 836 3605 10)?

272 3630 432 3701 Resp.
467 3628 677 3683 Veritas
707 3628 1044 3682 mendacium
1074 3627 1217 3698 loqui
1249 3645 1354 3683 non
1387 3638 1585 3700 potest.
1617 3631 1793 3701 Atque

203 3723 407 3779 idcirco
429 3740 533 3776 ttott
562 3722 899 3778 aliteralesu
919 3722 1116 3778 factum
1140 3735 1245 3788 est,
1261 3726 1572 3795 quamqnod
1588 3742 1647 3781 se
1673 3743 1795 3796 pro-

203 3818 548 3871 nuntiaverat
565 3829 687 3870 esse
710 3817 994 3870 facturum.
1013 3815 1345 3887 Scenopcgia
1367 3819 1680 3875 solemnitas
1700 3820 1796 3875 Ju-

205 3906 450 3962 da'orum
481 3923 584 3960 non
614 3924 775 3961 unum
801 3908 968 3971 diem,
996 3909 1090 3962 sed
1112 3912 1289 3978 plures
1307 3911 1426 3965 dies
1453 3911 1795 3969 solemnitate

206 4000 613 4069 complectitur,
646 4000 785 4055 sicut
835 4011 890 4055 et
935 4000 1157 4056 Pascha:
1188 4002 1468 4057 festivitas.
1501 4005 1642 4076 Ergo
1671 4006 1794 4075 quia

205 4088 444 4155 dixerat,
474 4106 579 4144 non
604 4090 839 4145 ascendo
882 4091 948 4145 ad
985 4093 1127 4147 diem
1177 4092 1370 4149 festum
1415 4095 1581 4162 hanc,
1613 4097 1797 4169 utique

206 4181 270 4234 ad
290 4182 438 4236 diem
470 4181 660 4236 festum
698 4184 892 4252 ipsum,
926 4186 1066 4239 sicut
1096 4186 1439 4255 praedixerat,
1469 4205 1574 4242 non
1607 4205 1799 4246 ascen-

209 4272 304 4327 dit.
327 4274 466 4328 Natn
497 4285 550 4329 et
572 4279 815 4346 sequitur
838 4275 890 4329 in
918 4275 1246 4346 Evangelio:
1278 4279 1402 4334 llzec
1427 4297 1549 4336 cum
1574 4284 1799 4339 dixisset

211 4362 345 4435 ipse,
374 4367 480 4421 hoc
506 4378 611 4431 ρει,
636 4369 906 4433 Salvator,
941 4369 1138 4422 mansit
1168 4371 1218 4423 itt
1242 4370 1492 4438 Galilaea;
1525 4384 1580 4427 ιιι
1602 4375 1799 4430 intelli-

1871 1786 2064 1840 deatur
2092 1794 2272 1839 eitum
2295 1798 2418 1838 e~se
2442 1783 2810 1844 mendacium;
2842 1792 2898 1835 tit
2928 1784 3064 1835 sicut
3094 1782 3236 1836 Dens
3265 1780 3458 1838 Filium

1872 1879 2156 1933 veritatem
2187 1877 2394 1947 genuit,
2425 1876 2494 1929 ita
2523 1882 2578 1930 et
2605 1874 2855 1929 dlLbUlUs
2884 1873 3057 1927 lilium
3089 1874 3335 1944 genuerit
3359 1872 3460 1929 lal-

1873 1973 2108 2026 sitatetn.

1947 2063 2052 2118 lut.
2093 2061 2374 2130 Quomodo
2399 2061 2768 2130 accipiendum
2802 2070 2879 2115 est
2925 2060 3053 2114 illud
3083 2076 3192 2130 quo
3221 2059 3457 2117 dicitur:

1876 2158 2135 2213 Abraham
2167 2167 2314 2226 pater
2341 2166 2502 2209 uester
2525 2156 2794 2208 exsultavit
2814 2163 2866 2206 ut
2890 2153 3079 2206 videret
3103 2152 3236 2206 diem
3268 2168 3458 2220 meum,

1876 2262 1924 2304 et
1955 2251 2097 2312 ridit.
2134 2259 2179 2304 et
2208 2249 2412 2319 gavisus
2434 2258 2505 2302 est
2540 2248 2722 2317 (Joan.
2753 2263 2868 2312 vni,
2898 2245 3034 2316 53)?

1952 2341 2110 2411 Resp.
2135 2341 2419 2409 Propheta!
2452 2339 2694 2393 videntes
2713 2339 3123 2406 appellabantur
3155 2336 3197 2408 (l
3224 2337 3353 2408 Reg.
3377 2353 3462 2405 ix,

1879 2436 1958 2506 9),
2004 2436 2125 2490 ideo
2173 2434 2314 2504 quod
2345 2433 2402 2488 S.
2436 2432 2669 2501 Spiritus
2702 2445 2925 2484 munere
2968 2443 3033 2484 ea
3081 2445 3200 2498 qua:
3254 2429 3467 2485 ueteris

1880 2539 2028 2584 erant
2063 2528 2269 2590 clausa,
2300 2525 2454 2595 quasi
2488 2522 2694 2578 conscii
2726 2522 3023 2576 futurorum
3050 2520 3342 2586 videbant;
3387 2523 3470 2576 in-

1881 2631 1962 2676 ter
1982 2635 2119 2688 quos
2146 2628 2200 2672 et
2227 2617 2500 2672 Abraham
2529 2616 2803 2670 Christum
2837 2616 2966 2668 vidit
3001 2614 3052 2668 in
3083 2616 3298 2684 spiritu.

1954 2710 2061 2765 Int.
2097 2711 2300 2765 Dicitur
2325 2711 2376 2762 ιιι
2409 2709 2738 2777 Evangelii):
2793 2707 2996 2762 Scimus
3034 2709 3155 2776 quia
3180 2716 3469 2773 peccatores

1886 2801 2025 2856 Deus
2043 2820 2140 2856 non
2169 2801 2382 2855 exaudit
2402 2798 2579 2865 (Joan.
2612 2815 2693 2863 is,
2719 2800 2830 2863 3|),
2850 2811 2902 2852 et
2925 2800 3196 2866 quomodo
3227 2797 3472 2853 Salvator

1887 2895 1939 2949 in
1954 2898 2058 2950 alio
2076 2895 2196 2948 loco
2211 2895 2362 2949 dicit:
2387 2892 2566 2946 Omnis
2580 2894 2667 2960 qui
2681 2893 2821 2960 petit,
2839 2891 3022 2960 accipit
3044 2888 3259 2959 (Matth.
3276 2905 3345 2943 vn
3359 2931 3372 2954 ,
3388 2890 3471 2960 8)?

1961 2990 2117 3057 Resp.
2148 2987 2280 3043 Sunt
2308 2988 2395 3052 qui
2429 3001 2496 3040 et
2530 2985 2631 3038 hoc
2662 2986 2782 3038 loco
2816 2988 2884 3037 ita
2931 2983 3201 3037 sentiunt:
3237 2983 3358 3048 lile,
3389 2986 3470 3037 iti-

1807 3063 1853 3125 Ο
1886 3081 2101 3149 qttittnt,
2134 3079 2223 3148 qui
2249 3078 2383 3131 dixit
2413 3085 2725 3144 peccatores
2749 3091 2855 3128 non
2887 3073 3130 3127 exauditi
3159 3088 3334 3128 ca'cus
3360 3074 3473 3130 lue.

1889 3181 1993 3237 rat,
2024 3179 2079 3226 et
2108 3172 2317 3241 plenam
2341 3166 2684 3236 adhucqttasi
2708 3164 2885 3220 iul'uso
2906 3165 3132 3235 collyrio
3157 3166 3340 3219 videre
3367 3180 3473 3219 non

1890 3271 2100 3333 poterat
2125 3262 2424 3316 Veritatem.
2462 3258 2680 3312 Certum
2710 3265 2794 3312 est
2819 3267 2997 3311 autent
3027 3256 3223 3310 divina:
3267 3257 3478 3314 miseri-

1890 3355 2090 3410 cordize
2117 3369 2302 3407 aurem
2336 3363 2521 3422 patere
2555 3351 2912 3421 pulsantibus.
2948 3351 3126 3405 Potest
3172 3361 3227 3406 et
3259 3351 3359 3407 hac
3390 3369 3479 3407 ra-

1895 3449 2042 3502 tione
2067 3447 2291 3516 intelligi
2319 3447 2593 3516 quomodo
2627 3447 2765 3502 Deus
2800 3461 2906 3499 non
2939 3446 3192 3500 exaudiat
3231 3456 3479 3517 peccato-

1892 3555 2002 3602 res,
2055 3550 2111 3593 ut
2155 3538 2316 3592 etiam
2360 3538 2406 3592 si
2436 3539 2794 3593 exandiantur
2820 3540 2886 3592 ad
2917 3539 3311 3608 impetrandam
3355 3557 3479 3611 pro-

1895 3633 2067 3702 priam
2089 3630 2345 3695 salutem,
2380 3645 2482 3683 non
2510 3631 2870 3684 exaudiautur
2901 3633 2951 3685 iii
2978 3635 3167 3701 signis.

1967 3721 2075 3776 ln'.
2112 3723 2250 3775 Deus
2282 3733 2333 3775 et
2371 3720 2620 3776 Saltator
2661 3721 2786 3790 quid
2817 3731 2898 3775 est
2924 3723 3068 3790 quod
3102 3727 3152 3776 iit
3189 3724 3478 3794 Evangelio

1895 3817 2122 3873 Joannis
2143 3815 2304 3869 dicit:
2341 3812 2404 3867 In
2424 3815 2690 3886 judicium
2706 3830 2799 3884 ego
2830 3815 2883 3867 in
2905 3814 3040 3867 hunc
3071 3816 3317 3868 mundum
3345 3817 3475 3884 veni,

1900 3911 2070 3980 utqui
2120 3925 2222 3962 non
2253 3906 2426 3961 rident
2486 3906 2723 3971 videant,
2762 3916 2808 3960 et
2847 3905 2935 3975 qui
2980 3905 3149 3959 rident
3189 3909 3310 3960 ctect'
3355 3909 3482 3975 ﬁant

1902 4001 2083 4071 (Joan.
2117 4017 2190 4065 ιι,
2217 3999 2346 4068 39)?

1973 4095 2132 4166 Resp.
2166 4093 2282 4147 Non
2316 4093 2535 4147 minima
2565 4092 2818 4160 quarstio.
2860 4091 2953 4146 sed
2987 4105 3084 4146 nos
3114 4092 3354 4146 breviter
3387 4107 3486 4162 pro

1903 4192 2223 4242 necessitate
2253 4187 2378 4256 quid
2411 4185 2497 4240 hic
2535 4185 2819 4240 doctorum
2852 4186 3032 4254 opinio
3079 4187 3272 4241 habeat
3304 4187 3482 4256 prole-

1902 4296 2105 4336 retnus.
2134 4278 2200 4332 Ut
2221 4279 2312 4347 qui
2337 4293 2443 4331 non
2469 4277 2654 4332 vident
2685 4277 2921 4343 videant,
2947 4285 3001 4331 et
3031 4280 3121 4346 qui
3149 4277 3331 4331 vident
3358 4279 3485 4332 caeci

1905 4371 2066 4424 ﬁant:
2099 4369 2147 4423 id
2180 4379 2284 4432 est,
2312 4377 2369 4421 ut
2398 4369 2449 4421 hi
2479 4368 2568 4436 qui
2598 4383 2656 4422 se
2709 4384 2814 4422 non
2847 4368 3028 4422 videre
3059 4367 3384 4423 confitentur
3436 4378 3491 4425 ct

213 4470 397 4526 gamus
431 4461 480 4513 in
513 4477 574 4513 ea
606 4461 821 4527 quidem
851 4462 1229 4528 solemnitate,
1265 4465 1359 4518 sed
1403 4481 1505 4518 non
1546 4468 1795 4522 eumdem
1823 4439 1879 4498 Β
1907 4465 2172 4519 medicum
2223 4472 2491 4530 quaerunt,
2522 4461 2736 4515 videant
2763 4477 2778 4523 ;
2829 4460 2885 4513 Ιιὶ
2927 4476 3056 4515 Vero
3082 4463 3175 4531 qui
3213 4477 3274 4519 se
3306 4472 3493 4532 putant

214 4552 353 4606 diem
379 4554 563 4617 luisse,
589 4553 656 4605 de
677 4569 779 4622 qna
799 4561 983 4621 postea
1010 4555 1294 4608 scribitur:
1321 4557 1386 4610 Ut
1412 4567 1588 4610 autem
1609 4575 1799 4614 asceti-

215 4645 408 4700 derunt
440 4647 631 4698 fratres
657 4645 794 4713 ejus,
846 4657 973 4699 tunc
1014 4657 1066 4698 et
1113 4647 1226 4716 ipse
1275 4650 1517 4702 ascendit
1550 4651 1614 4703 ad
1653 4652 1796 4706 diem

216 4738 434 4791 festum.
465 4735 648 4788 Potest
676 4748 726 4788 et
752 4737 978 4805 ﬁgurate
1004 4736 1227 4806 intelligi
1259 4739 1342 4791 hic
1367 4741 1481 4794 dies
1512 4740 1700 4805 festus,
1730 4742 1796 4796 ad

212 4847 372 4898 quem
404 4827 653 4880 Salvator
669 4843 728 4882 se
751 4845 854 4881 noti
879 4843 1227 4884 ascensurum
1249 4847 1370 4886 esse
1396 4833 1670 4902 professus
1692 4845 1796 4904 est,

213 4922 344 4975 utin
378 4935 438 4973 se
484 4920 794 4973 mutandam
826 4919 1167 4975 festivitatem
1201 4923 1438 4977 doceret.

280 5009 391 5067 Iul.
429 5013 672 5078 Qualiter
697 5013 1040 5067 sentiendum
1071 5024 1150 5068 est
1184 5018 1252 5069 de
1300 5015 1417 5068 loco
1466 5016 1580 5080 illo,
1615 5017 1665 5070 in
1694 5033 1800 5086 quo

213 5107 278 5160 de
304 5107 431 5162 Jesn
463 5107 681 5161 Christo
729 5107 1012 5161 Salvatore
1064 5119 1250 5161 nostro
1301 5109 1587 5162 scribitur:
1637 5109 1802 5163 Nemo

219 5202 348 5255 misit
388 5203 443 5256 in
481 5217 595 5256 eum
624 5218 834 5270 manus,
865 5201 987 5272 quia
1034 5202 1261 5256 nondum
1303 5213 1507 5257 venerat
1537 5205 1664 5258 liora
1693 5209 1804 5277 ejus

223 5289 394 5360 (Joan.
428 5310 523 5356 vit,
555 5293 682 5362 50)?

291 5383 446 5454 Resp.
494 5384 634 5440 [lora
665 5385 777 5441 lucc
808 5400 911 5440 non
943 5386 1241 5440 secundum
1272 5387 1683 5444 mathematicos
1715 5388 1800 5442 in-

224 5479 509 5548 telligenda
535 5490 637 5541 est.
665 5482 756 5537 sed
791 5482 964 5551 potius
986 5483 1113 5536 hora
1155 5483 1243 5538 illa
1273 5498 1374 5553 qua
1402 5484 1514 5553 ipse
1535 5485 1801 5553 crttciligi,

222 5583 324 5638 qua
353 5569 466 5635 ipse
499 5573 604 5640 pati
635 5573 834 5640 vellet;
865 5584 920 5629 ct
952 5575 1074 5630 ideo
1116 5576 1353 5630 nondum
1401 5587 1620 5630 venerat
1671 5575 1804 5632 hora

221 5658 360 5728 eius,
383 5662 503 5730 quia
527 5664 766 5723 nondum
794 5668 1044 5724 universa
1069 5665 1392 5738 pet-iecerat,
1413 5670 1533 5736 quia
1563 5668 1803 5725 nonduin

1905 4556 2091 4610 videre
2138 4563 2190 4608 et
2223 4553 2492 4606 medicum
2524 4567 2629 4606 non
2673 4553 2952 4620 requirunt
3009 4554 3059 4606 iu
3105 4571 3198 4608 sua
3249 4557 3492 4610 eacitate

1907 4657 2282 4717 permaneant.
2310 4644 2496 4713 Itaque
2518 4644 2567 4696 in
2597 4644 2698 4698 hoc
2721 4643 2981 4712 judicium
3006 4647 3222 4702 venisse
3247 4665 3306 4703 se
3334 4650 3488 4713 dixit,

1908 4756 2015 4810 quo
2036 4739 2369 4793 discerneret
2391 4754 2608 4792 causam
2630 4739 2968 4794 credentium
2993 4751 3048 4794 et
3064 4741 3488 4797 incredulorum.

1908 4832 2049 4901 Ergo
2076 4839 2137 4884 ut
2165 4832 2256 4900 qui
2303 4846 2409 4885 non
2461 4831 2651 4885 vident
2679 4832 2914 4897 videant,
2961 4843 3138 4903 potest
3169 4835 3391 4905 intelligi
3425 4846 3490 4891 tle

1905 4924 2158 4995 gentibus
2186 4925 2273 4994 qui
2311 4923 2474 4978 \isnri
2521 4933 2678 4978 erant
2707 4939 2801 4992 per
2847 4925 3034 4989 fidem;
3086 4937 3141 4980 et
3188 4929 3276 4997 qui
3311 4930 3492 4983 vident

1905 5019 2036 5074 caici
2067 5019 2214 5083 liam,
2260 5017 2430 5086 accipi
2462 5019 2529 5073 de
2552 5017 2752 5073 Judmis
2785 5028 2982 5088 potest,
3010 5021 3102 5091 qui
3149 5023 3492 5078 czecabatttur

1905 5127 2004 5182 per
2027 5111 2296 5181 propriam
2331 5111 2720 5166 inﬁdelitatem.

1979 5203 2088 5260 lnt.
2118 5205 2402 5272 Quomodo
2429 5203 2678 5258 Salvator
2708 5203 2977 5273 loquitur:
3031 5202 3186 5260 Pater
3227 5208 3393 5274 major
3418 5223 3497 5262 me

1909 5304 1983 5350 est
2017 5294 2197 5366 (Joan.
2225 5310 2368 5356 xxxv,
2401 5295 2484 5362 8).
2511 5307 2565 5348 et
2595 5296 2702 5348 alio
2746 5295 2863 5349 loco
2893 5295 3059 5351 dicit:
3108 5293 3222 5368 Ego
3251 5306 3297 5352 et
3336 5296 3496 5352 Pater

1912 5405 2070 5443 unum
2101 5405 2273 5442 sumus
2302 5386 2487 5457 (Joan.
2531 5404 2583 5454 κ,
2613 5389 2700 5457 δυ)
2725 5387 2748 5439 ?

1984 5483 2142 5554 Resp.
2193 5484 2451 5539 Dominus
2502 5485 2659 5538 Jesns
2711 5485 2781 5540 ita
2832 5499 2989 5540 verus
3044 5485 3207 5543 homo
3251 5497 3308 5544 ut
3338 5504 3497 5545 verus

1914 5575 2087 5641 Dens.
2120 5577 2188 5630 de
2215 5577 2373 5632 Patre
2405 5577 2512 5633 Deo
2547 5577 2710 5646 Deus,
2762 5579 2829 5634 de
2857 5590 3028 5634 tnatre
3061 5581 3277 5637 homine
3303 5582 3495 5649 homo,

1915 5668 2046 5725 illud
2072 5669 2368 5727 secundum
2399 5673 2691 5737 hominem,
2727 5673 2827 5729 hoc
2868 5674 3162 5730 secundum
3216 5676 3382 5732 Deum
3408 5675 3496 5751 lo-I
