4042 6188
585 310 689 368 803

1578 302 1635 357 S.
1678 300 2003 357 EUCHERU
2041 297 2516 357 LUGDUNENSlS
2556 301 2859 361 EPISCOPI

583 430 742 478 cutus
765 415 1196 471 crediturJuxta
1219 430 1376 484 quam
1403 414 1665 469 rationem
1690 415 1986 469 divinitatis
2006 423 2166 482 atque
2191 419 2244 473 Α
2270 418 2509 471 moritur.
2560 417 2699 473 Nam
2750 436 2843 490 pro
2883 420 3014 475 bono
3060 422 3280 489 forsitan
3333 440 3451 495 quis
3493 428 3690 481 audeat
3736 432 3869 487 mori

582 511 956 578 humanitatis,
988 511 1149 566 etiam
1177 509 1233 563 in
1268 507 1491 576 reliquis
1520 523 1639 575 qua:
1663 517 1767 574 ,aut
1805 508 2165 576 aequalitatem

581 621 703 661 cum
749 605 931 668 Patre,
961 610 1054 656 aut
1081 600 1439 655 humilitatem
1486 598 1606 669 ejus
1654 608 1868 663 sonant,
1901 598 2056 652 facile
2088 599 2167 652 in-

579 699 830 752 tellectus
860 696 1084 764 patebit.

652 789 762 843 lat.
797 790 933 855 Quid
967 788 1207 860 mysterii
1235 787 1475 842 continet
1496 786 1648 840 locus
1678 785 1767 839 ille
1797 785 1884 840 tibi
1911 784 2166 840 Dominus

581 880 747 955 pedes
774 883 1156 952 discipulorum
1189 882 1320 935 lavit
1346 879 1525 950 (Joan.
1562 894 1677 941 xm,
1705 878 1806 948 5)?

654 978 811 1049 Resp.
853 978 907 1031 lo
957 979 1077 1031 loco
1119 976 1213 1030 illo
1246 976 1591 1029 maledictum
1639 976 1877 1030 calcanei
1909 976 2164 1042 diluitur,

582 1072 725 1136 quod
749 1068 967 1121 diabolo
988 1068 1268 1121 incentoro
1293 1067 1491 1120 anima:
1522 1073 1722 1120 nostra:
1743 1082 1957 1135 gressus
1989 1068 2169 1122 incur-

584 1162 777 1217 rebant
798 1159 951 1230 (Gen.
983 1176 1062 1227 ιιι,
1096 1158 1203 1225 lii).
1232 1158 1413 1213 Primo
1444 1158 1589 1213 enim
1629 1159 1899 1213 morsibus
1926 1161 2044 1228 ejus
2074 1176 2169 1214 no-

584 1262 754 1307 strum
802 1252 1017 1319 patebat
1060 1251 1393 1305 calcaneum.
1445 1247 1616 1304 POI'I'O
1659 1265 1779 1305 cum
1811 1252 2009 1305 dictum
2041 1262 2163 1307 est:

584 1343 717 1398 Ecce
742 1344 860 1397 dedi
899 1344 1036 1397 vobis
1069 1351 1365 1409 potestatem
1402 1342 1638 1395 calcandi
1666 1359 1819 1413 super
1844 1353 2100 1411 serpentes
2120 1354 2169 1397 et

584 1439 874 1505 scorpiones
895 1434 1044 1504 (Luc.
1068 1450 1121 1495 ι.
1142 1433 1253 1501 l9),
1275 1432 1614 1488 maledictum
1635 1433 1765 1487 illud
1783 1434 2044 1488 abolitum
2065 1441 2166 1489 est.

1001 1583 1053 1622 ll!
1090 1582 1344 1622 εριετοιι
1381 1584 1451 1622 ΔΙ)
1488 1582 1751 1624 ROIANOS.

655 1698 763 1755 Int.
796 1699 975 1772 (Rom.
1024 1716 1101 1766 tn,
1133 1701 1167 1755 5
1190 1700 1231 1771 ).
1267 1701 1395 1768 Qua:
1446 1702 1796 1771 intelligentia
1830 1711 1914 1756 est
1949 1704 2167 1770 capituli

2276 508 2454 578 (Rom.
2478 510 2634 581 v.6).
3096 529 3098 532 ν

2349 601 2503 673 Resp.
2540 602 2653 658 Hoc
2674 613 2755 658 est
2779 605 2921 674 quod
2967 608 3079 661 vult
3112 607 3334 678 intelligi
3361 624 3377 663 :
3412 612 3506 665 Ille
3536 615 3653 681 jpro
3685 615 3862 684 impiis

2272 701 2520 747 mortuus
2542 706 2645 759 est,
2663 711 2785 750 cum
2809 698 2895 751 vix
2921 700 3203 768 quisquam
3234 701 3536 769 reperiatur
3559 706 3703 760 mori
3726 707 3866 761 velle

2272 800 2369 853 pro
2394 786 2563 853 justo.
2594 787 2727 842 Nam
2759 805 2858 859 pro
2885 790 3057 857 bono,
3099 792 3152 845 id
3201 804 3283 847 est
3333 794 3550 850 Christo
3574 840 3589 863 ,
3640 797 3869 859 forsitan

2271 877 2465 947 aliquis
2497 883 2632 935 mori
2664 882 2879 937 audeat.
2915 884 3009 938 llic
3038 886 3200 939 etiam
3232 887 3302 941 de
3337 902 3397 943 se
3440 893 3754 949 verecunde
3781 896 3866 949 in-

2271 969 2459 1026 dicans
2482 973 2625 1043 quod
2658 990 2754 1043 pro
2777 975 2995 1031 Christo
3023 978 3160 1032 mori
3204 979 3391 1045 possit.
3436 981 3496 1035 Et
3526 984 3685 1039 aliter
3706 1003 3725 1041 :
3768 987 3869 1043 Vix

2272 1063 2415 1116 enim
2448 1079 2546 1133 pro
2580 1065 2728 1133 justo
2757 1068 2878 1136 quis
2909 1068 3161 1122 moritur.
3198 1070 3252 1123 ln
3283 1074 3451 1126 veteri
3483 1073 3625 1143 lege,
3660 1076 3717 1129 in
3766 1086 3865 1145 qn’a

2272 1162 2357 1206 est
2398 1169 2495 1223 pro
2541 1156 2921 1211 mandatorum
2967 1162 3260 1215 severitate
3293 1161 3525 1231 justitia,
3576 1165 3671 1219 vix
3716 1170 3863 1235 pauci

2273 1257 2541 1316 martyres
2567 1260 2691 1303 sunt
2716 1253 2913 1319 reperti
2942 1270 2955 1306 :
3003 1254 3053 1307 in
3086 1269 3226 1308 novo
3250 1266 3429 1310 autem
3472 1259 3859 1326 instrumento,

2273 1336 2327 1389 in
2351 1353 2458 1404 quo
2478 1350 2563 1393 est
2587 1355 2682 1407 pro
2710 1342 2911 1410 pietate
2934 1355 3329 1415 praeceptorum
3357 1348 3594 1417 bonitas,
3622 1358 3863 1407 innume-

2275 1429 2476 1483 rabiles
2502 1443 2769 1504 martyres
2794 1437 3145 1491 exstiterunt.

2346 1518 2456 1574 lnt.
2490 1526 2778 1592 Apostolus
2792 1528 3001 1584 dicitde
3025 1531 3135 1585 Deo
3162 1532 3356 1589 Patre:
3386 1534 3496 1590 Sed
3516 1554 3608 1608 pro
3626 1541 3862 1593 omnibus

2273 1616 2417 1667 nobis
2448 1619 2661 1671 tradidit
2702 1620 2853 1674 illum
2877 1623 3057 1692 (Rom.
3103 1641 3215 1693 vm,
3248 1626 3369 1698 52),
3422 1631 3475 1684 id
3506 1640 3607 1701 est,
3637 1632 3859 1702 Filium,

2274 1707 2401 1775 quid
2437 1712 2490 1762 in
2519 1710 2619 1764 hoc
2640 1714 2951 1781 signiﬁcat?

586 1793 727 1848 illius
750 1808 857 1862 quo
886 1792 1177 1862 Apostolus
1210 1794 1457 1862 proponit
1503 1793 1691 1847 dicens
1717 1811 1730 1846 :
1784 1792 1846 1848 Si
1872 1804 2041 1847 autem
2070 1798 2168 1849 ini-
2196 1798 2245 1858 B
2344 1797 2501 1871 Resp.
2533 1802 2828 1859 Traditioni
2850 1809 3142 1877 acquievit.
3171 1810 3228 1865 In
3250 1812 3425 1867 sacris
3450 1828 3682 1886 namque
3713 1816 3861 1871 libris

584 1890 753 1960 quitas
781 1898 957 1942 nostra
971 1890 1234 1961 justitiam
1263 1890 1355 1942 Dei
1384 1890 1726 1953 commendat,
1750 1891 1874 1959 quid
1905 1891 2171 1943 dicemus?

587 1966 853 2048 Numquid
882 1982 1082 2047 iniquus
1108 1978 1240 2032 Deus
1256 1990 1329 2033 est
1352 1981 1438 2049 qui
1468 1981 1624 2051 infert
1650 1981 1818 2034 iram?
1844 1980 2170 2046 (Secundum

582 2073 836 2127 hominem
851 2072 1013 2142 dico.)
1031 2074 1189 2128 Absit.
1209 2073 1718 2143 Alioquinquomodo
1733 2074 1994 2146 judicabit
2034 2075 2169 2126 Deus

582 2165 717 2219 hunc
748 2167 1038 2220 mundum?
1069 2166 1127 2221 Si
1158 2167 1294 2219 enim
1325 2168 1507 2219 veritas
1540 2164 1632 2218 Dei
1678 2167 1729 2218 in
1758 2183 1869 2219 meo
1904 2166 2167 2221 mendacio

582 2257 859 2310 abundavit
888 2259 939 2310 in
980 2258 1198 2329 gloriam
1246 2258 1427 2325 ipsius,
1477 2258 1601 2325 quid
1643 2258 1813 2309 adhuc
1839 2266 1883 2309 et
1914 2272 2002 2326 ego
2032 2267 2166 2309 tam-

580 2366 731 2419 quam
758 2360 995 2418 peccator
1010 2350 1236 2419 judicor,
1268 2359 1313 2401 et
1339 2367 1436 2402 non
1471 2350 1639 2419 (sicut
1664 2350 2095 2419 blasphemamur,
2121 2361 2168 2404 et

580 2444 706 2494 sicut
751 2445 895 2495 aiunt
942 2444 1152 2506 quidam
1208 2460 1303 2496 nos
1356 2444 1849 2512 dicere)[aciamits
1898 2445 2059 2509 mala,
2110 2452 2168 2497 ut

581 2533 809 2587 eveniant
835 2532 1008 2585 bona:
1040 2550 1257 2601 quorum
1286 2535 1550 2587 damnatio
1570 2535 1719 2604 justa
1756 2545 1850 2589 est.

656 2622 809 2695 Resp.
842 2624 1273 2677 Obscurissimus
1304 2636 1465 2693 atque
1506 2628 1791 2696 perplexus
1822 2628 1875 2682 in
1908 2633 2167 2698 Apostolo

579 2716 760 2781 locus,
810 2726 865 2771 et
918 2717 1102 2771 multis
1134 2718 1198 2771 ad
1227 2717 1628 2774 discutiendum
1674 2720 2167 2791 proferemlumque

578 2826 796 2865 sensum
830 2809 1009 2864 verbis
1041 2810 1323 2881 indigens;
1375 2813 1531 2865 nobis
1576 2822 1752 2868 tamen
1804 2831 1899 2881 pro
1945 2813 2166 2869 festina-

581 2902 727 2956 tione
756 2903 1024 2955 si:rtnouis
1055 2904 1363 2957 aretaudus.
1394 2904 1614 2958 Dixerat
1644 2921 1838 2975 supra:
1868 2906 1963 2960 Est
1985 2919 2165 2961 autem

580 2998 722 3051 Deus
744 3010 928 3063 verax,
955 2996 1131 3050 omnis
1182 3007 1359 3050 autem
1396 3000 1554 3052 homo
1584 3000 1835 3065 mendax,
1867 3001 2009 3053 sicut
2034 2999 2169 3053 scri-

577 3098 724 3158 ptum
756 3097 877 3143 est:
916 3088 982 3143 Ut
1006 3090 1317 3157 justificcris
1344 3091 1399 3145 in
1430 3093 1772 3146 sermonibus
1805 3094 1929 3157 tuis,
1955 3105 2009 3146 et
2040 3093 2157 3144 vin-

2273 1890 2454 1949 facere
2483 1897 2750 1951 interdum
2783 1900 2925 1954 Deus
2949 1902 3164 1968 dicitur,
3194 1905 3245 1957 iu
3280 1908 3474 1974 quibus
3504 1910 3767 1964 faciendis
3790 1913 3865 1963 vi.

2274 1986 2434 2041 detur
2457 1999 2714 2057 praestare
2738 1995 3069 2060 patientiam.
3091 1996 3208 2051 Alia
3234 2000 3430 2068 quippe
3452 2014 3574 2055 sunt
3595 2018 3714 2070 quae
3741 2004 3863 2058 fieri

2274 2078 2417 2131 Deus
2444 2082 2577 2146 vult,
2600 2082 2705 2135 alia
2737 2099 2857 2151 quae
2902 2086 3015 2140 fieri
3065 2088 3214 2142 sinit.
3248 2088 3364 2143 Vult
3399 2106 3523 2158 ergo
3568 2094 3687 2146 ﬁeri
3710 2096 3863 2163 quod

2275 2168 2411 2222 facta
2436 2182 2727 2239 appareant
2751 2189 2873 2229 esse
2905 2178 3148 2233 meliora.
3183 2180 3253 2234 At
3282 2195 3404 2235 vero
3429 2181 3700 2237 deteriora
3732 2200 3865 2253 per-

2274 2263 2458 2328 mittit,
2491 2272 2549 2316 ut
2586 2264 2804 2320 libertas
2833 2268 3051 2323 humani
3091 2281 3304 2327 constet
3331 2274 3535 2329 arbitrii
3564 2275 3618 2329 in
3642 2294 3745 2346 qua
3770 2294 3863 2333 ar-

2271 2358 2418 2413 bitrii
2447 2359 2696 2415 libertate
2732 2363 2997 2419 bonorum
3032 2369 3373 2424 malornmve
3398 2375 3754 2429 sectatoribus
3782 2378 3862 2431 di-

2272 2452 2397 2505 vino
2422 2453 2629 2522 judicio
2660 2457 2980 2512 cxhibeatur
3002 2462 3288 2515 retributio
3312 2462 3459 2531 justa
3487 2467 3822 2523 meritorum.

2342 2543 2451 2597 Int.
2480 2546 2534 2599 In
2566 2546 2665 2600 hac
2691 2548 2878 2602 eadem
2915 2550 3153 2619 Epistula
3179 2554 3305 2622 quid
3337 2554 3739 2625 intelligendum
3772 2572 3861 2614 εει

2270 2635 2341 2690 de
2390 2636 2493 2690 hoc
2522 2638 2664 2705 quod
2697 2638 2951 2708 legimus:
2996 2642 3120 2707 Quis
3167 2645 3432 2698 accusabit
3484 2645 3670 2701 electos
3715 2647 3863 2705 Dei?

2269 2724 2411 2780 Deus
2437 2730 2525 2797 qui
2555 2730 2837 2798 justiﬁcat.
2876 2732 3003 2796 Quis
3034 2744 3105 2787 est
3133 2737 3219 2803 qui
3244 2737 3593 2793 condemnet?
3622 2738 3862 2798 Christus

2269 2816 2424 2871 Iesus
2444 2820 2533 2888 qui
2562 2833 2792 2874 mortuus
2820 2836 2910 2887 est,
2941 2825 3093 2879 immo
3121 2828 3210 2896 qui
3243 2832 3542 2894 resurrexit,
3583 2834 3670 2901 qui
3691 2842 3762 2886 est
3788 2836 3861 2887 ad

2271 2909 2533 2964 dexteram
2564 2913 2681 2979 Dei,
2730 2917 2817 2983 qui
2858 2918 3011 2971 etiam
3048 2920 3344 2990 interpellat
3376 2937 3470 2991 pro
3509 2925 3653 2978 nobis
3677 2925 3859 2999 (Rom.

2268 3018 2386 3065 vni,
2428 3004 2541 3071 '55).

2345 3094 2501 3166 Resp.
2553 3097 2678 3152 Haec
2729 3102 2779 3152 in
2810 3102 3004 3169 quibus
3035 3104 3139 3157 sibi
3188 3106 3301 3175 ipse
3354 3110 3654 3180 respondit,
3704 3112 3862 3180 quasi

576 3194 667 3233 eas
694 3195 814 3233 cum
841 3180 1118 3249 judicaris.
1147 3180 1266 3236 Jam
1298 3182 1465 3237 etiam
1505 3183 1727 3251 adjicit:
1759 3185 1813 3240 Si
1846 3199 2027 3240 autem
2063 3189 2166 3241 ini-
2190 3176 2240 3239 C
2273 3191 2567 3266 εἰρωνεικῶς
2599 3193 2842 3259 legenda.
2873 3196 2937 3248 Et
2962 3208 3043 3249 est
3070 3212 3259 3253 sensus
3288 3202 3415 3257 iste:
3446 3176 3556 3257 Nisi
3579 3203 3718 3257 forte
3743 3205 3862 3259 ele-

575 3272 751 3339 quitas
802 3283 985 3327 nostra
1025 3276 1293 3343 justitiam
1336 3275 1431 3330 Dei
1459 3279 1827 3341 commendat,
1860 3279 1990 3348 quid
2018 3282 2164 3335 dice-

576 3366 744 3418 mus?
800 3365 896 3419 llic
951 3364 1019 3418 de
1075 3368 1397 3421 testimoniis
1450 3383 1571 3436 qua:
1632 3385 1796 3437 supra
1865 3383 2158 3440 posuerat,

576 3468 890 3512 nascentem
964 3458 1223 3511 eventilat
1297 3462 1698 3528 quaestionem,
1755 3471 1809 3515 et
1867 3464 2157 3533 adjungit:

574 3548 844 3616 Numquid
879 3548 1091 3616 iniquus
1140 3550 1279 3601 Deus
1310 3551 1404 3617 qui
1456 3551 1556 3605 fert
1600 3553 1759 3617 iram,
1790 3554 1840 3607 id
1878 3566 1956 3607 est
1988 3556 2164 3608 vindi-

573 3640 761 3695 ctam?
790 3638 1098 3692 Secundum
1132 3639 1400 3693 hominem
1420 3641 1563 3706 dico,
1600 3643 1701 3697 hoc
1728 3654 1830 3710 est,
1864 3647 2159 3699 secundum

581 3735 870 3789 humanam
901 3734 1287 3803 elocutionem,
1338 3736 1481 3803 quod
1518 3738 1668 3806 quasi
1717 3738 1958 3808 iniquum
1992 3740 2161 3794 Deum

580 3827 967 3897 appellaverat.
998 3824 1089 3881 Vel
1116 3828 1257 3895 quod
1288 3828 1420 3882 iram
1454 3832 1567 3898 ejus
1599 3830 1832 3897 dixerat,
1859 3831 2015 3899 cujus
2040 3846 2163 3898 pas-

575 3919 659 3973 sio
692 3920 743 3972 in
790 3917 955 3973 Deum
1009 3934 1117 3972 non
1166 3921 1340 3973 cadat.
1395 3920 1590 3973 Absit:
1626 3922 1727 3974 hoc
1757 3931 1860 3985 est,
1908 3922 2052 3975 absit
2089 3924 2159 3977 ita

577 4012 749 4079 credi,
785 4022 840 4065 ut
882 4012 1125 4082 iniquum
1148 4012 1315 4066 Deum
1344 4028 1467 4066 esse
1497 4014 1775 4066 dicamus:
1824 4016 1933 4083 qui,
1970 4017 2012 4067 si
2046 4018 2161 4071 lucc

574 4103 647 4157 ita
674 4113 821 4170 sunt,
857 4101 992 4155 iram
1023 4102 1186 4154 infert
1215 4102 1570 4170 delinquenti.
1603 4103 1855 4171 Alioquin
1885 4108 2160 4173 quomodo

572 4195 831 4265 judicabit
859 4195 999 4248 Deus
1030 4194 1309 4259 mundum,
1337 4196 1438 4248 nisi
1482 4209 1695 4248 summa
1722 4199 1973 4265 mquitate
2002 4210 2160 4266 atque

570 4286 812 4358 juStitza?
838 4284 1040 4339 Deinde
1063 4285 1336 4353 sequitur:
1367 4285 1421 4339 Si
1448 4288 1588 4338 enim
1622 4288 1817 4342 veritas
1842 4289 1936 4342 Dei
1961 4289 2011 4343 in
2037 4305 2161 4344 meo

571 4380 858 4435 mendacio
904 4377 1195 4432 abundavit
1224 4376 1277 4430 in
1316 4378 1542 4446 gloriam
1588 4380 1779 4448 ipsius.
1823 4381 1890 4435 Et
1940 4382 2041 4436 hoc
2089 4385 2159 4436 ita

573 4474 842 4540 proponit,
877 4480 933 4525 ut
956 4469 1251 4525 refellentis
1283 4470 1374 4535 sit,
1407 4487 1514 4525 non
1543 4474 1925 4541 approbantis:
1957 4476 2078 4545 quia
2113 4477 2156 4528 si

2269 3292 2387 3335 ctos
2417 3298 2548 3337 suos
2576 3295 2665 3337 aut
2713 3284 2853 3338 Dens
2878 3288 2971 3355 qui
3013 3291 3291 3356 justificat,
3345 3305 3435 3348 aut
3478 3296 3726 3351 Christus
3765 3300 3863 3365 qtti

2268 3392 2367 3445 pro
2396 3376 2482 3430 his
2522 3386 2605 3431 est
2648 3389 2910 3444 mortuus,
2940 3382 3344 3440 condemnabit.
3383 3387 3601 3443 Minime
3647 3391 3862 3458 utique.

2266 3468 2543 3535 quietiam
2574 3469 2879 3538 interpellat
2913 3488 3007 3539 pro
3051 3477 3228 3528 nobis.
3266 3481 3375 3532 Hoc
3397 3489 3479 3533 est
3506 3482 3650 3549 quod
3680 3481 3819 3537 dicit
3855 3528 3860 3533 .

2267 3558 2437 3612 Nemo
2460 3561 2833 3616 condemnabit
2861 3565 3078 3619 electos.

2339 3648 2451 3705 Int.
2487 3652 2625 3718 Quid
2654 3656 2992 3709 sentiendum
3020 3668 3103 3711 est
3142 3662 3193 3711 in
3220 3659 3319 3714 hoc
3344 3663 3460 3715 loco
3493 3666 3543 3716 in
3575 3678 3683 3732 quo
3706 3667 3864 3736 Apo-

2267 3744 2440 3797 stolus
2465 3746 2700 3814 loquitur
2722 3764 2735 3798 :
2770 3746 3019 3817 Optabam
3050 3753 3183 3803 enim
3210 3769 3302 3821 ego
3326 3755 3434 3821 ipse
3456 3759 3728 3811 anathema
3748 3774 3867 3813 esse

2265 3850 2301 3887 α
2326 3833 2529 3888 Christo
2559 3854 2653 3905 pro
2682 3839 2933 3904 fratribus
2974 3842 3118 3901 meis,
3149 3845 3239 3912 qui
3260 3855 3378 3897 sunt
3402 3850 3605 3917 cognati
3644 3850 3744 3904 mei
3772 3866 3860 3904 se-

2268 3926 2495 3980 cundum
2523 3943 2752 3996 carnem,
2785 3939 2833 3982 et
2861 3932 3061 4000 reliqua
3088 3934 3265 4003 (Rom.
3291 3952 3367 4001 ιι,
3403 3939 3500 4007 5)τ

2341 4018 2499 4087 Resp.
2531 4020 2826 4074 Anatbema
2875 4023 3165 4088 interdum,
3193 4036 3248 4081 ut
3275 4038 3332 4083 et
3380 4030 3485 4099 hic,
3518 4034 3861 4092 occisionem

2267 4107 2814 4181 interfectionemque
2840 4114 3123 4183 significat.
3156 4118 3293 4188 Ergo
3312 4121 3397 4174 hic
3420 4125 3713 4191 Apostolus
3729 4132 3860 4197 per-

2270 4202 2352 4258 ire
2382 4216 2533 4272 Optat
2572 4207 2623 4259 in
2653 4223 2840 4272 carne,
2893 4221 2949 4263 ut
2998 4210 3089 4263 alii
3121 4212 3401 4266 salventur
3429 4215 3482 4268 in
3532 4217 3747 4284 spiritu.
3787 4219 3865 4275 Et

2268 4296 2454 4349 aliter:
2486 4298 2561 4351 ita
2588 4299 2675 4353 hic
2693 4301 2988 4368 Apostolus
3009 4305 3114 4356 vim
3138 4305 3316 4358 nimia:
3334 4308 3611 4363 cliaritatis
3634 4326 3864 4381 expres-

2267 4388 2360 4455 sit,
2387 4400 2653 4457 exoptans
2682 4393 2725 4445 si
2758 4392 2873 4446 ficri
2906 4396 3073 4462 possit
3100 4410 3129 4448 a
3173 4397 3393 4453 Christo
3414 4402 3701 4457 anathema
3732 4408 3861 4460 esse

2268 4498 2368 4551 pro
2412 4484 2700 4550 fratribus,
2750 4488 2889 4543 sicut
2914 4500 2966 4543 et
2996 4490 3205 4561 Moyses
3234 4495 3323 4560 qui
3367 4511 3487 4549 cum
3522 4513 3615 4564 pro
3657 4494 3861 4569 populi)

574 4568 771 4619 veritas
794 4565 883 4617 Dei
914 4564 1197 4619 mendacio
1229 4565 1461 4621 hominis
1492 4567 1739 4637 indiguit,
1774 4584 1873 4624 nec
1902 4583 2155 4640 peccator
2179 4561 2238 4622 Β
2261 4591 2363 4631 suo
2394 4578 2560 4633 Deum
2589 4590 2818 4647 peteret,
2847 4583 2921 4635 ait
2949 4601 2960 4634 :
3012 4583 3077 4636 Et
3107 4602 3243 4639 nunc
3266 4630 3280 4652 ,
3320 4587 3567 4653 Domine,
3599 4593 3859 4661 siquidem

574 4670 846 4727 tamquam
878 4668 1150 4727 peccator,
1180 4659 1529 4729 judicabitur,
1563 4672 1617 4717 et
1646 4679 1765 4732 qua:
1810 4664 2153 4734 blasphema-

570 4750 701 4803 hant
751 4752 801 4803 in
831 4752 1106 4820 apostolos
1148 4768 1274 4807 vera
1324 4754 1669 4810 videbuntur.
1700 4755 1845 4826 Ergo
1891 4759 2021 4826 quid
2069 4768 2155 4815 est

569 4841 708 4910 quod
742 4840 917 4895 dicit?
942 4841 1008 4895 Ει
1035 4841 1079 4896 si
1104 4858 1169 4896 ex
1197 4846 1598 4913 comparatione
1626 4846 1902 4916 injustitia:
1940 4848 2150 4918 justitia

567 4938 852 5000 clarescat,
881 4949 984 4988 non
1015 4933 1137 4989 ideo
1166 4947 1341 4991 tamen
1377 4938 1537 4993 homo
1563 4939 1791 5007 injustus
1816 4957 1935 4996 esse
1966 4943 2145 5011 debet,

568 5037 625 5079 ut
659 5026 803 5080 Deus
826 5025 1005 5095 justus
1031 5040 1303 5097 appareat.
1340 5029 1619 5084 Damnatio
1651 5049 1834 5087 eorum
1863 5034 2007 5103 justa
2041 5048 2148 5103 est,

566 5118 660 5187 qui
692 5132 787 5173 nos
815 5118 931 5172 haec
957 5117 1224 5173 affirmant
1245 5120 1443 5176 dicere.
1475 5122 1613 5190 Quid
1644 5123 1859 5179 dicere?
1890 5128 2149 5183 faciamus

567 5212 732 5282 mala,
772 5222 829 5267 ut
866 5212 1083 5266 veniant
1115 5213 1273 5268 bona.
1335 5216 1667 5271 Putabatttur
1708 5232 1887 5275 autem
1919 5224 2149 5289 apostoli

566 5304 709 5361 istud
740 5307 921 5362 dicere
948 5306 1090 5375 apud
1120 5321 1215 5361 eos
1249 5310 1338 5378 qui
1368 5311 1509 5364 male
1537 5313 2031 5380 interpretabantur
2069 5316 2151 5370 di-

566 5409 710 5456 ctum
744 5400 1121 5471 apostolicum,
1159 5402 1284 5455 illud
1314 5406 1533 5472 utique:
1570 5404 1667 5460 Ubi
1712 5408 1987 5463 abundavit
2034 5426 2151 5478 pec—

566 5502 735 5545 catum
756 5491 1190 5561 superabundavit
1218 5495 1383 5564 gratia
1404 5495 1580 5566 (Rom.
1614 5513 1665 5565 v,
1691 5498 1805 5566 ΞΟ).

636 5583 743 5637 lnt.
779 5583 917 5651 Quid
949 5585 1078 5637 illud
1128 5595 1213 5639 est
1257 5588 1395 5656 quod
1433 5589 1656 5659 legimus
1689 5607 1702 5645 ι
1740 5591 1809 5645 Ut
1856 5593 1982 5663 quid
2019 5595 2153 5647 enim

566 5675 824 5743 Christus,
858 5692 973 5728 cum
1002 5677 1174 5729 adhuc
1209 5678 1403 5744 inﬁrmi
1446 5698 1692 5748 essemus,
1726 5686 2005 5738 secundum
2028 5697 2154 5738 tem-

565 5786 667 5833 pus
700 5789 788 5829 pro
835 5777 1005 5826 inmiis
1047 5787 1277 5825 mortuus
1301 5782 1371 5825 est
1391 5773 1417 5826 1
1466 5772 1563 5827 γεω
1592 5776 1725 5829 enim
1748 5793 1847 5844 pro
1866 5778 2018 5845 justo
2042 5779 2155 5847 quis

2260 4674 2485 4727 dimittes
2505 4675 2611 4728 illis
2639 4685 2848 4744 peccata
2880 4676 3113 4744 illorum,
3154 4681 3385 4747 dimitte;
3413 4686 3490 4735 sin
3521 4693 3708 4752 autem,
3739 4687 3861 4742 dele

2260 4783 2338 4819 me
2370 4770 2431 4820 de
2455 4768 2585 4821 libro
2612 4778 2697 4822 tuo
2721 4784 2870 4833 quem
2899 4773 3150 4838 scripsisti
3181 4772 3377 4843 (Ea-od.
3413 4792 3578 4842 nxtt,
3607 4777 3720 4850 51).

2328 4860 2437 4914 lnt.
2467 4861 2606 4915 ldem
2630 4863 2867 4933 loquitur
2888 4863 2954 4917 de
2978 4863 3090 4918 Deo
3116 4884 3129 4921 :
3160 4865 3301 4936 Ergo
3328 4870 3411 4919 cui
3434 4870 3540 4923 vult
3559 4873 3853 4942 miseretur,

2256 4964 2465 5025 etquem
2484 4957 2588 5009 vult
2611 4958 2819 5009 indurat
2843 4956 3019 5025 (Rom.
3038 4974 3147 5021 xu,
3173 4960 3262 5026 8):
3292 4962 3417 5028 quitl
3447 4963 3534 5017 hic
3552 4969 3859 5035 sequimni?

2333 5047 2485 5117 Resp.
2522 5048 2802 5101 lnduratnr
2846 5063 2941 5101 cor
2982 5048 3130 5112 Deo,
3178 5050 3305 5104 dum
3352 5054 3636 5108 criminum
3692 5074 3855 5126 paena

2256 5139 2518 5193 differtur.

2329 5230 2435 5284 Ini.
2472 5232 2700 5285 Rursum
2734 5232 2847 5301 ipse
2877 5233 3106 5288 affirmat
3134 5236 3319 5291 dicens
3350 5281 3358 5290 .
3410 5240 3559 5306 Quod
3594 5248 3860 5314 qna-rebar

2258 5320 2426 5375 Israel
2454 5339 2551 5374 non
2582 5333 2655 5376 est
2688 5334 2980 5378 consecutus
3005 5342 3021 5377 :
3052 5327 3228 5381 electio
3258 5341 3428 5384 autem
3453 5345 3726 5391 consecuta
3753 5350 3851 5403 est,

2255 5425 2425 5468 ecetert
2456 5431 2568 5467 vero
2592 5417 2831 5468 (παναιιὶ
2856 5428 2971 5470 sunt
2998 5418 3169 5487 (Rom.
3205 5436 3282 5487 ιιι,
3314 5424 3405 5493 7):
3436 5425 3554 5493 quis
3584 5428 3739 5497 hujus
3772 5431 3852 5485 rei

2256 5521 2447 5561 sensus
2476 5509 2589 5561 est?

2331 5596 2489 5667 Resp.
2520 5599 2634 5652 Non
2666 5600 2790 5669 quia
2819 5600 2961 5656 Deus
2991 5605 3157 5659 ullam
3186 5608 3457 5662 volentem
3484 5614 3727 5681 aSpicere
3747 5618 3852 5669 ca!—

2259 5692 2421 5744 citate
2446 5693 2740 5758 percutiat:
2773 5696 2894 5762 quia
2925 5711 3116 5757 omna,
3150 5699 3287 5751 sicut
3312 5701 3584 5771 scribitur,
3611 5702 3851 5759 vultui-

2259 5800 2347 5838 vos
2373 5784 2486 5850 ﬁeri
2513 5780 2567 5853 (ι
2597 5781 2730 5838 Tim.
2757 5799 2819 5851 tt,
2847 5784 2904 5856 ι)
2931 5802 2945 5840 :
2978 5787 3077 5845 sed
3099 5788 3219 5845 illos
3247 5791 3337 5860 qui
3362 5792 3568 5862 scipsos
3610 5810 3852 5859 eaeaeae
