4042 6188
178 216 277 280 805

1362 209 1917 269 INSTRUCTIONUM
1959 214 2163 270 LIBER
2204 235 2240 268 I.

3347 222 3456 285 Μ
3470 224 3474 239 1

177 337 380 393 verant,
433 340 533 396 pro
574 324 923 381 retributione
968 323 1185 377 malitiae
1232 324 1425 378 dicitur
1472 324 1757 378 tradidisse
1784 330 1831 384 Α
1934 324 2089 395 Resp.
2123 326 2174 379 ld
2206 336 2309 391 est,
2342 341 2449 381 non
2482 341 2667 383 omnes
2696 328 2751 383 in
2780 328 3005 399 gloriam
3027 332 3451 406 immutabimur,

179 424 277 495 (At.
312 417 568 491 tradere].
598 417 721 472 dum
750 414 974 471 deserit.
1009 414 1246 471 Tradere
1273 416 1417 471 enim
1444 415 1652 471 Domini
1678 424 1761 472 est

175 518 498 586 relinquere.

247 609 351 663 Int.
376 606 616 675 Qualiter
644 602 1012 672 accipiendum
1046 612 1128 655 est
1156 600 1284 655 illud
1314 601 1453 670 quod
1474 602 1755 656 scribitur:

178 701 231 755 Si
259 700 487 754 esurierit
516 696 751 750 inimicus
782 704 921 766 tuus,
947 694 1060 749 ciba
1090 695 1274 759 illum;
1315 695 1358 746 si
1398 696 1535 758 sitit,
1584 704 1757 757 potum

175 793 235 842 du
264 791 378 843 illi:
406 790 500 841 hoc
530 790 665 842 enim
693 787 906 856 faciens,
929 786 1171 839 carbones
1198 788 1327 856 ignis
1356 790 1587 857 congeris
1607 802 1761 856 super

174 892 317 948 caput
345 885 454 952 ejus
483 879 663 949 (Rom.
695 895 790 944 XII,
814 878 929 948 20).

243 976 387 1042 ltesp.
424 973 534 1027 Hoc
553 983 655 1034 est,
681 973 854 1041 ignem
880 971 1307 1039 compunctionis
1326 985 1608 1039 congeres,
1633 985 1755 1024 cum

172 1067 298 1117 bona
323 1080 419 1133 pro
439 1064 592 1117 malis
626 1062 839 1117 reddes.
860 1063 922 1116 Et
941 1064 1095 1115 aliter
1122 1081 1131 1114 :
1160 1061 1274 1116 Non
1300 1062 1437 1128 quod
1459 1062 1559 1113 hoc
1577 1062 1756 1114 animo

170 1157 412 1212 inimicus
443 1158 587 1227 pasci
618 1156 836 1219 debeat,
869 1166 924 1210 ut
954 1158 1216 1209 Carbones
1248 1156 1385 1224 ignis
1414 1171 1575 1224 super
1599 1164 1757 1222 caput

168 1251 281 1317 ejus
310 1251 440 1304 dum
469 1250 703 1318 pascitur
730 1256 1155 1316 congregenlur;
1190 1248 1282 1301 sed
1324 1248 1466 1312 quod
1510 1248 1755 1301 inimicus

166 1345 252 1399 ille
279 1360 404 1399 cum
436 1345 573 1399 bona
608 1360 701 1411 pro
728 1342 884 1395 malis
916 1342 1128 1409 recipit,
1160 1341 1204 1393 si
1232 1341 1374 1394 nulla
1405 1341 1619 1393 malitize
1644 1356 1755 1394 sua:

164 1435 475 1505 poenitentia
504 1444 875 1489 commovetur
901 1475 916 1497 ,
961 1434 1076 1502 ipse
1120 1432 1222 1487 sibi
1272 1433 1448 1500 potius
1494 1433 1756 1487 carbones

164 1530 291 1599 ignis
318 1545 487 1600 super
517 1538 675 1597 caput
700 1542 855 1582 suum
888 1536 1163 1592 congerat.

226 1622 334 1677 Int.
367 1622 504 1677 Cum
528 1630 752 1692 potestas
783 1636 882 1673 non
911 1620 975 1671 sit
1006 1620 1103 1671 nisi
1130 1635 1163 1670 a
1187 1616 1318 1681 Deo,
1350 1619 1490 1672 sicut
1524 1623 1752 1687 Aposto-

1866 420 1985 488 quia
2020 419 2346 474 resurrectio
2388 429 2445 475 et
2492 422 2822 491 incorruptio
2869 425 3172 482 communis
3214 438 3298 485 est
3339 446 3456 487 om-

1863 512 2034 574 nium.
2060 515 2361 567 immutatio
2383 525 2559 570 autem
2585 516 2650 571 ad
2672 518 2897 586 gloriam
2921 521 3137 591 proprie
3157 523 3450 593 justorum.

2395 622 2432 661 ιι
2471 624 2539 662 ΑΒ
2574 622 2905 666 εοιιικτιιιος.

1934 698 2042 751 lnt.
2072 698 2358 767 Apostolus
2387 700 2551 752 dicit:
2589 700 2925 757 Obsecramus
2956 720 3051 773 pro
3092 704 3331 774 Christo,
3372 722 3455 763 rc-

1859 792 2204 845 conciliamini
2235 792 2342 845 Deo
2366 809 2383 845 :
2409 809 2523 846 eum
2551 796 2633 863 qui
2663 810 2765 848 non
2804 807 3009 850 noverat
3042 809 3332 867 peccatum,
3362 816 3454 869 pro

1858 884 2003 936 nobis
2031 894 2291 950 peccatum
2321 884 2459 953 fecit,
2488 895 2543 937 ut
2570 902 2660 938 nos
2691 886 2993 955 efficeremur
3013 892 3220 959 justitia
3262 892 3360 946 Dei
3397 895 3449 947 in

1860 976 1971 1044 ipso
2002 976 2074 1046 (ll
2107 976 2224 1030 Cor.
2256 992 2313 1043 ν,
2344 977 2433 1046 ‘10)
2461 994 2473 1029 :
2504 978 2629 1047 quid
2664 978 2751 1031 hic
2777 980 3089 1048 sequimur?

1932 1067 2086 1137 Resp.
2118 1068 2577 1132 Reconciliamini,
2612 1070 2817 1139 inquit,
2851 1073 2961 1127 Deo
2988 1114 3004 1139 ,
3045 1076 3133 1142 qui
3175 1074 3446 1130 Christum

1860 1156 1985 1211 fecit
2014 1158 2244 1212 hostiam
2276 1176 2371 1228 pro
2404 1169 2641 1228 peccato.
2690 1162 2973 1217 Peccatum
3019 1180 3149 1221 vero
3192 1168 3451 1237 appellari

1858 1249 2028 1316 ipsam
2058 1252 2318 1314 hostiam,
2361 1253 2404 1305 si
2446 1253 2499 1306 in
2545 1255 2713 1308 veteri
2763 1253 3112 1311 Testamento
3158 1264 3401 1329 requiras
3430 1304 3445 1328 ,

1859 1341 2119 1396 invenies.
2150 1343 2330 1397 Potest
2362 1344 2499 1398 istud
2528 1356 2580 1399 et
2608 1348 2679 1399 ita
2715 1346 2962 1417 intelligi,
2990 1352 3188 1405 factum
3215 1352 3446 1408 hostiam

1858 1448 1955 1501 pro
1976 1445 2191 1501 peccato
2213 1435 2503 1501 Christum,
2524 1438 2644 1507 quia
2669 1438 2861 1494 Filium
2884 1454 3039 1496 suum
3058 1444 3199 1499 misit
3221 1445 3275 1499 in
3298 1447 3452 1501 simi-

1854 1524 2083 1581 litudine
2107 1530 2284 1583 carnis
2315 1532 2539 1599 peccati.

1932 1617 2036 1669 lnt.
2068 1616 2233 1672 Datus
2261 1630 2354 1686 est,
2390 1623 2579 1688 inquit,
2609 1624 2733 1676 mihi
2757 1624 2996 1678 stimulus
3020 1628 3192 1681 carnis
3215 1636 3454 1684 timean-b

160 1715 235 1770 lus
265 1717 401 1771 dicit
432 1715 605 1784 (Rom.
641 1729 753 1781 xnt,
793 1712 868 1782 l),
902 1728 998 1766 cur
1030 1728 1132 1765 non
1173 1728 1361 1767 omnes
1408 1715 1542 1767 bene
1584 1716 1752 1784 accipi
1786 1703 1831 1762 Β
1859 1712 2002 1781 gelus
2027 1712 2258 1777 Sorana,
2283 1717 2371 1783 qui
2399 1732 2479 1769 me
2510 1716 2790 1787 eotaphizet
2818 1719 2895 1790 (ll
2925 1719 3042 1774 Cor.
3071 1736 3167 1787 xu,
3199 1722 3252 1795 7)
3278 1741 3291 1777 :
3321 1717 3452 1796 qdo-

159 1825 268 1865 eam
302 1809 747 1864 adininistrantes
780 1807 1153 1874 reperiuntur?

222 1901 381 1969 Resp.
420 1900 635 1965 Quia’et
666 1901 824 1952 vitam
860 1898 995 1952 hanc
1037 1912 1224 1951 omnes
1262 1900 1540 1967 mqualiter
1566 1916 1592 1953 a
1641 1901 1750 1955 Deo

159 1994 388 2061 capiunt,
429 2008 527 2047 nec
559 2000 731 2045 tamen
764 2007 952 2044 omnes
984 1992 1267 2058 mqualiter
1292 1992 1499 2045 vivunt.

706 2102 721 2139 1
760 2103 827 2140 ΑΒ
865 2101 1201 2141 εοῐυΝτιιιος.

221 2179 327 2232 Int.
375 2178 583 2241 Omne,
637 2179 847 2248 inquit,
882 2190 1139 2246 peccatum
1181 2180 1535 2249 quodcumque
1580 2182 1752 2249 fecerit

158 2274 321 2339 homo,
350 2281 500 2326 extra
522 2288 707 2339 corpus
735 2281 846 2335 est;
877 2273 962 2340 qui
989 2281 1156 2325 autem
1200 2272 1484 2339 fornicatur
1502 2312 1519 2338 ,
1553 2273 1604 2324 in
1633 2289 1748 2326 cor-

156 2383 242 2435 pus
269 2380 432 2419 suum
460 2373 629 2434 peccat
671 2363 727 2432 (l
769 2361 884 2416 Cor.
918 2379 993 2428 vr,
1036 2364 1165 2432 l8):
1211 2364 1337 2433 quid
1385 2364 1471 2420 hic
1507 2368 1742 2419 sentien-

156 2458 276 2511 dum
304 2465 390 2511 est
408 2456 437 2509 Ἰ

225 2551 385 2621 Resp.
420 2549 575 2618 Quod
605 2558 799 2604 etetera
830 2558 1042 2617 peccata
1076 2564 1171 2619 per
1193 2564 1387 2616 corpus
1416 2552 1751 2607 extrinsecus

158 2642 533 2709 sdmittautur,
567 2640 846 2697 lornicatio
874 2645 983 2695 sola
1030 2641 1080 2695 in
1126 2628 1751 2710 corporispassionibus

158 2735 585 2790 administretur.

223 2825 331 2880 Int.
368 2826 612 2893 Qualiter
642 2826 792 2880 locus
823 2826 912 2879 ille
940 2825 1200 2894 accipitur
1230 2827 1281 2879 in
1312 2840 1419 2895 quo
1458 2828 1747 2882 scribitur:

158 2919 427 2991 Numquid
454 2921 628 2973 domos
650 2936 749 2972 non
773 2920 963 2972 habetis
986 2923 1049 2972 ad
1072 2921 1489 2973 manducandum
1513 2932 1558 2973 et
1582 2922 1751 2973 biben-

157 3014 430 3067 dum?aut
467 3013 745 3065 Ecclesium
796 3009 886 3065 Dei
935 3012 1293 3074 contemnitis,
1343 3020 1389 3063 et
1438 3013 1751 3081 confunditis

156 3122 233 3158 eos
259 3108 348 3175 qui
384 3122 485 3157 non
513 3104 697 3155 habent
732 3103 780 3172 (I
813 3103 933 3155 Cor.
960 3120 1034 3170 ιι,
1065 3102 1193 3172 22γῖ

222 3198 384 3268 Resp.
418 3195 571 3263 Apud
603 3194 907 3248 Corinthios
936 3196 1219 3263 quowlam,
1250 3194 1386 3248 sicut
1414 3194 1578 3263 aliqui
1606 3209 1751 3249 asse-

157 3304 299 3356 rnnt,
331 3304 496 3359 prava
527 3288 824 3341 invaluerat
851 3287 1214 3351 consuetudo,
1260 3288 1515 3341 ecclesias
1553 3287 1751 3349 passim

157 3384 522 3444 dehonestare
550 3378 844 3441 conviviis,
876 3380 927 3432 in
976 3378 1174 3447 quibus
1224 3380 1577 3432 vescebantur
1628 3390 1756 3433 ante

158 3474 500 3531 Dominicam
531 3471 883 3535 oblationem,
914 3486 1072 3539 quam
1105 3479 1223 3537 post
1251 3485 1458 3525 cumam
1508 3472 1757 3526 noctibus

158 3570 503 3625 inferebant:
552 3579 782 3634 cumque
825 3565 1017 3618 divites
1062 3564 1199 3617 ebrii
1248 3565 1313 3617 ad
1364 3565 1755 3619 Eucliaristiam

160 3664 441 3726 venirent,
470 3659 801 3714 vexabantur
832 3659 1017 3726 inopes
1050 3656 1206 3711 fame.
1239 3657 1347 3710 Mos
1380 3673 1507 3712 vero
1535 3659 1635 3711 iste
1656 3698 1668 3719 ,
1702 3666 1762 3711 ut

162 3754 419 3816 refertur,
448 3751 516 3805 de
544 3750 781 3819 gentium
832 3749 1005 3803 adhuc
1050 3750 1434 3818 superstitione
1483 3750 1756 3804 veniebat.

162 3845 316 3901 Unde
343 3844 505 3897 etiam
534 3840 852 3911 quibusdam
885 3841 1015 3895 locis
1046 3857 1140 3910 per
1188 3840 1407 3912 Atlgypti
1458 3858 1579 3896 rura
1610 3885 1625 3910 ,
1676 3842 1761 3896 vel

162 3937 352 4010 Syriae,
388 3935 478 3990 die
504 3934 708 3987 sabbati
738 3945 895 3988 noete
925 3944 1044 4004 post
1076 3948 1283 3988 ctenatn
1324 3933 1523 3988 dicitur
1568 3934 1633 3988 ad
1674 3948 1762 3991 ec-

164 4029 382 4085 clesiam
412 4026 726 4083 convenire.

232 4121 342 4177 Int.
372 4118 684 4189 Cttjusmodi
716 4119 999 4189 prOphetia
1031 4131 1114 4174 est
1145 4120 1213 4175 de
1241 4136 1342 4190 qua
1373 4121 1665 4174 scribitur:
1702 4120 1766 4174 Si

166 4223 333 4268 autem
361 4229 540 4267 ontnes
568 4210 866 4283 prophetent
892 4257 905 4281 ,
941 4213 1095 4266 intret
1138 4223 1312 4266 autem
1349 4214 1462 4284 quis
1506 4210 1763 4280 inﬁdelis,

166 4306 239 4361 vel
258 4304 765 4371 idiota,contiincitur
777 4305 839 4356 ab
853 4304 1501 4374 omnibus,dijudicaturab
1515 4304 1767 4368 omnibus,

167 4402 361 4454 occulta
388 4398 523 4451 enim
544 4395 715 4449 cordis
733 4396 845 4465 ejus
868 4398 1138 4462 manifesta
1159 4395 1290 4462 fiunt
1312 4394 1353 4464 (l
1374 4393 1489 4447 Cor.
1517 4410 1623 4456 xxv,
1653 4393 1766 4463 24).

234 4490 395 4561 Resp.
419 4488 724 4556 Prophetia:
742 4499 912 4553 genus
932 4485 1129 4553 duplex
1151 4494 1233 4537 est
1254 4502 1265 4536 :
1291 4484 1554 4538 doctrina:
1572 4500 1755 4550 unum,

168 4580 307 4636 aliud
335 4576 706 4635 divinationis.
735 4574 840 4628 Sed
871 4574 1129 4628 divinatio
1172 4574 1460 4641 praeteritis
1504 4577 1762 4642 tempori-

167 4672 259 4727 bus
278 4672 458 4740 magis
476 4672 661 4737 viguit,
678 4668 919 4723 doctrina
947 4669 1319 4736 praesentibus.
1347 4669 1565 4722 Occulta
1584 4677 1763 4722 autem

165 4764 344 4817 cordis
368 4760 490 4828 ejus
512 4759 793 4813 manifesta
820 4760 973 4825 ﬁunt,
998 4760 1121 4811 dum
1148 4758 1200 4810 iu
1248 4758 1487 4813 Ecclesia
1528 4758 1764 4827 prophe-

168 4864 312 4908 tante
343 4851 574 4905 doctore
600 4849 923 4904 conscientia
949 4849 1326 4917 compungitur
1351 4850 1636 4905 audientis.

236 4944 348 4997 lnt.
383 4939 525 5003 Ouid
554 4951 639 5015 est
664 4942 803 5009 quod
836 4942 1115 5004 scribitur,
1155 4940 1438 4994 traditurus
1479 4939 1651 4995 Filius
1689 4957 1770 4995 rc-

168 5050 327 5105 gnum
357 5030 471 5084 Deo
499 5028 645 5084 Patri
673 5030 724 5099 (Ι
754 5030 874 5085 Cor.
910 5048 997 5095 xv,
1025 5031 1153 5103 24)?

243 5127 406 5194 Resp.
444 5120 761 5176 Truditttrus
792 5123 1031 5191 quidem,
1060 5126 1154 5178 sed
1189 5132 1365 5177 tamen
1408 5141 1512 5179 non
1552 5126 1621 5178 ita
1667 5135 1773 5179 tra-

177 5220 408 5284 diturus,
442 5227 499 5270 ut
525 5226 728 5271 careat.
757 5217 998 5271 Traditio
1026 5229 1205 5273 autem
1233 5221 1380 5287 regni
1426 5230 1607 5273 nostra
1653 5236 1773 5288 pro-

179 5315 351 5370 vectio
377 5319 486 5377 est,
512 5320 639 5365 tunc
662 5324 781 5364 cum
809 5326 929 5366 esse
957 5326 1023 5367 ex
1056 5312 1262 5382 integro
1284 5312 1406 5367 Filii
1427 5315 1775 5368 metuerimus

178 5406 231 5461 in
258 5404 439 5461 Patris
468 5419 650 5475 regno.

251 5496 280 5550 Ι
287 5506 365 5550 nt.
393 5494 533 5562 Quid
566 5495 665 5548 sibi
690 5496 802 5550 vult
828 5495 959 5553 illud
983 5496 1125 5566 quod
1152 5498 1430 5552 scribitur:
1461 5497 1645 5551 Omnes
1668 5497 1781 5567 qui-

183 5589 298 5644 dem
326 5601 672 5656 resurgentis,
703 5588 793 5643 sed
821 5602 927 5645 non
952 5606 1124 5645 omnes
1162 5592 1543 5646 immutabimur
1573 5592 1629 5665 (1
1659 5591 1777 5648 Cor.

185 5698 274 5752 xv,
302 5678 436 5752 δην
1376 5702 1405 5720 ~

1858 1806 2016 1858 modo
2046 1807 2181 1859 istud
2213 1808 2581 1875 accipiendum
2610 1811 2731 1863 est?

1928 1896 2083 1963 Resp.
2118 1897 2309 1951 Dicunt
2336 1899 2551 1967 quidam
2584 1900 2901 1965 Apestolum
2928 1918 3070 1974 saepe
3098 1906 3285 1969 dolore
3307 1910 3448 1979 capi;

1855 1986 1924 2038 tis
1950 2000 2069 2039 esse
2098 1996 2366 2041 vexatum.
2401 1989 2591 2042 Melats
2623 2001 2800 2045 autem
2847 2005 2973 2061 puto
3025 1998 3092 2050 ita
3139 2000 3352 2067 accipi,
3396 1992 3456 2054 tit

1855 2076 2223 2141 colapliizatus
2255 2079 2305 2129 in
2342 2078 2450 2131 illis
2502 2082 2848 2147 passionibus
2900 2085 3271 2153 intelligatur,
3319 2103 3452 2160 quas

1854 2171 2187 2222 enumeravit
2220 2169 2356 2238 ipse,
2385 2172 2572 2225 dicens
2600 2191 2611 2224 :
2647 2173 2742 2226 Ter
2769 2176 2923 2245 uirgis
2953 2193 3113 2232 casus
3140 2195 3275 2244 sum,
3298 2182 3455 2235 semel

1854 2261 2114 2331 lapidatus
2143 2278 2277 2326 sum,
2308 2272 2415 2317 etc.
2450 2264 2532 2334 (ll
2558 2266 2676 2319 (tor.
2720 2282 2795 2329 ιι,
2838 2267 2957 2340 25).
2996 2270 3281 2325 Stimulum
3322 2284 3453 2343 ergo

1854 2357 2036 2407 carnis
2063 2354 2295 2423 appellat
2326 2358 2723 2413 tribulationem
2754 2363 2968 2427 carnis;
2999 2373 3053 2417 et
3079 2365 3329 2433 angelum
3361 2364 3454 2421 Sa‘

1854 2454 1995 2499 tanae
2025 2447 2170 2500 illum
2203 2462 2310 2517 quo
2333 2451 2484 2518 quasi
2517 2450 2819 2507 immissore
2853 2460 2997 2507 tanta
3047 2455 3139 2509 illa
3180 2465 3454 2525 pateretur

1853 2539 2106 2594 ostendit.

2455 2650 2523 2687 AD
2562 2649 2836 2689 EPBESIOS.

1925 2723 2034 2779 Int.
2062 2726 2343 2792 Quomodo
2373 2727 2776 2797 intelligendum
2808 2740 2890 2785 est
2921 2732 3023 2787 hoc
3052 2734 3193 2801 quod
3218 2735 3453 2804 Aposto-

1854 2818 1937 2874 lus
1967 2822 2172 2885 scribit,
2204 2822 2347 2890 quod
2380 2825 2702 2889 proposuerit
2732 2824 2984 2879 Dominus
3013 2828 3068 2879 in
3108 2828 3452 2898 dispensatio-

1854 2926 1965 2962 nem
1987 2912 2316 2979 plenitudinis
2338 2924 2620 2983 temporum
2644 2916 2938 2969 instaurare
2953 2919 3126 2970 omnia
3148 2919 3199 2970 in
3224 2918 3450 2989 Christo,

1854 3017 1966 3067 quc
2000 3003 2052 3053 in
2079 3003 2236 3063 caelis,
2270 3012 2317 3055 et
2344 3020 2457 3072 qua:
2486 3006 2537 3056 in
2570 3014 2705 3057 terra
2734 3014 2852 3058 sunt
2880 3008 2931 3059 in
2960 3007 3129 3078 ipsum
3161 3007 3321 3079 (Eph.
3355 3012 3452 3083 x)?

1778 3070 1825 3133 (ἶ
1926 3090 2084 3158 Resp.
2112 3090 2248 3145 Vere
2270 3070 2463 3145 mirum
2492 3103 2575 3147 est
2596 3096 2721 3164 quid
2746 3111 2888 3150 nunc
2910 3070 3259 3165 repareturin
3284 3070 3447 3157 caelo.

1854 3180 2155 3250 Reparatur
2182 3198 2310 3253 ergo
2353 3186 2650 3239 secundum
2694 3189 3004 3256 Opinionem
3050 3194 3408 3260 quorumdam
3435 3242 3451 3267 ,

1855 3274 1945 3328 illa
1974 3290 2095 3344 qua:
2125 3292 2245 3330 cum
2282 3278 2520 3345 principe
2548 3293 2646 3333 suo
2676 3282 2871 3334 cecidit
2898 3283 3210 3352 angelorum
3242 3289 3452 3357 portio,

1857 3382 1953 3435 per
1976 3377 2315 3436 augmentum
2350 3371 2766 3442 societatemque
2790 3382 3123 3443 sanctorum,
3152 3378 3219 3434 de
3257 3376 3452 3451 quibus

1856 3460 2145 3515 scribitur:
2183 3462 2289 3516 Sed
2315 3473 2431 3516 sunt
2460 3465 2589 3517 sicut
2628 3466 2798 3537 angeli
2831 3471 2886 3521 in
2907 3470 3031 3524 Ctelo
3056 3469 3273 3541 (Matth.
3306 3489 3451 3544 uti,

1858 3552 1971 3621 50).
2009 3552 2343 3622 Reparantur
2372 3570 2582 3623 quoque
2608 3559 2783 3613 omnia
2819 3560 2870 3613 in
2902 3569 3079 3627 terra,
3125 3578 3249 3619 cum
3287 3568 3451 3622 etiam

1861 3644 1915 3698 in
1946 3646 2116 3697 locum
2141 3645 2503 3701 deﬁcientium
2525 3648 2833 3704 Judaeorum
2856 3652 3210 3709 admittuntur
3231 3657 3453 3712 creden-

1865 3744 1942 3790 tes
1973 3751 2036 3789 ex
2062 3738 2324 3806 gentibus.
2361 3740 2419 3791 Et
2448 3741 2642 3795 aliter:
2674 3743 3040 3798 lnstaurantur
3065 3762 3187 3813 quas
3231 3758 3358 3804 sunt
3398 3752 3452 3805 in

1867 3839 2029 3898 terra,
2063 3832 2187 3884 dum
2219 3846 2317 3885 nos
2349 3848 2446 3901 per
2466 3834 2773 3890 Mediatoris
2793 3837 2965 3890 nostri
2987 3840 3302 3907 sanguinem
3325 3855 3455 3895 con-

1865 3924 2301 3993 ciliationemque
2328 3939 2662 3993 reparamur.
2685 3925 3025 3993 Reparantur
3045 3930 3310 3997 coelestia,
3333 3943 3456 3987 cum

1868 4015 1937 4071 de
1962 4016 2132 4070 salute
2157 4026 2345 4071 nostra
2370 4016 2617 4086 gaudium
2655 4019 2889 4073 nascitur
2913 4019 3248 4089 angelorum.

1942 4118 2050 4164 [ηε.
2078 4111 2212 4176 Quid
2245 4120 2329 4164 est
2354 4112 2493 4178 quod
2523 4111 2808 4179 Apostolus
2836 4111 3070 4182 loquitur
3097 4114 3165 4170 de
3203 4115 3314 4172 Deo
3351 4116 3458 4173 Pa-

1873 4212 1952 4255 tre
1978 4221 1989 4255 :
2023 4201 2105 4255 Ex
2132 4218 2232 4269 quo
2262 4204 2425 4255 omnis
2452 4205 2733 4273 paternitas
2756 4204 2811 4258 in
2834 4206 2976 4261 celi:
3000 4208 3120 4262 etin
3142 4218 3277 4263 terra
3297 4212 3462 4266 nomi-

1873 4304 2026 4347 natur
2054 4293 2217 4360 (Eph.
2250 4309 2328 4361 ttt,
2362 4294 2493 4363 15)?

1948 4386 2104 4455 Resp.
2136 4387 2264 4451 Quia
2293 4402 2412 4439 cum
2448 4387 2537 4441 ille
2580 4389 2735 4442 nobis
2776 4388 2934 4443 Pater
2969 4389 3174 4458 primus
3213 4404 3259 4443 t'l
3297 4404 3463 4449 verus

1876 4480 1963 4544 sit,
1995 4480 2061 4533 ab
2094 4480 2235 4533 illius
2263 4482 2477 4534 nomine
2503 4480 2782 4534 derivatur
2804 4482 3022 4550 quando
3046 4483 3134 4538 alii
3169 4495 3349 4553 patres
3369 4502 3465 4558 ap—

1872 4574 2155 4642 pellantur.
2813 4632 2831 4645 _

1946 4662 2055 4716 Int.
2094 4664 2374 4729 Quomodo
2412 4665 2700 4732 Apostolus
2741 4666 2907 4723 dicit:
2949 4667 3163 4725 Honora
3195 4682 3388 4742 patrem
3420 4684 3467 4732 et

1879 4764 2109 4819 matrem,
2142 4758 2278 4823 quod
2324 4764 2397 4808 est
2446 4756 2747 4809 mandatum
2781 4759 3003 4827 primum
3048 4762 3211 4831 (Eph.
3260 4780 3332 4831 Vl,
3373 4768 3458 4838 2),

1877 4862 1997 4901 cum
2023 4848 2073 4901 in
2099 4846 2383 4917 mandatis,
2408 4857 2466 4901 ut
2486 4848 2699 4917 quidam
2724 4851 2992 4919 ordinant,
3014 4864 3205 4923 quarto
3232 4858 3301 4911 sit
3322 4860 3468 4913 loca?

1950 4938 2105 5008 Resp.
2142 4939 2313 5008 Aliqui
2346 4939 2413 4994 de
2444 4940 2545 4993 hoc
2582 4940 2651 4992 ita
2696 4940 2968 4997 disserunt
3010 4947 3290 5001 dicentes:
3338 4950 3467 5005 Tria

1880 5031 1965 5083 illa
2001 5031 2247 5085 mandata
2277 5045 2397 5099 qua:
2424 5032 2700 5097 superiora
2747 5042 2911 5099 sunt,
2955 5038 3134 5090 omnia
3181 5039 3249 5093 ad
3300 5039 3467 5094 Deum

1882 5125 2167 5190 pertinent,
2196 5133 2400 5191 septem
2432 5130 2710 5189 sequentia
2740 5124 2805 5177 ad
2838 5125 3141 5194 hominem;
3171 5139 3224 5183 et
3253 5106 3350 5185 tria
3382 5133 3469 5185 illa

1880 5216 1948 5271 ad
1976 5218 2143 5271 Deum
2176 5218 2491 5285 pertinentia
2526 5218 2578 5270 in
2611 5232 2713 5271 una
2758 5219 2890 5288 legis
2937 5221 3058 5273 talis
3100 5222 3277 5276 tabula
3319 5234 3470 5279 tene-

1880 5308 2108 5373 bantur,
2150 5308 2205 5361 in
2245 5308 2347 5362 alia
2385 5322 2515 5363 vero
2550 5309 2724 5362 tabula
2758 5321 3021 5379 prmcepta
3052 5312 3139 5367 illa
3168 5324 3321 5369 erant
3350 5328 3471 5386 qua

1882 5402 1948 5456 ad
1981 5401 2250 5455 hominem
2283 5402 2638 5470 pertinebant.
2674 5403 2785 5458 Hoc
2833 5404 3013 5475 itaque
3058 5407 3367 5464 mandatum
3417 5411 3472 5473 in

1883 5504 2088 5564 septem
2110 5496 2375 5549 mandatis
2401 5512 2521 5565 qua:
2552 5497 2615 5549 ad
2657 5498 2960 5566 proximum
3007 5501 3318 5570 pertinent,
3359 5505 3472 5576 pri.

1888 5605 2031 5644 mum
2055 5597 2158 5645 est.
2191 5587 2295 5643 Alii
2324 5604 2455 5642 vero
2484 5590 2571 5658 qui
2603 5589 2707 5644 hoc
2729 5591 3040 5648 mandatum
3085 5614 3194 5656 non
3238 5608 3430 5673 quartti
3456 5651 3472 5678 ,

1888 5684 1982 5739 sed
2007 5686 2194 5755 quinto
2224 5682 2367 5749 loco,
2401 5683 2545 5752 quod
2574 5696 2622 5739 et
2658 5702 2754 5740 nos
2780 5692 3070 5757 probamus
3090 5737 3102 5757 ,
3135 5708 3255 5751 e<se
3282 5692 3473 5755 conﬂi?-
