4042 6188
546 233 651 294 807

1542 222 1598 280 S.
1639 216 1963 279 EUCilERIl
2004 209 2487 274 LUGDUNENSIS
2525 211 2827 270 EPISCOPI

3726 206 3864 268 808

545 360 711 414 mani,
740 349 809 403 ita
833 345 902 405 de
929 347 1029 402 lioc
1050 344 1321 415 disputant
1348 360 1358 394 :
1386 340 1705 412 Decalognni
1732 341 1906 409 ipsum
1929 347 2120 398 totum.
2156 339 2204 396 Λ
2231 347 2399 401 catur,
2435 337 2515 391 vel
2547 352 2640 404 per
2663 331 2927 403 eiusmodi
2957 326 3334 388 abstinentiam:
3363 329 3447 386 vel
3480 344 3576 400 per
3603 328 3860 385 circum-

549 448 670 516 quia
705 444 756 498 in
787 443 871 496 illa
896 444 1060 510 prima
1087 440 1200 506 lege
1222 434 1582 504 cooscriptum
1607 445 1708 497 est,
1734 441 1879 487 recte
1906 434 2132 497 primum

550 535 859 592 mandatum
882 532 1158 599 appellari,
1178 528 1318 596 quod
1339 527 1520 595 utique
1545 525 1772 592 primum
1801 523 1959 577 iaciat
1980 522 2133 588 ordo,

551 637 730 699 νοςιω
755 626 977 678 aliorum
1000 625 1049 676 iu
1075 624 1190 690 lege
1215 634 1552 685 Consequens
1576 625 1983 685 praeceptorum.
2009 613 2137 667 Item

549 737 614 776 ex
649 719 748 771 hoc
775 717 966 770 aliter:
1005 713 1216 766 Honora
1256 722 1451 782 patrem
1497 719 1544 764 et
1591 720 1802 761 ma:rem
1829 749 1843 771 ,
1893 706 2028 774 quod
2069 712 2142 758 est

548 810 848 863 mandatum
887 806 1108 876 primum
1131 847 1145 868 ,
1188 811 1245 856 ct
1279 802 1570 870 subiungit,
1599 801 1648 853 in
1677 798 2053 868 promissione.
2084 796 2140 850 lii

548 915 650 966 qua
685 897 1078 966 promissione?
1113 893 1179 949 Ut
1221 896 1342 947 bene
1380 893 1443 944 sit
1494 893 1625 954 tibi,
1671 901 1714 944 et
1761 890 1831 944 sis
1880 888 2142 958 longincus

549 1005 702 1050 super
732 1000 917 1042 terram
942 987 1135 1058 (Exod.
1173 1001 1267 1053 xx,
1305 984 1412 1054 1-3).
1448 985 1608 1053 Igitur
1635 984 1685 1036 iii
1733 982 1998 1035 mandatis
2044 981 2145 1035 hoc

551 1090 633 1133 est
683 1082 911 1149 primum
967 1079 1157 1131 manda
1188 1093 1312 1142 uin,
1361 1075 1502 1146 quod
1546 1077 1761 1141 habeat,
1795 1089 1953 1143 quam
1981 1087 2144 1142 supra

552 1169 807 1234 (“\iJHH,
839 1171 1269 1237 promissionem.

623 1258 726 1315 Int.
766 1261 899 1328 Quid
927 1262 1025 1315 Sibi
1056 1261 1168 1313 vult
1199 1258 1324 1312 illud
1365 1258 1505 1329 quod
1550 1258 1844 1313 scribitur:
1895 1255 2149 1327 Spiritum

553 1355 710 1408 nolite
737 1356 1056 1425 exstinguere
1084 1354 1134 1419 (Ι
1162 1353 1340 1406 Thess.
1375 1369 1425 1412 ν.
1460 1352 1588 1421 l9)?
1695 1335 1698 1340 I

629 1444 783 1508 Resp.
818 1445 1190 1512 Exstiugucre,
1228 1444 1276 1496 id
1307 1458 1387 1498 est
1423 1443 1605 1512 fugare
1639 1460 1731 1512 per
1759 1459 1922 1512 opera
1955 1442 2151 1513 iniqui-

557 1540 700 1592 tatis.
733 1537 895 1590 David
929 1538 1097 1605 inquit
1125 1555 1137 1590 :
1181 1536 1436 1608 Spiritum
1465 1550 1696 1590 sanctum
1728 1549 1871 1591 tuum
1902 1554 1963 1591 ne
1999 1537 2149 1604 aufe-

557 1643 642 1683 ras
670 1644 702 1680 a
731 1643 811 1681 me
839 1625 957 1697 (Ps.
988 1643 1038 1691 ι,
1075 1630 1183 1697 15).

2237 428 2517 483 cisioneui.
2551 429 2804 496 Sequitur
2829 439 3043 479 autem:
3080 423 3199 478 Non
3231 425 3282 476 in
3317 423 3514 476 honore
3559 423 3730 486 aliquo
3767 420 3858 476 ad

2238 522 2562 575 saturitatem
2591 521 2783 584 carnis,
2813 533 2940 586 ergo
2972 518 3070 572 hoc
3095 529 3178 571 est
3220 515 3363 584 quod
3415 515 3528 568 vult
3573 515 3800 585 intelligi
3836 531 3856 569 :

2241 615 2438 668 Omnes
2471 615 2574 667 illi:
2603 613 3042 673 observationes,
3073 611 3200 664 licet
3245 611 3297 662 iii
3345 609 3696 663 observantia
3742 611 3858 664 ali-

2243 721 2401 775 quant
2452 706 2727 775 sapientia:
2777 702 3034 772 prcherre
3077 703 3359 756 videantur
3407 700 3672 770 ﬁguram,
3720 703 3856 772 quia

2247 812 2496 869 putentur
2526 802 2694 869 legem
2723 807 3112 868 pratccptorum
3143 807 3348 862 tenere,
3380 805 3555 850 timcu
3583 799 3634 849 in
3658 813 3862 865 super-

2245 894 2462 947 stitione
2489 905 2634 955 sunt,
2668 908 2771 944 non
2805 893 2855 944 iii
2887 891 3067 958 aliquo
3098 891 3302 942 honore
3337 889 3460 953 Dei,
3499 890 3591 942 sed
3631 888 3702 942 ad
3748 904 3857 944 ex-

2248 982 2497 1054 plendam
2527 986 2854 1037 voluntatem
2887 982 3245 1034 observantia:
3274 980 3526 1034 carnalis.

2801 1089 2816 1126 l
2844 1089 2910 1127 AD
2942 1087 3278 1126 τΙΜΟΤῙΙΕυΙ.

2323 1165 2428 1219 Iut.
2457 1165 2586 1234 Quae
2615 1167 2942 1236 singularum
2975 1181 3152 1219 rerum
3178 1177 3259 1218 est
3287 1165 3599 1228 accipienda
3636 1166 3855 1221 discre-

2253 1261 2328 1314 tio
2359 1260 2409 1313 in
2459 1260 2542 1313 liis
2584 1275 2715 1326 quas
2765 1262 3055 1324 Apostolus
3106 1258 3308 1324 profert
3349 1259 3575 1314 dicens:
3631 1260 3862 1314 Obsecro

2251 1355 2408 1424 igitur
2431 1354 2594 1419 primo
2622 1355 2846 1406 omnium
2876 1356 2985 1420 ﬁeri"
3016 1354 3406 1416 obsecrationes,
3436 1354 3693 1408 orationes
3715 1396 3730 1417 ,
3763 1370 3861 1423 po-

2251 1449 2572 1508 stulu:iones,
2605 1449 2891 1517 gratiarum
2921 1448 3147 1500 actiones
3179 1448 3232 1517 (Ι
3265 1447 3398 1501 Τἱηι.
3433 1463 3491 1507 it.
3527 1446 3602 1516 l).

2327 1541 2481 1605 Resp.
2513 1540 2924 1594 ()bsecratioucs
2949 1539 3079 1592 litint
3110 1556 3204 1606 pro
3229 1541 3465 1608 peccatis
3491 1540 3779 1608 prmteritis
3800 1548 3862 1594 et

2254 1641 2489 1700 przrsetit
2517 1632 2642 1693 bus;
2677 1633 2951 1686 orationes
2983 1647 3078 1699 pro
3107 1631 3471 1699 adipiscendis
3499 1648 3613 1700 qua:
3657 1647 3861 1700 spera-

630 1719 739 1774 lnt.
771 1721 1022 1790 Sequitur
1057 1722 1212 1788 paulo
1246 1731 1366 1790 post
1396 1721 1446 1776 in
1477 1722 1668 1776 eodem
1695 1740 1708 1775 :
1742 1721 1808 1776 Ut
1834 1724 2024 1791 integer
2049 1721 2154 1792 rpi-
2183 1708 2234 1771 Β
2263 1737 2406 1783 uiui;
2439 1723 2828 1788 postulationes
2857 1737 2977 1776 cum
3011 1738 3106 1790 pro
3133 1723 3252 1775 aliis
3287 1724 3703 1786 intervenimus;
3734 1738 3858 1792 gia-

558 1813 688 1870 rittts
719 1825 899 1877 vester,
925 1824 970 1868 et
997 1815 1134 1867 anim
1155 1831 1189 1875 i,
1224 1823 1269 1865 et
1303 1831 1486 1880 corpus
1517 1817 1627 1866 sine
1652 1813 1858 1884 querela
1889 1817 1939 1865 in
1969 1818 2160 1866 adven-

562 1915 670 1960 tum
701 1904 903 1959 Domini
947 1907 1108 1958 nostri
1142 1903 1266 1958 Jesu
1307 1905 1492 1958 Utristi
1529 1920 1750 1961 seri'etur
1789 1907 1842 1978 (ι
1885 1905 2061 1960 Thess.
2096 1919 2156 1976 ν,

560 1999 653 2070 23)
680 2019 694 2054 :
729 2001 854 2070 quid
886 2000 968 2054 liic
1000 2000 1402 2069 intelligendum
1431 2001 1547 2055 cst?

641 2092 795 2163 Resp.
824 2093 1081 2162 Spiritum
1113 2095 1197 2147 hic
1225 2093 1348 2145 dicit
1383 2093 1562 2160 inique
1596 2093 1742 2145 illum
1777 2103 2020 2148 sanctum
2044 2135 2059 2152 ,
2091 2091 2160 2146 de

562 2199 670 2256 quo
698 2198 856 2253 supra
890 2184 1136 2237 dixerat:
1173 2183 1427 2252 Spiritum
1468 2185 1625 2236 nolite
1668 2187 2010 2256 exstinguere.
2061 2183 2159 2250 Qui

563 2291 598 2347 ς
620 2277 778 2330 iident
811 2291 932 2330 cum
961 2276 1014 2329 in
1045 2275 1341 2328 substantia
1375 2291 1467 2327 sui
1503 2291 1608 2327 non
1652 2281 1822 2341 possit
1864 2273 2154 2342 exstingui,

565 2372 921 2439 exstinguitur
959 2372 1010 2422 iii
1044 2369 1222 2430 nobis,
1254 2384 1374 2420 cuin
1405 2367 1647 2421 aufertur
1675 2385 1702 2417 a
1734 2368 1910 2420 nobis.
1952 2367 1992 2419 D
2017 2382 2158 2419 tllllln

566 2476 798 2528 namque
825 2461 942 2529 ejus
979 2463 1059 2515 vel
1109 2460 1278 2528 gratia
1332 2461 1382 2512 iii
1436 2459 1741 2512 hominibus
1785 2462 1926 2512 sicut
1969 2474 2156 2512 eorum

565 2555 853 2609 virtutibus
880 2555 1221 2615 accenditur,
1253 2554 1320 2606 ita
1363 2567 1547 2605 eorum
1593 2553 1734 2606 vitiis
1774 2555 2158 2621 essti'iguitiir.

566 2647 671 2702 Alii
712 2657 959 2700 asserunt
994 2645 1239 2714 spiritum
1283 2645 1367 2698 hic
1407 2646 1777 2704 accipiendum
1819 2661 1938 2699 csse
1966 2648 2161 2700 animae

567 2738 736 2809 ipsius
762 2738 1093 2792 intellectum
1123 2750 1282 2805 atque
1309 2737 1646 2806 Sapientiam.
1681 2736 1755 2790 De
1777 2753 1882 2806 quo
1909 2737 2016 2789 alio
2041 2737 2160 2789 loco

568 2831 708 2884 idem
744 2831 1032 2900 Apostolus
1074 2829 1199 2884 dicit
1230 2845 1243 2881 :
1295 2826 1359 2880 Et
1407 2830 1457 2898 ip
1486 2845 1511 2881 e
1541 2828 1766 2894 Spiritus
1815 2830 2160 2881 testimonium

566 2923 738 2976 reddit
763 2923 965 2990 spiritui
991 2934 1184 2987 nostro,
1210 2922 1350 2992 quod
1388 2938 1562 2974 sumus
1587 2921 1682 2987 ﬁlii
1707 2922 1798 2973 Dei
1841 2921 2017 2990 (liam.
2043 2935 2156 2988 vui,

569 3017 679 3086 16).
716 3016 824 3070 lloc
856 3024 957 3078 cst,
998 3015 1140 3080 quod
1171 3013 1261 3067 ille
1292 3013 1522 3082 Spiritus
1552 3022 1771 3068 sanctus
1802 3015 1924 3067 huic
1955 3014 2161 3066 intelle-

2262 1813 2450 1866 tiaruni
2483 1816 2722 1867 actiones
2757 1829 2875 1868 cuin
2902 1830 2960 1868 ea
2991 1829 3112 1883 qua:
3144 1813 3412 1882 poscimus
3464 1817 3818 1882 impetramus
3841 1859 3858 1880 ,

2262 1904 2341 1957 vel
2372 1917 2518 1957 certe
2565 1919 2685 1957 cum
2734 1920 2828 1970 pro
2874 1902 3150 1958 inmensis
3194 1903 3291 1958 Dei
3338 1904 3613 1961 beneficiis
3653 1907 3862 1976 gratias

2261 1995 2552 2062 Ι.ιιιιΙος·ιιιο
2581 1997 2885 2051 referimus.

2333 2086 2439 2142 lnt.
2475 2089 2644 2142 Lacus
2677 2090 2763 2142 ille
2789 2089 3056 2158 quo-nodo
3082 2089 3420 2156 accipiendis
3464 2098 3546 2144 est
3574 2134 3588 2154 ,
3639 2091 3690 2144 in
3746 2106 3864 2160 quo

2260 2182 2550 2235 scribitur:
2607 2181 2960 2247 Quorumdam
3013 2183 3276 2237 hominum
3327 2194 3526 2254 piceam
3575 2185 3866 2253 manifes'a

2260 2284 2377 2329 sunt
2411 2274 2743 2334 praeedetttia
2773 2276 2841 2328 ad
2860 2275 3139 2346 judicium,
3165 2275 3408 2344 quosdam
3443 2284 3610 2330 autent
3649 2287 3696 2330 et
3738 2278 3872 2330 sub-

2262 2378 2542 2432 sequuntur
2575 2366 2626 2436 (Ι
2657 2367 2792 2420 Titii.
2827 2383 2878 2430 v,
2909 2368 3049 2434 2i)?

2337 2459 2491 2527 Resp.
2523 2458 2693 2526 Supra
2722 2459 2950 2525 dixerat,
2985 2460 3228 2514 adversus
3254 2459 3616 2531 presbyterum
3651 2476 3870 2514 accusa-

2261 2552 2450 2607 tionem
2484 2568 2586 2603 iiou
2619 2552 3002 2620 recipiendam,
3034 2555 3132 2606 nisi
3158 2553 3248 2606 sub
3277 2553 3475 2606 duobus
3506 2563 3551 2607 et
3591 2554 3749 2607 tribus
3792 2565 3870 2608 te-

2262 2645 2422 2694 stibus
2452 2643 2504 2711 (ι
2539 2641 2668 2696 Tim.
2707 2657 2757 2703 v,
2789 2643 2907 2710 19);
2940 2653 2994 2697 ct
3021 2645 3176 2711 paulo
3201 2655 3320 2713 post
3349 2645 3582 2700 addidit:
3612 2648 3870 2710 Quorum-

2263 2735 2380 2786 dam
2410 2734 2670 2786 hominum
2693 2745 2900 2804 pgccata
2927 2748 3044 2787 sunt
3075 2737 3415 2803 precedeutia
3457 2737 3526 2787 ad
3564 2738 3830 2808 judicium
3853 2779 3869 2802 ,

2266 2830 2447 2895 utique
2475 2829 2597 2880 dum
2630 2829 2880 2881 omnibus
2912 2841 3034 2883 u0ta
3081 2839 3240 2891 sunt;
3295 2829 3538 2898 quzcdam
3585 2840 3763 2885 autem
3821 2840 3871 2883 ct

2263 2919 2684 2987 subsequuntur,
2715 2923 2893 2989 utique.
2921 2921 3046 2974 dum
3077 2933 3259 2990 postea
3290 2921 3344 2975 iu
3378 2922 3584 2991 judicio
3618 2937 3873 2988 comi-rm

2266 3014 2475 3066 bantur.
2506 3016 2550 3078 Ω
2575 3015 2657 3065 iod
2689 3015 2730 3066 si
2759 3015 2896 3067 isuid
2926 3014 3087 3082 aliqui
3118 3017 3166 3066 in
3186 3015 3388 3084 judicio
3416 3017 3504 3069 Dei
3533 3017 3702 3084 magis
3727 3016 3874 3068 acci-

566 3109 729 3164 ctiiali
775 3106 1038 3176 spiritiiali
1087 3115 1272 3160 nostro
1322 3107 1688 3160 testimonium
1739 3106 1963 3168 reddat,
2017 3105 2158 3174 quod
2190 3085 2234 3149 (ί
2269 3109 2519 3173 piendum
2555 3119 2768 3175 putant,
2803 3117 2978 3176 potest
3019 3111 3084 3161 ita
3131 3107 3394 3178 intelligi:
3441 3109 3755 3164 Prmeedcre
3803 3111 3869 3163 ad

567 3215 751 3256 sumus
783 3200 874 3254 lilii
902 3200 1016 3254 Dei.
1045 3199 1166 3253 Alio
1189 3214 1398 3268 quoque
1425 3199 1546 3252 loco
1570 3199 1857 3266 Aposuilus
1885 3200 2158 3267 loquitur:

569 3289 807 3346 Psallam
847 3293 1067 3360 spiritu,
1113 3291 1328 3352 psallam
1367 3298 1414 3342 et
1463 3303 1624 3343 mente
1658 3290 1708 3360 (Ι
1749 3287 1869 3344 Cor.
1903 3305 2012 3352 stv,
2046 3291 2156 3358 15).

570 3384 668 3439 llic
699 3383 947 3454 spiritum
981 3397 1076 3450 pro
1107 3397 1236 3436 voce
1265 3396 1491 3451 ponetis,
1523 3390 1578 3436 et
1613 3396 1746 3437 voce
1787 3382 1918 3436 dicit
1961 3385 2164 3451 pariter

574 3489 626 3532 ct
657 3488 837 3532 mente
862 3477 1219 3546 psallendum.

1129 3584 1196 3621 AD
1233 3581 1610 3624 εοιοςεεῖιςις.

644 3658 754 3716 Int.
788 3659 923 3728 Quid
954 3660 1360 3730 intelligendum
1386 3675 1465 3716 est
1499 3665 1549 3714 in
1578 3662 1812 3732 capitulo
1841 3661 1952 3726 illo,
1979 3664 2028 3716 in
2057 3679 2162 3732 quo

573 3754 638 3810 ad
671 3754 1018 3808 Colossenscs
1047 3755 1331 3808 scribitur:
1368 3754 1427 3809 Si
1453 3758 1637 3808 mortui
1663 3759 1781 3808 estis
1811 3773 1923 3809 rum
1961 3754 2163 3810 Christo

573 3848 636 3901 ab
667 3847 921 3900 elementis
952 3847 1148 3909 tttuttdi,
1182 3846 1305 3916 quid
1346 3849 1516 3900 adhuc
1559 3859 1815 3918 tamquam
1854 3849 2068 3901 virentes
2110 3850 2163 3902 in

575 3941 762 3993 mundo
790 3938 1057 3992 decernitis
1083 3937 1303 4006 (Coloss.
1335 3954 1392 4006 ii,
1418 3939 1549 4007 9.0)?
1580 3940 1643 3992 Et
1672 3941 1897 4008 reliqua.

648 4030 804 4098 Resp.
838 4029 1288 4097 Pcrstriugamus,
1315 4041 1371 4082 ut
1402 4045 1706 4097 possumus.
1732 4035 1904 4084 locum
1939 4035 2164 4089 summis

573 4122 986 4178 obscuritatibus
1019 4122 1334 4176 involutum.
1374 4123 1615 4191 Disputat
1643 4135 1830 4177 contra
1859 4139 1951 4178 eos
1981 4129 2067 4194 qui
2097 4143 2162 4182 ex

577 4215 776 4270 «Iud-.cis
805 4214 1117 4276 Christiani,
1152 4215 1380 4283 propriis
1405 4217 1799 4271 tontciidcbant
1827 4223 2165 4276 emreinoiiiis

578 4309 858 4364 inlncrcre.
891 4307 1062 4376 Supra
1087 4309 1228 4361 enim
1260 4307 1471 4362 dixerat
1501 4311 1566 4364 de
1598 4312 1932 4380 improbabili
1975 4329 2161 4368 eorum

576 4403 913 4460 obserVaniia
941 4403 992 4456 iit
1021 4403 1130 4455 cibo
1154 4412 1199 4456 et
1228 4415 1387 4472 potu;
1413 4414 1467 4458 et
1495 4405 1634 4474 quod
1660 4409 1936 4462 neomcnite
1975 4424 2161 4463 eorum

577 4509 627 4551 ct
653 4495 859 4550 sabbata
899 4495 1139 4550 umbram
1191 4496 1491 4550 futurorum
1535 4499 1892 4563 pertulissent
1931 4499 2066 4568 (Col.
2105 4517 2164 4566 it,

581 4587 692 4656 lli).
725 4586 954 4640 Rursum
984 4587 1036 4640 in
1065 4589 1519 4658 consequentibus
1547 4589 1674 4642 dicit
1703 4607 1716 4643 :
1749 4590 1806 4646 Si
1831 4592 2019 4644 mortui
2048 4596 2168 4646 estis

577 4696 692 4733 cum
729 4677 928 4732 Christo
959 4680 1020 4732 ab
1049 4679 1305 4733 elementis
1335 4681 1529 4744 mundi,
1558 4682 1684 4752 quid
1710 4683 1878 4736 adhuc
1908 4694 2166 4752 tamquam

577 4773 862 4826 vicentrsin
893 4773 1083 4824 mundo
1126 4773 1438 4826 decernitis?
1479 4773 1531 4825 Id
1579 4785 1656 4827 est
1681 4815 1697 4839 ,
1745 4776 2046 4844 dijudicmis
2087 4777 2168 4831 di-

577 4865 778 4917 cendo:
813 4861 897 4916 Ne
919 4863 1199 4934 tetigeritis,
1230 4880 1388 4933 neque
1411 4867 1754 4936 gustaveritis,
1789 4886 1946 4937 neque
1970 4883 2171 4923 contre-

577 4955 854 5017 rtareritis,
883 4969 995 5024 qtae
1022 4965 1140 5007 sunt
1165 4956 1335 5007 omnia
1367 4957 1419 5008 in
1443 4957 1649 5010 interitu
1677 4961 1785 5028 ipso
1825 4977 1919 5012 usu
1957 4979 2049 5014 suo
2086 4963 2170 5030 (id

577 5063 683 5109 cst,
718 5047 841 5100 iliini
868 5060 1211 5102 assumuntur
1245 5049 1560 5111 intereunt),
1599 5052 1880 5104 secundum
1919 5065 2174 5125 prarcepta

578 5150 624 5191 et
657 5140 916 5192 doctrinas
948 5140 1244 5192 hominum:
1275 5156 1390 5209 quae
1413 5150 1532 5192 sunt
1563 5143 1805 5194 ra:ione.n
1843 5145 2045 5210 quidem
2079 5151 2171 5197 ha-

579 5233 746 5284 bentia
790 5232 1054 5298 sapientia:
1097 5231 1149 5283 itt
1191 5233 1550 5302 superstitione
1587 5242 1632 5285 et
1661 5233 1968 5298 humilitate,
1997 5249 2041 5288 et
2073 5254 2175 5291 non

579 5327 647 5377 ad
680 5325 989 5393 parcendum
1018 5325 1242 5390 corpori.
1279 5327 1553 5379 Dieiriiias
1577 5327 1850 5380 hominum
1875 5329 2023 5392 dicit,
2048 5334 2169 5400 quia

584 5432 851 5489 prmi-cpta
886 5419 996 5485 ipsa
1026 5421 1312 5474 carnaliter
1343 5420 1661 5490 ἰιιιυιιιετιιιι,
1699 5425 2073 5494 praecipientes
2118 5431 2168 5484 in

586 5512 721 5581 lege.
757 5510 1016 5577 prohibita
1052 5527 1154 5564 non
1187 5516 1492 5565 inaniturari
1519 5531 1531 5565 :
1563 5516 1654 5566 si-tl
1691 5515 1822 5577 huc.
1873 5519 2008 5572 sicut
2058 5520 2173 5586 ipse

587 5605 884 5672 aulijiingit,
917 5605 968 5658 in
1000 5607 1378 5672 super-titione
1404 5618 1457 5659 nt
1493 5608 1794 5661 humilitate
1821 5626 2172 5682 supervacua,

587 5708 645 5750 ct
667 5696 720 5750 in
750 5697 992 5765 corporis
1023 5696 1333 5762 afﬂictione,
1364 5698 1452 5752 cui
1483 5701 1664 5770 utique
1686 5703 1896 5772 corpori
1925 5722 2029 5762 uou
2055 5724 2174 5780 par-

2263 3200 2517 3270 judicium
2546 3201 2630 3251 illa
2658 3211 2867 3267 peccata
2897 3215 3016 3269 quin
3044 3210 3166 3254 ante
3197 3200 3281 3254 hic
3306 3201 3678 3270 unusquisque
3711 3218 3868 3255 com-

2267 3293 2502 3357 miserit;
2533 3294 2780 3362 subseqni
2806 3311 2933 3346 vero
2965 3294 3076 3356 illa,
3107 3295 3301 3359 quibus
3343 3309 3442 3348 nos
3481 3295 3700 3363 quidem
3739 3309 3870 3348 cau-

2265 3401 2354 3440 sas
2378 3387 2642 3450 dedimus,
2677 3387 2768 3438 sed
2796 3386 2907 3454 jim
2947 3395 3065 3455 post
3107 3387 3390 3440 transitum
3443 3395 3684 3441 nostrum
3735 3401 3870 3441 con-

2264 3491 2528 3534 Snnimata
2577 3479 2960 3548 intelliguntur.
3014 3480 3154 3549 Ergo
3203 3481 3606 3550 subsequuntur
3658 3496 3754 3534 nos
3812 3480 3867 3535 in

2261 3573 2520 3641 judicium
2547 3573 2852 3640 hujiismodi
2875 3581 3113 3640 peccata,
3133 3573 3198 3637 si,
3236 3573 3382 3626 verbi
3409 3573 3598 3642 gratia,
3634 3572 3721 3628 cui
3752 3572 3872 3626 ino-

2269 3665 2368 3732 pia:
2401 3680 2499 3718 uos
2526 3679 2714 3719 C8tl5:is
2740 3665 3036 3726 attulimus,
3065 3664 3204 3718 fame
3235 3673 3355 3732 post
3378 3664 3588 3719 obitum
3614 3675 3867 3718 nostrum

2266 3771 2427 3827 atque
2456 3767 2692 3827 egestate
2720 3764 3069 3823 consumptus
3096 3756 3185 3808 sit.

2812 3866 2848 3904 ll
2880 3866 2947 3904 AD
2977 3864 3315 3905 τιιιοτιιεωι.

2339 3943 2448 3997 Int.
2481 3943 2767 3997 Alexander
2791 3943 3006 3996 aerarius
3051 3942 3249 4006 multa,
3297 3939 3502 4009 inquit,
3552 3940 3693 3992 mala
3744 3939 3872 3993 mihi

2268 4037 2485 4090 ostendit
2509 4053 2526 4089 :
2553 4037 2724 4088 reddet
2751 4037 2795 4087 ei
2835 4035 3081 4087 Domitius
3119 4033 3395 4086 secundum
3438 4047 3592 4099 opera
3631 4032 3744 4102 ejus
3783 4028 3871 4096 (ll

2266 4127 2400 4181 Tim.
2422 4145 2490 4190 ir,
2513 4129 2619 4197 14).
2647 4128 2709 4180 Et
2733 4128 2888 4181 item:
2911 4125 3160 4180 Percntiet
3175 4137 3220 4180 te
3239 4125 3503 4187 Dominus,
3531 4127 3702 4193 paries
3719 4126 3874 4184 dettl.

2269 4225 2380 4276 bate
2403 4224 2537 4291 (Act.
2567 4237 2717 4281 χχιιι.
2741 4223 2796 4291 5)
2819 4239 2831 4273 :
2857 4221 3128 4290 quomodo
3153 4221 3264 4273 haec
3288 4218 3629 4288 intelligenda
3652 4218 3818 4272 sunt?

2343 4317 2498 4383 Resp.
2532 4315 2802 4369 Pcrcutiet
2829 4328 2898 4378 te,
2931 4315 3122 4382 inquit,
3166 4331 3270 4368 non
3319 4312 3609 4383 perctttiat;
3653 4320 3709 4363 ct
3754 4325 3873 4364 rur-

2273 4425 2388 4464 suui
2416 4411 2626 4473 reddet,
2655 4424 2760 4462 non
2790 4409 2998 4462 reddat.
3026 4406 3175 4462 Unde
3207 4407 3264 4459 lit
3288 4415 3343 4458 ut
3373 4421 3476 4458 non
3508 4414 3614 4458 tatu
3646 4404 3875 4457 maledi-

2273 4503 2442 4556 centis
2470 4501 2648 4554 animo
2677 4501 2815 4554 dicta
2864 4514 2986 4554 esse
3032 4500 3350 4558 videantur.
3397 4512 3556 4565 quam
3603 4495 3871 4563 judicium

2281 4599 2372 4654 Dei
2401 4606 2560 4666 atque
2592 4597 2880 4650 vindictam
2911 4595 3293 4650 denuntiantis.
3326 4593 3454 4646 [tein
3483 4592 3674 4645 aliter:
3713 4589 3781 4644 Et
3822 4593 3869 4644 si

2277 4705 2371 4757 per
2399 4690 2915 4743 administrationem
2950 4686 3245 4756 prophetia:
3279 4687 3501 4739 iniiiioto
3529 4685 3711 4737 animo
3750 4699 3872 4736 ma-

2278 4781 2467 4836 ledicat
2495 4782 2776 4850 propheta,
2811 4795 2866 4834 ut
2913 4780 3082 4832 illud:
3136 4777 3482 4831 Obscureutur
3515 4775 3652 4828 oculi
3695 4789 3874 4828 eorum

2276 4894 2340 4931 ne
2367 4878 2566 4931 videant
2595 4875 2712 4944 (Ps.
2744 4891 2931 4936 vani,
2963 4875 3055 4944 ει)
3077 4892 3091 4939 ;
3117 4875 3242 4927 dicit
3269 4874 3399 4944 quid
3438 4888 3624 4926 eorum
3665 4870 3879 4925 meritis

2276 4971 2591 5024 debebatur.
2648 4969 2782 5035 Quia
2822 4970 2985 5020 omnis
3033 4968 3394 5036 prtevaricatio
3441 4976 3487 5019 et
3524 4964 3877 5018 inobsdieutia

2278 5063 2461 5133 accipit
2506 5065 2707 5133 justam
2757 5062 2923 5130 operis
2983 5071 3133 5128 atque
3189 5061 3434 5113 mercedis
3495 5057 3876 5112 retributionem

2277 5155 2445 5226 (Πρὸ.
2480 5173 2538 5220 ιι,
2566 5156 2643 5226 9).

2885 5263 2950 5301 AD
2989 5261 3263 5301 UEBPEOS.

2351 5337 2460 5393 Int.
2485 5338 2625 5406 Quid
2660 5337 2711 5391 in
2742 5337 2844 5392 hoc
2884 5340 3155 5407 sequimur
3194 5337 3334 5406 quod
3377 5336 3666 5405 Apostolus
3709 5335 3875 5389 dicit:

2277 5429 2411 5484 Fide
2433 5428 2592 5483 Jocob
2623 5431 2844 5483 moriens
2874 5431 3103 5500 singulos
3127 5429 3346 5495 ﬁliorum
3367 5428 3561 5498 Ioseph
3590 5429 3877 5493 benedixit,

2276 5532 2322 5577 et
2349 5523 2575 5575 adoravit
2605 5522 2866 5592 fastigium
2890 5523 3044 5592 virga:
3073 5525 3184 5594 ejus
3215 5520 3375 5588 (lleb.
3411 5537 3486 5587 xl,
3518 5523 3658 5591 ‘31)?

2355 5617 2508 5684 Resp.
2555 5617 2764 5683 Sceptri
2807 5616 3125 5684 sigiiilicaiio
3159 5625 3239 5669 est
3278 5616 3588 5680 accipienda
3635 5633 3731 5684 per
3767 5615 3868 5670 viro

2277 5728 2420 5783 gain,
2453 5720 2505 5766 et
2528 5725 2624 5782 per
2649 5709 2764 5765 hoc
2795 5711 2943 5782 regni
2981 5711 3367 5780 potestatisque
3389 5707 3665 5780 fastigium
3692 5711 3745 5766 in
3774 5722 3879 5784 quc
