4042 6188
282 232 389 298 809

1519 226 2077 292 INSTRUCTIONUM
2116 230 2245 288 LIB.
2288 227 2332 287 l.

3462 240 3570 302 8N

282 357 532 413 Christus
560 354 873 426 intelligitur
901 354 1152 410 adoratus
1175 395 1190 421 ,
1229 354 1323 424 qui
1368 350 1624 409 videlicet
1663 348 1877 406 futurus
1902 348 1958 407 Α
1981 344 2111 411 Deo,
2142 360 2249 399 non
2280 359 2489 411 vacem,
2523 344 2618 400 sed
2643 344 2972 400 inconditum
3001 361 3190 401 sonum
3224 350 3373 403 vocis
3412 366 3570 411 acea.

284 458 402 501 erat
435 447 585 518 regni
617 448 962 502 Hebrazorum
990 453 1167 515 caput.

709 553 761 592 ιι(
788 552 1006 593 Αστιηυε
1044 549 1444 592 Αροετοιοιιωι.

357 628 463 683 Int.
497 628 637 696 Quid
668 628 869 689 indicat
895 628 1024 682 illud
1052 628 1195 699 quod
1225 628 1487 698 legimus:
1531 626 1744 683 Sabbati
1783 624 1877 679 Ita-

284 720 401 773 bens
428 722 523 776 iter
549 721 685 791 (Act.
718 737 757 787 ι,
794 720 902 792 12),
935 721 983 775 id
1013 731 1117 787 est,
1152 722 1303 776 mille
1334 722 1558 791 passus?

360 811 512 883 Resp.
544 813 780 868 Sabbato
808 813 949 868 enim
978 827 1147 883 usque
1172 812 1238 867 ad
1282 822 1519 867 montem
1566 811 1759 866 Oliveti
1798 810 1876 865 ire

282 903 484 959 Judaeis
518 904 719 960 licitum
748 916 899 961 erat:
936 905 1024 961 vel
1052 913 1198 961 certe
1233 904 1401 960 sicubi
1442 904 1689 971 fuissent,
1721 911 1874 957 tanto

280 998 456 1065 spatio
485 997 862 1053 deambulandi
892 997 1162 1053 licentiam
1194 997 1611 1067 praesumebant.

356 1086 464 1140 Int.
500 1087 726 1158 Spiritus
775 1099 980 1143 sanctus
1025 1087 1296 1158 quomodo
1335 1096 1460 1143 ante
1504 1087 1875 1142 ascensionem

283 1189 312 1227 a
337 1175 611 1233 Salvatare
638 1180 930 1234 secundum
964 1180 1323 1252 evangelistam
1341 1175 1600 1233 Joannem
1627 1176 1875 1249 apostolis

282 1264 571 1337 insumatur
597 1267 773 1339 (Joan.
805 1286 897 1336 xx,
932 1270 1045 1340 22),
1077 1284 1198 1325 cum
1228 1268 1523 1324 secundum
1552 1270 1718 1324 Actus
1740 1284 1873 1337 apo-

283 1357 540 1413 stolarum
569 1370 688 1429 post
707 1360 976 1416 decimum
999 1358 1334 1415 ascensionis
1354 1358 1495 1415 diem
1522 1358 1575 1415 in
1602 1357 1875 1430 apostolos

285 1451 482 1507 missus
513 1456 582 1507 sit
613 1454 758 1524 (Act.
790 1469 850 1519 ll,
882 1452 973 1522 i)?

354 1540 515 1612 Resp.
548 1544 730 1599 Multa:
759 1544 934 1599 sancti
963 1543 1196 1613 Spiritus
1222 1544 1511 1614 gratiarum
1556 1544 1875 1599 donationes

283 1643 428 1698 sunt,
459 1633 750 1689 sedundum
782 1635 911 1689 illud
938 1634 1081 1703 quod
1110 1634 1403 1705 Apostolus
1434 1633 1561 1689 dicit
1586 1650 1599 1687 :
1628 1633 1734 1687 Alii
1760 1633 1875 1702 qui-

1978 445 2188 507 perunt,
2222 444 2279 490 nt
2300 450 2394 491 eos
2415 442 2602 506 postea
2622 436 2765 490 dicat
2788 452 2975 493 vocem
2999 452 3104 493 non
3126 438 3364 507 audisse,
3391 441 3445 496 id
3465 453 3570 512 est,

1977 541 2292 596 expressam
2317 525 2607 582 verborum
2639 527 3072 597 significantiam,
3103 544 3203 597 qua
3242 532 3447 598 possint
3483 533 3570 589 in-
3612 570 3625 605 ί

1978 624 2225 694 telligere
2252 623 2396 695 quod
2423 623 2669 679 sonabat.
2715 627 2792 679 Ac
2836 622 3060 693 perinde
3110 624 3310 681 idcirco
3354 628 3571 685 diversa

1978 715 2097 769 vice
2140 724 2193 769 et
2231 714 2446 770 audisse
2491 715 2817 780 referuntur,
2848 716 2971 784 quia
2999 724 3255 784 quantum
3283 717 3350 771 ad
3377 732 3568 791 sonum
3622 710 3631 763 ῗ

1979 808 2237 877 pertinet,
2254 807 2559 874 audierunt;
2575 815 2830 878 quantum
2846 806 2914 862 ad
2930 808 3114 874 verba,
3138 824 3243 863 non
3260 808 3569 866 audierunt.

2050 899 2159 954 Int.
2187 900 2363 969 Quare
2392 902 2541 970 prius
2586 902 2868 954 communis
2916 900 3055 955 cibus
3104 901 3431 969 vocabatur,
3478 902 3570 972 qui

1978 1000 2260 1062 putaretur
2287 991 2629 1047 immundus?

2051 1084 2209 1155 Resp.
2244 1083 2396 1150 Quod
2426 1094 2615 1137 contra
2644 1084 2984 1139 interdictum
3015 1093 3141 1140 tunc
3182 1086 3277 1141 Dei
3324 1087 3377 1140 in
3422 1102 3568 1144 com-

1978 1190 2140 1230 mune
2168 1174 2381 1229 caeteris
2406 1181 2612 1242 pateret
2639 1172 2963 1241 hominibus,
2986 1176 3075 1244 qui
3100 1177 3150 1230 in
3180 1176 3423 1232 ciborum
3452 1178 3567 1233 dis-

1977 1267 2220 1322 cretione
2241 1265 2372 1339 legis
2396 1265 2790 1321 observantiam
2820 1282 2929 1321 non
2971 1268 3243 1331 tenebant,
3280 1283 3374 1337 per
3402 1285 3565 1338 quam

1976 1357 2147 1414 Judaei
2176 1368 2379 1427 partem
2409 1358 2503 1413 Dei
2534 1371 2593 1412 se
2620 1370 2740 1433 esse
2785 1359 3078 1427 jactabant.
3127 1359 3448 1415 Purilicatus
3485 1370 3567 1416 est

1977 1458 2155 1505 autem
2186 1450 2350 1506 etiam
2382 1451 2607 1506 Domino
2629 1450 2839 1507 dicente
2865 1452 2929 1505 ad
2961 1449 3175 1506 Petrum
3204 1471 3217 1506 :
3260 1451 3388 1517 Qua:
3428 1451 3567 1507 Deus

1976 1542 2284 1613 puriﬁcavit,
2316 1558 2377 1595 ne
2402 1551 2455 1597 tu
2481 1558 2746 1596 commune
2775 1544 2963 1598 dixeris
2998 1542 3131 1613 (Act.
3160 1558 3216 1607 x,
3248 1542 3359 1613 15).

2050 1635 2161 1690 Int.
2193 1634 2330 1701 Quid
2358 1634 2491 1689 illud
2522 1644 2606 1690 est
2637 1636 2778 1705 quod
2813 1637 2863 1689 in
2894 1636 3121 1690 Actibus
3154 1635 3522 1704 apostolorum
3544 1675 3560 1702 ,

282 1724 400 1777 dem
427 1725 582 1778 datur
611 1743 701 1795 per
730 1726 984 1796 Spiritum
1022 1742 1185 1780 sermo
1230 1728 1492 1796 sapientia
1516 1767 1532 1794 ,
1576 1727 1669 1780 alii
1708 1741 1874 1779 sermo
1904 1719 1951 1781 B
1980 1728 2247 1782 duodecim
2276 1729 2356 1782 illi
2383 1730 2469 1799 qui
2495 1727 2716 1782 Joannis
2747 1728 3001 1799 baptisma
3042 1729 3283 1799 baptizati
3323 1730 3561 1800 fuerant,

281 1817 509 1870 scientia
550 1822 827 1871 secundum
869 1819 1097 1871 eumdem
1125 1816 1400 1888 Spiritum,
1428 1818 1518 1871 alii
1542 1817 1709 1890 gratia
1735 1817 1874 1870 sani-

282 1914 447 1956 tntum
474 1905 528 1958 in
554 1921 656 1959 uno
684 1906 904 1977 Spiritu,
932 1917 1034 1961 etc.
1068 1906 1119 1977 (l
1148 1905 1266 1961 Cor.
1302 1922 1398 1973 xu,
1438 1907 1516 1976 8).
1550 1907 1711 1975 Igitur
1748 1916 1872 1960 ante

286 1997 659 2053 ascensionem
689 2000 913 2068 gratiam
951 2001 1117 2053 sancti
1140 1996 1370 2068 Spiritus
1395 2007 1738 2067 acceperunt,
1768 2014 1869 2067 qua

280 2088 484 2155 possint
512 2098 726 2156 peccata
763 2089 1064 2154 dimittere,
1098 2098 1151 2143 ct
1182 2088 1475 2158 baptizare,
1508 2100 1563 2144 et
1592 2088 1866 2144 credenti-

278 2176 377 2231 bus
406 2178 659 2246 Spiritum
691 2180 993 2249 adoptionis
1023 2178 1341 2245 infundere;
1392 2179 1688 2235 secundum
1725 2180 1868 2249 quod

276 2276 401 2323 tunc
422 2284 541 2324 cum
565 2271 644 2325 eis
665 2285 695 2325 a
711 2270 989 2327 Salvatore
1011 2271 1228 2341 spiritus
1250 2271 1638 2340 insultlaretur,
1665 2271 1866 2327 dictum

274 2353 487 2416 fuerat:
522 2362 749 2429 Quarum
776 2365 1069 2418 remiseritis
1111 2372 1319 2436 peccata
1340 2406 1355 2432 ,
1399 2366 1719 2419 remittentur
1755 2366 1865 2432 eis;

271 2462 325 2507 et
350 2469 561 2522 quorum
591 2455 922 2521 retinueritis,
955 2466 1147 2511 retenta
1176 2466 1320 2510 erunt
1347 2456 1521 2528 (Joan.
1549 2474 1638 2524 xx,
1661 2456 1775 2528 22).
1798 2459 1866 2515 At

272 2559 407 2599 vero
424 2554 542 2614 post
561 2546 931 2602 ascensionem
954 2547 1121 2602 multo
1142 2548 1398 2617 majorem
1420 2551 1591 2603 sancti
1634 2549 1864 2617 Spiritus

271 2638 499 2709 gratiam
541 2651 892 2709 perceperunt
918 2640 972 2697 in
1001 2643 1312 2711 operatione
1341 2643 1627 2704 virtutum,
1661 2652 1715 2697 et
1743 2657 1863 2711 gra-

274 2730 345 2783 tia
372 2732 684 2797 sanitatum,
715 2744 768 2788 et
795 2734 1124 2789 diversarum
1156 2735 1495 2805 perceptione
1519 2735 1857 2804 linguarum:

271 2825 418 2891 juxta
446 2824 573 2880 illud
599 2826 739 2895 quod
765 2827 967 2883 eisdem
995 2828 1184 2885 eodem
1210 2830 1529 2898 promissum
1551 2828 1723 2884 fuerat
1749 2829 1858 2894 die,

272 2926 329 2968 ut
359 2918 736 2989 baptizarentur
766 2920 964 2992 Spiritu
993 2932 1183 2987 sancto,
1217 2932 1263 2976 et
1312 2924 1644 2978 induerentur
1680 2923 1862 2977 virtute

271 3009 407 3077 (Act.
436 3026 474 3076 ι,
508 3013 589 3077 5),
621 3026 726 3081 qua
762 3013 1104 3082 Evangelium
1140 3012 1336 3069 Christi
1377 3015 1642 3070 universis
1680 3016 1857 3084 genti—

1978 1820 2306 1891 baptizantur
2330 1837 2363 1873 a
2392 1818 2565 1872 Paula
2596 1818 2734 1891 (Act.
2761 1835 2850 1873 xix
2873 1866 2887 1884 ,
2908 1819 3001 1889 4)?

2048 1914 2205 1980 Resp.
2238 1911 2351 1966 Hoc
2390 1910 2631 1977 idcirco,
2664 1912 2787 1980 quia
2817 1926 2923 1966 non
2954 1911 3009 1965 in
3042 1912 3256 1967 nomine
3282 1912 3565 1968 Trinitatis

1974 2003 2232 2074 haptizati
2255 2012 2427 2058 erant.
2458 2003 2788 2072 Baptismum
2813 2004 2953 2058 enim
2976 2002 3196 2057 Joannis
3218 2004 3342 2059 licet
3363 2004 3416 2058 in
3438 2019 3562 2059 eum

1973 2096 2065 2165 qui
2095 2105 2355 2150 venturus
2382 2104 2464 2150 est
2487 2135 2503 2160 ,
2540 2095 2836 2165 baptizaret
2856 2137 2871 2162 ,
2896 2104 3070 2150 tamen
3106 2097 3317 2165 proprie
3343 2096 3564 2153 Joannis

1972 2185 2303 2256 Baptismum
2336 2186 2638 2242 dicebatur.
2686 2188 2837 2243 Unde
2865 2197 2919 2243 et
2948 2190 3014 2243 ab
3054 2187 3321 2244 haereticis
3344 2190 3565 2245 venien-

1972 2288 2053 2334 tes
2082 2293 2187 2333 non
2220 2278 2616 2349 rebaptizantur
2643 2295 2672 2333 a
2703 2277 2860 2334 nobis
2881 2321 2895 2345 ,
2939 2280 2984 2334 si
3018 2279 3316 2349 baptizatos
3355 2290 3565 2337 constat

1970 2370 2025 2425 in
2056 2372 2274 2426 nomine
2303 2371 2579 2427 Trinitatis
2603 2388 2615 2424 :
2640 2371 2744 2427 nisi
2762 2371 3031 2440 impositio
3062 2380 3264 2427 tantum
3289 2386 3475 2427 manus
3495 2373 3563 2429 ad

1970 2464 2129 2520 ﬁdem
2164 2474 2366 2519 rectam
2401 2465 2676 2521 conversis
2707 2464 3012 2530 adhibetur,
3047 2474 3106 2520 ut
3134 2480 3229 2535 per
3267 2466 3402 2521 hanc
3441 2480 3564 2521 san-

1969 2560 2041 2614 eti
2073 2559 2308 2629 Spiritus
2341 2560 2671 2629 suscipiatur
2705 2559 2921 2614 infusio.

2475 2667 2527 2706 IN
2568 2666 2823 2705 EPISTOLA
2863 2667 3062 2707 JACOBI.

2038 2743 2064 2796 I
2073 2753 2145 2797 nt.
2171 2743 2453 2810 Quomodo
2474 2743 2700 2799 dicitur:
2730 2744 2868 2797 Deus
2890 2745 3166 2798 intentator
3190 2746 3443 2797 malorum
3466 2754 3559 2810 est,

1965 2847 2013 2891 et
2032 2839 2139 2905 ipse
2150 2839 2398 2891 neminem
2416 2846 2571 2891 tentat
2590 2837 2729 2909 (Jac.
2751 2837 2909 2907 1,15);
2931 2852 3052 2890 cum
3070 2836 3414 2891 nihilominus
3431 2840 3563 2892 scri-

1966 2937 2112 2996 ptum
2129 2928 2226 2980 sit:
2250 2926 2429 2980 Tentat
2446 2943 2530 2981 vos
2547 2927 2796 2981 Dominus
2812 2927 2950 2981 Deus
2965 2939 3124 2983 vester
3142 2929 3317 3001 (Deut.
3341 2945 3457 2994 xm,
3473 2930 3563 3000 δη

2038 3020 2196 3088 Resp.
2246 3018 2493 3073 Tentatio
2541 3017 2746 3072 Domini
2793 3018 3038 3087 probatio
3089 3019 3407 3087 appellatur.
3454 3020 3561 3076 Ne-

270 3103 374 3156 hus
403 3104 607 3171 possint
634 3104 951 3173 praedicare.
984 3107 1040 3161 In
1075 3110 1173 3163 hac
1205 3124 1335 3178 ergo
1375 3110 1721 3178 perceptione
1752 3124 1880 3164 san-
1906 3092 1953 3156 (ἶ
1983 3126 2085 3179 que
2114 3112 2256 3165 enim
2299 3111 2389 3163 ille
2418 3122 2739 3179 quemquam
2772 3117 2943 3163 tentat
2972 3109 3025 3162 in
3060 3110 3396 3177 passionibus
3417 3152 3431 3176 ,
3463 3112 3560 3165 sed

271 3196 349 3249 cti
377 3195 608 3264 Spiritus
636 3198 931 3252 secundum
974 3201 1265 3254 Dominicaa
1312 3202 1499 3269 gratiae
1541 3200 1877 3256 distributio-

270 3301 397 3343 nem
426 3288 791 3356 apostolorum
821 3289 1215 3345 demonstratur
1243 3291 1510 3359 profectus
1538 3333 1553 3358 ,
1586 3307 1688 3346 non
1717 3307 1869 3347 com-

270 3379 622 3447 pugnantium
650 3378 936 3434 diversitas
964 3379 1386 3449 Scripturarum.
1420 3383 1485 3437 Et
1508 3384 1683 3447 aliter,
1709 3399 1876 3453 quare

272 3472 359 3526 bis
386 3473 539 3528 datus
582 3474 653 3528 sit
684 3474 913 3543 Spiritus
936 3486 1173 3538 sanctus,
1202 3477 1414 3545 egregie
1442 3477 1655 3545 quidam
1687 3477 1877 3533 doctor

272 3566 525 3634 exposuit
552 3566 735 3622 dicens
760 3566 830 3623 de
855 3582 920 3621 eo
947 3582 1103 3637 quem
1129 3568 1359 3637 primum
1388 3569 1474 3623 hic
1502 3570 1753 3627 Salvator
1777 3584 1875 3638 per

272 3658 512 3726 seipsum
540 3658 704 3728 dedit,
730 3668 784 3714 et
808 3658 878 3715 de
907 3660 1059 3715 cmlis
1086 3668 1269 3728 postea
1301 3660 1467 3724 misit,
1499 3671 1555 3714 ut
1596 3661 1867 3730 signiﬁca-

272 3759 427 3807 retur
453 3752 669 3807 dilectio
696 3753 928 3822 proximi
949 3763 1005 3809 et
1029 3753 1247 3807 dilectio
1274 3752 1391 3819 Dei,
1418 3769 1533 3822 qua:
1554 3754 1606 3807 in
1635 3755 1873 3808 cordibus

272 3853 570 3897 sanctarum
598 3860 688 3914 per
718 3843 969 3914 Spiritum
1000 3852 1233 3897 sanctum
1274 3844 1583 3912 di/funditur
1613 3844 1791 3915 (Rom.
1817 3860 1870 3913 v,

274 3932 360 4000 5),
396 3933 484 4002 qni
522 3934 673 3989 datus
714 3944 798 3990 est
842 3936 908 3989 ad
954 3935 1428 4005 evangelizandum
1476 3936 1572 3992 Dei
1622 3940 1869 3993 verbum.

277 4023 382 4078 Per
409 4025 550 4093 quod
583 4026 813 4097 apostoli
862 4042 981 4083 sese
1020 4028 1073 4083 in
1116 4027 1262 4084 orbis
1312 4039 1490 4098 partes
1539 4028 1867 4097 intulerunt,

277 4127 533 4187 quantum
583 4130 764 4175 narrat
810 4120 1075 4189 historia,
1125 4121 1550 4178 Bartholommus
1599 4124 1653 4176 in
1686 4124 1866 4189 Indos,

278 4209 512 4265 Thomas
544 4212 765 4268 tetendit
798 4213 851 4267 in
893 4214 1119 4269 Parthos
1142 4256 1156 4281 ,
1205 4215 1487 4271 Matthzeus
1534 4215 1821 4288 Ethiopes
1852 4259 1867 4285 ,

280 4302 522 4358 Andreas
571 4304 796 4374 Scythas
852 4306 1230 4375 praedicatione
1283 4308 1545 4373 mollivit,
1605 4308 1865 4363 Joannem

282 4394 460 4448 Asiam
489 4394 670 4450 divino
691 4410 940 4451 sermone
968 4398 1227 4461 correxit,
1259 4396 1449 4451 Petrus
1473 4396 1865 4466 Cappadociam

1982 3218 2011 3258 a
2040 3201 2491 3272 concupiscentiis
2521 3200 2723 3255 nostris
2763 3199 2852 3254 illa
2888 3199 3112 3254 tentatio
3150 3208 3266 3266 est,
3300 3215 3419 3256 cum
3464 3203 3562 3255 hu-

1982 3295 2166 3351 miliati
2197 3295 2496 3364 dejicimur.
2529 3293 2576 3348 Α
2604 3293 2835 3347 1)οωίηο
2862 3300 2946 3349 est
2976 3294 3200 3347 tentatio
3222 3338 3235 3360 ,
3279 3308 3400 3348 cum
3436 3308 3560 3362 pro-

1979 3387 2072 3442 bat
2109 3397 2166 3442 et
2204 3385 2590 3455 glorificamur,
2618 3393 2672 3441 et
2701 3385 2821 3441 ideo
2846 3385 3104 3441 Dominus
3130 3386 3423 3442 intentator
3450 3402 3560 3440 ma-

1979 3479 2151 3535 lorum
2182 3489 2283 3534 est.

2462 3564 2514 3604 IN
2556 3564 2810 3605 EPISTOLA
2847 3564 3077 3605 JOANNIS.

2048 3662 2158 3716 Int.
2195 3662 2463 3728 Quomodo
2493 3665 2721 3731 perfecta
2746 3661 2966 3716 charitas
2994 3666 3136 3732 foras
3160 3664 3311 3717 mittit
3335 3666 3559 3719 timorem

1975 3754 2445 3828 (lJaan.tv,18),
2485 3770 2607 3808 cum
2648 3769 2858 3807 rursum
2902 3754 3198 3808 scribitur:
3231 3756 3407 3808 Timor
3448 3757 3557 3808 Da-

1973 3850 2098 3903 mini
2120 3860 2289 3903 castus
2320 3858 2575 3918 permanet
2595 3847 2647 3899 in
2673 3846 2916 3900 stcculum
2940 3846 3114 3898 saeculi
3145 3844 3259 3913 (Ps.
3287 3862 3440 3910 xvm,
3464 3847 3560 3916 4)?

2047 3942 2203 4011 Resp.
2254 3938 2508 4010 Quisquis
2537 3939 2702 3992 Deum
2744 3938 2955 4005 diligit,
2993 3936 3178 4006 utique
3212 3936 3414 4006 absque
3452 3937 3558 3990 Deo

1973 4048 2093 4090 esse
2122 4031 2395 4087 formidat.
2428 4030 2526 4085 Hic
2553 4039 2635 4086 est
2673 4030 2832 4084 timor
2878 4029 3007 4094 Dei,
3053 4029 3145 4098 qui
3193 4038 3474 4098 permanet
3502 4030 3554 4083 in

1973 4125 2230 4180 saeculum
2259 4122 2461 4179 saeculi.
2492 4122 2657 4192 Igitur
2684 4121 2843 4175 timor
2870 4120 2955 4175 hic
2983 4120 3050 4174 de
3078 4120 3315 4188 perfecta
3342 4120 3553 4174 Domini

1971 4216 2233 4271 charitate
2260 4215 2543 4271 descendit
2570 4230 2585 4277 ;
2618 4222 2672 4268 at
2697 4228 2827 4267 vero
2854 4214 2992 4266 alius
3019 4212 3180 4266 timor
3209 4212 3297 4266 ille
3326 4211 3392 4266 de
3424 4220 3557 4265 tem-

1972 4307 2199 4377 porariis
2237 4307 2401 4361 rebus
2442 4305 2722 4360 nascitur:
2756 4319 2985 4373 quarum
3027 4317 3169 4372 saepe
3211 4304 3554 4359 amissionem

1972 4412 2241 4452 veremur.
2272 4396 2423 4453 Hunc
2444 4397 2696 4450 timorem
2726 4394 2868 4448 foras
2893 4393 3056 4448 mittit
3081 4392 3273 4448 divina:
3300 4394 3557 4463 perfectio

283 4495 441 4556 atque
464 4486 748 4554 Galatiam,
779 4487 1077 4557 Bithyniam
1110 4489 1310 4555 pariter
1339 4500 1394 4543 et
1428 4489 1658 4546 Pontum
1684 4532 1698 4555 ,
1744 4506 1869 4560 pro-
1895 4468 1951 4529 Ῑ)
1977 4486 2274 4541 charitatis.

282 4580 589 4649 vinciasque
616 4580 877 4645 contines,
909 4580 1034 4632 dum
1065 4579 1264 4634 Jodaeis
1290 4580 1549 4649 praedicat
1575 4623 1588 4647 ,
1639 4582 1831 4636 circuit
1857 4600 1868 4634 :

282 4678 554 4738 postremo
594 4669 821 4723 Romam
868 4669 1230 4723 illustraturus
1276 4670 1529 4725 accessit.
1582 4669 1778 4725 Paulus
1808 4673 1870 4724 ab

283 4763 605 4818 Hierusalem
631 4779 785 4832 usque
812 4761 1081 4832 Illyricum
1110 4778 1225 4815 cum
1261 4762 1543 4833 Evangelia
1583 4765 1872 4835 replevisset

283 4854 461 4926 (Rom.
498 4869 587 4918 xv,
628 4852 740 4921 19),
784 4862 889 4907 tam
920 4854 1227 4909 innumeras
1257 4872 1320 4911 ac
1352 4856 1597 4925 dispares
1624 4857 1867 4913 nationes

284 4943 568 5014 princeptis
596 4953 863 5012 tamquam
894 4944 1058 4998 armis
1091 4946 1260 5001 victor
1287 4947 1545 5002 edomuit.

356 5032 462 5087 Int.
492 5032 622 5088 Cum
652 5035 703 5087 in
734 5034 952 5089 Actibus
974 5037 1336 5105 apostolorum
1359 5037 1590 5107 primum
1620 5040 1829 5111 legatur
1855 5058 1864 5091 :

292 5126 404 5182 Viri
429 5134 598 5181 autem
616 5127 701 5195 qui
722 5126 1095 5181 comitabantur
1117 5143 1231 5181 cum
1248 5146 1330 5196 eo,
1355 5131 1457 5184 hac
1478 5139 1560 5184 est
1584 5146 1704 5186 cum
1726 5132 1870 5201 Apo-

285 5219 446 5283 stolo,
470 5220 668 5272 stabant
687 5227 966 5288 stupentes,
990 5222 1253 5275 audientes
1272 5222 1476 5292 quidem
1497 5238 1690 5288 vacem,
1711 5223 1870 5276 uerni-

288 5326 400 5363 nem
420 5319 591 5365 autem
609 5311 833 5365 videntes
854 5311 991 5381 (Act.
1018 5328 1097 5380 ix,
1123 5311 1200 5381 7),
1222 5315 1491 5383 quomodo
1515 5324 1700 5384 postea
1728 5317 1868 5383 Apo-

289 5401 453 5477 stolus
482 5401 648 5456 dicit:
678 5402 747 5455 Et
775 5403 861 5472 qui
888 5418 1085 5457 meeum
1115 5415 1285 5471 erant,
1313 5406 1480 5460 lumen
1504 5408 1709 5476 quidem
1732 5408 1869 5459 video

288 5500 429 5559 runt,
458 5507 626 5545 vocem
663 5503 833 5547 autem
870 5510 972 5548 non
1000 5496 1273 5551 audierunt
1301 5503 1415 5569 ejus
1442 5499 1531 5569 qui
1568 5498 1869 5572 loquebatur

290 5597 485 5635 mecum
512 5581 647 5650 (Act.
682 5598 812 5648 xx-n,
840 5583 897 5652 9)
914 5583 937 5637 ἲ

360 5672 519 5744 Resp.
561 5673 819 5742 Superius
861 5676 953 5730 ubi
1001 5678 1215 5736 audisse
1250 5694 1436 5737 vocem
1494 5680 1801 5743 referuntur
1837 5698 1873 5747 a

567 5768 842 5832 Panos.
884 5766 961 5853 ιι,

2050 4576 2156 4630 Int.
2184 4574 2320 4630 Item
2346 4573 2401 4628 in
2428 4573 2666 4643 Epistola
2693 4578 2788 4627 Sua
2815 4573 3051 4628 Joannes
3077 4573 3227 4644 ponit
3254 4592 3265 4627 :
3292 4574 3418 4628 Tria
3441 4588 3557 4631 sunt

1976 4683 2090 4736 qua:
2122 4668 2459 4720 testimonium
2485 4666 2782 4737 perhibent,
2810 4681 2945 4735 aqua
2967 4706 2981 4729 ,
3007 4666 3217 4735 sanguis
3238 4710 3252 4735 ,
3280 4677 3325 4721 et
3346 4669 3557 4739 spiritus

1975 4758 2159 4828 (Joan.
2182 4775 2238 4825 v,
2266 4758 2321 4827 8)
2349 4776 2361 4810 :
2393 4756 2519 4828 quid
2549 4757 2601 4811 in
2634 4758 2735 4811 hoc
2764 4757 3074 4812 indicatur?

2050 4848 2207 4919 Resp.
2248 4850 2438 4906 Simile
2476 4849 2599 4904 huic
2640 4850 2757 4903 loco
2794 4850 2957 4904 etiam
3000 4850 3127 4904 illud
3159 4850 3291 4905 mihi
3325 4852 3555 4919 videtur,

1970 4941 2113 5012 quod
2136 4941 2249 5011 ipse
2266 4940 2320 4995 in
2343 4940 2634 5010 Evangelia
2656 4955 2751 4994 suo
2772 4941 2838 4995 de
2857 4941 3101 5009 passione
3112 4941 3306 4996 Christi
3327 4943 3557 5012 loquitur

1972 5031 2160 5087 dicens
2195 5049 2207 5083 :
2252 5029 2400 5086 Unus
2437 5030 2658 5083 militum
2696 5030 2874 5085 lancea
2913 5031 3045 5085 latus
3083 5033 3190 5099 ejus
3230 5034 3466 5101 aperuit,
3508 5046 3555 5087 et

1970 5126 2212 5180 continuo
2240 5123 2389 5177 exivit
2418 5125 2625 5195 sanguis
2665 5133 2712 5177 et
2752 5140 2926 5193 aqua;
2958 5134 3005 5178 et
3032 5125 3121 5194 qui
3144 5126 3302 5188 vidit,
3327 5128 3554 5180 testimo-

1973 5219 2114 5271 nium
2153 5215 2405 5288 perhibuit
2443 5214 2643 5286 (Joan.
2669 5230 2788 5277 xix,
2817 5213 2948 5283 54).
2995 5215 3051 5269 1η
3093 5216 3281 5271 eodem
3329 5218 3443 5286 ipse
3488 5218 3556 5272 de

1972 5311 2105 5366 Jesu
2132 5324 2292 5379 supra
2323 5308 2570 5364 dixerat:
2602 5306 2862 5361 Inclinato
2890 5310 3055 5378 capite
3081 5310 3295 5363 tradidit
3318 5310 3553 5382 spiritum

1972 5402 2154 5475 (Joan.
2181 5419 2269 5457 xix
2291 5443 2308 5469 ,
2337 5403 2453 5471 50).
2486 5399 2711 5469 Quidam
2740 5416 2869 5472 ergo
2896 5417 2963 5457 ex
2995 5401 3095 5456 hoc
3121 5401 3195 5456 ita
3239 5402 3514 5470 disputant
3539 5421 3551 5455 :

1972 5496 2123 5564 Aqua
2171 5493 2492 5561 baptismum
2531 5533 2545 5557 ,
2604 5492 2821 5561 sanguis
2866 5492 3075 5546 videtur
3132 5493 3365 5548 indicare
3413 5508 3555 5546 mar-

1973 5587 2169 5657 tyrium
2196 5629 2209 5649 ,
2251 5584 2485 5652 Spiritus
2530 5599 2654 5639 vero
2696 5584 2811 5653 ipse
2856 5593 2939 5639 est
2977 5585 3065 5654 qui
3106 5599 3203 5654 per
3239 5584 3553 5653 martyrium

1975 5676 2166 5738 transit
2194 5675 2264 5737 ad
2288 5675 2596 5738 Dominum.
2639 5674 2833 5734 Plures
2859 5684 3040 5732 tamen
3068 5676 3157 5733 hic
3188 5677 3358 5748 ipsam
3387 5675 3559 5732 inters
