4042 6188
550 178 654 236 811

1542 174 1602 231 S.
1644 172 1975 231 EUCHERII
2014 172 2496 235 LUGDUNENSIS
2532 177 2839 239 EPISCOPI

3732 184 3845 246 διε

518 289 854 360 ,pretatione
882 284 1108 358 mystica
1140 282 1447 353 intelligunt
1484 281 1803 341 Trinitatem
1827 326 1843 351 ,
1885 298 1954 341 eo
1991 284 2140 355 quod
2166 288 2220 349 Α
2245 301 2317 341 xu
2340 329 2355 354 ,
2380 283 2497 357 52).
2527 286 2874 359 Blasphemat
2893 290 3034 346 enim
3062 291 3152 362 qui
3175 289 3373 347 divinis
3394 292 3698 363 promissis,
3721 296 3841 371 Spi-

520 374 784 453 ‘perfecta
826 380 940 448 ipsa
986 377 1267 448 perhibeat
1309 375 1678 432 testimonium
1719 376 1935 432 Christo
1964 393 1977 430 :
2006 392 2144 446 aqua

546 472 762 527 Patrem
796 470 1040 524 indicans
1063 511 1078 536 ,
1106 469 1234 540 quia
1264 468 1379 539 ipse
1412 469 1481 524 de
1507 483 1566 525 se
1607 469 1776 524 dicit:
1824 466 1910 522 Me
1948 467 2141 522 dereli-

546 572 765 636 querunt
810 564 1001 633 fontem
1048 578 1197 633 aqua:
1240 564 1365 617 vivte
1410 558 1562 635 (Jer.
1588 576 1661 629 ιι,
1690 561 1837 631 13);
1885 562 2145 632 sanguine

545 657 820 712 Christum
837 656 1237 720 demonstrans,
1257 656 1441 725 utique
1457 670 1554 724 per
1572 654 1836 725 passionis
1858 670 2139 722 cruorem;

541 751 737 821 spiritu
765 765 897 806 vero
920 759 1168 806 sanctum
1196 749 1456 819 Spiritum
1487 750 1861 804 manifestans.
1892 750 2017 805 Haec
2042 765 2142 805 au-

540 850 653 897 tem
688 843 786 897 tria
815 842 883 897 de
905 840 1124 898 Christo
1154 842 1521 897 testimonium
1553 843 1623 897 ita
1658 844 1979 912 perhibent,
2026 846 2142 914 ipso

539 932 599 989 in
651 934 944 1003 Evangelio
996 935 1296 1004 loquente:
1348 933 1460 1005 Ego
1504 951 1615 987 sum
1662 936 1751 999 qui
1791 936 2140 990 testimonium

538 1023 782 1095 perhibeo
810 1025 874 1077 de
900 1024 1127 1092 meipso;
1156 1033 1201 1077 et
1231 1024 1573 1078 testimonium
1599 1025 1829 1096 perhibet
1859 1027 1922 1080 de
1948 1044 2026 1081 me
2052 1029 2138 1097 qui

536 1117 680 1169 misit
704 1133 783 1170 me
813 1115 971 1169 Pater
998 1114 1188 1187 (Joan.
1217 1131 1310 1171 vnl
1332 1158 1345 1181 ,
1374 1116 1485 1185 i8).
1537 1118 1601 1169 Et
1644 1117 1772 1171 item
1802 1134 1817 1169 :
1865 1117 1994 1171 Cum
2039 1136 2136 1173 auo

538 1216 639 1263 rem
668 1210 855 1263 venerit
898 1206 1238 1274 Paracletus,
1270 1224 1420 1276 quem
1460 1224 1551 1276 ego
1594 1209 1790 1261 mittam
1831 1209 1969 1263 vobis
2012 1210 2137 1279 Spi-

538 1303 695 1357 ritum
726 1303 981 1369 veritatis,
1008 1302 1094 1371 qui
1122 1320 1153 1353 α
1185 1300 1346 1355 Patre
1376 1302 1635 1369 procedit,
1670 1302 1758 1355 ille
1787 1303 2135 1356 testimonium

534 1395 816 1463 perhibebt‘t
838 1394 900 1446 de
920 1409 1000 1447 me
1026 1391 1313 1464 (Joan.xv,
1334 1392 1444 1464 16).
1471 1392 1727 1447 Perhibet
1746 1409 1873 1463 ergo
1894 1395 2133 1449 testimo-

532 1486 682 1539 nium
717 1487 907 1551 Pater,
938 1501 1059 1540 cum
1088 1486 1222 1541 dicit
1249 1503 1264 1542 :
1297 1484 1403 1541 Hic
1432 1495 1504 1540 est
1536 1484 1709 1540 Filius
1735 1503 1876 1539 meus
1918 1484 2131 1541 dilectus

534 1578 770 1649 (Matth.
818 1594 909 1645 ιιι,
954 1581 1101 1650 i7);
1134 1578 1339 1647 Filius,
1371 1596 1497 1636 cum
1526 1580 1699 1635 dicit:
1736 1581 1845 1650 Ego
1876 1590 1925 1633 et
1973 1580 2130 1634 Pater

2249 378 2481 448 rituique
2510 388 2696 435 sancto
2725 380 2945 436 minime
2973 381 3232 449 credens,
3259 384 3312 438 in
3343 399 3450 454 quo
3479 395 3563 443 est
3588 390 3841 448 remissio

2250 480 2594 540 peccatorum
2613 513 2628 537 ,
2662 473 2997 528 reconciliari
3046 474 3158 530 Deo
3189 474 3243 530 in
3272 475 3372 531 hac
3404 475 3511 531 vita
3561 494 3657 549 per
3685 484 3843 541 satis.

2250 562 2498 619 factionis
2527 579 2695 634 opera
2725 565 3008 622 detrectat.

2319 655 2428 709 lnt.
2464 655 2603 724 Quid
2634 655 2905 728 signiﬁcat
2931 657 3070 726 quod
3102 659 3153 713 in
3179 660 3371 714 eodem
3401 660 3667 733 legimus,
3694 681 3841 721 mun-

2246 745 2370 800 dum
2397 748 2454 801 in
2484 748 2765 819 malignum
2794 766 2901 804 esse
2925 752 3149 821 positum
3181 748 3410 820 (lJoan.
3440 768 3493 818 ν,
3528 752 3616 825 19)
3643 755 3665 808 ?

2318 840 2478 910 Resp.
2511 839 2625 893 Non
2671 839 2813 910 quod
2860 855 2889 894 a
2944 840 3055 895 Deo
3107 841 3336 896 mundus
3386 843 3439 897 in
3489 844 3723 915 maligno
3773 850 3839 902 sit

2245 933 2475 1005 positus,
2495 934 2589 987 sed
2608 934 2749 1003 quod
2780 934 2907 987 vitia
2935 934 3212 989 hominum
3241 936 3295 990 in
3323 938 3523 992 mundo
3544 940 3836 996 viventium

2243 1028 2352 1082 sint
2391 1027 2644 1098 maligna.
2688 1026 2802 1082 Hoc
2848 1028 3008 1083 modo
3053 1030 3217 1083 etiam
3270 1030 3400 1085 illud
3448 1034 3645 1101 patebit
3690 1036 3836 1105 quod

2243 1117 2499 1189 scriptum
2531 1130 2613 1174 est
2641 1135 2656 1174 :
2689 1119 2827 1187 Quia
2856 1118 2964 1174 dies
2996 1122 3120 1175 mali
3150 1129 3267 1176 sunt
3299 1120 3461 1198 (Eph.
3488 1139 3544 1193 v,
3574 1125 3691 1196 i6).

2826 1268 2879 1308 ιιι
2907 1268 3247 1311 Ανοειιῐνθι.

2310 1384 2420 1438 lnt.
2450 1383 2549 1452 Qui
2582 1396 2703 1440 sunt
2734 1385 2809 1439 illi
2840 1396 3027 1458 septem
3057 1390 3269 1460 spiritus
3300 1390 3433 1459 Dei,
3465 1391 3558 1462 qui
3603 1394 3657 1448 in
3699 1395 3830 1466 Apo-

2238 1478 2439 1547 calypsi
2468 1478 2556 1550 (I,
2588 1479 2659 1548 4)
2689 1482 3223 1535 commemorantur?

2312 1569 2468 1639 Resp.
2501 1570 2564 1623 lii
2596 1578 2721 1624 sunt
2760 1585 2893 1639 quos
2932 1580 2985 1625 et
3015 1570 3277 1641 propheta
3310 1571 3479 1627 lsaias
3506 1587 3783 1631 enumerat
3813 1596 3825 1631 :

532 1687 696 1723 unum
745 1688 920 1724 sumus
968 1670 1148 1743 (Joan,
1175 1689 1239 1742 χ,
1273 1672 1365 1742 50)
1397 1690 1410 1736 ;
1442 1672 1675 1742 Spiritus
1716 1684 1932 1727 sanctus
1959 1713 1973 1737 ,
2007 1688 2125 1727 cum
2160 1677 2207 1737 B
2238 1664 2467 1735 Spiritus
2511 1666 2776 1736 sapientia:
2820 1672 2871 1719 et
2916 1665 3205 1720 intellectus
3229 1710 3242 1733 ,
3295 1669 3509 1734 spiritus
3547 1668 3748 1723 consilii
3785 1680 3827 1724 et

530 1763 600 1819 de
627 1779 691 1817 eo
726 1764 923 1817 dicitur
956 1782 969 1817 :
1012 1764 1083 1818 Et
1122 1766 1246 1819 vidit
1294 1764 1552 1838 Spiritum
1606 1764 1702 1818 Dei
1744 1766 2131 1819 descendentem

528 1856 660 1910 sicut
688 1856 975 1910 columbam
1004 1858 1280 1911 venientem
1312 1874 1468 1926 super
1494 1875 1545 1911 se
1576 1856 1793 1927 (Matth.
1821 1874 1909 1922 ιιι,
1946 1858 2068 1928 16)..

504 2008 507 2015 λ
602 1946 712 2001 Int.
743 1948 880 2015 Quid
913 1960 991 2002 es:
1023 1950 1167 2017 quod
1201 1964 1415 2003 rursum
1449 1952 1496 2003 in
1528 1950 1765 2019 Epistula
1797 1964 1891 2003 sua
1924 1948 2133 2019 profert

529 2055 648 2096 esse
682 2057 777 2111 pro
808 2059 913 2110 quo
965 2057 1070 2097 non
1118 2042 1310 2096 debeat
1358 2044 1499 2096 orari
1548 2051 1812 2113 peccatum
1855 2058 2014 2113 usque
2061 2042 2129 2094 ad

527 2145 741 2188 mortem
777 2133 819 2203 (Ι
846 2132 1004 2187 Joan.
1037 2150 1087 2201 v,
1124 2135 1250 2203 16)?

597 2230 753 2299 Rt’sp.
790 2230 981 2299 Utique
1011 2244 1185 2298 usque
1212 2229 1279 2283 ad
1312 2238 1538 2282 mortem
1574 2234 1760 2295 peccat
1802 2226 1892 2281 ille
1938 2242 2127 2296 pecca-

526 2333 632 2389 tor,
662 2324 751 2393 qui
796 2325 847 2376 in
892 2324 1049 2392 hujus
1092 2323 1436 2391 temporariae
1480 2321 1605 2376 vita:
1646 2335 1808 2375 cursu
1852 2322 2126 2391 pteniten-

526 2418 654 2471 tiam
695 2432 798 2470 non
841 2418 967 2486 agit.
1009 2416 1119 2472 ilac
1162 2420 1373 2469 ratione
1403 2414 1532 2469 illud
1561 2429 1779 2484 quoque
1810 2424 2020 2483 oportet
2048 2415 2129 2469 in-

526 2508 726 2577 telligi:
758 2511 859 2574 Qui
882 2518 1049 2562 autem
1072 2508 1495 2579 blasphemaverit
1519 2508 1571 2560 in
1593 2516 1829 2561 sanctum
1849 2506 2127 2577 Spiritum,

524 2617 629 2657 non
655 2602 937 2655 remittetur
963 2602 1039 2665 ei,
1071 2616 1228 2666 neque
1259 2600 1342 2653 hic
1368 2616 1529 2669 neque
1558 2600 1611 2652 in
1645 2602 1878 2669 futurum
1908 2597 2123 2663 (Matth.

2242 1755 2445 1823 pietatis
2468 1797 2481 1819 ,
2515 1756 2725 1826 spiritus
2751 1756 2978 1809 scientia:
3004 1767 3051 1809 et
3081 1757 3303 1810 veritatis
3325 1799 3339 1823 ,
3390 1760 3601 1831 spiritus
3641 1762 3828 1815 timoris

2239 1848 2338 1903 Dei
2366 1848 2518 1920 (lsai.
2544 1863 2627 1911 ιι,
2660 1850 2738 1919 2).
2771 1848 3064 1918 Ιιιῖίιιιίὺιιε
3108 1859 3289 1904 tamen
3333 1853 3626 1921 spiritualia
3670 1868 3825 1923 opera

2238 1942 2630 2011 significantur.
2667 1941 2853 1993 Omnia
2881 1952 3049 1995 autem
3097 1944 3187 1996 illa
3228 1954 3466 2014 Operatur
3506 1962 3637 1998 unus
3677 1956 3829 2014 atque

2236 2035 2372 2088 idem
2402 2034 2615 2102 spiritus
2644 2032 2688 2104 (l
2716 2031 2837 2087 Cor.
2862 2048 2937 2086 xu
2958 2074 2973 2099 ,
3001 2033 3111 2103 Η).

2307 2128 2375 2182 Et
2405 2128 2618 2198 quidem
2653 2127 2766 2182 haec
2796 2129 2865 2182 de
2894 2127 3241 2197 opinionibus
3283 2127 3714 2181 doctissimorum
3748 2128 3828 2183 vi-

2231 2236 2417 2277 rorum
2446 2222 2679 2291 exigenti
2711 2219 2804 2273 tibi
2837 2236 2865 2273 a
2898 2236 2983 2274 me
3010 2221 3215 2288 prolata
3244 2230 3383 2275 sunt.
3415 2220 3469 2275 Si
3498 2222 3615 2288 quis
3643 2230 3827 2275 tamen

2232 2315 2287 2370 in
2321 2314 2696 2384 praedictarum
2726 2314 3082 2383 quaestionum
3109 2314 3560 2381 disputationibus
3584 2314 3827 2371 attulerit

2231 2422 2351 2479 quae
2412 2406 2582 2475 magis
2641 2406 2953 2473 probentur,
3018 2407 3424 2475 reprehendens
3474 2411 3824 2478 pertinaciam

2232 2514 2352 2570 quae
2379 2498 2433 2551 in
2468 2499 2739 2566 plerisque
2768 2513 2889 2553 esse
2919 2498 3090 2565 solet,
3136 2515 3240 2554 non
3282 2501 3459 2555 abnuo
3483 2516 3569 2558 me
3614 2512 3823 2559 secutu-

2232 2608 2351 2649 rum
2383 2606 2505 2647 esse
2534 2593 2775 2645 meliora.

550 2724 3796 2753 Μ

1454 2832 1933 2939 LIBER
2012 2825 2886 2939 SECUNDUS.

870 3083 1240 3141 PREFATIO
1277 3082 1373 3139 AD
1410 3083 1781 3140 SALONIUM.

595 3179 857 3247 Quoniam
878 3222 892 3245 ,
925 3179 998 3233 ﬁli
1029 3178 1351 3235 charissime
1372 3218 1388 3245 ,
1419 3178 1701 3247 superiore
1743 3177 1883 3232 libro
1923 3191 2119 3247 propo-

525 3273 811 3329 sitionibus
841 3272 946 3326 tuis
990 3287 1047 3326 se
1086 3272 1278 3327 retulit
1320 3272 1513 3327 crebra
1562 3270 1877 3339 responsio,
1928 3281 1985 3326 et
2025 3286 2120 3326 ve-

521 3380 670 3431 reor,
704 3382 771 3422 ne
800 3366 1029 3419 assiduze
1064 3366 1516 3435 interrogationes
1539 3409 1555 3433 ,
1588 3374 1645 3420 ut
1675 3366 1737 3420 ﬁt
1762 3366 2115 3436 plerumque,

520 3456 722 3527 legenti
764 3468 1027 3527 generem
1074 3472 1140 3511 ex
1186 3457 1437 3512 satietate
1476 3457 1747 3513 fastidium
1779 3476 1794 3524 ;
1825 3474 1948 3515 meo
1977 3473 2118 3515 nunc

518 3552 744 3606 nomine
769 3564 831 3603 ea
862 3564 981 3617 qua:
1006 3549 1405 3617 spoponderam.
1422 3564 1556 3619 opus
1576 3552 1879 3606 variaturus
1899 3593 1914 3617 ,
1951 3551 2116 3605 adne-

521 3649 663 3698 ctam
694 3661 707 3695 :
741 3641 967 3710 singula“:
992 3648 1253 3711 quasque,
1296 3649 1355 3695 ut
1391 3642 1585 3705 ordine
1626 3643 1745 3713 ipso
1792 3645 1964 3714 magis
2002 3644 2115 3698 cla-

520 3745 710 3800 reant,
743 3749 838 3803 per
864 3734 1073 3805 species
1103 3748 1229 3788 suas
1259 3733 1531 3801 dividens,
1558 3750 1623 3790 ac
1653 3735 1820 3789 titulis
1849 3739 1962 3791 suis
1992 3735 2118 3789 sub-

520 3829 677 3885 dens.
726 3828 796 3882 Et
842 3828 1015 3898 primo
1072 3827 1280 3882 veniam
1329 3826 1396 3881 ad
1440 3826 1791 3882 Hebraeorum
1838 3827 2118 3880 nominum

520 3919 1019 3989 interpretationem
1044 3960 1059 3984 ,
1109 3934 1139 3973 e
1180 3919 1377 3989 quibus
1416 3929 1564 3974 certa
1608 3932 1841 3989 quaeque
1880 3929 1935 3973 et
1976 3919 2118 3973 cele-

521 4011 705 4068 briora
733 4010 1018 4067 brevitatis
1047 4025 1210 4064 causa
1241 4024 1456 4078 ponam.

1048 4100 1275 4154 CAPUT
1306 4098 1593 4156 PRIMUM.

797 4190 1131 4245 Hebrazorum
1162 4191 1429 4244 nominum
1459 4190 1832 4260 interpretatio.

593 4283 840 4352 Adonai,
899 4281 953 4336 in
1004 4281 1253 4337 Latinum
1302 4293 1458 4338 sonat
1511 4282 1791 4345 Dominus.
1842 4280 2110 4350 Sabaoth,

522 4377 859 4445 exercituum
905 4375 1018 4430 sive
1055 4374 1353 4440 virtutum;
1396 4383 1524 4443 aut,
1573 4384 1629 4429 ut
1672 4372 1836 4445 aliqui
1885 4374 2109 4437 volunt,
2160 4408 2164 4411 -

2154 3086 2199 3150 ε
2232 3083 2433 3139 celsus.
2465 3082 2738 3138 Abraham
2764 3124 2778 3147 ,
2824 3091 2976 3150 pater
3005 3082 3195 3141 videns
3238 3084 3529 3153 populum,
3560 3086 3645 3141 vel
3678 3098 3823 3157 pater

2223 3175 2552 3239 multarum,
2600 3174 2807 3229 scilicet
2839 3173 3101 3243 gentium.
3150 3173 3334 3242 Sarni,
3386 3176 3639 3247 princeps
3684 3194 3817 3235 mea.

2222 3265 2354 3321 Sara
2384 3266 2651 3335 princeps.
2684 3264 2985 3318 Notandum
3016 3266 3159 3335 quod
3194 3266 3437 3334 utrisque
3478 3271 3818 3335 nominibus,

2220 3360 2425 3415 scilicm
2456 3359 2686 3415 Abrahae
2714 3367 2769 3413 et
2806 3357 2957 3414 Sarae
2986 3369 3193 3414 tantum
3224 3378 3256 3412 a
3286 3362 3518 3417 litteram
3561 3363 3822 3419 Dominus

2220 3450 2522 3516 addiderit,
2551 3465 2671 3521 qum
2704 3459 2883 3505 tamen
2915 3451 3057 3519 apud
3089 3452 3345 3509 Hebraeos
3392 3470 3488 3523 per
3529 3473 3557 3509 ε
3600 3457 3816 3526 legitur.

2219 3546 2383 3615 Agar,
2435 3544 2671 3610 advena,
2716 3544 2800 3598 vel
2842 3559 3129 3601 conversa.
3180 3545 3410 3611 lsmael,
3453 3547 3659 3605 auditio
3700 3549 3816 3605 Dei.

2220 3634 2393 3700 Isaac,
2443 3637 2620 3701 risus;
2675 3650 2781 3690 non
2827 3645 3008 3699 tamen
3035 3678 3049 3702 ,
3094 3646 3154 3699 ut
3197 3637 3413 3707 quidam
3445 3648 3670 3707 putant,
3703 3642 3818 3696 ideo

2221 3727 2301 3785 sic
2326 3728 2663 3798 appellatus,
2697 3730 2820 3798 quia
2867 3728 2999 3784 Sara
3046 3730 3277 3799 riserit,
3311 3731 3405 3789 sed
3454 3731 3597 3799 quod
3644 3734 3816 3786 Abra-

2220 3820 2368 3888 ham,
2412 3822 2502 3891 qui
2549 3832 2673 3878 tunc
2716 3822 2903 3891 utique
2944 3822 3089 3891 prior
3122 3822 3309 3887 risisse
3347 3821 3636 3883 indicatur.
3678 3823 3817 3881 Reb-

2219 3912 2405 3977 becca,
2442 3913 2721 3980 patientia,
2751 3913 2864 3967 sive
2893 3927 3014 3982 quae
3044 3913 3268 3969 multum
3303 3916 3590 3983 acceperit.
3622 3916 3812 3980 Jacob,

2221 4004 2620 4072 supplantator.
2652 4003 2814 4058 Israel
2841 4046 2855 4068 ,
2889 4006 2969 4058 vir
3000 4005 3190 4059 videns
3240 4005 3440 4069 Deum,
3486 4005 3583 4061 sed
3624 4008 3816 4062 melius

2220 4097 2467 4165 princeps
2495 4110 2618 4149 cum
2649 4095 2780 4149 Deo.
2811 4096 2907 4155 Lia
2927 4139 2941 4161 ,
2975 4096 3263 4151 laboriosa.
3291 4096 3524 4162 Rachel,
3556 4099 3705 4165 ovis,
3734 4102 3817 4155 vel

2220 4188 2407 4242 videns
2438 4188 2629 4242 Deum.
2661 4188 2883 4253 Ruben,
2917 4190 3106 4243 videns
3154 4189 3322 4255 ﬁlios,
3371 4191 3484 4244 sive
3529 4191 3720 4246 videns
3762 4193 3814 4245 in

2218 4278 2416 4333 medio.
2450 4281 2667 4333 Simenu
2689 4280 2963 4343 ,autliens
2996 4280 3263 4334 tristitins.
3300 4280 3461 4344 Levi,
3494 4282 3811 4350 oppositus,

2185 4370 2333 4426 Tsive
2362 4372 2595 4426 additus.
2640 4371 2809 4438 Juda,
2855 4374 3150 4437 confitens,
3192 4375 3305 4427 sive
3350 4374 3684 4440 gloriﬁcans.
3717 4374 3813 4429 Za-

522 4472 867 4538 omnipotens
919 4468 1074 4523 Jesus
1097 4507 1112 4534 ,
1170 4466 1437 4523 Salvator.
1495 4468 1803 4524 Nazarenus
1823 4509 1838 4535 ,
1891 4478 2108 4522 sanctus
2139 4479 2191 4538 ι)
2216 4463 2409 4530 bulon,
2441 4465 2804 4519 habitaculum
2831 4465 3271 4534 pulchritudinis.
3300 4465 3535 4530 lsachar,
3564 4478 3645 4522 est
3674 4482 3815 4523 mer-

519 4562 635 4617 sive
684 4561 935 4616 mundus.
985 4560 1249 4629 Messias,
1300 4572 1527 4626 uncms,
1580 4561 1630 4616 id
1677 4573 1794 4626 est,
1838 4560 2107 4615 Christus.

521 4654 789 4720 Michael,
830 4655 955 4725 quis
1002 4652 1144 4710 sicut
1190 4653 1355 4709 Deus.
1397 4653 1651 4720 Gabriel,
1694 4653 1949 4708 fortitudo
1989 4652 2105 4707 Dei.

522 4745 800 4814 Raphael,
852 4745 1118 4802 medicina
1165 4745 1279 4800 Dei.
1325 4746 1495 4801 Adam
1522 4788 1535 4809 ,
1568 4746 1757 4810 homo,
1801 4745 1914 4800 sive
1953 4745 2113 4799 terri—

519 4853 677 4906 gena.
716 4839 859 4902 Eva,
890 4838 1037 4907 vita,
1082 4838 1199 4892 sive
1241 4837 1537 4893 calamitas.
1586 4836 1749 4891 Miror
1789 4837 1931 4892 unde
1972 4835 2109 4906 apud

523 4931 778 4987 tiebrteos
827 4930 1203 5001 interpretatio
1253 4930 1409 4999 hujus
1460 4929 1691 4984 nominis
1742 4940 1847 4985 tam
1895 4928 2111 4983 diversa

519 5021 587 5077 sit
618 5039 631 5073 :
666 5022 767 5077 nisi
800 5022 941 5077 forte
971 5022 1124 5088 ideo,
1158 5022 1300 5092 quod
1333 5022 1522 5075 eadem
1555 5030 1608 5075 et
1651 5019 1862 5077 edendo
1906 5018 2111 5074 homini

521 5115 679 5169 vitam
713 5116 989 5179 attulerit,
1024 5124 1078 5170 et
1109 5112 1969 5183 transgrediendocalamitatem.
2000 5114 2108 5167 Aut

517 5209 661 5279 quod
690 5210 885 5265 mulier
914 5210 1033 5264 aliis
1062 5209 1333 5264 interdum
1368 5208 1472 5261 vita
1496 5249 1509 5271 ,
1543 5206 1665 5262 aliis
1695 5216 1777 5261 est
1806 5204 2105 5260 calamitas.

517 5300 649 5358 Abel
669 5343 683 5366 ,
716 5302 894 5355 luctus
914 5340 931 5367 ,
963 5300 1046 5354 vel
1075 5298 1421 5355 miserabilis.
1462 5298 1623 5364 Cain,
1673 5297 1945 5368 possessio
1965 5341 1978 5365 ,
2022 5296 2109 5351 vel

515 5395 845 5450 lamentatio.
884 5392 1105 5459 Enoch,
1137 5393 1423 5449 dedicatio.
1458 5392 1808 5449 Mathusalem
1826 5434 1855 5461 ,,
1875 5399 2104 5447 mortem

514 5500 664 5540 suam
692 5485 855 5539 misit.
902 5482 1017 5538 Noe
1036 5528 1052 5553 ,
1098 5486 1335 5554 requies.
1362 5483 1489 5540 Sem
1510 5526 1526 5552 ,
1556 5485 1881 5541 nominatus.
1910 5484 2102 5554 Cham,

513 5575 760 5631 callidus.
793 5574 1066 5642 Japheth,
1113 5576 1362 5629 latitudo.
1406 5575 1583 5643 Loth,
1626 5577 1941 5643 declinans,
1989 5576 2104 5631 sive

516 5674 723 5731 unctus.
751 5665 1144 5722 Melchisedech
1165 5709 1180 5734 ,
1216 5684 1310 5723 rex
1333 5668 1532 5737 justus.
1566 5670 1764 5726 Abram
1784 5712 1802 5742 ,
1832 5677 1984 5742 pater
2008 5684 2105 5727 ex-

2215 4571 2326 4613 ces.
2355 4557 2489 4623 Dan,
2512 4557 2792 4626 judicium,
2817 4568 2906 4611 aut
2924 4557 3193 4627 judicans.
3219 4558 3357 4627 Gad,
3386 4561 3632 4615 tentatio.
3653 4562 3811 4626 Aser,

2218 4650 2466 4716 latitudo,
2500 4653 2615 4708 sive
2649 4653 2854 4707 beatus.
2879 4651 3208 4719 Nephtalim,
3235 4663 3637 4711 conversantes.
3676 4654 3812 4709 Ben-

2213 4742 2414 4812 jamin,
2454 4743 2597 4798 ﬁlius
2621 4745 2880 4799 (testem.
2918 4742 3203 4811 Ephraim,
3244 4743 3485 4814 frugifer,
3515 4745 3629 4801 sive
3656 4748 3811 4803 uber-

2217 4845 2332 4903 tas,
2367 4838 2452 4893 vel
2480 4852 2669 4893 auctus
2699 4838 2911 4897 Latine.
2944 4840 3474 4909 Manasse,,oblitns.
3508 4842 3684 4908 Esau,
3714 4857 3810 4897 ru-

2220 4929 2387 4995 bens,
2423 4932 2538 4985 sive
2578 4947 2809 4987 acervus
2844 4933 3109 5001 lapidum.
3157 4933 3356 5003 Cedas,
3405 4935 3672 5003 tenebrae,
3725 4935 3809 4992 vel

2213 5036 2436 5079 mairor.
2469 5022 2601 5090 Joh,
2633 5040 2850 5095 magus,
2880 5026 2965 5081 vel
2995 5026 3206 5081 dolens.
3255 5028 3543 5091 Amalech,
3578 5028 3806 5097 populus

2211 5113 2487 5182 lambens,
2534 5115 2650 5169 sive
2680 5116 3041 5186 restinguens.
3074 5119 3313 5189 Moyses,
3348 5121 3678 5189 assumptio,
3714 5122 3803 5175 vel

2213 5207 2429 5263 liniens.
2467 5210 2646 5263 Aaron
2680 5226 2835 5266 mons
2879 5211 3243 5269 fortitudinis.
3270 5213 3495 5268 Pharao.
3523 5212 3809 5268 denudaus

2210 5313 2370 5364 eum,
2412 5301 2527 5354 sive
2558 5300 2851 5371 dissipator
2890 5303 3027 5373 ejus.
3073 5302 3197 5359 Sedt
3224 5304 3449 5360 Pharao
3478 5318 3673 5358 nomen
3720 5312 3808 5360 est

2212 5405 2317 5447 non
2350 5391 2585 5449 hominis
2608 5434 2621 5456 ,
2651 5394 2759 5449 sed.
2788 5394 3063 5464 dignitatis
3105 5397 3367 5455 :vsicuttet
3395 5396 3537 5464 apud
3566 5411 3669 5451 nos
3693 5398 3807 5450 Au-

2207 5486 2347 5555 gusti
2391 5486 2736 5553 appellantur
2781 5502 2939 5557 reges
2968 5531 2983 5555 ,
3034 5504 3171 5547 cum.
3209 5489 3444 5559 propriis
3488 5488 3807 5544 nominibus

2208 5590 2554 5635 censeantur.
2593 5580 2801 5634 Pharao
2830 5589 3012 5635 tamen
3061 5580 3151 5635 ille
3199 5581 3519 5637 submersus
3559 5583 3614 5637 in
3664 5598 3803 5638 mars

2201 5669 2393 5764 ‘Rubro
2417 5672 2638 5744 praprio
2662 5672 2922 5731 vocabulo
2946 5673 3175 5732 Centres
3188 5672 3589 5733 vocitatus.“
3609 5674 3803 5744 ιω,
