4042 6188
244 194 350 271 ω

1426 198 1991 269 INSTRUCTIONUM
2029 198 2237 261 LIBER
2273 196 2340 254 ιι.

3417 204 3525 268 ου

248 321 510 381 salvator.
543 317 828 383 Athoniel,
861 326 1075 387 tempus
1118 314 1239 386 ejus
1266 315 1393 383 Dei,
1428 318 1515 373 vel
1562 316 1841 386 responsio
1867 317 1916 377 Δ
1944 314 2064 373 vico
2085 312 2289 376 Chana,
2322 312 2437 383 ipse
2452 320 2536 371 est
2557 320 2613 369 et
2635 311 2872 372 Zelotes.
2903 315 3177 386 Scarioth,
3208 323 3524 383 memoriale

249 411 369 470 Dei.
407 412 554 478 Aod,
606 412 895 482 gloriosus.
932 410 1213 478 Semegar,
1256 425 1450 464 nomen
1493 410 1789 465 adveniens
1817 450 1833 473 ,

249 506 365 561 sive
413 505 486 558 ibi
530 506 773 557 colonus.
809 502 1056 569 Burach,
1104 502 1410 571 fulgurans.
1454 503 1684 557 Delbora
1725 502 1839 571 apis

249 600 335 654 Vel
369 599 584 668 loquax.
618 596 866 657 Gedeon,
894 595 1438 666 tentatioiniquitatis
1466 612 1678 651 eorum.
1711 594 1840 650 Abi-

251 693 484 757 melech,
506 701 658 759 paler
688 704 837 743 meus
856 704 973 743 rex.
995 688 1185 757 Thola,
1206 689 1530 743 vermiculus
1548 688 1614 745 ad
1644 688 1839 753 tinctu-

249 801 364 839 rum
390 784 473 837 vel
503 783 806 838 coccinum.
840 780 975 844 Jair,
998 782 1328 836 illuminans.
1358 781 1539 851 Jepte,
1567 781 1838 849 aperiens,

249 878 331 929 vel
361 886 601 944 apertus.
647 875 885 939 Esebon,
920 874 1199 944 cogitatio,
1238 875 1350 930 sive
1384 876 1656 943 cingulum
1708 888 1839 929 moe-

249 970 409 1026 roris.
440 969 689 1033 Achilon,
722 968 911 1022 vivens
938 968 1079 1035 Deo,
1108 968 1192 1023 vel
1229 968 1416 1023 videns
1443 969 1635 1023 Deum.
1665 967 1839 1033 Abdo,

251 1076 441 1115 servus
471 1061 607 1131 ejus.
640 1061 931 1131 Sampson,
962 1062 1041 1115 sol
1066 1076 1280 1129 eorum,
1303 1061 1389 1116 vel
1411 1061 1540 1119 solis
1562 1060 1841 1115 fortitudo.

252 1149 465 1215 Dalila,
516 1154 871 1222 paupercula,
928 1153 1012 1207 vel
1065 1153 1244 1207 situla.
1307 1153 1429 1223 Eli,
1484 1153 1624 1207 Deus
1666 1166 1842 1209 meus.

254 1247 505 1311 Samuel,
538 1262 732 1302 nomen
764 1248 882 1314 ejus
930 1244 1097 1303 Deus.
1146 1245 1317 1314 Saul,
1376 1246 1696 1317 expeditus,
1732 1247 1846 1301 sive

252 1340 465 1409 petitio.
493 1339 664 1393 Jassai
687 1381 702 1407 ,
727 1339 918 1393 insulae
946 1337 1356 1403 holocaustum,
1382 1342 1465 1393 vel
1499 1337 1843 1399 sacrificium.

255 1429 425 1486 David
449 1474 462 1495 ,
521 1431 894 1486 desiderabilis
920 1470 934 1494 ,
965 1431 1079 1484 sive
1117 1429 1273 1485 fortis
1315 1445 1498 1485 manu.
1536 1430 1803 1487 Jouathan
1830 1472 1845 1499 ,

257 1526 522 1589 columbae
547 1527 773 1595 donum,
804 1525 881 1578 vel
914 1524 1121 1577 Domini
1148 1524 1368 1578 donum.
1399 1523 1673 1589 Absalom,
1696 1534 1850 1592 pater

257 1622 431 1691 pacis.
467 1621 748 1683 Salomon,
781 1618 1055 1688 paciﬁcus.
1084 1617 1228 1671 Idem
1260 1616 1644 1681 Ecclesiastes,
1670 1616 1721 1671 id
1745 1626 1846 1681 est,

1942 406 2179 472 Domini,
2209 406 2290 461 vel
2324 407 2587 461 memoria
2614 410 2824 465 mortis.
2860 410 2974 465 lloc
3001 428 3132 475 vero
3168 419 3388 472 nomine
3426 433 3524 491 ap-

1942 501 2171 570 pellatus
2215 509 2298 554 est
2329 499 2496 556 Judas
2526 515 2557 555 a
2588 502 2707 557 vico
2748 503 2802 558 in
2833 519 2942 575 quo
2963 515 3118 565 natus
3143 518 3246 571 est.
3279 509 3522 579 Marcus,

1943 594 2191 649 excelsus
2215 593 2494 649 mandato.
2520 593 2716 662 Lucas,
2746 596 2864 666 ipse
2887 613 3243 670 consurgens,
3275 604 3389 659 sive
3411 604 3528 677 ipse

1945 688 2149 743 levans.
2184 687 2510 756 Stephanus,
2541 703 2729 744 norma
2751 701 2961 758 vestra;
2994 690 3185 753 Greco
3208 707 3387 753 autem
3415 715 3529 755 ser-

1944 793 2105 845 mone
2132 789 2440 834 coronatus.
2471 779 3051 851 Augusti,solemniter
3071 794 3296 842 stantes.
3319 786 3526 861 Caesar,

1946 872 2218 940 possessio
2247 873 2581 942 principalis.
2622 874 2858 941 Cirenei,
2907 876 3172 935 hatredes.
3204 881 3492 939 Bethsaida
3512 930 3527 955 ,

1946 960 2138 1016 domus
2193 962 2429 1033 frugum.
2484 963 2787 1033 Betphage,
2832 968 3069 1039 Syrum,
3111 970 3306 1033 domus
3351 978 3525 1035 vallis.

1948 1051 2227 1122 Bethania,
2263 1054 2455 1110 domus
2479 1055 2806 1111 afﬁictionis.
2838 1058 3140 1129 Genesear,
3193 1076 3344 1124 ortus
3382 1069 3531 1138 prin-

1947 1146 2102 1216 cipis.
2135 1147 2367 1213 Amaus,
2404 1148 2630 1217 populus
2665 1150 2924 1219 ahjectus.
2958 1151 3368 1226 Capharnaum,
3400 1175 3533 1230 ager

1948 1238 2359 1294 consolationis.
2389 1238 2635 1311 Sarepta,
2663 1242 2904 1310 incensa,
2934 1245 3050 1300 sive
3078 1250 3321 1317 angustia
3353 1251 3529 1320 panis.

1950 1329 2325 1400 Gethsemani,
2355 1332 2507 1387 vallis
2530 1334 2932 1404 piuguedinum.
2959 1338 3245 1408 Golgotba,
3275 1344 3529 1401 calvaria.

1950 1422 2240 1489 Nazareth,
2295 1423 2394 1481 flos
2442 1425 2745 1493 munditiae,
2776 1428 2859 1481 vel
2895 1428 3207 1499 virgultum.
3250 1432 3529 1504 Ninivitze,

1950 1517 2063 1573 nati
2091 1516 2344 1586 speciosi.
2381 1517 2579 1583 Sidon,
2611 1520 2848 1573 venatio.
2878 1520 3167 1591 Zachzeus,
3190 1525 3534 1591 justiﬁeatus.

1954 1607 2205 1671 ldumaea,
2238 1625 2380 1664 rosa.
2415 1609 2628 1669 Lisama
2651 1652 2665 1677 ,
2702 1612 2951 1668 nativitas
2976 1616 3309 1673 tentationis.
3344 1618 3537 1674 Jorda-

259 1716 637 1777 concionator,
666 1712 813 1767 Idem
848 1722 899 1767 et
926 1710 1094 1776 Idida,
1127 1711 1176 1765 id
1205 1720 1305 1775 est,
1335 1710 1566 1764 dileCIus
1616 1710 1848 1765 Domini.

1961 1700 2059 1765 nis,
2084 1701 2399 1756 descensus.
2426 1702 2655 1763 Martha.
2672 1718 2974 1771 provocans
2991 1705 3181 1771 Deum.
3201 1707 3535 1780 Magdalena,

260 1806 530 1874 Rohoam,
556 1806 784 1860 latitudo
811 1803 1014 1873 populi.
1038 1802 1194 1868 Abia,
1230 1812 1382 1872 pater
1412 1802 1693 1857 Dominus.
1718 1801 1840 1867 Asa,

262 1898 483 1965 tollens,
518 1899 652 1964 sive,
680 1896 991 1952 sustollens.
1025 1894 1307 1965 Josaphat,
1334 1894 1846 1965 Dominijudiciutn.

261 1989 483 2056 Joram,
540 1990 629 2060 qui
681 1999 765 2045 est
792 1990 1078 2053 excelsus,
1129 1988 1225 2043 sed
1269 1990 1462 2043 melius
1506 1989 1846 2043 sublimatus.

260 2081 545 2146 Ochuzias,
578 2081 989 2150 apprehendens
1020 2081 1324 2135 Dominum.
1355 2080 1567 2135 Athalia
1589 2120 1603 2145 ,
1640 2091 1853 2150 tempus

259 2173 494 2231 Domini.
518 2173 646 2229 Joas
669 2215 682 2239 ,
716 2188 978 2241 sperans,
1024 2174 1138 2229 sive
1182 2172 1513 2242 temporalis.
1567 2175 1850 2243 Amasias,

258 2266 517 2337 pepulum
559 2266 771 2320 tollens.
821 2266 980 2320 Azias
1024 2266 1283 2319 fortitudo
1315 2266 1547 2321 Domini.
1596 2264 1852 2331 Azarias,

259 2359 522 2413 auxilium
569 2357 801 2412 Domini.
856 2357 1070 2412 Jotl-am
1098 2399 1110 2421 ,
1167 2355 1461 2427 perfectus.
1502 2356 1711 2423 Acltas,
1756 2374 1852 2427 ap-

256 2450 625 2521 prehendens.
662 2450 943 2513 Ezechias,
994 2448 1257 2502 fortitudo
1288 2448 1521 2505 Domini.
1549 2448 1851 2514 Manasses,

259 2544 594 2610 obliviosus,
630 2544 714 2599 vel
761 2545 882 2612 quia
924 2544 1121 2598 oblitus
1150 2553 1254 2598 eSt.
1299 2544 1499 2607 Amen,
1533 2543 1738 2608 fidelis,
1771 2544 1855 2598 vel

260 2636 544 2690 nutritius.
572 2636 750 2691 Josias
774 2677 788 2700 ,
820 2635 910 2689 ubi
942 2646 1023 2689 est
1054 2635 1365 2697 incensum,
1397 2635 1483 2690 vel
1522 2635 1730 2689 Domini
1771 2650 1858 2689 sa-

259 2728 371 2787 lus.
398 2727 653 2792 Joachaz,
688 2728 962 2783 robustus.
992 2726 1258 2793 Joachim,
1296 2727 1451 2795 cujus
1480 2735 1563 2783 est
1590 2742 1855 2797 prmpara-

262 2821 361 2876 tio.
390 2820 672 2887 Eliachim,
704 2821 796 2873 Dei
822 2820 1173 2883 resurrectio,
1197 2820 1507 2886 Jechonias,
1539 2822 1859 2888 pra-paratio

260 2912 501 2971 Domini.
531 2911 846 2978 Setlechias,
871 2912 1048 2981 justus
1082 2912 1317 2965 Domini.
1366 2910 1686 2976 Jeroboam,
1717 2910 1856 2975 diju-

263 3003 454 3067 dicaus
480 3005 757 3073 populum,
792 3004 875 3057 vel
905 3002 1206 3072 dijudicans
1254 3016 1536 3070 supernos.
1576 3000 1752 3063 Nave,
1786 3002 1861 3051 la-

264 3107 462 3154 tratus.
520 3098 688 3151 Basaa
712 3138 725 3163 ,
771 3097 1060 3164 pinguedo.
1106 3095 1314 3163 Helam,
1344 3095 1551 3160 steculi,
1585 3096 1669 3150 vel
1691 3094 1855 3148 orbis.

258 3188 505 3251 Zambri,
526 3188 785 3256 psalmus,
814 3188 894 3240 vel
914 3187 1181 3241 canticum
1204 3200 1403 3241 meum.
1425 3186 1595 3252 Omri,
1619 3186 1862 3251 crislaans

258 3294 447 3345 meus.
476 3277 682 3343 Achab,
704 3279 874 3331 lrater
904 3277 1092 3345 patris.
1115 3276 1353 3341 Jesabel,
1378 3275 1554 3331 fluens
1580 3279 1859 3345 sanguine,

263 3372 355 3424 vel
386 3368 813 3435 Sterquilinium.
844 3367 981 3421 Jehu
1007 3409 1020 3433 ,
1053 3368 1166 3435 ipse
1197 3367 1279 3421 vel
1312 3375 1415 3420 est.
1447 3366 1637 3424 Joatha
1658 3412 1670 3435 ,
1703 3368 1865 3423 robu-

263 3474 404 3520 stus.
431 3462 741 3528 Zacharias,
768 3462 930 3516 timor
956 3460 1192 3515 Domini.
1217 3458 1386 3528 Sella,
1419 3460 1606 3515 umbra
1624 3459 1760 3530 ejus,
1782 3462 1862 3514 vel

265 3555 483 3623 petitio.
509 3553 771 3619 Manaem,
797 3553 1105 3607 consolans.
1140 3550 1336 3617 Facee,
1361 3554 1632 3619 aperiens.
1660 3551 1859 3617 Helias,

264 3645 413 3707 Deus
442 3646 723 3700 Dominus.
769 3643 1053 3708 Heliszcus,
1090 3643 1185 3698 Dei
1228 3643 1334 3697 mei
1377 3643 1542 3699 salus.
1573 3643 1733 3713 Osee,
1760 3647 1863 3699 sal-

264 3746 449 3792 vator.
472 3736 646 3803 Johel,
696 3737 991 3805 incipiente
1020 3735 1162 3801 Dco,
1195 3735 1310 3790 sive
1340 3745 1423 3790 est
1464 3736 1629 3791 Deus.
1677 3741 1862 3804 Amos,

267 3838 485 3900 potens,
518 3828 602 3883 vel
633 3827 785 3884 fortis
807 3868 821 3894 ,
870 3836 962 3881 aut
1009 3827 1264 3896 populum
1296 3828 1596 3883 debellans.
1630 3830 1861 3896 Abdias,

267 3938 463 3979 servus
494 3922 726 3979 Domini.
772 3922 907 3978 Jona
939 3921 1216 3985 columba,
1260 3921 1347 3975 vel
1375 3921 1588 3977 dolens.
1646 3922 1819 3978 Micha
1847 3968 1861 3991 ,

274 4015 400 4083 quis
432 4014 567 4069 iste?
610 4012 802 4079 Naum,
832 4028 1076 4082 germen,
1108 4014 1226 4068 sive
1249 4014 1565 4069 consolatio.
1620 4015 1866 4078 Abacuc,

274 4107 611 4177 amplexans.
645 4105 973 4175 Suphonias,
1023 4105 1363 4167 abscondens
1412 4121 1552 4161 eam.
1600 4104 1864 4176 Aggaaus,

274 4201 467 4269 festus,
493 4201 605 4255 sive
619 4201 895 4256 solemnis.
912 4199 1228 4269 Malacliias,
1244 4200 1467 4270 angelus
1486 4215 1657 4254 meus.
1676 4200 1864 4268 lsaias,

275 4296 423 4351 salus
452 4295 689 4351 Domini.
714 4295 1008 4360 Jeremias,
1040 4295 1289 4349 excelsus
1322 4293 1553 4349 Domini.
1590 4293 1865 4359 Ezechiel,

275 4387 539 4449 fortitudo
570 4388 806 4454 Domini.
842 4387 1028 4441 Daniel
1051 4428 1066 4453 ,
1089 4387 1348 4457 judicium
1392 4385 1629 4440 Domini.
1658 4384 1862 4447 Judith,

273 4479 519 4545 laudans,
568 4450 653 4533 vel
688 4478 899 4535 Judzea.
930 4450 1155 4547 Josepvh,
1190 4487 1399 4533 auctus.
1432 4476 1635 4546 Maria,
1668 4478 1866 4531 illumi-
1893 4450 1947 4509 D

274 4584 426 4641 nata,
454 4574 571 4627 sive
597 4571 756 4626 stella
784 4571 950 4624 maris
984 4588 996 4624 :
1025 4570 1119 4625 sed
1148 4584 1397 4623 sermone
1428 4570 1589 4640 Syro,
1629 4569 1864 4624 domina.

277 4668 493 4734 Simon,
525 4679 663 4735 pone
693 4678 1005 4733 mmrorem,
1028 4662 1114 4717 vel
1144 4661 1425 4725 obediens.
1460 4662 1677 4726 Petrus,
1705 4677 1867 4731 agno-

275 4772 455 4816 scens.
515 4754 745 4825 Barjona
770 4795 786 4821 ,
840 4756 982 4808 filius
1015 4754 1316 4818 columbae,
1347 4753 1542 4823 Syrum
1590 4753 1792 4822 pariter
1819 4763 1875 4809 et

275 4852 584 4910 Hebraeum.
615 4847 827 4917 Cephas
844 4888 857 4911 ,
885 4847 1100 4914 Petrus,
1123 4844 1316 4916 Syrum
1340 4855 1444 4899 est.
1467 4846 1687 4910 Paulus,
1711 4846 1873 4899 mira-

277 4943 424 4998 bilis.
458 4938 685 5006 Saulus,
739 4938 963 4992 tentatio
993 4937 1364 5009 respicientis,
1419 4936 1507 5007 vel
1556 4936 1873 4993 tentatiouis

278 5032 565 5099 securitas.
612 5030 890 5097 Andreas,
920 5029 1111 5095 virilis,
1134 5030 1389 5089 .Graecum
1442 5038 1547 5087 est.
1596 5028 1869 5094 Jacobus,

283 5128 680 5199 supplantator.
714 5123 972 5187 Joannes,
998 5122 1207 5177 domini
1231 5123 1424 5193 gratia.
1460 5122 1743 5192 Philippus
1764 5164 1778 5188 ,
1812 5138 1873 5178 os

284 5220 676 5292 lampadarum.
742 5217 1212 5284 Bartholomaaus,
1270 5216 1417 5271 ﬁlius
1490 5216 1874 5286 suspendentis

287 5327 469 5383 aquas.
504 5312 738 5365 Thomas
759 5350 774 5376 ,
804 5309 1033 5379 abyssus
1056 5351 1069 5372 ,
1097 5308 1183 5363 vel
1208 5309 1487 5379 geminus;
1523 5309 1664 5363 unde
1700 5318 1754 5363 et
1783 5310 1871 5362 Di-

288 5404 481 5477 dymus
518 5402 703 5461 Graece
728 5401 944 5465 dicitur.
970 5402 1252 5465 Matthaeus
1272 5444 1287 5466 ,
1315 5401 1556 5461 donatio.
1596 5402 1739 5457 Idem
1773 5418 1871 5470 ap-

288 5497 521 5568 pellatus
542 5504 621 5549 est
646 5495 795 5550 Levi.
823 5496 1086 5560 Lebbeus,
1115 5496 1413 5560 corculum,
1448 5496 1499 5551 id
1526 5503 1608 5551 est
1635 5511 1664 5551 a
1685 5496 1869 5563 corde,

288 5591 409 5658 ipse
424 5597 505 5641 est
524 5596 579 5640 et
594 5586 881 5653 Taddaeus,
904 5589 1018 5656 ipse
1036 5598 1119 5641 est
1135 5587 1306 5642 Judas
1327 5588 1537 5643 Jacobi.
1552 5589 1869 5653 Cananaaus,

270 5676 600 5758 possidens,
624 5678 745 5736 sive
766 5681 1059 5753 possessio.
1087 5678 1165 5735 lta
1196 5689 1379 5736 autem
1403 5681 1576 5737 dictus
1603 5680 1815 5748 Simon,
1840 5694 1877 5738 a

1952 1794 2132 1853 turris.
2158 1795 2422 1865 Susanna,
2447 1795 2813 1863 lilium.Saba,
2838 1800 3141 1868 captivitas.
3172 1799 3424 1873 Caiphas,
3457 1805 3540 1859 in-

1952 1888 2269 1956 vestigator.
2311 1888 2426 1941 sive
2456 1902 2679 1943 vomens
2706 1904 2817 1944 ore.
2849 1891 3071 1949 Pontius
3101 1894 3377 1953 declinans
3405 1913 3538 1953 con-

1952 1977 2155 2035 silium.
2190 1977 2421 2042 Pilatus,
2456 1992 2517 2033 os
2562 1978 2905 2035 malleatoris.
2956 1983 3218 2055 Herodes,
3273 1989 3537 2056 pellicius.

1957 2070 2217 2123 Barrabas
2240 2112 2253 2134 ,
2310 2070 2450 2125 filius
2476 2072 2675 2140 patris,
2701 2075 2784 2128 vel
2808 2076 3047 2144 magistri
3088 2094 3274 2139 eorum
3294 2123 3308 2146 ,
3337 2082 3541 2153 absque

1956 2163 2123 2217 dubio
2153 2163 2460 2218 Judteorum
2493 2168 2754 2236 magistri,
2787 2168 2877 2237 qui
2904 2180 2987 2224 est
3018 2171 3280 2227 diabolus.
3311 2176 3458 2231 Eden
3486 2178 3539 2231 in

1959 2254 2178 2321 Genesi,
2206 2257 2435 2315 deliciae.
2456 2258 2660 2325 Judaea,
2686 2260 2969 2318 confessio.
2996 2262 3386 2335 Hierosolyma,
3406 2269 3542 2325 visio

1960 2344 2124 2414 pacis.
2151 2346 2302 2411 Sion,
2333 2348 2572 2415 specula,
2607 2360 2657 2403 et
2678 2361 2852 2416 recte;
2880 2368 3001 2408 nam
3036 2354 3149 2411 hazc
3172 2358 3361 2415 civitas
3376 2361 3545 2417 David

1958 2438 2013 2492 in
2061 2448 2241 2495 monte
2272 2454 2580 2495 constructa
2636 2454 2737 2501 est.
2787 2446 3053 2519 Babylon,
3109 2452 3387 2523 confusio,
3431 2457 3547 2513 sive

1960 2530 2257 2585 translatio.
2303 2531 2575 2603 IEthiopia
2602 2577 2615 2599 ,
2651 2538 2907 2592 tenebrae.
2940 2539 3241 2612 Egyptus.
3276 2547 3547 2604 tribulatio

1960 2622 2076 2676 sive
2110 2624 2365 2677 tenebrat.
2407 2626 2609 2696 Tyrus,
2662 2631 2927 2698 angustia.
2962 2633 3218 2701 Romani,
3247 2638 3544 2705 sublimes,

1962 2714 2047 2770 vel
2077 2724 2346 2771 tonantes.
2375 2716 2543 2785 Sinai,
2570 2735 2851 2787 mensura,
2895 2722 3009 2778 sive
3053 2728 3396 2794 mandatum,
3432 2730 3548 2785 sive

1966 2809 2213 2873 tentatio,
2247 2810 2330 2863 vel
2354 2810 2614 2878 amphora
2641 2827 2780 2866 mea.
2809 2813 3089 2880 Gehenua,
3114 2818 3268 2871 vallis
3293 2822 3543 2888 gratuita.

1964 2900 2190 2967 Quidum
2222 2904 2492 2957 aestimant
2515 2906 2835 2972 appellatam
2868 2907 3005 2962 hanc
3023 2924 3053 2962 a
3071 2910 3207 2964 valle
3226 2911 3546 2983 Gebennon,

1965 3009 2083 3061 quae
2100 3005 2182 3047 est
2200 2994 2348 3061 juxta
2374 3011 2584 3050 murum
2604 2996 2923 3053 Jerusalem.
2944 3000 3185 3071 Hebraei,
3207 3005 3545 3064 transitores.

1966 3083 2271 3151 Sadducrei,
2292 3084 2584 3153 justiﬁcati.
2617 3087 2897 3156 Pharisaei,
2929 3090 3107 3147 divisi.
3140 3093 3366 3161 Galilmi,
3398 3097 3549 3153 volu-

1963 3174 2121 3231 biles.
2150 3174 2453 3240 Samaritm,
2477 3178 2753 3243 custodes,
2782 3195 2847 3235 eo
2868 3182 3008 3249 quod
3041 3198 3070 3237 a
3101 3185 3413 3257 Babyloniis
3444 3191 3553 3247 illic

1964 3268 2031 3324 ad
2056 3269 2352 3325 custodiam
2380 3272 2624 3327 collocati
2652 3274 2759 3327 sint
2786 3273 3115 3332 mdiorum.

2035 3358 2169 3415 Cum
2197 3362 2249 3415 in
2276 3364 2510 3429 caeteris,
2543 3375 2651 3419 tum
2679 3376 2732 3420 et
2766 3368 2816 3421 in
2850 3369 2953 3423 hoc
2981 3372 3319 3435 abundanter
3350 3376 3549 3448 liquet,

1964 3450 2239 3520 Scriptura
2268 3455 2443 3509 omnis
2470 3470 2621 3510 sacra
2646 3474 2804 3526 quam
2834 3475 2959 3517 vere
2980 3461 3158 3518 divina
3187 3466 3276 3530 sit,
3310 3482 3373 3522 ac
3394 3468 3551 3537 plena

1966 3544 2259 3614 mysteriis,
2290 3546 2506 3615 quando
2537 3550 2603 3603 ita
2627 3564 2923 3618 congruant
2958 3554 3120 3610 rebus
3152 3558 3392 3627 nomine,
3421 3560 3552 3617 affe-

1966 3636 2252 3706 ctibusque
2283 3640 2666 3706 respondeant.
2712 3643 2863 3698 Sicut
2892 3645 3080 3711 David,
3110 3649 3201 3718 qui
3232 3653 3553 3721 exprimitur

1965 3727 2020 3784 in
2043 3728 2289 3784 Latinum
2322 3730 2478 3787 fortis
2509 3747 2669 3788 manu
2695 3752 2705 3786 :
2740 3736 2922 3803 utique
2942 3735 3271 3797 fortissimus
3300 3745 3553 3801 omnibus

1967 3820 2082 3876 fere
2124 3823 2283 3877 bellis
2323 3824 2554 3883 exstitit.
2600 3825 2893 3894 Salomon,
2950 3830 3207 3897 paciﬁcus
3238 3851 3251 3887 :
3286 3836 3468 3904 utique
3498 3838 3553 3894 in

1968 3930 2100 3986 pace
2148 3931 2374 3985 regnum
2401 3918 2817 3975 administravit.
2862 3923 3084 3991 Daniel,
3118 3924 3382 3993 judicium
3412 3928 3551 3984 Dei:

1969 4007 2151 4077 utique
2182 4008 2233 4061 in
2274 4009 2708 4081 presbyterorum
2733 4012 2940 4083 judicio
2984 4018 3305 4071 sententiam
3356 4019 3553 4075 divina:

1968 4099 2371 4167 disceptationis
2412 4104 2676 4157 exhibuit.
2720 4103 2872 4160 Unde
2915 4107 3042 4176 quid
3075 4108 3268 4164 mirum
3299 4110 3344 4163 si
3382 4109 3435 4163 hi
3467 4110 3549 4166 fu-

1971 4202 2088 4248 tura
2122 4194 2551 4263 prtedicaveriut,
2586 4213 2811 4266 quorum
2841 4201 3001 4254 etiam
3027 4203 3240 4257 numina
3263 4244 3277 4267 ,
3304 4203 3442 4257 sicut
3466 4220 3555 4261 res

1971 4285 2221 4350 edocent,
2250 4287 2588 4356 prophetiam
2621 4291 2849 4351 sonant?
2880 4290 2988 4347 Sed
3024 4291 3137 4361 jam
3164 4292 3233 4349 de
3256 4296 3420 4351 variis
3457 4312 3554 4351 vo-

1972 4380 2178 4437 cabulis
2210 4381 2706 4450 interpretationem
2742 4399 3023 4452 ponamus.

2594 4472 2819 4527 CAPUT
2857 4474 2920 4529 Il.

2473 4563 2549 4617 De
2588 4566 2741 4619 uariis
2778 4566 3056 4622 vocabulis.

2046 4653 2269 4709 Alleluia
2292 4696 2305 4718 ,
2338 4655 2390 4710 in
2428 4657 2674 4713 Latinum
2706 4669 2861 4713 sonat
2892 4659 3107 4717 laudate
3136 4661 3456 4731 Dominum;
3508 4666 3558 4720 ia

1974 4746 2121 4801 enim
2155 4762 2316 4801 unum
2345 4757 2427 4804 est
2466 4750 2531 4804 de
2555 4748 2743 4805 decem
2776 4752 3084 4809 nominibus
3116 4755 3241 4823 Dei,
3272 4773 3391 4827 quae
3420 4758 3560 4827 apud

1978 4838 2235 4895 Hebraeos
2269 4840 2555 4903 habentur.
2586 4842 2782 4909 Amen,
2819 4860 2967 4912 vere,
3006 4848 3119 4902 sive
3148 4847 3406 4903 ﬁdeliter.
3437 4849 3561 4904 Dia-

1976 4932 2204 5001 psalma,
2234 4948 2451 5003 semper
2470 4951 2485 4987 -:
2502 4950 2572 4995 .eo
2595 4935 2740 5005 quod
2767 4936 2856 4991 illa
2884 4937 3079 5007 quibus
3102 4936 3205 4994 hoc
3229 4940 3557 5008 adnectitur,

1974 5028 2303 5097 sempiterna
2331 5044 2451 5085 esse
2486 5028 2774 5085 confirmet
2808 5045 2836 5083 a
2867 5030 3010 5100 Deo;
3045 5048 3153 5089 non
3183 5036 3561 5089 commutatio-

1974 5135 2097 5177 nem
2123 5121 2277 5175 metri
2308 5121 2605 5190 signiﬁcat,
2640 5130 2696 5176 ut
2723 5122 2940 5191 quidam
2969 5126 3303 5195 existimant,
3333 5129 3419 5182 vel
3452 5128 3565 5196 spi-

1973 5213 2112 5275 ritus
2124 5213 2423 5282 prophetici
2438 5213 2811 5270 refectionem.
2829 5216 2967 5271 Sunt
2983 5218 3146 5271 etiam
3160 5219 3249 5287 qui
3266 5219 3563 5287 diapsalma

1976 5306 2101 5363 ideo
2128 5307 2347 5362 inscribi
2370 5315 2591 5377 putent,
2623 5315 2685 5362 ut
2707 5324 2775 5363 ex
2805 5309 2907 5364 hoc
2929 5310 3034 5369 sibi
3064 5325 3418 5379 personarum
3448 5312 3565 5368 sive

1979 5414 2231 5456 sensuum
2252 5400 2580 5469 intelligatur
2592 5416 2715 5457 esse
2725 5401 3031 5457 conversio.
3045 5402 3280 5471 Osanna,
3302 5403 3558 5469 salvifica,

1974 5494 2091 5547 sive
2112 5494 2321 5548 salvum
2348 5508 2434 5546 me
2465 5492 2559 5547 fac.
2591 5492 2684 5547 Osi
2715 5493 2859 5548 enim
2883 5493 3121 5550 salviﬁca
3152 5495 3558 5562 interpretatur,

1978 5601 2119 5643 anna
2141 5585 2445 5655 interjectio
2463 5594 2547 5639 est
2567 5585 2928 5654 deprecantis.
2946 5587 3084 5655 Ergo
3109 5588 3314 5656 integre
3340 5586 3556 5654 dicitur,

1980 5677 2237 5739 Osianna.
2275 5681 2384 5739 Sed
2411 5681 2540 5739 dum
2567 5681 2855 5753 corripitur
2882 5686 2978 5737 aut
2995 5679 3383 5758 corrumpitur,
3404 5689 3567 5737 seuat
