4042 6188
525 244 633 307 815

1518 236 1578 293 S.
1621 233 1948 293 EUCHERII
1991 232 2473 293 LUGDUNENSIS
2514 235 2815 293 EPISCOPI

526 379 755 421 osanna.
782 361 874 415 Est
900 368 1076 413 autem
1108 368 1323 415 sensus,
1351 368 1562 407 salvum
1590 352 1673 407 fac
1694 394 1707 418 ,
1748 352 2117 417 subaudiatnr,
2149 355 2202 415 Α
2224 353 2459 423 virgulto
2488 351 2714 409 Sabeth.
2748 350 2980 416 Lebetaa,
3009 350 3143 404 aenei
3173 348 3414 405 minores
3452 349 3505 405 in
3535 366 3692 409 usum
3716 369 3824 413 eo-

528 459 613 514 vel
644 456 899 526 populum
927 451 1115 515 Israel,
1141 448 1225 503 vel
1256 456 1424 501 totum
1456 445 1739 500 mundum.
1770 444 1996 507 Rhama,
2030 458 2122 497 ex-

530 549 695 606 celsa.
734 547 791 600 ln
822 542 1119 611 Evangelio
1154 558 1167 594 :
1206 536 1318 591 Vox
1346 540 1399 591 in
1429 534 1613 590 rhama
1636 535 1814 588 audita
1835 543 1939 601 est,
1959 534 2012 588 id
2042 543 2125 589 est

532 643 583 695 in
608 637 858 694 excelsis.
894 634 987 688 Est
1015 644 1193 685 tamen
1220 638 1272 684 et
1294 629 1517 694 civitas,
1549 642 1668 697 qua:
1704 626 1911 680 Rhama
1942 626 2126 694 appel-

532 731 693 781 latur.
721 724 901 780 Racha
927 768 941 790 ,
993 736 1191 786 vanus,
1241 730 1332 773 aut
1374 718 1569 771 inanis.
1614 716 1809 783 Rabbi,
1848 717 2123 786 magister,

532 820 728 891 Syrum
759 827 860 871 est.
889 817 1029 879 Man,
1074 815 1235 883 quid?
1262 813 1476 875 Manna,
1500 811 1627 881 quid
1657 821 1739 865 est
1791 811 1924 865 hoc?
1948 810 2122 875 Abba,

533 923 688 981 pater
733 930 743 963 :
778 922 830 965 et
863 912 962 964 hoc
990 908 1188 978 Syrum
1220 914 1321 959 est.
1356 904 1653 958 Anathema
1679 944 1695 970 ,
1729 903 1977 972 perditio.
2011 903 2124 955 Ma-

534 1008 782 1071 ranatha,
804 1005 1064 1059 Dominus
1087 1009 1273 1054 noster
1297 999 1471 1062 venit,
1493 998 1687 1067 Syrum
1705 1005 1808 1050 est.
1825 995 2125 1050 Anatbema

534 1109 715 1154 autem
741 1095 1081 1157 niaranatha,
1114 1092 1253 1146 sicut
1302 1089 1517 1159 quidam
1548 1087 1763 1151 dicunt,
1816 1085 2044 1155 perditio
2074 1085 2125 1137 in

540 1192 777 1247 adventu
820 1188 1055 1243 Domini.
1104 1186 1403 1240 Mammona
1432 1227 1445 1248 ,
1492 1182 1711 1235 divitiae.
1754 1178 2084 1247 Theraphim
2110 1218 2124 1237 .

543 1287 727 1353 ﬁgurae
751 1324 765 1348 ,
792 1282 876 1337 vel
908 1279 1204 1349 imagines,
1253 1275 1447 1329 melius
1480 1288 1638 1342 quam
1666 1270 1932 1325 incendia.
1964 1272 2127 1323 Sera-

539 1376 687 1446 phim
718 1374 801 1429 vel
828 1370 1107 1439 seraphin,
1138 1366 1409 1427 ardentes,
1443 1363 1525 1418 vel
1554 1360 1934 1425 incendentes,
1975 1358 2129 1427 juxta

539 1466 671 1521 illud
723 1483 736 1517 :
787 1463 887 1529 Qui
928 1461 1052 1529 facit
1080 1458 1288 1528 angelos
1328 1471 1448 1507 suos
1473 1453 1722 1522 spiritus,
1771 1460 1818 1503 et
1870 1449 2131 1501 ministros

538 1576 657 1613 suos
688 1560 856 1627 ignem
883 1566 1132 1609 urentem.
1166 1552 1310 1620 Ergo
1337 1548 1591 1617 seraphin
1625 1550 1851 1601 virtutes
1890 1546 1943 1599 in
1976 1542 2133 1598 caelis

541 1669 663 1709 esse
692 1653 1035 1715 conﬁrmant,
1062 1663 1181 1717 qua:
1206 1646 1375 1699 Deum
1401 1643 1645 1707 laudent,
1675 1653 1727 1696 et
1756 1641 1808 1695 in
1836 1639 2132 1694 ministeria

2224 443 2421 514 quendi
2449 443 2639 512 parati.
2670 441 2726 495 ln
2752 441 3198 509 Paralipomenon
3232 458 3243 493 :
3278 440 3540 496 Paciﬁcas
3568 459 3697 500 vero
3718 445 3822 502 ho-

2224 536 2353 590 stias
2386 545 2644 591 coxerunt
2672 534 2725 587 in
2750 532 2960 597 lebetis,
2997 541 3052 585 et
3078 532 3325 597 'cacabis,
3360 544 3414 587 et
3438 533 3583 589 ollis.
3612 534 3822 604 COphi-

2226 645 2348 695 nus,
2372 628 2571 683 corbis.
2598 626 2820 698 Hydria,
2847 641 2938 680 vas
2960 626 3265 695 aquarium.
3292 624 3489 691 Condi,
3519 629 3571 683 in
3594 629 3817 699 Genesi,

2225 723 2479 793 poculum
2511 720 2595 775 vel
2622 720 2876 789 scyphus.
2920 718 3210 789 Lecythus,
3250 720 3301 773 in
3337 719 3669 791 Regnorum,
3700 741 3822 780 am-

2229 817 2372 882 pulla
2412 815 2635 870 olearia.
2670 814 2971 877 Lenticula,
3017 816 3070 867 in
3101 814 3238 869 libro
3269 815 3598 885 Regnorum,
3631 835 3825 877 vascu-

2229 906 2339 960 lum
2371 922 2437 961 ex
2485 921 2615 968 arre,
2667 904 2873 960 habens
2919 905 3096 959 oleum
3126 922 3232 976 quo
3276 910 3614 977 ungebantur
3643 912 3700 967 in
3735 930 3827 970 re-

2227 1014 2411 1067 gnum.
2460 996 2732 1065 Paropsis,
2767 997 3107 1051 acetabulum
3148 999 3342 1068 majus.
3383 1001 3557 1071 Aliqui
3587 1014 3642 1057 et
3684 1008 3825 1060 cati-

2229 1108 2355 1146 num
2386 1092 2455 1144 ita
2495 1090 2754 1159 appellari
2786 1098 2994 1157 putant.
3038 1090 3320 1160 Epistylia,
3352 1092 3406 1147 in
3438 1094 3670 1165 Regum,
3702 1113 3823 1167 qua:

2231 1196 2396 1248 super
2419 1182 2668 1250 capitella
2695 1180 3075 1234 columnarum
3103 1192 3411 1250 ponuntur;
3441 1185 3690 1242 Grzecum
3717 1200 3819 1243 est.

2234 1272 2583 1340 Mechonoth,
2618 1273 2669 1325 in
2714 1271 2946 1341 Regum,
2983 1271 3215 1337 fulturaa,
3256 1289 3387 1344 quas
3435 1277 3594 1332 bases
3643 1283 3825 1349 appel—

2243 1370 2443 1423 lamus.
2475 1368 2767 1437 Topazion,
2800 1367 2935 1436 lapis
2976 1368 3268 1437 pretiosus,
3305 1370 3355 1423 in
3386 1386 3513 1438 quo,
3553 1373 3690 1427 sicut
3731 1374 3830 1429 ali-

2237 1462 2325 1528 qui
2380 1459 2673 1522 afﬁrmant,
2713 1458 2952 1512 omnium
2996 1457 3229 1527 lapidum
3271 1460 3489 1515 colores
3538 1464 3825 1534 refulgent.

2236 1552 2507 1616 Corbana,
2553 1551 3017 1621 gazophylacium.
3068 1552 3321 1607 Corbona
3353 1564 3531 1610 autem
3560 1557 3831 1627 interpre-

2240 1654 2384 1699 tatur
2430 1645 2651 1698 oblatio.
2703 1643 2958 1709 Chasma,
3002 1645 3055 1698 in
3103 1645 3266 1712 Luca,
3326 1647 3534 1712 hiatus;
3578 1648 3830 1707 Graecum

544 1749 763 1802 diversa
812 1744 1110 1799 mittantur.
1157 1739 1431 1793 Cherubin
1463 1777 1478 1803 ,
1523 1735 1763 1790 scientia:
1824 1730 2132 1786 multitudo.
2165 1720 2214 1781 Β
2242 1745 2343 1789 est.
2378 1737 2626 1807 Erysibe,
2661 1736 2713 1790 in
2741 1737 3027 1806 propheta,
3053 1752 3257 1805 aerugo,
3290 1738 3341 1793 id
3369 1749 3455 1794 est
3476 1742 3666 1811 rubigo
3686 1758 3829 1797 mes-

543 1840 814 1893 Caaterum
864 1834 1134 1889 Cherubin
1170 1832 1343 1899 ipsum
1391 1828 1445 1882 in
1469 1835 1655 1881 sancta
1687 1833 1996 1880 sanctorum
2028 1822 2136 1874 duo

545 1941 751 1987 tantum
792 1928 1167 1998 signiﬁcantur
1212 1922 1493 1977 animalia.
1529 1919 1663 1973 Aliis
1698 1932 1827 1973 vero
1867 1918 2003 1971 locis
2048 1913 2138 1968 ubi

544 2024 648 2077 hoc
699 2035 896 2075 nomen
950 2016 1164 2086 legitur,
1195 2022 1287 2067 aut
1329 2012 1595 2080 picturam
1638 2010 1873 2078 aliquam
1906 2006 2135 2069 indicat,

545 2124 637 2169 aut
669 2113 1004 2168 varietatem.

1149 2195 1375 2253 CAPUT
1426 2195 1515 2250 Ill.

823 2294 901 2348 De
942 2291 1255 2362 expositione
1287 2290 1604 2341 diversarum
1643 2299 1836 2338 rerum.

620 2387 994 2455 Mandragora,
1045 2384 1097 2437 in
1145 2382 1366 2447 Genesi,
1407 2394 1576 2449 genus
1617 2378 1759 2447 pomi
1808 2373 2142 2429 simillimum

554 2496 718 2550 parvo
751 2478 945 2547 peponi
984 2475 1164 2545 specie
1198 2477 1283 2527 vel
1330 2474 1517 2527 odore.
1553 2468 1823 2523 Mazaroth
1860 2470 2140 2533 zodiacon,

551 2588 673 2643 quae
727 2569 1008 2624 duodecim
1058 2568 1209 2637 signa
1261 2563 1625 2619 mathematici
1670 2572 1937 2616 asserunt.
1986 2560 2144 2625 Fath,

552 2664 734 2725 clima,
795 2660 848 2714 id
904 2669 986 2714 est
1035 2659 1190 2727 plaga
1242 2656 1572 2719 Meridiana,
1628 2654 1711 2707 vel
1763 2652 2145 2707 Occidentalis.

556 2752 860 2815 Rhamnus,
910 2750 963 2802 in
1008 2746 1297 2810 Psalterio,
1343 2760 1450 2799 non
1498 2744 1663 2798 rubus
1692 2752 1793 2807 est,
1830 2743 1925 2795 sed
1966 2742 2149 2810 spina—

557 2862 676 2901 rum
714 2858 885 2913 genus
924 2842 1168 2897 sentibus
1218 2837 1627 2910 permolestum.
1660 2835 1999 2903 Rhomphea,
2038 2835 2151 2902 gla-

556 2939 703 2991 dium
752 2939 804 2989 in
839 2935 1083 2990 Latinum
1116 2942 1289 2987 sonat.
1322 2931 1454 2985 Nam
1498 2930 1586 2983 ubi
1618 2929 1671 2981 in
1701 2926 1896 2981 Genesi
1928 2924 2146 2989 dicitur,

557 3030 783 3086 Gladius
824 3028 1107 3083 ﬁammeus
1140 3036 1300 3096 atque
1327 3023 1623 3086 versatilis,
1665 3022 1717 3074 in
1749 3019 1937 3075 Graeco
1966 3018 2154 3073 rhom-

2241 1830 2413 1893 sium;
2445 1826 2693 1882 Graecum
2736 1838 2841 1881 est.
2873 1827 3115 1895 Zizania,
3152 1828 3361 1884 lolium.
3396 1832 3602 1900 Sicera,
3638 1851 3833 1891 succus

2243 1938 2307 1977 ex
2348 1922 2605 1993 dactylis;
2640 1929 2695 1976 et
2724 1921 2899 1974 omnis
2938 1930 3132 1990 praeter
3173 1926 3354 1977 vinum
3400 1924 3591 1995 liquor,
3638 1931 3730 1997 qui
3762 1930 3832 1985 ad

2244 2016 2564 2079 bibendum,
2604 2022 2698 2068 aut
2724 2029 2753 2067 e
2783 2014 2978 2083 pomis,
3008 2023 3099 2067 aut
3127 2015 3363 2083 quolibet
3389 2032 3585 2086 genere
3604 2020 3838 2075 conﬁci-

2248 2117 2353 2172 tur,
2395 2108 2565 2161 sicera
2614 2116 2972 2176 nuncupatur.
3020 2104 3255 2160 Nardum
3294 2107 3559 2178 pisticum,
3594 2109 3835 2165 nardum

2246 2198 2424 2263 ﬁdele,
2459 2198 2510 2252 id
2539 2208 2622 2252 est
2668 2200 2789 2252 sine
2821 2199 3153 2266 impostura;
3187 2197 3424 2253 Graecum
3454 2212 3557 2254 e51.
3590 2200 3837 2257 Nardum

2246 2292 2536 2361 spicatum,
2570 2290 2636 2344 ab
2674 2304 2740 2344 eo
2765 2290 2908 2359 quod
2952 2290 3161 2358 Species
3192 2290 3306 2358 ipsa
3334 2291 3487 2345 nardi
3527 2292 3579 2345 in
3612 2293 3838 2348 modum

2248 2383 2411 2452 spica:
2442 2384 2530 2445 sit,
2558 2396 2677 2448 qua:
2725 2381 2898 2434 inlusa
2940 2379 3247 2435 conﬁcitur.
3296 2382 3634 2436 Alabastrum
3665 2398 3840 2453 genus

2253 2473 2541 2529 marmoris
2575 2472 2824 2542 pretiosi,
2850 2487 2918 2526 ex
2942 2488 3051 2541 quo
3081 2472 3390 2541 Evangelici
3420 2474 3562 2529 illius
3584 2478 3841 2545 unguenti

2252 2565 2525 2621 vasculum
2569 2574 2702 2619 erat.
2739 2563 3007 2632 Stadium,
3054 2563 3107 2617 in
3144 2563 3434 2635 Evangelia
3482 2568 3645 2638 spatii
3688 2580 3840 2623 certa

2252 2657 2539 2711 dimensio.
2568 2654 2703 2709 Octo
2731 2654 2903 2710 stadia
2935 2654 3085 2709 mille
3108 2670 3297 2724 passus
3326 2657 3595 2712 efﬁciunt.

2326 2748 2455 2803 Ηωο
2483 2749 2700 2802 nomina
2731 2762 2851 2815 qua:
2880 2746 3299 2816 subsequuntur,
3346 2747 3399 2802 in
3440 2749 3648 2819 Exodo,
3675 2751 3756 2806 vel
3790 2754 3843 2807 in

2260 2842 2465 2909 Regum
2494 2840 2648 2895 libris
2678 2838 2761 2893 his
2788 2841 3133 2905 reperiuntur
3162 2839 3315 2907 locis,
3351 2857 3469 2910 quae
3493 2858 3632 2898 arca
3660 2844 3740 2899 vel
3768 2854 3845 2900 ta-

2258 2934 2559 2997 bernaculi,
2594 2942 2686 2987 aut
2714 2932 2897 3002 templi
2933 2931 3147 2985 Domini
3178 2932 3501 2989 relationem
3541 2936 3842 2992 continent.

2256 3026 2493 3095 Quorum
2542 3024 2819 3079 nominum
2874 3023 3156 3090 vocabula,
3209 3024 3277 3079 ad
3323 3025 3437 3081 haec
3484 3042 3605 3097 quas
3643 3028 3849 3083 obscu-

561 3124 696 3189 pilea
730 3121 965 3189 ponitur.
992 3117 1257 3182 Frameaa,
1298 3112 1845 3182 hastaalongissimae.
1892 3112 2027 3165 Sunt
2060 3091 2224 3178 quic
2257 3091 2399 3174 riora
2456 3127 2599 3182 sunt,
2648 3118 2699 3170 in
2747 3116 3103 3171 translatione
3156 3118 3327 3173 veteri
3379 3091 3664 3175 habentur.
3717 3121 3848 3178 Haec

562 3215 627 3268 iis
670 3212 831 3267 etiam
884 3225 1026 3265 nunc
1070 3222 1345 3263 armorum
1385 3206 1505 3259 vice
1552 3211 1764 3258 utentes
1803 3201 1907 3255 hoc
1958 3215 2153 3255 nomen

564 3304 826 3359 tribuunt.
874 3301 1103 3368 Quidam
1134 3302 1298 3355 etiam
1348 3298 1420 3351 ita
1464 3293 1669 3365 gladios
1718 3292 2014 3361 signiﬁcari
2056 3307 2155 3359 pu-

564 3404 699 3449 tant.
728 3394 1007 3463 Capparis,
1040 3393 1097 3445 in
1123 3390 1414 3445 Salomone
1450 3385 1635 3440 fruteti
1665 3398 1836 3454 genus
1860 3384 1915 3437 in
1936 3381 2157 3436 Oriente

562 3488 743 3541 simile
768 3485 1017 3540 lentisco.
1060 3483 1321 3547 Palathaz,
1354 3484 1407 3534 in
1439 3481 1772 3549 Regnorum,
1819 3491 2011 3532 massae
2039 3489 2159 3545 qua:

570 3582 637 3635 de
685 3580 991 3634 recentibus
1037 3577 1151 3631 ﬁcis
1180 3576 1452 3646 compingi
1484 3576 1679 3631 solent.
1724 3573 1964 3629 Palathze
2003 3571 2159 3627 Cra:-

572 3686 693 3725 cum
725 3677 831 3725 est.
869 3668 1172 3738 Debelaim,
1222 3667 1278 3721 in
1308 3666 1445 3722 Osea
1486 3665 1775 3737 propheta,
1810 3664 2056 3733 palathas
2078 3661 2161 3715 di-

566 3772 719 3819 cunt.
751 3763 936 3826 Dabir,
965 3762 1018 3815 in
1062 3760 1394 3831 Regnorum,
1437 3759 1720 3813 oraculum
1752 3758 1894 3826 quod
1937 3764 2054 3810 erat
2084 3754 2163 3808 fa-

567 3870 715 3916 ctum
747 3859 799 3913 in
827 3856 999 3912 media
1030 3854 1279 3911 interiori
1308 3861 1463 3923 parte
1492 3851 1699 3921 templi,
1735 3851 1787 3904 in
1819 3864 1924 3919 quo
1953 3858 2005 3903 et
2034 3861 2159 3901 arca

569 3954 783 4009 Domini
836 3963 973 4020 erat,
1019 3951 1120 4007 hoc
1170 3948 1541 4020 appellabatur
1588 3956 1772 4001 sancta
1819 3953 2158 3997 sanctorum.

568 4054 791 4121 Ityssus,
832 4065 1001 4119 genus
1032 4048 1190 4103 serici
1231 4046 1544 4115 grossioris,
1575 4043 1781 4113 pariter
1812 4051 1867 4095 et
1890 4040 2154 4096 fortioris.

571 4142 709 4196 Sunt
735 4138 951 4208 quidam
989 4138 1078 4206 qui
1106 4146 1160 4190 et
1185 4150 1356 4206 genus
1403 4134 1496 4187 lini
1524 4148 1647 4188 esse
1680 4133 1899 4202 byssum
1948 4140 2159 4202 putent.

571 4231 930 4296 Phoenicium,
963 4231 1017 4283 in
1048 4229 1205 4293 Isaia,
1249 4229 1553 4283 coccinum.
1589 4227 1837 4293 Luteres,
1870 4228 1923 4280 in
1947 4226 2163 4297 Regno-

571 4342 711 4393 rum,
744 4323 987 4388 conchae,
1017 4322 1101 4378 vel
1122 4322 1367 4377 canthari
1399 4322 1626 4391 aquarii.
1658 4319 1764 4375 Sed
1787 4329 1841 4374 et
1864 4321 2159 4375 cantharus

572 4422 816 4478 Graecum
844 4433 1039 4474 nomen
1068 4427 1169 4472 est.
1201 4415 1433 4482 Latomi,
1470 4415 1524 4468 in
1564 4414 1896 4483 Regnorum,
1923 4414 2161 4481 lapidum

572 4527 832 4569 caesores:
862 4520 916 4567 et
942 4510 1042 4565 hoc
1071 4510 1324 4565 Graecum
1351 4518 1455 4564 est.
1485 4507 1757 4577 Creagrze,
1792 4508 1843 4561 in
1875 4506 2156 4576 Paralipo-

574 4620 795 4671 menon,
841 4603 1089 4668 fuscinaa,
1140 4604 1207 4655 ad
1252 4616 1443 4656 carnes
1475 4600 1543 4655 de
1574 4599 1826 4654 caldariis
1868 4598 2159 4669 proferen-

574 4702 694 4765 das,
722 4701 968 4755 Graecum
1010 4708 1111 4754 est.
1143 4698 1431 4762 Sambuca,
1466 4698 1519 4750 in
1563 4696 1785 4751 musicis
1812 4711 1982 4765 genus
2010 4711 2160 4766 sym-

574 4791 913 4860 phoniarum.
946 4789 1171 4844 Nablum
1205 4789 1343 4858 quod
1374 4789 1566 4844 Grazce
1609 4789 1914 4858 appellatur
1950 4787 2163 4842 Psalte-

576 4887 735 4949 rium,
762 4882 1010 4953 quodque
1030 4898 1060 4936 a
1085 4881 1362 4949 psallendo
1384 4881 1583 4936 dictum
1615 4890 1717 4936 est.
1746 4880 1823 4933 Ad
1856 4879 2164 4934 similitudi-

577 4991 699 5030 nem
722 4984 805 5030 est
825 4973 1047 5029 citharae
1067 4973 1432 5028 barbaricsein
1457 4971 1675 5025 modum
1694 4971 1858 5025 delta:
1880 4971 2075 5025 litterae
2107 4984 2167 5027 Δ.

576 5068 935 5138 Tympanum,
975 5065 1120 5136 quod
1170 5074 1387 5122 extenta
1438 5065 1576 5134 pelle
1603 5064 1686 5119 vel
1727 5065 1877 5119 corio
1907 5064 2159 5119 efﬁcitur.

578 5159 782 5228 Cinari,
817 5167 873 5214 ut
896 5159 1115 5229 quidam
1148 5168 1357 5229 putant,
1409 5158 1709 5227 acetabula,
1754 5174 1872 5227 qum
1910 5173 2168 5227 percussa

582 5256 635 5309 in
657 5252 901 5307 modulos
928 5253 1294 5307 concitantur.
1319 5251 1548 5322 Thyina,
1577 5250 1741 5320 ligna.
1788 5250 1863 5304 De
1894 5249 1977 5305 his
2007 5250 2169 5307 Salo-

582 5361 709 5400 mon
753 5344 950 5415 gradus
980 5342 1111 5399 fecit
1155 5346 1206 5398 in
1239 5344 1401 5399 domo
1434 5343 1663 5409 Domini,
1712 5342 1987 5412 incognita
2024 5343 2168 5414 ligna

579 5441 743 5495 etiam
775 5437 1121 5507 peritioribus
1150 5436 1477 5493 Iudaeorum.
1511 5436 1743 5501 Sethim,
1792 5437 2073 5504 spinarum
2112 5438 2169 5492 in

580 5548 765 5589 eremo
798 5546 970 5601 genus
998 5540 1103 5597 est,
1149 5548 1179 5587 e
1212 5532 1405 5599 quibus
1434 5532 1633 5599 lignum
1680 5529 2031 5599 imputribile.
2062 5529 2168 5584 Sa-

580 5625 729 5693 beth,
769 5623 987 5693 virgulti
1017 5624 1157 5692 apud
1193 5624 1449 5678 liebrzeos
1480 5639 1677 5678 nomen
1705 5633 1809 5691 est,
1844 5624 1896 5676 in
1927 5621 2125 5677 Genesi
2151 5641 2164 5677 :

581 5712 747 5779 Ecce,
797 5711 987 5782 inquit,
1033 5713 1175 5769 aries
1217 5723 1339 5783 post
1370 5723 1577 5783 tergum
1622 5714 1741 5783 ejus
1793 5714 2076 5771 tenebatur
2111 5717 2169 5773 in

2190 4472 2243 4533 D

2259 3228 2389 3267 vero
2440 3226 2563 3281 quae
2618 3209 2878 3264 lucidiora
2934 3219 3215 3279 apparent,
3272 3225 3427 3266 novre
3474 3214 3851 3271 translationis

2261 3314 2419 3361 textu
2441 3304 2812 3357 continentur.
2844 3301 3009 3357 Vetus
3044 3317 3175 3373 ergo
3205 3303 3486 3359 translatio
3512 3304 3692 3372 habet,
3724 3321 3853 3378 spe-

2262 3409 2467 3451 rateres
2488 3412 2502 3456 ;
2536 3410 2697 3460 nova,
2732 3395 2953 3450 ferulas.

2334 3490 2686 3554 Calamiscos,
2711 3489 2966 3543 calamos.
2999 3488 3272 3556 Troiscos,
3302 3490 3385 3544 vel
3414 3491 3670 3555 cariscos,
3698 3495 3853 3563 quasi

2266 3586 2320 3639 in
2354 3581 2507 3637 nucis
2555 3580 2773 3635 modum
2802 3579 3156 3636 deformatos.
3191 3582 3546 3648 Anconiscos,
3593 3585 3855 3639 incastra-

2266 3686 2434 3730 turas.
2467 3673 2798 3742 Aspidiscas,
2826 3672 3071 3727 uncinos.
3102 3672 3389 3736 Fimbrias,
3412 3684 3651 3730 catenas.
3680 3676 3857 3732 Scita-

2266 3769 2367 3833 las,
2411 3777 2615 3822 vectes.
2661 3765 2956 3835 Lapidibus
2987 3768 3299 3832 acrotomis,
3330 3766 3615 3821 dedolatis.
3654 3769 3859 3839 Degra-

2266 3861 2465 3932 pidem,
2513 3857 2845 3913 caelaturam.
2896 3856 3113 3924 Petalis,
3167 3857 3401 3911 laminis.
3447 3858 3849 3927 Perimentum,

2267 3958 2484 4010 lineam.
2538 3952 2761 4021 Spiras,
2819 3950 3069 4021 capitella
3115 3950 3524 4019 columnarum,
3582 3953 3665 4007 vel
3719 3954 3861 4009 sicut

2269 4056 2417 4115 puto,
2448 4044 2707 4097 facturam
2754 4058 2961 4097 earum.
2998 4043 3170 4111 Elam,
3206 4044 3469 4112 porticum
3498 4062 3511 4095 :
3543 4044 3634 4098 sed
3664 4047 3861 4100 melius

2266 4138 2652 4205 interpretatur
2673 4143 2797 4188 ante
2827 4132 2991 4200 fores,
3016 4134 3131 4188 sive
3156 4135 3500 4188 vestibulum.
3534 4135 3677 4205 Ergo
3702 4136 3859 4191 Elam

2268 4228 2592 4283 Hebraicum
2642 4233 2744 4279 est.
2788 4225 2996 4280 Caetera
3036 4240 3154 4295 qua:
3201 4226 3446 4294 superius
3482 4236 3626 4294 sunt,
3670 4228 3862 4283 Graeca

2269 4330 2391 4376 sunt
2422 4320 2680 4374 maxime.
2717 4320 2850 4375 Item
2897 4320 2949 4373 in
2994 4318 3299 4373 Ezechielis
3340 4328 3583 4374 extrema
3622 4332 3774 4389 parte
3806 4324 3861 4377 in

2270 4416 2479 4469 visione
2506 4413 2761 4477 civitatis,
2794 4413 2846 4467 in
2886 4412 3058 4467 veteri
3086 4412 3442 4466 translatione
3472 4412 3636 4467 habet
3676 4423 3865 4483 pasto.

2271 4507 2482 4577 phoria,
2516 4507 2573 4561 in
2602 4522 2740 4562 nova
2786 4505 3195 4577 gazophylacia,
3239 4506 3289 4559 id
3331 4515 3435 4574 est,
3468 4506 3691 4561 cellulas
3738 4523 3864 4576 par-

2272 4616 2387 4655 vas.
2435 4603 2602 4666 Thee,
2656 4601 2948 4665 thalamos,
2991 4599 3173 4666 Aileu,
3221 4601 3472 4654 frontem.
3508 4599 3862 4671 Elaucooui,

2271 4696 2618 4749 vestibulum.
2680 4693 3060 4765 Polyandron,
3115 4692 3509 4748 multitudines.
3559 4692 3862 4763 Spitamis,

2272 4786 2502 4857 palmus.
2562 4786 2772 4852 Gissus,
2827 4786 3088 4839 deﬁnitio.
3142 4785 3349 4851 Manaa,
3407 4785 3753 4841 sacriﬁcium.
3804 4788 3866 4843 ln

2274 4878 2504 4948 Regum,
2545 4877 2886 4947 cenotaphia,
2928 4878 3234 4941 simulacra,
3278 4894 3396 4947 qua:
3436 4877 3622 4933 Graece
3658 4885 3879 4953 μορφὼο»

2274 4994 2434 5044 ματα.
2456 4970 2563 5025 Sed
2592 4970 2707 5025 haec
2735 4971 3016 5024 hactenus.
3049 4968 3201 5023 Nunc
3229 4969 3535 5023 etiamillud
3562 4971 3770 5039 accipe,
3809 4980 3867 5025 ut

2274 5063 2521 5133 quaedam
2553 5061 2775 5116 nomina
2818 5062 2965 5131 prius
3004 5059 3281 5129 Scriptura
3321 5060 3691 5130 appellaverit,
3719 5071 3775 5115 et
3809 5075 3875 5116 ut

2276 5171 2417 5210 nunc
2443 5161 2727 5210 vocentur.

2886 5221 3115 5278 CAPUT
3155 5222 3248 5280 Ν.

2887 5314 2966 5369 De
2987 5314 3242 5385 gentibus.

2344 5430 2564 5495 Gomor,
2613 5428 2667 5482 in
2706 5426 2922 5492 Genesi,
2972 5426 3198 5492 Galate,
3250 5427 3304 5482 id
3352 5434 3436 5483 est
3480 5426 3648 5494 Galli,
3692 5429 3784 5495 qui
3830 5443 3863 5482 a

2271 5521 2507 5576 candore
2547 5520 2791 5591 corporis
2820 5520 3053 5589 primum
3096 5518 3299 5573 Galatte
3343 5518 3597 5587 appellati
3635 5527 3782 5583 sunt,
3828 5534 3862 5573 e

2272 5615 2464 5684 quibus
2505 5614 2689 5683 populi
2735 5612 3005 5682 quondam
3047 5615 3101 5666 in
3144 5610 3378 5666 Orientis
3424 5610 3717 5679 longinqua
3752 5612 3857 5665 mi-

2270 5718 2484 5779 grantes
2524 5708 2753 5780 primum
2780 5706 3119 5779 Gallograeci,
3149 5719 3291 5766 nunc
3318 5702 3541 5775 antiquo
3574 5704 3862 5765 Gallorum
