4042 6188
272 180 402 261 ἐι-1

1459 200 2021 261 INSTRUCTIONUM
2062 206 2266 265 LIBER
2303 210 2369 267 II.

3472 230 3582 290 8I8

276 325 497 378 nomine
537 295 742 379 Galatae
789 329 1067 377 vocantur.
1110 323 1317 393 Magog,
1352 321 1595 392 Scythae.
1644 318 1875 388 Quidam
1904 322 1957 384 Α
1983 322 2193 394 Lydda,
2226 326 2341 396 ipsa
2374 336 2458 383 est
2492 329 2785 403 Diospolis.
2818 336 3120 409 Decapolis,
3169 341 3222 398 in
3254 342 3570 423 Evangelio,

278 416 392 486 Gog
427 424 483 472 et
512 416 721 487 Magog,
763 414 971 471 Gothos
1013 424 1219 484 putant.
1265 415 1445 481 Jubal,
1477 415 1636 482 Iberi,
1686 415 1774 482 qui
1818 422 1874 470 et

280 509 526 578 IIispani.

354 602 590 667 Thiras,
640 600 900 656 Thraces.
950 600 1290 672 Thogorma,
1346 602 1616 673 Phryges,
1677 602 1870 671 Madai,

280 692 442 749 Medi.
474 696 664 757 Javan,
700 694 874 758 Iones,
908 694 997 765 qui
1032 703 1084 748 et
1112 693 1306 749 Graeci.
1335 692 1494 751 Unde
1531 704 1589 749 et
1617 710 1766 751 mare
1790 695 1875 749 Io-

280 788 451 841 nium.
485 784 697 849 Cethei,
740 785 890 853 Citii,
930 786 1073 841 idem
1102 786 1295 856 Ciprii,
1328 786 1468 856 apud
1501 802 1637 855 quos
1663 796 1715 841 et
1742 788 1874 842 urbs

278 876 495 932 Clttium
525 878 814 932 vocitatur.
859 877 1153 943 Donanim,
1188 877 1406 931 Rhodii.
1437 878 1513 932 Ex
1539 877 1626 932 his
1656 878 1874 933 Grame-

279 984 395 1023 rum
428 968 740 1024 nationibus
768 969 1047 1036 exstitere,
1076 968 1169 1038 qui
1201 983 1229 1022 a
1260 968 1443 1024 Tauro
1485 978 1671 1025 monte
1700 985 1872 1040 usque

277 1062 677 1117 Occidentalem
711 1062 983 1117 Oceanum
1015 1062 1342 1117 maritimam
1374 1078 1525 1116 oram
1568 1077 1873 1132 occupave-

278 1161 423 1207 runt.
459 1153 552 1208 Hae
598 1168 785 1209 omnes
829 1163 1019 1224 gentes
1062 1153 1132 1209 de
1157 1154 1392 1223 Japheth
1440 1154 1609 1223 stirpe
1645 1154 1871 1210 descen-

277 1244 431 1298 dunt

348 1336 514 1402 Cbus,
547 1335 839 1407 IEthiopia.
873 1335 1150 1402 Mesraim,
1175 1334 1464 1406 Egyptus.
1496 1333 1751 1401 Casloim,
1780 1337 1870 1407 qui

276 1437 463 1499 postea
507 1428 800 1493 Philistini,
851 1442 995 1481 nunc
1041 1426 1337 1481 Palaestini.
1381 1426 1546 1481 Iidem
1589 1437 1771 1483 tamen
1816 1436 1872 1482 et

275 1521 569 1592 Allophyli.
616 1520 781 1575 Iidem
830 1528 887 1575 et
931 1518 1249 1589 alienigenae
1277 1516 1532 1588 appellati
1575 1526 1721 1573 sunt.
1754 1518 1867 1574 Ho-

274 1631 392 1669 rum
422 1615 610 1670 civitas
649 1614 902 1667 Ascalon.
945 1612 1107 1676 Saba,
1141 1612 1357 1667 Arabia.
1410 1612 1551 1667 Saba
1592 1612 1869 1666 vocitatur

270 1718 323 1763 et
347 1709 499 1777 regio
530 1706 583 1760 in
614 1722 717 1775 qua
746 1722 888 1760 nunc
930 1705 1122 1760 Sabaei.
1172 1705 1347 1771 Evila,
1396 1704 1596 1760 Getuli.
1632 1704 1858 1772 Labain,
1894 1699 1944 1759 B

271 1814 419 1854 nunc
445 1798 663 1868 Libyes,
695 1796 962 1866 quondam
992 1796 1188 1850 Futhei
1213 1796 1650 1865 appellabantur,
1692 1795 1865 1851 Thar-

270 1892 371 1958 sis,
402 1892 518 1946 sive
541 1889 884 1955 Carchedon,
916 1888 1186 1958 Carthago
1224 1898 1307 1944 est
1334 1907 1346 1941 :
1374 1889 1593 1956 quidam
1624 1890 1865 1945 Tharsos

270 1983 512 2038 Ciliciam
539 1982 889 2047 arbitrantur,
922 1982 1045 2051 quia
1075 1990 1130 2036 et
1157 1980 1349 2035 civitas
1380 1980 1603 2035 Tharsis
1625 1981 1734 2035 illic
1759 1982 1863 2035 sita

272 2084 374 2131 est.
406 2073 604 2139 Africa,
640 2073 905 2143 appellata
935 2072 1004 2126 ab
1033 2087 1144 2127 uno
1174 2087 1240 2126 ex
1274 2072 1507 2141 posteris
1538 2071 1768 2126 Abrahm
1796 2074 1863 2127 de

267 2168 523 2235 Cethura,
560 2170 652 2238 qui
679 2176 907 2222 vocatus
937 2174 1019 2221 est
1055 2167 1263 2235 Apher.
1297 2165 1647 2231 Ismahelitae,
1668 2166 1862 2231 vocati

265 2260 337 2313 ab
366 2259 587 2315 lsmaele
614 2258 726 2313 ﬁlio
756 2258 1010 2313 Abrahae.
1046 2257 1211 2312 Iidem
1242 2266 1297 2312 et
1328 2257 1607 2325 Saraceni,
1638 2273 1667 2310 a
1701 2258 1855 2314 Sara.

267 2349 439 2404 Iidem
470 2360 525 2403 et
562 2349 815 2419 Agareni,
849 2350 915 2403 ab
936 2349 1099 2419 Agar.
1126 2348 1408 2413 Nabathei,
1452 2364 1481 2402 a
1510 2348 1718 2404 Nabeth
1752 2350 1862 2406 ﬁlio

263 2441 509 2496 Ismaelis
550 2441 825 2511 appellati,
856 2441 946 2510 qui
976 2442 1047 2496 ab
1074 2441 1298 2497 Eufrate
1330 2442 1398 2497 ad
1438 2457 1587 2498 mare
1614 2443 1860 2500 Rubrum

265 2532 637 2602 porriguntur.
690 2532 967 2587 Chananei
1015 2533 1273 2602 appellati
1317 2533 1385 2589 de
1435 2534 1695 2590 Chanaan
1746 2536 1861 2593 ﬁlio

262 2625 458 2679 Cham.
494 2625 697 2680 Horum
727 2634 929 2681 terram
950 2625 1123 2681 Judaei
1151 2628 1388 2696 expulsis
1429 2628 1623 2686 incolis
1664 2646 1860 2701 posse-

262 2717 482 2772 derunt.
520 2716 583 2771 Hi
620 2732 809 2772 omnes
836 2717 904 2773 de
943 2718 1153 2787 origine
1178 2718 1347 2774 Cham
1375 2721 1620 2776 veniunt.
1664 2724 1857 2789 Assur,

264 2810 473 2881 Assyrii
500 2809 569 2863 ab
598 2809 767 2865 Assur
792 2809 903 2864 ﬁlio
928 2811 1074 2867 Sem.
1112 2811 1180 2866 Hi
1204 2812 1394 2868 urbem
1423 2813 1619 2869 Ninum
1648 2829 1718 2871 ex
1761 2831 1859 2870 no-

263 2904 410 2959 mine
438 2903 555 2958 Nini
588 2905 732 2973 regis
760 2905 1137 2969 condiderunt,
1172 2921 1292 2975 qua:
1339 2922 1480 2961 nunc
1530 2908 1721 2963 Ninive
1750 2924 1855 2965 vo-

262 3003 440 3049 catur.
472 2996 641 3066 Syros
678 2997 979 3066 appellatos
1009 2996 1229 3065 quidam
1259 3006 1513 3053 asserunt
1540 3000 1609 3054 ab
1638 3000 1855 3054 Asurim

1977 420 2128 486 regio
2151 428 2232 474 est
2260 420 2471 477 habens
2496 425 2749 481 civitates
2772 429 2985 485 decem.
3016 434 3283 507 Accaron,
3320 442 3447 496 urhs
3474 420 3574 498 Pa;

1977 512 2226 589 laestinae.
2274 512 2643 583 Antilibanus,
2690 520 2808 575 loca
2860 526 3196 594 appellant-ur
3245 547 3365 602 qua:
3405 550 3571 606 supra

1976 602 2236 659 Libanum
2292 616 2532 663 montem
2590 608 2923 668 Orientalem
2981 616 3191 688 plagam
3246 602 3566 688 respiciunt.

1976 696 2201 762 Eﬂ‘rata,
2235 701 2427 755 civitas
2458 702 2799 759 Bethlehem.
2835 706 3085 764 Eulrates
3111 727 3241 767 vero
3272 714 3466 772 ﬂuvius
3501 719 3570 774 de

1976 790 2249 858 paradiso.
2279 792 2665 862 MesopOtamia
2698 796 2900 852 idcirco
2926 799 3144 869 dicitur,
3178 806 3321 874 quod
3350 806 3570 879 Tigride

1973 890 2029 936 et
2059 882 2277 940 Eufrate
2318 884 2628 942 ﬂuminibus
2668 889 2955 947 ambiatur.
2990 893 3236 951 Samaria
3272 899 3390 969 ipsa
3420 918 3567 959 nunc

1972 978 2197 1033 Sebaste
2245 980 2571 1047 appellatur.
2624 982 2843 1050 Emaus,
2892 985 2946 1039 in
2996 986 3311 1061 Evangelio,
3362 1009 3564 1050 nomen

1972 1070 2246 1137 quondam
2278 1072 2508 1138 castelli,
2553 1089 2696 1129 nunc
2721 1075 2931 1143 civitas,
2966 1095 3087 1148 quae
3128 1081 3401 1151 Nicopolis
3427 1085 3566 1143 dici-

1973 1168 2081 1215 tur.
2116 1162 2381 1229 Calvaria,
2414 1164 2564 1218 locus
2596 1165 2667 1219 ob
2697 1166 2833 1221 hanc
2853 1182 3073 1223 causam
3099 1172 3295 1240 dictus,
3326 1177 3469 1245 quod
3493 1177 3563 1232 de

1971 1254 2362 1310 consuetudine
2393 1255 2445 1309 in
2486 1255 2676 1312 eodem
2709 1258 2827 1314 loco
2857 1259 3093 1317 damnati
3139 1266 3318 1334 capite
3350 1278 3567 1322 trunca-

1971 1355 2179 1400 rentur.
2214 1346 2537 1417 Ariopagus,
2584 1350 2748 1404 curia:
2778 1352 2922 1421 apud
2952 1354 3323 1422 {Athenienses
3362 1375 3559 1415 nomen

1970 1448 2074 1504 est,
2101 1455 2221 1509 qua:
2251 1455 2281 1493 a
2315 1441 2485 1497 Marte
2515 1457 2711 1498 nomen
2745 1445 2977 1513 accepit.

2578 1575 2809 1631 CAPUT
2849 1576 2941 1631 VI.

2407 1689 2487 1744 De
2520 1691 2822 1759 ﬂuminibus
2848 1692 2928 1747 vel
2948 1695 3119 1764 aquis.

2039 1800 2211 1869 Geon,
2246 1802 2440 1857 ﬂuvius
2491 1814 2575 1858 est
2621 1804 2933 1877 EthIOpite,
2983 1808 3050 1863 de
3096 1810 3349 1879 paradiso
3385 1826 3562 1870 emero

1965 1908 2118 1963 gens,
2142 1910 2303 1964 quem
2325 1894 2505 1949 Nilum
2536 1899 2732 1951 usitato
2761 1900 2979 1955 nomine
3001 1903 3300 1972 appellant.
3330 1903 3560 1974 Phison,

1966 1985 2161 2041 ﬂuvius
2201 1987 2387 2053 Indiae,
2421 1988 2563 2042 idem
2596 2004 2811 2060 quoque
2832 2007 2861 2046 a
2893 1994 3143 2060 paradiso
3171 1996 3347 2053 ﬂuens
3378 1999 3562 2055 :hunc

1964 2078 2055 2132 alii
2086 2078 2306 2149 Gangen
2334 2089 2548 2135 vocant.
2580 2083 2751 2151 Siloe,
2792 2083 2915 2140 fons
2960 2096 3044 2141 est
3076 2088 3128 2142 in
3156 2090 3458 2148 Jerusalem
3492 2094 3561 2150 de

1964 2171 2148 2227 radice
2178 2174 2376 2229 montis
2403 2174 2532 2230 Sion
2562 2175 2822 2244 bulliens,
2854 2177 2947 2248 qui
2980 2194 3085 2234 non
3117 2196 3351 2253 semper,
3382 2186 3477 2240 sed
3503 2187 3560 2241 in

1964 2265 2128 2319 certis
2168 2264 2318 2320 horis
2354 2265 2653 2335 diebusque
2704 2279 2921 2325 emanat
2966 2286 3062 2342 per
3113 2282 3267 2330 antra
3311 2290 3555 2347 saxaque

1964 2357 2283 2413 decurrens.
2308 2359 2588 2427 Iordanis,
2613 2360 2734 2417 ideo
2756 2363 2932 2420 dictus
2961 2376 3067 2431 est,
3087 2369 3232 2437 quod
3253 2370 3361 2425 duo
3379 2371 3558 2427 fontes

1962 2446 2018 2502 in
2065 2466 2228 2504 unum
2273 2451 2570 2520 conﬂuant,
2601 2469 2833 2524 quorum
2865 2456 3005 2513 alter
3035 2458 3235 2515 dicitur
3259 2460 3373 2527 Jor,
3420 2463 3558 2517 alter

1963 2539 2078 2594 Dan
2114 2542 2436 2612 appellatur.
2468 2543 2616 2601 Mare
2644 2546 2890 2616 Galilcaz,
2926 2548 3071 2605 idem
3119 2559 3175 2607 et
3215 2567 3369 2609 mare
3397 2552 3559 2611 Tibe-

1963 2632 2149 2701 riadis,
2185 2635 2328 2690 idem
2360 2646 2415 2691 et
2439 2646 2684 2708 stagnum
2713 2640 2977 2712 Genesar,
3013 2643 3154 2701 idem
3188 2655 3245 2702 et
3272 2647 3423 2704 lacus
3452 2649 3561 2705 Ge-

1962 2727 2237 2781 nesareth.
2283 2727 2427 2783 Mare
2476 2729 2827 2800 Salinarium,
2886 2734 2990 2792 hoc
3043 2745 3265 2794 vocatur
3300 2747 3357 2795 et
3406 2755 3560 2795 mare

1963 2818 2259 2884 Mortuum,
2305 2821 2389 2875 vel
2418 2823 2692 2892 Asphalti,
2726 2825 2780 2879 id
2812 2834 2916 2893 est,
2947 2828 3246 2895 bituminis,
3275 2844 3308 2884 a
3336 2830 3557 2887 Jericho

1963 2908 2102 2963 haud
2133 2911 2289 2980 longe
2331 2916 2503 2968 abest.
2540 2916 2848 2984 Bethsaida,
2884 2919 3089 2988 piscina
3130 2920 3185 2974 in
3221 2919 3548 2987 Jerusalem,

1961 2998 2017 3051 in
2049 3016 2207 3069 quam
2254 3011 2309 3056 et
2358 3003 2487 3073 :rgri
2526 3005 2948 3063 deferebantur:
2981 3008 3105 3065 ideo
3149 3018 3204 3064 et
3244 3010 3549 3079 Probatica,

259 3084 376 3139 ﬁlio
404 3086 634 3140 Abrahae
663 3101 731 3140 ex
760 3088 1010 3143 Cethura.
1051 3087 1146 3152 Us,
1172 3103 1291 3157 quae
1316 3098 1369 3143 et
1398 3089 1671 3144 Auxitidis
1703 3089 1853 3160 regio
1882 3070 1929 3134 (ἶ
1960 3092 2013 3146 id
2066 3103 2181 3160 est,
2237 3070 2471 3163 pecualis
2529 3100 2853 3167 appellatur,
2906 3101 3052 3171 quod
3122 3102 3329 3158 hostias
3384 3107 3437 3160 in
3488 3070 3552 3161 ea

259 3176 409 3232 circa
436 3176 811 3246 leesyriam,
859 3179 930 3231 ita
962 3178 1031 3231 ab
1058 3177 1135 3234 Us
1184 3179 1308 3234 Sem
1342 3191 1643 3248 pronepote
1671 3182 1858 3251 appel-

258 3269 389 3321 lata.
439 3267 707 3333 Elamitaa,
748 3266 949 3334 Persae,
1003 3268 1073 3322 ab
1113 3268 1261 3323 Elam
1294 3269 1403 3323 ﬁlio
1450 3270 1599 3325 Sem.
1641 3271 1855 3327 Hebraei

258 3358 625 3429 cognominati
667 3366 792 3412 sunt
827 3359 896 3413 ab
924 3358 1121 3424 Heber,
1150 3361 1242 3429 qui
1273 3374 1546 3431 pronepos
1572 3362 1674 3416 fuit
1704 3363 1852 3417 Sem.

259 3448 478 3517 Casdei,
514 3466 657 3506 nunc
681 3450 921 3506 Chaldaei
964 3460 1245 3518 vocantur,
1278 3463 1332 3507 et
1364 3452 1557 3509 Casdei
1588 3470 1617 3509 a
1653 3455 1853 3520 Cased,

256 3546 374 3601 ﬁlio
399 3546 611 3602 Nachor
636 3546 818 3601 fratris
858 3546 1113 3602 Abrahae.
1161 3546 1225 3601 Hi
1268 3560 1459 3602 omnes
1490 3548 1557 3604 de
1606 3550 1730 3605 Sem
1760 3564 1857 3620 po-

258 3638 507 3694 steritate
535 3638 855 3706 procedunt.

879 3730 1107 3787 CAPUT
1158 3730 1223 3787 ν.

923 3824 999 3876 De
1028 3824 1177 3879 locis.

329 3916 518 3982 Jebus,
559 3917 673 3986 ipsa
706 3926 790 3972 est
819 3916 1143 3983 Jerusalem,
1195 3918 1313 3988 ipsa
1358 3925 1442 3973 est
1484 3927 1539 3974 et
1566 3919 1765 3987 Salem,
1796 3922 1849 3975 in

260 4027 365 4082 qua
432 4012 673 4080 regnavit
718 4012 1137 4068 Melchisedech.
1201 4012 1328 4067 Haec
1382 4027 1524 4067 nunc
1580 4013 1648 4067 ab
1698 4013 1853 4069 Helio

257 4107 496 4163 Adriano
520 4116 739 4162 vocatur
763 4108 932 4163 Helia.
970 4108 1129 4164 Babel
1156 4108 1209 4163 in
1240 4109 1462 4176 Genesi,
1497 4126 1641 4166 nunc
1672 4111 1852 4183 Baby-

254 4199 345 4254 lon
382 4211 624 4255 vocatur.
662 4201 719 4255 In
763 4201 865 4256 hoc
906 4203 1029 4257 loco
1063 4219 1183 4259 cum
1216 4215 1421 4261 turrem
1448 4207 1717 4275 quondam
1750 4208 1850 4263 ho-

253 4293 429 4346 mines
460 4294 727 4348 :ediﬁcare
756 4295 1016 4350 adversus
1039 4300 1234 4353 caelum
1265 4300 1503 4367 aggressi
1536 4310 1741 4366 essent,
1766 4302 1847 4355 di-

250 4386 423 4453 spersi
472 4394 618 4447 sunt,
672 4387 931 4441 immensa
974 4388 1228 4443 divinitus
1278 4390 1595 4445 confusione
1627 4392 1845 4461 lingua-

1958 3184 2228 3251 quondam
2257 3186 2569 3242 sacerdotes
2601 3189 2871 3244 lavabant.

2561 3320 2790 3378 CAPUT
2830 3323 2944 3379 VII.

2555 3433 2635 3488 De
2663 3436 2936 3492 mensibus.

2033 3544 2221 3609 Nisan,
2254 3546 2304 3598 in
2351 3546 2488 3600 libro
2518 3548 2722 3615 Esdrze,
2755 3554 2956 3609 mensis
2996 3568 3153 3623 quem
3181 3555 3366 3612 dicunt
3406 3557 3545 3614 Mar-

1956 3640 2110 3705 tium,
2136 3642 2335 3710 quique
2364 3642 2415 3695 in
2447 3642 2739 3711 Scripturis
2765 3649 3069 3717 appellatur
3090 3651 3293 3706 mensis
3316 3653 3543 3722 primus.

1957 3730 2099 3795 Elui,
2142 3734 2196 3786 in
2239 3732 2671 3789 Machabmorum
2718 3738 2880 3802 libro,
2931 3743 3228 3811 Augustus,
3272 3746 3363 3815 qui
3408 3746 3547 3816 apud

1955 3838 2055 3878 nos
2087 3823 2289 3879 mensis
2310 3834 2494 3881 sextus
2520 3838 2765 3882 vocatur.
2792 3831 3005 3897 Casleu,
3036 3835 3088 3888 in
3128 3834 3389 3891 Zacharia
3419 3853 3549 3907 pro-

1954 3915 2138 3985 pheta,
2188 3918 2509 3985 November,
2560 3922 2649 3990 qui
2681 3931 2763 3975 est
2804 3939 2998 3977 nonus.
3048 3925 3277 3991 Teheth,
3314 3929 3367 3982 in
3407 3929 3546 3984 libro

1954 4006 2171 4076 Hester,
2206 4009 2523 4077 December,
2554 4014 2646 4082 qui
2688 4022 2772 4068 est
2798 4013 3062 4069 decimus.
3097 4014 3323 4083 Sabath,
3355 4018 3407 4072 in
3441 4020 3541 4073 Ζςι-

1953 4098 2133 4155 charia
2167 4104 2428 4170 propheta
2458 4103 2769 4170 Januarius,
2793 4109 2883 4176 qui
2912 4108 3053 4176 apud
3086 4123 3185 4164 nos
3206 4108 3541 4167 undecimus.

1952 4192 2117 4258 Adar,
2150 4193 2201 4247 in
2226 4195 2362 4249 libro
2386 4195 2593 4262 Esdrae,
2621 4197 2971 4265 Februarius,
2994 4200 3084 4269 qui
3111 4200 3249 4270 apud
3282 4216 3380 4255 nos
3410 4202 3545 4255 duo-

1951 4283 2216 4340 decimus.
2263 4287 2416 4353 Quod
2462 4291 2506 4343 si
2547 4290 2710 4345 etiam
2762 4292 2965 4362 reliqua
3002 4294 3230 4349 Hebrwa
3276 4296 3541 4352 mensium

1950 4379 2230 4439 vocabula,
2273 4396 2395 4449 quae
2444 4381 2494 4435 in
2540 4397 2750 4437 canone
2783 4400 2887 4438 non
2919 4387 3118 4453 reperi,
3158 4388 3300 4442 scire
3340 4389 3489 4443 voles
3526 4406 3540 4442 :

252 4492 394 4533 rum.
431 4478 628 4544 Achar,
675 4495 818 4532 nunc
856 4479 1059 4533 Nisibis
1090 4491 1329 4535 vocatur.
1373 4482 1659 4547 Reblatha,
1701 4500 1846 4539 nunc

1963 4466 2042 4521 lar
2070 4480 2296 4523 vocatur
2343 4474 2545 4527 mensis
2590 4477 2887 4540 secundus;
2938 4476 3102 4531 Sivan
3142 4479 3371 4546 tertius;
3401 4481 3543 4535 Tha.

250 4570 539 4625 Antiochia
569 4569 891 4637 appellatur.
936 4569 1136 4623 Eadem
1174 4581 1259 4625 est
1287 4572 1609 4640 Epiphania.
1639 4574 1841 4641 Sicem,

252 4663 369 4717 hazc
402 4671 486 4715 est
514 4670 564 4715 et
596 4662 824 4726 Sicema,
875 4676 1015 4714 nunc
1039 4661 1291 4731 Neapolis
1319 4664 1517 4718 civitas
1545 4667 1843 4720 Samarita-

248 4767 462 4807 norum.
494 4751 758 4815 Olibama,
789 4752 842 4804 in
883 4752 1169 4821 propheta,
1217 4754 1409 4808 civitas
1444 4756 1494 4809 in
1526 4772 1631 4823 qua
1672 4758 1841 4813 Edom

252 4847 522 4917 principes
552 4844 955 4898 habitaverunt.
985 4844 1157 4911 Ariel,
1183 4847 1237 4899 in
1268 4846 1429 4912 Isaia,
1466 4848 1604 4904 hanc
1624 4850 1840 4919 quidem

247 4952 370 4993 esse
412 4942 599 5005 putant
625 4934 949 5003 Ariopolim,
990 4937 1060 4990 ab
1104 4936 1251 4992 idolo
1282 4937 1463 4997 Martis
1493 4940 1660 5007 Ariel,
1700 4944 1843 5011 quod

247 5029 364 5085 illic
412 5029 576 5082 situm
615 5036 717 5082 est.
755 5026 1143 5096 Interpretatur
1172 5036 1353 5085 autem
1401 5032 1543 5085 Ariel
1595 5032 1681 5087 Ieo
1721 5034 1841 5101 Dei,

250 5122 554 5179 Jerusalem
583 5119 878 5190 ﬁguraliter
907 5120 1241 5191 signiﬁcans.
1266 5122 1526 5189 Ararath,
1562 5125 1839 5195 Armenia,

248 5217 305 5273 in
331 5216 487 5287 cujus
513 5212 785 5269 montibus
815 5223 935 5282 post
962 5214 1226 5268 diluvium
1254 5229 1378 5269 arca
1407 5217 1678 5284 consedit,
1705 5218 1843 5273 adeo

251 5318 310 5363 ut
337 5308 447 5364 illic
486 5306 667 5377 aliqua
706 5302 903 5360 indicia
934 5320 1077 5361 nunc
1112 5321 1284 5375 usque
1314 5316 1693 5376 permaneant.
1738 5309 1841 5365 Ar-

249 5400 391 5467 bete,
424 5415 542 5469 quae
570 5398 746 5454 Arbos
784 5398 837 5452 in
869 5398 1071 5453 nostris
1111 5399 1392 5456 codicibus
1422 5411 1678 5472 corrupte
1709 5403 1842 5473 legi-

248 5504 364 5559 tur,
396 5493 453 5547 in
479 5507 583 5562 qua
610 5500 719 5549 tres
753 5492 1075 5562 patriarcha:
1126 5494 1324 5563 sepulti
1354 5502 1502 5561 sunt,
1542 5495 1835 5560 Abraham,

250 5584 426 5647 Isaac,
456 5592 510 5636 et
537 5583 724 5650 Jacob,
767 5592 823 5638 et
865 5593 1129 5652 praeterea
1175 5585 1347 5639 Adam
1398 5589 1533 5655 ipse.
1586 5586 1711 5641 Haec
1757 5595 1841 5642 est

247 5676 410 5732 etiam
437 5673 674 5743 Hebron,
705 5676 760 5733 in
788 5690 891 5746 qua
924 5676 1092 5731 David
1139 5677 1401 5748 regnavit.
1437 5678 1576 5743 Lod,
1613 5679 1726 5748 ipsa
1756 5688 1843 5735 est

1949 4572 2068 4611 mus
2099 4570 2356 4627 quartus;
2408 4561 2509 4616 Alo
2540 4564 2797 4632 quintus;
2829 4566 2969 4620 Tisri
3020 4577 3240 4635 sextus;
3292 4571 3540 4628 Mareson

1950 4650 2230 4719 septimus.

2536 4747 2765 4806 CAPUT
2809 4751 2942 4806 VIII.

2481 4842 2559 4897 De
2580 4843 3006 4899 solemnitatibus.

2024 4936 2214 4988 Annus
2239 4934 2511 5003 jubilaeus,
2554 4951 2726 4991 annus
2756 4937 3252 5008 quinquagesimus,
3300 4943 3389 5009 qui
3420 4954 3542 4997 crat

1950 5043 2125 5083 annus
2147 5027 2509 5095 remissionis,
2533 5045 2640 5099 quo
2663 5031 2712 5083 in
2742 5030 2907 5085 Israel
2932 5034 3298 5103 unusquisque
3320 5036 3401 5091 rei
3428 5054 3541 5091 sua:

1951 5122 2200 5176 venditur
2230 5121 2295 5175 ad
2318 5121 2408 5190 jus
2454 5122 2571 5191 ejus
2600 5121 2761 5176 etiam
2794 5121 2997 5191 absque
3026 5125 3203 5194 pretio
3230 5128 3540 5183 reverteba-

1950 5224 2055 5269 tur.
2100 5213 2328 5279 Pascha,
2359 5222 2727 5281 transcensus,
2778 5214 3061 5270 Hebraeum
3091 5223 3195 5282 est,
3233 5232 3340 5272 non
3379 5218 3536 5274 Graec
3576 5284 3580 5293 ι

1947 5322 2090 5364 cum.
2124 5309 2491 5365 Transcensus
2520 5324 2651 5364 vero
2690 5309 2893 5365 idcirco
2922 5310 3096 5365 dictus
3116 5320 3220 5378 est,
3253 5314 3396 5384 quod
3431 5315 3539 5370 IIe-

1946 5400 2074 5455 brazi
2103 5400 2171 5455 ab
2191 5399 2426 5471 )Egypto
2455 5401 2507 5455 in
2542 5389 2739 5455 terram
2780 5402 3219 5469 repromissionis
3248 5411 3533 5461 transcen-
3583 5403 3602 5443 ⁸»

1945 5493 2159 5547 derunt.
2194 5491 2354 5548 Certe
2383 5493 2580 5562 pascha
2611 5502 2852 5548 nostrum
2883 5502 2982 5560 est,
3017 5495 3161 5565 quod
3191 5494 3441 5552 Salvator
3464 5498 3533 5551 ab

1945 5584 2134 5641 inferis
2191 5599 2480 5655 resurgens
2541 5585 2803 5641 caelorum
2873 5601 3040 5658 regna
3111 5589 3529 5645 transcenderit.

1946 5676 2145 5745 Phase,
2177 5676 2364 5733 itidem
2393 5677 2591 5748 pascha
2621 5687 2708 5735 est
2730 5685 3108 5748 transcensus,
3135 5679 3220 5736 vel
3248 5679 3529 5738 transitus.
