4042 6188
453 218 557 245 σ·ῖ

470 243 581 311 819

1461 233 1522 293 S.
1562 227 1890 293 EUCHERII
1923 230 2403 293 LUGDUNENSIS
2439 234 2743 295 EPISCOPI

3726 214 3768 227 Α

3628 216 3767 297 ’896

470 367 610 427 Sunt
651 358 744 433 qui
783 357 955 431 magis
981 364 1381 420 transcensum,
1413 350 1499 407 vel
1529 353 1813 407 transitum
1856 366 1925 405 ex
1953 348 2057 404 hoc
2083 353 2137 412 Α
2162 350 2441 407 caraeellae
2489 352 2731 419 modum,
2784 346 2880 407 sed
2927 349 3046 408 sine
3097 350 3331 409 cucullo.
3377 348 3544 423 Cujus
3596 348 3771 409 vesti-

472 457 804 530 appellatum
847 453 1133 514 afﬁrmant,
1184 447 1325 515 quod
1366 444 1555 501 eadem
1606 452 1764 497 nocte
1806 443 2064 496 Dominus

474 568 575 623 per
604 548 902 621 Egyptum
952 542 1245 603 transierit.
1294 555 1417 594 cum
1462 538 1836 609 Egypliorum
1869 535 2064 602 primo-

477 645 659 718 genita
709 648 901 699 cuncta
955 634 1593 707 percussit(E:rod.xm,
1646 629 1755 699 15).
1809 630 2068 682 Penteco-

478 748 580 804 ste,
612 732 1080 808 quinquagesima,
1108 730 1355 787 Grmcum
1397 736 1502 785 est.
1544 726 1711 795 llujus
1740 725 2069 794 quinquage-

478 832 629 887 sima:
676 830 905 900 ﬁguram
950 840 1125 879 annus
1163 822 1415 891 jubilatus
1457 818 1644 889 gessit,
1693 818 1891 887 quique
1927 829 2070 870 nunc

479 924 675 977 iterum
736 920 931 973 futura:
991 912 1425 984 repromissionis
1499 918 1757 965 aeternam
1825 909 2067 977 requiem

482 1015 807 1084 prirﬁgurat.
840 1008 1195 1078 Scenopegia,
1246 1022 1367 1061 cum
1412 1003 1752 1058 tabernacula
1800 1018 1828 1054 a
1868 1002 2069 1057 Judreis

483 1107 741 1177 ﬁguntur,
780 1104 849 1157 ob
879 1101 1195 1157 memoriam
1228 1096 1718 1152 tabernaculorum.
1746 1102 1898 1153 Σκηνῆ
1926 1093 2067 1145 enim

482 1200 672 1256 Grzece
704 1195 1109 1253 tabernaculum
1136 1193 1355 1247 dicitur.
1390 1191 1515 1245 Ilaec
1539 1189 1846 1245 Judreorum
1880 1186 2074 1240 solem-

482 1294 626 1348 nitas
656 1291 961 1362 Septembri
1006 1302 1191 1342 mense
1236 1286 1559 1340 celebratur.
1610 1282 1884 1343 Enczenia,
1916 1296 2075 1336 novae

484 1384 857 1439 aadiﬁcationis
888 1380 1198 1435 observatio
1229 1378 1309 1432 vel
1335 1376 1623 1429 dedicatio.
1656 1374 1827 1429 καινὸν
1846 1387 2075 1441 namque

485 1477 543 1529 in
574 1478 765 1529 Grmca
808 1474 989 1541 lingua
1022 1486 1217 1524 novum
1251 1469 1533 1536 signiﬁcat.
1570 1466 1715 1535 Ergo
1760 1464 1813 1517 in
1856 1464 1955 1517 hac
1983 1478 2074 1517 so-

486 1566 761 1622 lemnitate
789 1563 961 1621 Jndzei
1012 1561 1233 1615 Octobri
1274 1570 1457 1613 mense
1504 1555 1859 1612 dedicationis
1890 1554 2075 1619 templi

485 1657 737 1712 colebant
760 1656 923 1709 diem.
956 1654 1280 1721 Epiphania,
1315 1651 1561 1706 Graecum
1593 1660 1698 1711 est,
1738 1647 1878 1717 quod
1911 1646 2075 1713 signi-

2168 446 2331 499 menti
2377 446 2486 499 duo
2530 453 2654 498 sunt
2698 459 2917 514 genera,
2948 461 3113 499 unum
3158 447 3359 500 lineum
3407 453 3462 499 et
3500 446 3767 515 simplex,

2168 538 2312 607 quod
2340 538 2651 594 sacerdotes
2691 538 2991 603 habebant;
3025 538 3167 592 aliud
3214 540 3441 594 diversis
3482 542 3767 598 coloribus

2168 632 2237 688 de
2261 647 2412 697 auro,
2444 647 2704 701 purpura,
2748 639 2803 685 et
2846 632 3030 703 bysso,
3074 631 3388 702 hyacintho,
3421 635 3769 705 gemmisque

2170 734 2503 791 contextum,
2554 739 2665 795 quo
2709 726 2812 779 soli
2853 724 3139 794 pontiﬁces
3168 726 3479 780 utebantur.
3510 725 3767 796 Poderis,

2171 818 2528 875 sacerdotalis
2556 817 2698 871 linea
2747 816 2965 887 corpori
2995 817 3210 886 penitus
3256 817 3499 886 astricta,
3528 819 3767 874 eadem-

2172 924 2274 979 que
2305 911 2511 970 talaris.
2552 910 2696 963 unde
2739 918 2794 962 et
2824 907 3044 977 poderis
3071 906 3339 976 appellata
3375 925 3389 961 :
3422 908 3533 965 haec
3579 921 3634 965 et
3665 928 3766 965 stt-

2172 1000 2363 1055 bucula
2406 999 2625 1053 dicitur.
2662 997 2887 1067 Logion,
2934 998 3075 1066 quod
3124 1007 3178 1052 et
3224 997 3505 1065 rationale,
3548 1014 3771 1069 pannus

2173 1095 2419 1162 exiguus,
2446 1108 2512 1147 ex
2550 1092 2803 1161 gemmis,
2847 1106 2979 1145 auro
3024 1091 3409 1163 coloribusque
3453 1094 3640 1160 variis,
3672 1095 3768 1165 qui

2176 1186 2602 1256 superhumerali
2628 1196 2817 1241 contra
2851 1196 3037 1255 pectus
3060 1186 3329 1255 pontiﬁcis
3352 1190 3764 1244 annectebatur.

2251 1278 2482 1344 Cidaris,
2512 1278 2684 1347 pileus
2712 1278 3064 1333 sacerdotalis
3089 1294 3156 1333 ex
3195 1279 3380 1350 bysso.
3412 1281 3566 1336 Hune
3590 1282 3765 1338 Graeci

2178 1378 2232 1425 et
2257 1372 2425 1424 nostri
2456 1370 2669 1436 tiaram,
2710 1368 2927 1437 quidam
2957 1369 3119 1423 etiam
3168 1369 3380 1424 mitram
3414 1380 3634 1427 vocant.
3664 1372 3765 1429 Pe-

2178 1462 2367 1527 talum,
2408 1476 2571 1516 aurea
2601 1461 2800 1515 lamina
2853 1462 2906 1515 in
2952 1459 3131 1514 fronte
3170 1460 3459 1528 pontiﬁcis,
3490 1478 3608 1534 quae
3656 1465 3753 1519 Dei

2179 1571 2375 1612 nomen
2403 1556 2537 1610 illud
2567 1555 2841 1611 ineffabile
2885 1564 3397 1625 tetragrammaton,
3425 1567 3650 1627 quatuor
3673 1558 3762 1612 lit-

2178 1649 2308 1703 teris
2332 1648 2569 1703 llebrazis
2594 1648 2818 1717 gerebat
2838 1648 3121 1717 scriptum.
3152 1646 3376 1712 Penula,
3402 1648 3455 1702 in
3483 1650 3763 1719 Apostolo,

485 1748 609 1805 ﬂeat
648 1747 938 1816 apparitio,
986 1746 1071 1798 vel
1103 1745 1343 1798 ostensio
1374 1761 1384 1796 :
1418 1743 1533 1797 sive
1578 1741 1719 1810 quod
1760 1740 1949 1795 eadem
1988 1738 2077 1792 die
2106 1742 2152 1801 Β
2180 1740 2426 1796 Latinum
2458 1747 2563 1795 est.
2600 1741 2692 1795 Est
2731 1749 2908 1795 autem
2943 1741 3096 1809 quasi
3128 1741 3341 1794 lacerna
3380 1740 3763 1797 descendentia

486 1841 745 1896 Dominus
777 1849 831 1893 et
858 1841 1103 1893 Salvator
1135 1847 1316 1891 noster
1348 1836 1402 1891 in
1432 1837 1699 1905 baptismo
1731 1848 1827 1887 suo
1861 1831 2070 1902 populis

488 1932 652 1987 fuerit
677 1941 962 1994 ostensus;
1010 1930 1123 1983 sive
1154 1928 1296 1997 quod
1338 1928 1492 1981 stella
1536 1927 1746 1995 magis;
1781 1926 1895 1979 sive
1927 1922 2071 1992 quod

488 2026 664 2095 primo
694 2024 846 2092 signo
881 2022 1090 2076 Domini
1116 2035 1252 2089 aqua
1282 2019 1335 2073 in
1361 2022 1540 2073 vinum
1574 2035 1726 2071 versa
1762 2028 1888 2072 tunc
1911 2030 2072 2085 appa—

487 2119 680 2172 ruerit.
712 2114 1031 2179 Neomenia,
1062 2113 1164 2167 hoc
1189 2121 1296 2178 est,
1334 2111 1477 2181 quod
1504 2112 1641 2179 apud
1680 2125 1778 2163 nos
1807 2108 2071 2165 kalendae.

492 2213 599 2271 Sed
617 2214 737 2283 quia
768 2211 905 2280 apud
939 2210 1196 2265 lIebrmos
1218 2206 1511 2263 secundum
1541 2207 1679 2259 lunzr.
1702 2218 1897 2258 eursos
1926 2218 2075 2256 mcu-

490 2320 579 2361 ses
624 2313 998 2373 supputantur,
1030 2311 1083 2357 et
1104 2306 1236 2373 μήνη
1265 2299 1452 2355 Grzece
1482 2299 1609 2352 luna
1640 2299 1960 2366 appellatur,
1990 2296 2075 2350 id-

491 2396 636 2452 circo
667 2396 949 2450 neomenia
982 2409 1115 2447 nova
1157 2394 1278 2446 luna
1310 2391 1478 2459 accipi
1518 2400 1713 2458 potest.
1752 2390 2073 2458 Parasceve,

496 2488 837 2555 prteparatio,
871 2486 1117 2539 Grmcum
1144 2491 1247 2537 est.
1274 2484 1573 2538 Parasceve
1596 2482 1740 2536 enim
1769 2492 1921 2534 sexta
1955 2480 2079 2534 sab-

494 2579 602 2634 bati
633 2578 957 2646 appellatur.
992 2576 1123 2629 llinc
1165 2590 1293 2628 vero
1324 2573 1645 2643 prurparatio
1693 2571 1909 2635 dicitur,
1938 2568 2079 2640 quod

494 2685 523 2723 a
548 2668 749 2724 Iudaeis
779 2668 966 2722 eadem
996 2668 1083 2721 die
1114 2684 1233 2736 qua:
1263 2668 1314 2719 in
1340 2667 1566 2721 sabbato
1591 2674 1714 2719 sunt
1754 2663 2077 2733 necessaria,

495 2770 891 2831 praeparentur.
924 2760 1239 2823 Sabhatutn,
1282 2756 1517 2825 requies,
1547 2756 1829 2811 Hebraeum
1863 2763 1964 2809 est.
1997 2754 2082 2809 Id-

495 2854 645 2909 circo
674 2861 851 2907 autem
884 2852 1119 2921 requies,
1153 2850 1294 2919 quod
1324 2850 1374 2903 in
1399 2848 1585 2902 eadem
1615 2846 1708 2903 die
1736 2847 1994 2901 Dominus
2014 2845 2083 2899 ab

495 2961 684 3018 opere,
713 2944 966 3015 perfectis
998 2942 1250 2998 omnibus
1278 2940 1649 3010 absolutisque
1683 2936 1972 3010 requievit.

1106 3074 1331 3132 CAPUT
1372 3073 1466 3129 IX.

1152 3190 1225 3243 De
1252 3186 1427 3245 idolis.

567 3288 735 3369 Beia,
768 3302 1075 3371 simulacra,
1110 3300 1359 3356 Graecum
1390 3309 1494 3353 est.
1546 3299 1901 3369 Beelphegor,
1940 3297 2084 3367 quod

495 3396 880 3463 interpretatur
927 3392 1276 3447 simulacrum
1338 3390 1691 3459 ignominias,
1748 3390 1947 3444 idolum
2004 3396 2085 3442 est

498 3485 675 3540 Moab.
726 3484 877 3537 llune
904 3483 1079 3537 Latini
1126 3480 1380 3550 Priapum
1431 3482 1722 3550 appellant.
1764 3481 1911 3549 Beel,
1942 3479 2084 3549 quod

496 3577 903 3642 interpretatur,
926 3582 1189 3638 vetustas,
1216 3573 1420 3627 idolum
1450 3584 1534 3628 est
1557 3574 1933 3645 Babylonium.
1962 3572 2086 3627 Fuit

495 3682 626 3721 vero
657 3664 746 3719 hic
794 3664 936 3720 idem
983 3664 1145 3719 Belus
1191 3674 1341 3732 pater
1391 3662 1512 3718 Nini
1545 3666 1686 3735 regis
1715 3665 2079 3737 Assyriorum.

498 3759 879 3824 Adramelech,
912 3758 1115 3813 idolum
1145 3757 1515 3829 Assyriorum,
1539 3759 1679 3827 quod
1703 3761 1865 3813 etiam
1899 3760 2085 3814 Sama-

496 3852 614 3905 ritae
658 3851 960 3906 coluerunt.
1010 3850 1288 3914 Astarten,
1338 3850 1480 3918 quod
1537 3850 1589 3903 in
1642 3849 1885 3902 Latinum
1930 3857 2084 3903 sonat

497 3946 700 3999 factura
729 3943 1017 4012 superﬂua,
1067 3943 1264 3996 idolum
1304 3942 1663 4012 Sydoniorum
1693 3941 1897 3995 dicunt.
1933 3940 2083 3995 Beel-

497 4036 675 4099 zebul,
709 4035 1099 4103 interpretatur
1128 4033 1209 4086 vir
1240 4047 1568 4096 muscarum,
1600 4030 1882 4099 Diabolus,
1928 4030 2085 4086 deor-

497 4139 615 4179 sum
634 4125 838 4189 ﬁuens;
864 4123 1053 4177 Graece
1076 4138 1204 4176 vero
1232 4122 1545 4176 criminator
1569 4122 1782 4175 dicitur.
1816 4123 2002 4191 Satan,
2029 4124 2082 4179 in

496 4216 745 4270 Latinum
777 4222 934 4270 sonat
961 4214 1324 4278 adversarius,
1361 4214 1473 4267 sive
1500 4221 1889 4283 transgressor.
1921 4216 2085 4288 Syre-

498 4324 601 4375 naz,
628 4308 681 4363 in
716 4307 870 4375 Isaia,
905 4307 1201 4373 dzcmones,
1232 4313 1322 4359 aut
1354 4306 1616 4361 dracones
1645 4308 1846 4378 magni,
1879 4311 2083 4366 cristati

497 4400 701 4470 pariter
726 4414 789 4453 ac
812 4398 1078 4463 volantes,
1120 4406 1179 4452 ut
1217 4414 1246 4452 a
1274 4398 1591 4467 quibusdam
1624 4409 1854 4469 putatur.

2106 3114 2154 3178 C

2175 1837 2273 1890 bus
2299 1836 2486 1889 clavis.
2518 1834 2765 1901 Baddim,
2800 1836 2851 1890 in
2884 1836 3122 1898 Daniele,
3154 1848 3334 1891 vestes
3366 1836 3542 1902 linere,
3569 1837 3765 1906 quibus

2174 1931 2467 1995 feminalia,
2499 1938 2556 1984 ut
2592 1930 2848 1997 arbitror,
2896 1930 3285 2000 signiﬁcantur.
3334 1930 3587 1984 Badenim
3621 1928 3758 1999 apud

2176 2022 2431 2077 Hebrzeos
2456 2022 2621 2075 linum
2651 2021 2848 2075 dicitur
2877 2039 2891 2074 :
2920 2022 3061 2075 unde
3106 2032 3159 2075 et
3202 2024 3252 2075 in
3284 2023 3594 2091 quibusdam
3625 2022 3758 2077 locis

2179 2114 2395 2185 legitur,
2430 2114 2619 2184 Ephod
2647 2114 2771 2177 bad,
2804 2114 2906 2169 hoc
2928 2120 3031 2174 est,
3065 2112 3239 2181 ephod
3263 2114 3487 2177 linenm;
3522 2128 3630 2168 non
3660 2129 3757 2168 au-

2179 2216 2284 2260 tem
2325 2205 2513 2274 Ephod
2554 2205 2743 2267 barutl,
2788 2214 2845 2257 ut
2873 2204 3091 2273 quidam
3128 2212 3377 2273 corrupte
3414 2205 3617 2273 legunt.
3669 2204 3763 2259 Di-

2177 2297 2337 2367 plois,
2368 2297 2421 2350 in
2470 2296 2673 2365 Regum
2707 2295 2883 2361 libris,
2918 2311 3129 2365 sagum,
3161 2297 3244 2350 vel
3289 2296 3534 2361 ehlamis,
3563 2296 3668 2351 ἀπὸ
3695 2299 3766 2351 τὸ

2177 2390 2387 2456 amis...
2420 2390 2559 2459 quod
2595 2390 2897 2459 duplicetur
2930 2408 2944 2441 :
2976 2398 3031 2444 et
3076 2404 3236 2444 omne
3266 2388 3637 2443 indumentum
3664 2403 3767 2456 quo

2179 2482 2464 2551 dupliciter
2505 2481 2797 2547 ambimur,
2846 2480 3043 2550 diplois
3072 2480 3331 2550 appellari
3363 2489 3562 2550 potest.
3606 2479 3768 2534 Ilelo-

2181 2582 2273 2640 tte,
2325 2575 2378 2628 in
2425 2574 2627 2643 Regum
2678 2574 2836 2640 libro,
2882 2574 3037 2642 pellis
3077 2574 3325 2643 simplex,
3361 2589 3466 2644 qua
3521 2572 3769 2629 monachi

2182 2664 2421 2735 Egyptii
2461 2666 2621 2720 etiam
2655 2681 2798 2720 nunc
2829 2674 3073 2731 utuntur,
3116 2680 3183 2721 ex
3216 2680 3321 2720 uno
3353 2666 3527 2721 latere
3567 2666 3767 2735 depen-

2183 2758 2337 2813 dens.
2382 2758 2744 2824 Tlieristrum,
2789 2759 2843 2812 in
2881 2758 3100 2827 Genesi,
3150 2758 3290 2827 apud
3334 2759 3563 2825 Arabes,
3605 2771 3772 2829 genus

2184 2848 2331 2919 pallii
2377 2850 2674 2904 muliebris.
2727 2849 3104 2915 Periscelides,
3160 2851 3211 2904 in
3263 2850 3421 2921 Isaia,
3468 2859 3530 2906 ut
3556 2850 3773 2921 quidam

2186 2944 2392 3012 dicunt,
2421 2943 2561 3013 apud
2583 2942 2814 2998 feminas
2841 2960 3059 2999 crurum
3092 2954 3427 3000 ornamenta.

2795 3096 3022 3155 CAPUT
3073 3096 3167 3157 XI.

2615 3210 2693 3266 De
2720 3212 2897 3267 auibus
2928 3213 3007 3266 vel
3031 3213 3340 3269 volatilibus.

2257 3323 2561 3389 Pelicanus,
2590 3324 2702 3378 avis
2747 3339 2933 3392 parva,
2981 3340 3099 3393 qua:
3130 3326 3418 3383 solitudine
3446 3327 3769 3385 delectatur.

2189 3415 2287 3471 Est
2309 3423 2365 3469 et
2392 3415 2533 3469 aliud
2565 3416 2930 3484 pelicanorum
2961 3431 3130 3486 genus
3156 3416 3209 3471 in
3240 3417 3377 3475 Nilo,
3417 3434 3554 3487 pene
3588 3421 3773 3491 cygnis

2189 3508 2384 3571 simile,
2412 3506 2514 3560 nisi
2544 3507 2687 3576 quod
2717 3508 2875 3576 paulo
2903 3509 3137 3575 majores
3180 3520 3322 3562 sunt.
3350 3510 3577 3577 Quidam
3612 3513 3684 3565 ita
3717 3518 3771 3565 et

2190 3600 2535 3654 onocrotalos
2565 3609 2778 3653 vocant.
2826 3599 3170 3671 Nycticorax,
3207 3612 3437 3665 noctua;
3488 3604 3641 3658 multi
3677 3603 3773 3658 bu-

2190 3690 2385 3746 bonem
2440 3707 2561 3746 esse
2606 3691 2959 3746 contendunt.
3013 3692 3149 3748 Sunt
3188 3695 3352 3747 etiam
3400 3695 3487 3764 qui
3526 3704 3773 3749 asserunt

2188 3801 2309 3841 esse
2358 3787 2687 3841 Orientalem
2730 3802 2905 3850 avem,
2950 3801 3071 3856 quae
3118 3799 3405 3841 nocturnus
3445 3803 3639 3841 corvus
3683 3802 3773 3855 ap-

2188 3879 2437 3949 pelletur.
2473 3878 2599 3947 Ibis,
2634 3880 2685 3932 in
2720 3879 3104 3940 Pentateucho,
3135 3882 3249 3935 avis
3294 3880 3544 3951 Egyptia
3593 3883 3769 3937 obsce-

2188 3973 2360 4027 nitate
2385 3970 2495 4025 oris
2530 3970 2819 4033 immunda,
2865 3986 2971 4039 quo
2998 3972 3173 4024 alvum
3207 3987 3437 4041 purgare
3466 3975 3766 4027 consuevit.

2186 4062 2476 4130 Herodius,
2511 4063 2562 4115 in
2594 4062 2799 4131 psalmo
2831 4061 2952 4133 (Ps.
2997 4078 3112 4127 cm,
3147 4064 3261 4131 I7),
3290 4064 3450 4117 ardea
3494 4080 3523 4118 a
3555 4066 3770 4134 quibus-

2186 4156 2311 4211 dam
2354 4163 2590 4224 putatur.
2638 4154 2828 4218 Larus,
2863 4155 2915 4208 in
2967 4154 3331 4209 Pentateucho
3374 4155 3514 4224 (Leu.
3559 4173 3634 4221 st,
3671 4156 3766 4221 I6;

2188 4246 2345 4302 Deut.
2375 4261 2485 4314 XIV,
2521 4246 2630 4315 15),
2664 4246 2873 4314 gaviam
2906 4246 3193 4314 signiﬁcat.

2255 4335 2591 4407 Canomyia,
2627 4351 2733 4389 non
2770 4350 2950 4389 musca
2980 4337 3192 4397 canina,
3237 4346 3291 4389 nt
3312 4337 3527 4404 quidam
3558 4344 3766 4408 putant,

2188 4431 2244 4485 in
2276 4432 2483 4499 psalmo
2512 4430 2631 4502 (Ps.
2664 4446 2869 4493 uxvtt,
2901 4433 3033 4498 Ctv),
3064 4431 3371 4500 accipienda
3400 4441 3505 4501 est,
3532 4434 3627 4487 sed
3657 4449 3768 4486 tnu-

571 4489 764 4557 Ululze,
796 4492 846 4544 in
884 4489 1039 4558 Isaia,
1070 4489 1137 4544 ab
1164 4492 1306 4544 omni
1338 4491 1689 4547 translatione
1720 4494 1936 4548 nomine
1968 4496 2077 4564 ipso

2189 4537 2279 4576 sca
2309 4522 2618 4575 omnimoda
2651 4540 2663 4574 :
2690 4532 2743 4575 et
2771 4522 2892 4576 ideo
2927 4538 3031 4576 non
3066 4538 3159 4590 per
3187 4540 3221 4593 υ
3252 4523 3493 4579 Graecam
3518 4524 3762 4585 litteram,

499 4583 726 4638 Ilebrmo
755 4581 849 4635 lim
884 4582 1242 4653 appellantur.
1290 4583 1640 4653 Septuaginta
1682 4594 1887 4639 tantum
1921 4588 2087 4641 inter-

496 4683 678 4746 pretes
707 4689 806 4743 pro
836 4674 920 4728 his
966 4684 1366 4729 onocentauros
1413 4676 1463 4728 in
1496 4678 1852 4733 translatione
1890 4696 2086 4748 posue~

495 4775 641 4822 runt.
675 4766 813 4820 Sunt
842 4766 931 4835 qui
962 4765 1134 4820 ululas
1159 4774 1348 4835 putent
1377 4781 1503 4821 aves
1526 4782 1647 4823 esse
1680 4779 1989 4838 nocturnas,
2016 4772 2085 4827 ab

494 4860 701 4916 ululatu
730 4862 880 4915 vocis
927 4874 1086 4929 quem
1128 4860 1378 4923 cllerunt,
1426 4874 1561 4930 quas
1602 4861 1763 4928 vulgo
1813 4878 2081 4917 cavannos

494 4953 700 5010 dicunt.
734 4953 944 5023 Lamia,
977 4967 1149 5022 genus
1180 4951 1427 5017 monstri,
1464 4960 1519 5005 ut
1549 4952 1764 5022 quidam
1786 4955 2076 5009 afﬁrmant.

496 5050 681 5116 Pilosi,
735 5048 791 5102 in
836 5047 990 5113 Isaia,
1044 5060 1244 5117 genera
1289 5045 1614 5099 daamonum.
1676 5046 1783 5101 llos
1839 5047 2083 5101 nonnulli

494 5143 658 5197 etiam
714 5139 1147 5195 doctissimorum
1204 5137 1521 5202 incnbones,
1581 5138 1667 5191 vel
1712 5148 1946 5210 satyros,
1992 5149 2085 5194 aut

492 5230 760 5305 quosdam
791 5229 1070 5286 silvestres
1101 5229 1349 5283 homines
1383 5238 1723 5295 putaverunt.

1107 5387 1335 5444 CAPUT
1374 5388 1445 5443 Χ.

1106 5503 1184 5559 De
1222 5503 1466 5559 vestibus.

563 5619 779 5691 Ephod,
808 5618 971 5673 vestis
993 5616 1364 5685 sacerdotalis,
1398 5630 1515 5686 quae
1538 5615 2075 5687 superindumentum

492 5715 581 5768 vel
612 5712 1058 5773 superhumerale
1101 5709 1421 5777 appellatur.
1475 5710 1570 5763 Est
1615 5718 1793 5763 autem
1838 5710 1986 5761 velut
2020 5712 2073 5763 in

2190 4613 2283 4668 sed
2318 4628 2413 4682 per
2438 4613 2769 4683 diphtongon
2814 4631 2858 4668 az
2888 4615 3048 4668 scribi
3095 4616 3257 4671 debet
3287 4617 3466 4687 (Deut.
3511 4632 3623 4681 XIV,
3653 4612 3761 4682 lii).

2186 4706 2465 4776 Ciniphes,
2493 4708 2725 4763 culicum
2756 4723 2924 4773 genus
2951 4717 3034 4763 est
3063 4710 3266 4764 aculeis
3296 4709 3696 4779 permolestum.

2781 4839 3007 4895 CAPUT
3056 4834 3171 4893 XII.

2631 4949 2706 5003 De
2734 4949 2903 5004 bestiis
2932 4952 3013 5004 vel
3042 4952 3331 5020 reptilibus.

2257 5066 2621 5131 Rbinoceron,
2657 5064 2766 5118 fera
2798 5065 3081 5129 terribilis,
3104 5067 3319 5134 gemina
3346 5068 3398 5119 in
3436 5064 3658 5119 naribus
3684 5078 3769 5134 εει

2182 5166 2333 5212 stans
2361 5172 2581 5210 eoruua.
2615 5156 2958 5219 Monoeeron.
3008 5158 3058 5210 in
3090 5157 3322 5227 psalmo,
3354 5157 3630 5211 unicornis
3675 5171 3770 5225 ap-

2186 5248 2434 5315 pellatur.
2480 5247 2870 5316 Tragelapltns,
2924 5250 2974 5302 in
3006 5248 3303 5303 Deuteron.
3352 5250 3679 5318 platocoros,
3718 5248 3772 5303 id

2186 5349 2289 5403 est,
2332 5338 2591 5392 cornibus
2624 5338 2766 5393 latis.
2822 5341 3075 5406 Erinacii,
3114 5341 3412 5410 chirogrilli
3463 5355 3771 5410 nuncupan-

2186 5439 2291 5496 tur,
2345 5447 2509 5500 prOpe
2557 5433 2927 5503 magnitudine
2980 5434 3332 5489 mediocrium
3371 5434 3769 5502 cuniculorum,

2183 5524 2249 5579 de
2305 5525 2551 5581 cavernis
2617 5538 2886 5595 petrarum
2944 5530 3301 5598 procedentes
3354 5530 3661 5598 gregatim;
3720 5531 3769 5589 in

2183 5632 2370 5673 eremo
2401 5634 2519 5686 quae
2541 5627 2625 5674 est
2659 5629 2853 5674 contra
2885 5636 3029 5674 mare
3060 5622 3349 5685 Mortuum,
3378 5622 3766 5689 depascuntur.

2182 5708 2403 5779 Hericii,
2446 5712 2535 5779 qui
2583 5722 2636 5766 et
2678 5712 2857 5768 echini
2888 5714 3159 5781 dicuntur,
3210 5716 3280 5769 ita
3332 5719 3550 5785 spinoso
3580 5717 3765 5771 defen-
