4042 6188
256 230 365 287 821

1269 216 1503 278 PASSIO
1541 214 1601 275 S.
1643 210 1954 271 MAURICII
1993 210 2081 267 ET
2120 205 2468 269 SOCIORUM
2506 204 2694 267 EJUS.

3444 209 3555 268 82!

254 344 465 399 duntur
512 337 769 411 tegmine,
812 342 873 391 ut
916 348 1019 392 nec
1065 332 1303 404 contingi
1352 332 1570 403 quidem
1610 329 1842 401 possint.
1870 333 1925 395 Α
1949 322 2319 396 aspectando,
2350 322 2402 378 id
2427 331 2510 379 est
2534 321 2719 377 omnia
2751 318 3157 393 prospiciendo.
3188 314 3571 399 Homousion,‘

259 436 536 503 Bruchus,
578 434 632 486 in
669 429 878 501 psalmo
904 428 1025 501 (Ps.
1056 440 1261 491 Lxxvn,
1299 428 1436 493 etv),
1480 425 1708 480 locusta
1734 436 1856 494 quas

257 527 508 584 nondum
539 523 745 589 volam,
774 532 935 593 quam
963 518 1130 589 vulgo
1162 519 1342 573 olbam
1366 526 1581 572 vocant.

871 633 1097 690 CAPUT
1126 633 1263 688 Xlll.

854 726 932 781 De
959 726 1289 796 ponderibus.

339 849 647 911 Talentum,
679 852 764 901 est
788 844 969 915 pondo
990 857 1124 907 uti,
1147 839 1292 912 quod
1319 839 1521 894 faciunt
1543 852 1687 893 uxx
1706 836 1863 893 libra

259 941 480 999 Atticae.
519 940 684 1008 Mina,
728 946 811 993 est
841 936 978 990 libra
1004 949 1130 999 una,
1162 942 1219 988 et
1245 932 1543 987 semuncia.
1573 929 1861 985 Talentum

258 1036 438 1091 habet
468 1034 641 1088 minas
672 1046 761 1087 1.x.
808 1028 931 1084 Mna
960 1027 1165 1091 Graece,
1217 1025 1409 1081 Latine
1457 1024 1599 1078 mina
1643 1022 1861 1078 dicitur.

261 1125 536 1182 Drachma
552 1119 973 1188 liabetscrupula
992 1115 1362 1191 [ALscripula]
1378 1116 1501 1171 tria.
1518 1114 1861 1179 Didraclima,

258 1219 551 1275 drachma:
594 1216 715 1271 dua:
756 1223 902 1268 sunt.
946 1210 1100 1268 Unde
1130 1211 1299 1264 miror
1332 1207 1606 1277 quomodo
1636 1209 1691 1261 in
1724 1205 1864 1261 libro

258 1309 656 1365 Hebraicarum
669 1304 1036 1374 Quaestionum
1054 1301 1329 1358 semuncia
1351 1300 1638 1353 scribatur.
1662 1297 1861 1364 Stater,

256 1414 349 1458 est
381 1415 645 1456 nummus
674 1399 882 1454 habens
926 1396 1009 1467 (ut
1050 1391 1267 1463 quidam
1315 1389 1609 1462 afﬁrmant)
1654 1392 1864 1445 unciam

258 1511 469 1561 unam;
521 1496 576 1549 id
618 1500 723 1560 est,
775 1503 971 1545 aureos
1015 1502 1144 1552 sex;
1195 1494 1254 1540 ut
1279 1485 1369 1539 alii
1398 1491 1610 1553 putant,
1645 1494 1775 1537 tres.
1806 1482 1862 1537 ln

256 1586 571 1657 Evangelio
593 1584 739 1639 enim
767 1596 867 1650 pro
894 1578 1104 1635 duobus
1126 1576 1457 1633 didrachmis
1486 1584 1656 1631 stater
1682 1574 1862 1629 datur.

259 1682 441 1748 Sicel,
473 1681 565 1749 qui
590 1677 644 1732 in
695 1676 886 1731 Latina
917 1673 1102 1743 lingua
1138 1679 1393 1738 corrupte
1432 1669 1599 1724 siclus
1642 1669 1861 1736 dicitur,

258 1782 326 1826 ut
358 1773 417 1825 in
459 1768 862 1838 Quaestionibus
910 1764 1297 1834 suprascriptis
1345 1762 1649 1827 indicatur,
1692 1763 1866 1816 unciae

262 1862 490 1933 pondus
533 1860 712 1925 habet,
770 1866 826 1912 ut
869 1856 997 1911 alibi
1043 1855 1307 1923 scriptum
1354 1854 1560 1923 reperi,
1612 1852 1866 1921 scrupula

256 1950 396 2026 [ΑΙ.
459 1946 728 2021 scripula]
756 1948 977 2002 decem:
1011 1946 1153 2016 quod
1185 1952 1240 1999 et
1285 1945 1404 2011 ipse
1442 1942 1697 1997 arbitror.
1732 1940 1865 1996 Nam

253 2045 445 2103 siclus
465 2044 607 2114 ipse,
630 2043 715 2098 vel
743 2042 896 2107 sicel,
923 2041 990 2096 de
1008 2040 1410 2109 propinquitate
1437 2037 1693 2107 ponderis
1713 2036 1867 2105 quasi

259 2137 522 2193 sicilicus
568 2143 746 2191 sonat.
794 2134 999 2189 Obolus
1046 2142 1131 2187 est
1175 2130 1487 2198 scrupulum
1544 2128 1865 2196 dimidium,

265 2231 422 2302 quod
448 2229 580 2284 facit
604 2228 827 2299 siliquas
870 2236 1010 2287 tres;
1042 2224 1097 2280 in
1129 2223 1436 2280 Ezechiele.
1481 2221 1658 2279 Siclus
1686 2228 1867 2278 autem

266 2338 344 2377 xx
376 2320 573 2377 obolos
600 2319 784 2375 habet.

871 2385 1101 2442 CAPUT
1132 2384 1269 2441 XIV.

884 2476 958 2529 De
995 2476 1267 2531 mensuris.

345 2594 549 2660 Corus,
598 2600 680 2648 est
730 2590 898 2647 modii
935 2605 1065 2645 xxx.
1115 2590 1304 2655 Batus,
1357 2589 1618 2657 amphora
1650 2601 1788 2653 una;
1817 2580 1871 2643 id

269 2697 363 2745 est
396 2685 569 2742 modii
595 2694 727 2740 tres.
777 2683 979 2750 Cadus,
1024 2682 1209 2738 Grazca
1256 2680 1513 2751 amphora
1561 2690 1664 2751 est,
1712 2680 1873 2739 habet

273 2793 453 2835 urnas
481 2788 608 2832 tres.
644 2775 806 2846 Ephi,
834 2777 948 2830 sive
978 2774 1143 2843 epha,
1172 2773 1339 2829 modii
1368 2781 1499 2828 tres.
1540 2772 1677 2843 Ephi
1724 2772 1870 2829 idem

275 2886 556 2929 mensura:
612 2868 774 2925 habet
814 2868 867 2923 in
919 2866 1111 2935 aridis,
1153 2865 1294 2937 quod
1343 2868 1398 2921 in
1449 2866 1664 2936 liquidis
1694 2866 1869 2922 batus.

275 2966 511 3022 Metreta
538 2978 668 3029 una,
698 2972 755 3018 ut
782 2962 1000 3032 quidam
1034 2962 1242 3028 dicunt,
1276 2962 1439 3017 habet
1462 2962 1723 3017 sextarios
1744 2976 1873 3015 cen-

277 3066 425 3112 tum.
457 3055 701 3110 Mensura
724 3063 900 3109 autem
920 3054 1111 3109 Graece
1136 3056 1317 3131 μέτρον
1338 3053 1556 3120 dicitur,
1588 3052 1733 3106 unde
1763 3065 1876 3105 me-

281 3152 430 3202 treta
480 3144 798 3213 appellatur.
854 3143 1158 3197 Notandum
1210 3159 1360 3213 vero,
1419 3142 1561 3214 quod
1616 3158 1872 3197 mensura

282 3236 588 3294 Hebraeum
619 3250 816 3290 nomen
846 3245 951 3303 est,
981 3234 1199 3291 Artabae
1232 3237 1285 3289 in
1312 3235 1471 3301 lsaia,
1500 3235 1877 3307 Egyptiorum

283 3343 591 3395 mensurae,
641 3342 763 3399 qua:
808 3336 919 3383 tres
963 3327 1163 3383 faciunt
1202 3328 1411 3382 modios
1451 3343 1505 3383 x.
1557 3325 1685 3384 Sata
1733 3328 1878 3384 idem

282 3433 419 3482 sunt
448 3422 589 3493 quod
633 3420 778 3493 ephi,
812 3422 865 3477 id
903 3432 986 3477 est
1014 3421 1179 3477 modii
1213 3431 1344 3477 tres.
1376 3422 1581 3478 Gomor
1623 3437 1877 3479 mensura

285 3524 376 3573 est
403 3516 604 3582 «Attica,
650 3515 855 3570 habens
884 3513 966 3587 (ut
994 3514 1215 3584 quidam
1245 3514 1557 3586 opinantur)
1602 3517 1879 3574 ehmnices

288 3618 428 3674 tres,
484 3607 539 3661 id
579 3615 663 3662 est
707 3607 973 3661 sextarios
1003 3622 1097 3660 xu.
1149 3607 1252 3661 Alii
1285 3622 1476 3676 gomor
1505 3608 1691 3662 dicunt
1720 3610 1878 3676 paulo

290 3701 478 3754 minus
505 3714 534 3752 a
568 3699 822 3753 sextariis
850 3701 1121 3769 quinque:
1154 3699 1295 3769 quod
1332 3701 1492 3754 etiam
1519 3701 1631 3769 ipse
1658 3716 1876 3769 sequor,

291 3806 361 3847 eo
394 3788 543 3860 quod
585 3805 776 3860 gomor
806 3791 877 3845 sit
907 3791 1114 3845 decima
1147 3807 1268 3862 pars
1297 3793 1443 3862 ephi.
1471 3792 1640 3847 Nebel
1665 3793 1879 3862 quidam

290 3884 500 3940 Putant
524 3883 735 3937 modios
770 3895 901 3938 tres.
946 3885 1223 3939 Sextarius
1248 3894 1333 3939 est
1375 3885 1655 3941 dimidium
1689 3885 1880 3955 cotyla:

295 3974 351 4028 in
387 3972 578 4043 liquidi
609 3974 813 4041 specie.
845 3974 1053 4044 Cotyla,
1100 3974 1313 4029 hemina
1343 3985 1446 4032 est.
1489 3975 1545 4029 in
1576 3976 1878 4043 Ezechiele,

294 4064 522 4133 Decem,
554 4066 747 4138 inquit,
777 4068 969 4139 cotyla:
993 4080 1117 4122 sunt
1141 4084 1348 4138 gomor.
1838 4050 1839 4053 η

901 4185 1129 4241 CAPUT
1153 4182 1268 4239 XV.

773 4296 853 4352 De
884 4297 1075 4353 Graecis
1103 4300 1410 4355 nominibus.

370 4387 578 4457 Accipe
594 4402 741 4443 nunc
776 4400 1098 4443 cancrorum
1130 4392 1408 4445 nominum
1440 4392 1885 4461 signiﬁcationes.

1960 417 2118 471 unius
2143 415 2479 471 substantiae.
2515 414 2922 481 Homooension,
2969 413 3166 470 similis
3213 414 3553 473 substantiae.

1959 508 2225 574 Christus,
2248 514 2467 561 unctus.
2502 503 2836 571 Paracletus,
2870 506 3203 576 consolator,
3241 507 3359 563 sive
3388 508 3556 566 advo-

1961 611 2133 659 catus.
2162 600 2385 674 Hagios,
2416 611 2662 657 sanctus.
2694 600 2955 672 Angelus,
2990 601 3235 658 nuntius.
3277 599 3553 674 Thronus,

1962 696 2122 752 sedes
2170 695 2257 750 vel
2297 695 2517 750 solium.
2566 694 2884 764 Apostolus,
2929 695 3155 761 missus,
3188 694 3312 750 ideo
3354 697 3497 765 quod
3523 711 3556 752 a

1963 787 2196 844 Domino
2217 786 2288 843 ad
2326 785 2807 857 evangelizandum
2855 787 3007 842 missi
3058 793 3202 843 sunt.
3255 786 3554 858 Propheta,

1962 882 2275 953 prmdictor.
2309 880 2599 952 Martyres,
2631 888 2819 937 testes.
2847 881 3173 951 Episcopus,
3204 880 3557 952 superinspe-

1963 985 2124 1042 ctor;
2155 985 2211 1031 et
2235 975 2359 1032 ideo
2389 975 2655 1046 propheta
2700 975 2779 1030 ait
2805 990 2822 1029 :
2850 974 3260 1047 Speculatorem
3308 984 3360 1031 te
3400 977 3560 1047 posui

1964 1067 2157 1124 domus
2181 1067 2367 1123 lsrael.
2393 1067 2708 1139 Presbyter,
2740 1068 2945 1124 Senior.
2978 1069 3268 1137 Diaconos,
3289 1070 3555 1125 minister.

1964 1161 2176 1226 Clerus,
2207 1175 2348 1217 sors.
2398 1159 2667 1227 Ecclesia,
2695 1160 2906 1215 vocatio
2935 1162 3019 1216 vel
3049 1162 3319 1217 collectio.
3349 1160 3556 1217 Catho-

1967 1252 2090 1320 lica,
2115 1253 2459 1318 universalis,
2477 1254 2581 1309 ἀπὸ
2600 1258 2694 1310 τοῦ
2714 1248 2967 1321 καθ’ϐλον,
2982 1254 3127 1323 quod
3142 1264 3228 1310 est
3254 1253 3557 1310 secundum

1966 1355 2159 1402 totum.

2035 1438 2335 1511 Synagoga,
2365 1448 2694 1507 conventus,
2724 1438 2813 1496 vel
2840 1441 3211 1510 congregatio.
3262 1440 3555 1508 Ethnicus;

1963 1534 2198 1603 gentilis.
2228 1534 2538 1605 llypocrita,
2565 1532 2873 1588 simulator.
2925 1533 3163 1589 liaeresis
3186 1572 3201 1600 ,
3230 1543 3396 1588 secta.
3443 1534 3561 1589 Mo-

1968 1630 2194 1691 nachus.
2251 1630 2545 1685 solitarius.
2606 1630 2855 1697 Eremus,
2912 1629 3209 1685 desertum.
3269 1628 3559 1696 Paroecia,

1892 1735 1940 1792 Β
1967 1721 2217 1790 adjacens
2244 1722 2458 1787 domus,
2490 1722 2699 1777 scilicet
2728 1720 2844 1777 Dei.
2875 1720 3137 1777 Dimcesis
3156 1760 3171 1787 ,
3204 1721 3559 1791 gubernatio;

1968 1813 2153 1868 ethoc
2198 1829 2305 1868 non
2360 1814 2657 1868 secundum
2706 1813 3091 1881 proprietatem
3143 1820 3197 1866 et
3238 1820 3562 1881 potestatem

1967 1908 2137 1972 verbi,
2160 1907 2251 1961 sed
2268 1908 2565 1960 secundum
2580 1906 2851 1960 effectum.
2879 1905 3092 1971 Laicus,
3120 1907 3430 1973 pepularis;
3456 1906 3563 1960 ἀπὸ

1968 2004 2059 2053 τοῦ
2089 1998 2227 2063 λαοῦ,
2274 1998 2375 2051 hoc
2398 2005 2502 2061 est,
2535 2012 2563 2050 a
2608 1997 2830 2065 populo.
2871 1994 3325 2063 Catechumenus,
3364 1997 3563 2051 instru-

1970 2099 2113 2157 ctus,
2164 2091 2276 2145 sive
2323 2090 2569 2144 audiens.
2612 2088 2955 2161 Neophytus,
3000 2090 3216 2144 novella
3272 2090 3561 2157 plantatio.

1970 2181 2378 2250 Baptisterium,
2407 2181 2740 2235 tinctorinm.
2773 2181 3187 2245 Holocaustum,
3219 2189 3390 2235 totum
3416 2194 3563 2234 com-

1971 2272 2219 2337 bustum;
2254 2271 2396 2336 ideo,
2443 2270 2565 2339 quia
2607 2273 2813 2343 integra
2863 2271 3034 2326 hostia
3068 2272 3176 2341 igni
3210 2272 3401 2326 tradita
3432 2286 3565 2326 con-

1971 2364 2311 2421 sumebatur.
2342 2363 2623 2432 Chrisma,
2678 2367 2882 2420 unctio.
2932 2365 3316 2433 Eucharistia,
3366 2363 3568 2433 gratia.

1971 2460 2309 2532 Symbolum,
2355 2459 2599 2527 collatio,
2650 2467 2743 2512 aut
2796 2466 3032 2526 pactum,
3062 2458 3148 2513 vel
3181 2456 3570 2525 complacitum

1970 2551 2115 2622 quod
2136 2551 2212 2605 sit
2232 2551 2435 2606 homini
2459 2565 2581 2605 cum
2606 2548 2739 2605 Deo.
2758 2550 3023 2623 Hymnus,
3042 2565 3259 2604 carmen
3282 2550 3335 2603 in
3354 2548 3571 2604 laudem

1972 2642 2093 2698 Dei.
2124 2642 2457 2713 Antiphona,
2490 2658 2592 2697 vox
2622 2644 2920 2712 reciproca.
2948 2641 3382 2708 Pentateuchus,
3413 2641 3573 2710 quin-

1974 2752 2083 2809 que
2111 2739 2421 2803 volumina;
2450 2737 2502 2791 id
2532 2746 2635 2801 est,
2688 2737 2854 2806 Moysi
2887 2736 3011 2789 libri
3049 2737 3319 2805 quinque:
3355 2734 3423 2787 de
3453 2733 3573 2802 qui-

1976 2831 2079 2886 bus
2098 2831 2234 2886 dicit
2263 2832 2557 2900 Apostolns
2578 2831 2815 2900 quinque
2839 2830 3017 2883 verbis
3046 2829 3187 2883 velle
3209 2842 3268 2882 se
3298 2828 3349 2880 in
3381 2826 3575 2881 Eccle-

1976 2924 2056 2975 sia
2098 2924 2263 2992 loqui.
2290 2923 2527 2987 Exodus,
2563 2921 2771 2987 exitus,
2797 2921 2881 2976 vel
2921 2934 3196 2989 egressus,
3237 2920 3446 2973 scilicet
3476 2933 3575 2987 po-

1980 3011 2091 3077 puli
2115 3011 2303 3065 lsrael.
2334 3012 2841 3075 Deuteronomium,
2895 3008 3135 3063 secunda
3186 3009 3310 3073 lex;
3354 3008 3409 3062 in
3458 3021 3571 3078 quo

1902 3109 1949 3173 ο
1978 3112 2061 3158 est
2096 3104 2425 3173 evangelica:
2472 3103 2607 3171 legis
2645 3102 3035 3172 praﬁguratio.
3093 3102 3570 3171 Paralipomenon,

1980 3196 2407 3265 praemissorum,
2432 3194 2518 3249 vel
2546 3195 2876 3265 reliquorum
2903 3208 2918 3257 ;
2951 3192 3004 3247 id
3028 3202 3131 3257 est,
3157 3193 3299 3263 quod
3328 3192 3573 3248 historiae

1979 3288 2113 3344 inibi
2151 3289 2549 3353 contineantur,
2585 3303 2708 3359 qua:
2739 3288 2791 3341 in
2826 3287 3030 3357 Regum
3056 3286 3208 3341 libris
3240 3288 3575 3355 praetermis-

1978 3396 2057 3438 sae
2082 3390 2227 3436 sunt.
2264 3381 2638 3451 Evangelium,
2670 3383 2815 3438 bona
2842 3380 3195 3443 annuntiatio,
3232 3380 3349 3435 sive
3374 3381 3576 3437 bonum

1980 3474 2249 3528 nuntium.
2312 3472 2696 3545 Apocalypsis,
2746 3472 3030 3528 revelatio.
3086 3470 3571 3543 Gazophylacium,

1980 3564 2289 3619 divitiarum
2318 3563 2597 3631 custodia,
2626 3566 2986 3634 compositum
3019 3563 3086 3619 de
3131 3563 3307 3632 lingua
3353 3560 3576 3618 Persica

1982 3667 2035 3713 et
2056 3658 2266 3713 Graeca.
2308 3657 2584 3728 Synodus,
2632 3658 2871 3724 comitia,
2900 3658 2985 3713 vel
3015 3664 3213 3713 cretus.
3243 3656 3450 3720 Canon,
3487 3670 3575 3709 re-

1980 3751 2124 3822 gula.
2152 3751 2423 3817 Teuchos,
2454 3752 2727 3806 volumen.
2763 3752 3107 3822 Apocrypha,
3150 3750 3453 3815 recondita,
3487 3748 3577 3805 vel

1983 3844 2214 3900 occulta.
2243 3842 2505 3910 Hexapla,
2551 3842 2898 3911 sexcuplicia.
2934 3843 3218 3910 Apologia,
3252 3843 3532 3895 excusatio
3556 3858 3575 3895 :

1983 3934 2127 3990 unde
2150 3934 2517 4005 apologeticus
2558 3934 2892 4003 appellatur:
2924 3933 3009 3987 vel
3059 3934 3199 3985 sicut
3242 3932 3575 3999 quibusdam

1974 4029 2217 4100 .yidetur,
2251 4030 2523 4099 purgatio,
2556 4042 2653 4083 seu
2684 4026 2945 4081 defensio.
2995 4026 3280 4092 Anagoge,
3326 4025 3576 4092 superior

1979 4113 2201 4176 sensus.
2232 4119 2554 4191 Tropologia
2576 4162 2589 4185 ,
2623 4118 2846 4175 moralis
2875 4116 3250 4185 intelligentia.
3282 4113 3570 4181 Parabola,

1986 4212 2301 4269 similitudo.
2327 4211 2810 4281 Anacephaleosis,
2832 4206 3230 4277 recapitulatio.

2059 4306 2234 4360 Habes
2259 4307 2587 4374 opusculum,
2620 4302 2699 4371 ﬁli
2729 4304 2802 4356 mi
2840 4302 3157 4367 charissime,
3193 4301 3245 4352 in
3279 4314 3429 4352 omne
3471 4298 3579 4366 fere

1991 4397 2381 4470 Scripturarum
2398 4411 2585 4467 corpus
2601 4396 2751 4464 quasi
2776 4392 3039 4463 quoddam
3052 4388 3406 4461 intelligentia’
3426 4389 3579 4443 semi-

297 4498 421 4555 quaa
468 4482 728 4538 Ecclesia:
778 4496 871 4536 ore
904 4484 1175 4537 celebrata
1208 4484 1261 4538 in
1296 4498 1604 4540 sermonem
1644 4497 1884 4539 nostrum
1911 4484 1965 4546 D
1992 4489 2218 4552 narium,
2246 4502 2348 4556 quo
2375 4487 2426 4540 in
2455 4486 2653 4539 duobus
2676 4481 3019 4539 voluminibus
3038 4498 3141 4536 non
3168 4497 3374 4553 parum,
3408 4491 3461 4535 ut
3492 4496 3580 4536 ar-

298 4580 690 4628 convertuntur
720 4588 783 4627 ex
806 4572 1015 4640 Graeco,
1046 4573 1245 4643 Tlteos,
1274 4576 1439 4630 Dens.
1464 4576 1641 4632 Tlieos
1675 4587 1881 4643 autem,

299 4675 360 4719 ut
388 4664 744 4732 quorumdam
770 4660 1162 4732 opiniohahet,
1193 4670 1296 4723 ἀπὸ
1315 4674 1408 4722 τοῦ
1437 4670 1665 4741 θεάομαι,
1699 4670 1748 4722 id
1782 4677 1885 4737 est,

1988 4579 2169 4643 bilror,
2194 4578 2545 4632 instructionis
2571 4578 2643 4629 ad
2685 4574 3002 4631 edocendum
3030 4582 3099 4637 te,
3145 4589 3209 4629 es
3243 4574 3394 4627 rebus
3423 4573 3580 4626 uariis

1998 4670 2397 4738 necessariisque
2433 4668 2687 4741 congessi.

1242 4928 1872 5011 RUINARTII
1946 4928 2627 5012 ADMONITIO

794 5080 861 5134 IN
892 5079 1247 5133 PASSIONEH
1278 5083 1659 5136 SANCTORUH
1693 5083 1979 5137 lAUBICIl
2010 5083 2091 5135 ΕΤ
2124 5081 2445 5135 εοειοιιυιι
2478 5082 2651 5143 EJUS,
2687 5078 3061 5130 MARTYBUM.

375 5210 426 5265 l.
466 5206 585 5265 1am
616 5205 827 5277 pridem
856 5223 885 5262 a
910 5206 1205 5264 Laurentio
1234 5206 1414 5274 Surio,
1444 5211 1546 5265 sub
1572 5210 1749 5265 sancti
1789 5210 1896 5265 Eu-
2002 5211 2101 5265 viri
2150 5210 2389 5279 graviter
2438 5208 2719 5267 ferebant.
2754 5205 2895 5279 quod
2930 5213 3034 5279 tam
3070 5206 3353 5260 illustrium
3386 5214 3588 5279 marty-

305 5280 477 5337 cherii
520 5276 759 5349 episcopi
804 5279 1179 5349 Lugdunensis
1229 5282 1478 5345 nomine,
1510 5282 1652 5337 edita
1686 5284 1901 5336 inerant
2002 5296 2123 5336 rum
2153 5276 2282 5335 Acta
2313 5294 2567 5349 germana
2599 5289 2695 5332 aut
2738 5276 3020 5345 deperdita
3070 5279 3331 5349 fuissent,
3366 5284 3458 5329 aut
3484 5276 3590 5349 sal:

308 5353 439 5406 Acta
468 5346 781 5405 sanctorum
810 5346 1055 5406 Mauricii
1084 5359 1139 5405 et
1162 5354 1433 5407 sociorum
1466 5352 1618 5422 ejus;
1646 5352 1740 5407 sed
1774 5366 1899 5421 qua:
2005 5362 2113 5408 lem
2148 5354 2217 5406 ita
2250 5346 2541 5419 depravata
2565 5359 2619 5405 et
2646 5350 2827 5403 vitiata
2852 5390 2865 5413 ,
2906 5347 3227 5422 ut__nnllam_
3259 5347 3423 5422 ﬁdem
3450 5346 3595 5422 apud

312 5423 381 5473 ita
412 5438 602 5489 parum
634 5422 736 5476 sibi
761 5429 1095 5488 constarent,
1129 5431 1185 5475 ut
1208 5422 1329 5489 jure
1359 5424 1552 5478 mei'ito
1575 5440 1604 5478 a
1628 5422 1759 5477 viris
1780 5438 1903 5478 eru-

312 5491 438 5545 ditis
469 5495 603 5546 inter
636 5492 771 5548 falsa
804 5501 860 5549 et
887 5494 1232 5561 supposititia
1255 5494 1603 5551 haberentur.
1661 5496 1731 5549 Ea
1763 5510 1901 5563 quo-

2006 5424 2260 5479 cordatos
2299 5416 2543 5476 homines
2575 5426 2932 5475 mererentur.
2971 5419 3163 5471 Verum
3215 5418 3329 5471 hinc
3373 5416 3463 5469 (lin
3500 5416 3595 5470 de-

2009 5495 2242 5548 siderata
2266 5494 2395 5547 Acta
2431 5493 2633 5561 reperit
2665 5490 2877 5543 tandem
2902 5487 3043 5541 R.P.
3067 5489 3256 5542 Petrus
3278 5487 3596 5561 Franciscus

316 5578 417 5629 qne
462 5564 598 5635 apud
636 5558 1003 5620 llombritinm
1025 5606 1040 5629 ,
1075 5566 1239 5634 paulo
1275 5567 1492 5635 quidem
1536 5558 1904 5622 emendat-lora
2008 5565 2338 5627 Chifﬂetins,
2369 5558 2641 5619 societatis
2666 5562 2802 5635 Jesu‘
2817 5561 3127 5635 presbyter,
3150 5561 3203 5613 in
3226 5561 3446 5635 antiquo
3462 5558 3595 5635 cod.
3658 5576 3667 5615 ὴ

320 5633 635 5706 exstabant;
676 5636 774 5693 sed
814 5638 884 5693 ita
928 5633 1104 5692 tamen
1143 5633 1466 5706 interpolata

328 5639 635 5701 exstabant;
676 5639 774 5693 sed
814 5639 884 5693 ita
928 5646 1104 5692 tamen
1143 5639 1466 5706 interpolata
1548 5647 1609 5693 ut
1638 5639 1906 5693 Eucherio

328 5701 663 5776 Lugdunensi
691 5708 911 5764 attribui
942 5722 1048 5763 non
1083 5716 1327 5777 possent.
1379 5677 1535 5765 Unde
1576 5710 1907 5765 oculatiores

2013 5653 2113 5693 ms.
2146 5636 2482 5692 celeberrimi
2516 5631 2829 5691 monasterii
2868 5628 3130 5697 Jure’nsis,
3172 5646 3339 5700 eaque
3369 5634 3421 5684 in
3450 5628 3597 5682 Pauc

2016 5709 2108 5762 lini
2134 5709 2375 5762 illustrati
2428 5719 2577 5776 parte
2606 5706 2781 5776 prima
2812 5702 3087 5772 vulgavit;
3126 5701 3191 5757 ad
3218 5716 3374 5773 quam
3406 5701 3595 5757 editio‘
