4042 6188
489 130 595 190 895

1477 130 1534 188 S.
1574 122 1905 187 EUCHER"
1940 118 2419 183 LUGDUNENSIS
2454 124 2758 185 EPISCOPI

3680 124 3811 183 8Ξᾶ

483 257 612 301 nem
641 242 844 303 collata
875 246 1064 305 eadem
1094 244 1419 317 proferimus
1437 262 1502 301 ex
1529 245 1913 317 compluribus
1917 241 2076 297 codd.
2106 241 2160 301 Α
2185 242 2354 317 ibique
2391 245 2672 299 instituisse
2715 243 3070 315 quotidianum
3092 242 3455 317 psallentium.
3495 241 3653 299 ldem
3694 260 3806 298 au-

485 330 648 389 msst.
678 325 737 376 et
763 320 977 389 quidem
1000 314 1244 383 vetustis,
1278 318 1417 372 inter
1444 332 1580 387 quos
1613 333 1751 389 unus
1770 331 1841 389 ex
1876 314 2072 389 Fossa-

485 386 663 460 iensis
714 384 1049 447 bibliothecae
1087 388 1435 460 reliquiisuad
1464 384 1653 441 annos
1688 387 1794 460 900
1840 384 2072 460 accedit.

488 456 665 519 Porro
694 462 945 517 Eucherii
983 476 1176 515 nomen
1204 456 1585 513 'indili'erenter
1625 468 1731 512 tam
1782 456 2075 523 interpola-

493 536 585 603 tis,
614 549 772 603 quam
806 531 1029 603 sinceris
1053 530 1206 603 Actis
1236 530 1515 600 praeﬁxum
1543 530 1698 603 estin
1726 528 1884 603 codd.
1915 542 2072 603 mssi,

493 598 662 660 immo
693 612 747 657 et
780 604 953 657 rarius
977 601 1206 656 sinceris
1240 598 1257 656 Ξ
1287 604 1425 655 sicut
1465 610 1518 655 et
1546 599 1787 668 ejusdem
1820 598 2074 653 Eucherii

493 676 717 741 epistola
748 674 813 728 ad
842 673 1065 727 Silvium
1095 683 1189 726 aut
1225 672 1664 741 Salvium,quam
1694 672 1745 725 in
1770 671 1929 723 unico
1948 668 2073 725 cod.

490 747 673 815 Regia;
718 744 1060 799 bibliotheca:
1100 759 1221 798 cum
1272 744 1499 815 sinceris
1542 743 1690 815 Actis
1735 742 2075 815 conjunctam

489 810 809 885 reperimus.
850 815 984 870 Cum
1027 824 1205 869 tamen
1233 815 1333 869 iste
1362 814 1532 868 codex
1561 813 1778 885 Optima:
1810 820 1961 885 noue
1980 810 2072 874 sit,

488 881 843 955 ac’praaterea
871 887 925 941 in
949 887 1073 941 cod.
1103 900 1210 956 quo
1236 900 1366 941 usus
1393 894 1475 940 est
1500 883 1796 956 Chiflletius
1822 926 1836 949 ,
1869 881 2075 956 _habea-

489 953 617 1022 turi,
660 974 778 1012 eam
810 953 1165 1021 retinuimus',
1213 966 1371 1024 atque
1400 956 1465 1008 ad
1497 954 1703 1024 aliquot.
1745 953 1905 1008 codd.
1939 966 2073 1007 mss.

491 1038 735 1083 exactam
784 1028 1122 1083 exhibemus.
1174 1024 1475 1082 Eucherius
1524 1035 1702 1080 autem
1731 1063 1749 1089 ,
1799 1024 2075 1078 Passionis

490 1099 646 1152 istius
690 1108 916 1161 auctor,
964 1098 1220 1153 Ecclesia:
1263 1096 1605 1165 Lugdunensi
1649 1095 1854 1150 saeculo
1885 1095 2074 1163 quinto

490 1169 711 1225 ineunte
740 1170 953 1238 praefuit
982 1187 995 1224 :
1026 1169 1093 1223 de
1119 1184 1225 1236 quo
1266 1170 1310 1221 si
1340 1169 1489 1237 plura
1520 1166 1700 1233 cupis,
1751 1175 1945 1234 praeter
1980 1180 2074 1220 eos

491 1242 578 1309 qui
627 1242 949 1311 scriptorum
978 1240 1467 1311 ecciesiasticorum
1503 1239 2071 1311 catal‘ogosutexuere,

491 1307 710 1366 consule
738 1307 752 1378 ζ
783 1314 826 1366 si
857 1313 1034 1377 lubet,
1062 1308 1411 1378 Chimetium,
1439 1309 1489 1361 in
1523 1308 1747 1362 Paulino
1776 1307 2071 1378 illustrato,

492 1391 645 1447 parte
674 1398 691 1435 ι
716 1425 732 1449 ,
784 1398 903 1452 cap.
938 1382 1002 1436 14
1030 1390 1084 1435 et
1110 1395 1261 1452 seqq.
1289 1422 1320 1452 ,Α
1354 1378 1445 1433 ubi
1486 1380 1700 1433 unicum
1737 1377 2075 1452 Eucherium

494 1448 752 1507 Ecclesia:
798 1448 1139 1522 Lugdunensi
1190 1448 1472 1522 praefuisse
1512 1448 1829 1522 contendit,
1885 1464 2006 1502 cum
2046 1463 2078 1503 e

492 1525 765 1577 contrario
794 1520 1123 1591 Theophilus
1152 1521 1464 1593 Raynaldus
1481 1521 1561 1593 _in
1592 1520 1834 1593 lndiculo
1865 1528 2079 1593 sancto-

2178 327 2297 373 ctor
2326 316 2378 369 in
2416 317 2663 385 sequenti
2688 317 2860 386 capite
2881 315 3196 371 earumdem
3231 324 3528 386 martyrum
3562 317 3806 386 aliquot

2180 387 2440 443 miracula
2471 386 2651 442 refert.
2684 389 2753 440 At
2784 387 2876 441 lib.
2908 403 2935 440 x
2966 387 3214 441 Historia:
3253 386 3385 441 dicit
3411 402 3470 441 se
3501 388 3807 441 beatorum

2179 460 2564 528 Agaunensium
2601 458 2855 527 reliquias
2884 458 3157 513 invenisse
3181 500 3197 523 ,
3230 466 3341 511 tum
3376 459 3427 512 in
3460 459 3659 528 majori
3697 474 3803 514 ec-

2178 528 2339 584 clesia
2382 528 2423 581 Τ
2430 530 2682 583 uronensi
2704 529 2789 583 cui
2823 538 3070 596 praeerat,
3103 538 3212 582 tum
3254 530 3416 584 etiam
3460 530 3512 582 iu
3544 530 3797 584 basilica

2178 600 2346 655 sancti
2372 600 2606 654 Martini.
2628 600 2685 654 in
2706 600 3017 654 eorumdem
3044 610 3339 670 martyrum
3370 600 3631 657 honorem
3681 601 3799 656 Ve-

2179 670 2396 725 nantius
2416 670 2742 726 Fortunatus
2761 686 2977 725 carmen
3020 670 3286 725 decimum
3305 672 3549 739 quintum
3578 673 3713 727 libri
3751 684 3796 729 ιι

2178 741 2501 811 composuit,
2526 757 2726 811 eosque
2757 742 2894 796 libro
2914 757 3003 795 vm
3031 742 3314 795 carminet
3332 741 3475 811 inter
3502 744 3794 797 celebrio-

2182 828 2268 867 res
2294 810 2843 885 martyresrecensei,
2882 821 3043 885 atque
3070 812 3319 885 legionem
3341 810 3564 885 elicem
3587 816 3792 885 Agau-

2179 899 2383 956 nensem
2420 883 2672 952 appellat.
2698 883 2852 956 Und_e
2873 882 3146 956 conjicere
3172 884 3296 937 licet
3318 924 3333 944 ,
3367 883 3463 956 bos
3498 882 3794 956 martyres

2178 954 2471 1023 antiquitus
2501 968 2766 1010 LEGIONII
2796 952 3035 1008 FELICEI
3062 955 3221 1023 vulgo
3253 955 3549 1023 appellatos
3573 952 3785 1010 fuisse.

2178 1023 2344 1079 Favet
2374 1023 2497 1078 huic
2522 1024 2848 1093 conjectura:
2876 1035 3094 1079 sanctus
3122 1025 3309 1079 Avitus
3354 1026 3472 1079 loco
3516 1027 3789 1089 superius

2179 1094 2419 1159 laudato,
2468 1094 2559 1150 ubi
2588 1097 2836 1150 exercitus
2890 1094 3045 1150 Felix
3081 1097 3350 1151 dicuntur.
3405 1095 3778 1151 Walat‘ridum

2176 1166 2526 1229 Strabonem,
2553 1167 2970 1235 innumerosque
2996 1166 3132 1220 alios
3162 1169 3427 1222 variorum
3460 1178 3777 1236 temporum

2176 1246 2422 1308 auctores
2451 1239 2641 1292 omitto
2664 1278 2680 1302 ,
2710 1236 2800 1307 qui
2841 1238 3189 1307 Agaunenses
3233 1247 3495 1308 martyres
3530 1240 3787 1294 celebra-

2177 1317 2322 1379 runt.
2373 1306 2442 1361 At
2484 1306 2908 1375 praetermittere
2952 1323 3056 1362 non
3105 1308 3229 1363 licet
3273 1306 3472 1364 veteris
3514 1310 3783 1379 Liturgim

2177 1378 2472 1433 Gallicana:
2504 1380 2890 1445 tesﬁmonium,
2922 1379 3263 1444 desumptum
3304 1380 3513 1435 scilicet
3540 1395 3607 1435 ex
3646 1381 3781 1434 Mis-

2178 1448 2277 1503 sali
2299 1449 2854 1516 Gothico-Gallicana,
2877 1450 3024 1519 quod
3048 1466 3114 1504 ex
3136 1452 3426 1506 veterrimo
3450 1452 3636 1507 codice
3662 1469 3773 1505 ms.

2178 1531 2305 1592 ante
2330 1534 2502 1592 annos
2532 1520 2637 1577 900
2681 1520 2876 1575 litteris
2902 1521 3177 1592 quadratis
3205 1531 3429 1592 exarata
3452 1562 3466 1587 ,
3495 1522 3767 1592 Iosephus

493 1608 611 1646 rum
661 1590 1099 1673 Lugdunensium
1118 1634 1133 1659 ,
1166 1590 1454 1673 cardinal-is.
1481 1590 1744 1673 Baronius
1770 1632 1783 1652 .
1816 1592 1903 1672 qui
1946 1600 2072 1673 ante
2101 1612 2149 1673 Β
2182 1590 2346 1673 Μειδίᾳ
2372 1590 2715 1673 Thomasius,
2743 1602 2799 1647 et
2826 1601 3010 1673 nosier
3040 1591 3275 1673 Joannes
3300 1590 3769 1673 biabilloniusiib.

494 1660 822 1719 contrarium
850 1674 1249 1734 propugnarat;
1276 1662 1699 1734 Mabilloniusin
1729 1665 1871 1734 notis
1900 1660 2073 1734 adivi-

495 1743 604 1788 tam
641 1731 1174 1790 sancta—Consortiaa
1198 1776 1212 1797 .
1244 1735 1443 1801 aliique
1480 1734 1591 1786 viri
1618 1731 1760 1787 docti
1793 1733 1930 1787 duos
1962 1732 2070 1786 Eu-

494 1806 709 1861 cherius
751 1806 1137 1877 Lugdunenses
1160 1807 1442 1875 episcopos
1472 1802 1803 1877 admittant:
1843 1816 2073 1877 quorum

492 1878 677 1931 senior
714 1874 918 1931 Hilario
963 1874 1261 1932 Arelatensi
1290 1875 1611 1944 coaequalis,
1640 1884 1691 1928 et
1717 1874 1785 1929 ab
1812 1878 1929 1944 ipso
1961 1874 2075 1927 lau-

496 1948 651 2002 datus
675 1948 731 2002 in
753 1964 1003 2004 sermone
1027 1949 1095 2003 de
1114 1957 1302 2003 sancto
1322 1943 1619 2011 Honorato,
1640 1960 1782 2000 anno
1802 1943 1907 1998 454
1928 1945 2077 1999 obie-

493 2018 590 2090 rit,
616 2019 797 2088 junior
821 2035 973 2085 vero,
1014 2019 1081 2075 de
1110 2034 1216 2090 quo
1252 2020 1304 2073 in
1334 2016 1455 2071 Vita
1494 2018 1665 2090 sancti
1692 2016 2074 2090 CaesariiAref

498 2086 740 2150 latensis,
772 2092 981 2145 nonnisi
1014 2086 1441 2159 post'concilium
1473 2086 1868 2143 Arausicauum
1892 2087 1955 2153 ll,
1990 2088 2075 2141 cui

497 2175 640 2213 anno
670 2161 773 2215 529
803 2161 1185 2231 subscripsisse
1209 2161 1424 2217 dicitur.

569 2232 623 2281 2.
670 2232 835 2285 Porro
868 2228 1114 2288 Eucherii
1156 2232 1465 2287 narratione
1504 2230 1587 2283 usi
1626 2228 1795 2285 fuisse
1823 2228 2079 2285 videntur

501 2298 765 2356 Gallicani
796 2301 982 2358 Patres
1008 2304 1059 2357 in
1092 2301 1428 2359 contexendo
1454 2301 1632 2356 ofﬁcio
1658 2346 1672 2369 ,
1701 2301 1843 2370 quod
1884 2299 1939 2353 in
1982 2300 2079 2355 bo-

493 2384 929 2444 rum_tnartyrum
958 2373 1045 2429 die
1073 2374 1209 2429 festo
1238 2371 1619 2444 legebatur._ld
1643 2380 1850 2444 certum
1871 2372 2079 2444 videtur

495 2455 563 2496 ex
591 2441 790 2497 Missali
814 2444 1066 2511 Gothico,
1101 2446 1255 2514 cujus
1283 2441 1460 2514 locum
1484 2441 1620 2514 inira
1646 2442 1969 2512 descripturi
1990 2458 2080 2499 su-

493 2527 639 2567 mus.
686 2514 824 2579 Quin
850 2524 903 2569 et
931 2530 992 2569 ea
1020 2512 1232 2570 videtur
1258 2528 1379 2569 esse
1405 2512 1589 2567 Passio
1614 2553 1630 2578 ,
1668 2528 1827 2583 quam
1866 2530 1927 2568 ex
1956 2531 2076 2567 con-

497 2586 782 2638 suetudinis
808 2586 972 2639 debito
1012 2587 1205 2641 lectam
1236 2584 1400 2639 fuisse
1448 2593 1676 2639 testatur
1706 2593 1920 2639 sanctus
1951 2584 2079 2638 Avi-

500 2660 589 2707 tus
611 2695 626 2719 ,
662 2655 984 2710 Viennensis
1012 2658 1238 2711 antistes
1260 2699 1276 2723 ,
1323 2657 1376 2709 in
1423 2654 1639 2709 homilia
1667 2669 1826 2724 quam
1857 2654 1924 2708 de
1963 2655 2079 2712 istis

496 2726 823 2797 martyribus
872 2726 1076 2787 habuit.
1133 2728 1263 2795 Qua:
1318 2726 1461 2781 enim
1509 2725 1678 2797 fusius
1717 2726 1770 2779 in
1810 2724 2077 2797 Eucherii

494 2795 806 2867 narratione
834 2798 1096 2854 habentur
1122 2841 1136 2864 ,
1168 2814 1230 2852 ea
1259 2798 1443 2867 paucis
1461 2795 1638 2850 verbis
1664 2796 1922 2867 exprimit
1950 2796 2080 2851 Avi-

500 2874 588 2921 tus
616 2868 669 2921 in
716 2866 1018 2939 fragmento
1067 2866 1311 2938 ejusdem
1339 2866 1750 2939 homiliae_quod
1791 2866 1947 2921 nobis
1989 2883 2080 2923 suo

497 2948 701 3012 perest.
727 2936 835 2995 Hos
864 2940 1061 3012 quippe
1087 2936 1374 3012 martyres,
1397 2936 2079 3012 quosFelicemexercitum

2178 1676 2236 1713 ιιι
2262 1661 2516 1729 Liturgire
2540 1663 2849 1726 Gallicanae,
2880 1662 3184 1716 ediderunt.
3212 1663 3269 1715 ln
3300 1662 3406 1717 hoc
3434 1672 3615 1719 autem
3648 1665 3771 1718 Mis-

2177 1733 2448 1785 salinum.
2483 1731 2551 1785 64
2586 1732 2813 1787 habetur
2846 1732 3007 1786 Missa
3038 1734 3165 1787 beati
3197 1732 3437 1788 Mauricii
3464 1752 3581 1788 cum
3620 1736 3773 1788 sociis

2176 1804 2304 1869 suis,
2339 1804 2391 1856 in
2422 1817 2522 1872 qua
2553 1819 2739 1857 eorum
2772 1804 3009 1858 historia)
3034 1804 3268 1858 narratio
3298 1808 3537 1860 occurrit
3567 1821 3631 1858 ex
3665 1820 3764 1858 no-

2178 1882 2291 1927 stro
2316 1872 2581 1928 Eucherio
2610 1875 2811 1944 absque
2849 1873 3015 1929 dubio
3036 1874 3317 1944 desumpta
3340 1918 3354 1938 ,
3388 1887 3445 1929 ut
3472 1886 3765 1942 utrumque

2180 1943 2322 2014 inter
2360 1959 2479 1998 sese
2508 1943 2836 2000 conferendo
2867 1946 3085 2014 patebit.
3138 1943 3292 2013 QuOd
3339 1955 3396 2001 ut
3430 1946 3767 2001 commodius

2181 2013 2294 2080 tiat,
2318 2014 2693 2087 Praefationem
2721 2013 3002 2087 integram,
3026 2032 3146 2084 qua:
3168 2017 3238 2072 ibi
3268 2014 3557 2071 Immolatio
3586 2015 3767 2069 Missa:

2182 2085 2508 2155 appellatur,
2541 2086 2783 2155 proferre
2808 2085 2975 2153 juvat.
3009 2087 3347 2158 Verea’quitm
3370 2099 3417 2142 et
3438 2090 3640 2158 justum
3664 2096 3766 2151 est,

2181 2171 2274 2209 nos
2300 2157 2389 2209 tibi
2400 2157 2592 2228 gratias
2607 2174 2776 2227 agere,
2796 2158 3012 2228 Domine
3032 2156 3227 2224 sancte,
3249 2156 3394 2211 Pater
3418 2156 3761 2228 omnipotens,

2181 2238 2369 2280 wterue
2399 2226 2555 2281 Deus.
2583 2226 2658 2281 'I‘u
2680 2231 2833 2288 enim.
2866 2226 3104 2295 Domine,
3123 2228 3459 2283 Thebteorum
3483 2226 3765 2283 exercitum

2182 2297 2251 2350 ad
2274 2299 2451 2371 populi
2478 2300 2548 2350 tui
2569 2300 2880 2369 supplicium
2904 2298 3237 2371 destinatum,
3253 2300 3326 2353 ita
3342 2302 3504 2353 subita
3525 2301 3772 2371 jussionis

2183 2376 2283 2441 tute
2307 2370 2473 2441 gratia
2495 2371 2853 2441 revocasti37ut
2888 2370 3004 2440 plus
3032 2370 3273 2441 eligerent
3297 2371 3483 2425 sedula
3512 2370 3773 2423 devotione

2182 2438 2606 2511 interﬁci,quam
2633 2441 2696 2494 de
2724 2438 3134 2495 Christianorum
3171 2441 3419 2511 sanguine
3445 2442 3662 2502 satiari;
3687 2457 3773 2511 nec

2181 2524 2295 2562 sum
2322 2510 2475 2563 tantis
2498 2521 2553 2562 ut
2593 2521 2641 2565 te
2669 2512 2991 2581 (legendum
3022 2521 3171 2581 puto,
3218 2510 3308 2565 nec
3330 2521 3633 2565 cunctantes
3654 2554 3667 2577 ,
3709 2510 3775 2581 te)

2182 2582 2497 2646 auxiliante,
2532 2584 2894 2649 persecutionis
2924 2600 3052 2636 onus
3091 2599 3332 2652 excepere
3353 2626 3366 2647 ,
3399 2584 3618 2638 cervices
3659 2598 3774 2635 suas

2184 2652 2595 2721 persequentibus
2623 2653 2894 2708 inclinare.
2949 2652 3015 2707 Et
3042 2670 3154 2707 cum
3180 2653 3346 2708 rabies
3376 2654 3575 2707 inimici
3606 2654 3775 2707 decer-

2182 2732 2350 2794 neret,
2380 2732 2435 2776 ut
2471 2721 2569 2775 Dei
2588 2724 2809 2792 populus
2836 2725 3270 2778 denumerationis
3298 2725 3546 2778 instantia
3577 2725 3776 2794 deperi-

2182 2801 2281 2865 ret,
2313 2793 2403 2846 ille
2442 2802 2618 2864 raptus
2639 2804 2712 2865 est
2743 2795 2990 2861 decimus,
3022 2796 3108 2863 qui
3143 2796 3515 2865 anticipatione
3544 2793 3779 2865 martyrii

2182 2862 2325 2930 ﬁeret
2356 2862 2660 2934 primitivus.
2685 2864 2892 2919 Clamor
2915 2869 2967 2919 in
2995 2862 3177 2920 castris
3202 2862 3366 2921 oritur
3389 2883 3409 2933 ;
3438 2867 3599 2920 virtus
3627 2862 3779 2918 dimi-

2183 2934 2338 3007 candi
2378 2936 2739 3002 contemnitur,
2772 2937 2837 2990 de
2864 2937 3210 3006 assumptione
3254 2938 3492 3007 martyrii
3522 2937 3775 2990 contentio

497 2994 754 3080 appellat,
788 2994 1249 3067 Semel‘etiiterurri
1269 2994 1715 3080 sor'te'decimatos
1737 3010 1902 3080 fuisse
1924 3024 2081 3079 agno-
2108 2994 2156 3059 C
2186 3006 2364 3080 ardua,
2382 2994 2745 3061 conimouetur'.
2765 3007 2890 3080 __Dei
2914 2994 3140 3080 populus
3167 3008 3301 3080 ferro
3324 2994 3640 3080 confoditur,
3662 3022 3781 3060 san-

496 3079 620 3142 scit,
653 3096 715 3135 ac
745 3082 959 3136 tandem
1008 3084 1229 3138 omnino
1258 3090 1625 3150 consumptos.
1667 3078 1775 3135 Sed
1808 3078 2082 3149 fragmen-

500 3157 613 3222 tum
637 3153 908 3222 integrum
939 3153 1299 3211 exhibendum
1339 3162 1452 3217 est,
1485 3150 1651 3222 quod
1682 3165 1750 3205 ex
1774 3151 2085 3222 antiquissi-

498 3220 603 3272 mis
631 3221 682 3274 in
714 3220 914 3277 cortice
944 3226 1174 3280 exaratis
1203 3223 1417 3279 schedis
1445 3220 1782 3278 bibliotheca:
1812 3221 2081 3277 Thuanere

500 3291 788 3364 descripsit
816 3296 898 3347 vir
940 3310 1109 3350 sacrae
1154 3295 1487 3364 antiquitatis
1533 3291 1956 3364 studiosissimus
1993 3293 2084 3347 Ja-

497 3363 670 3433 c_obus
698 3364 1035 3419 Sirmondus.
1062 3366 1169 3419 Has
1194 3362 1371 3419 autem
1394 3362 1642 3429 schedas,
1669 3378 1789 3433 qua:
1812 3364 1866 3416 in
1890 3362 2085 3418 biblio-

502 3430 656 3484 theca
681 3433 840 3502 Regia
871 3436 1030 3488 modo
1059 3445 1428 3497 asservantur,
1458 3436 1671 3489 vivente
1690 3430 1875 3487 adhuc
1904 3436 2083 3499 Avito,

502 3510 595 3587 ait:
624 3504 814 3587 saltem
836 3505 1019 3586 paulo
1060 3515 1179 3572 post
1206 3507 1375 3569 ipsius
1412 3505 1626 3587 obitum.
1646 3507 1875 3587 scriptas
1897 3505 2085 3587 "fuisse

502 3570 734 3650 afﬁrmat
759 3570 968 3650 quieos
996 3570 1344 3650 inspexerunt
1383 3577 1485 3650 _viri
1512 3570 1848 3650 peritissimi.
1896 3576 2085 3631 Homi-

504 3639 591 3694 lia:
618 3656 748 3695 vero
772 3639 1040 3711 praedictae
1063 3639 1249 3699 titulus
1276 3648 1354 3701 sic
1383 3639 1544 3702 habet
1576 3662 1590 3700 :
1615 3646 1781 3701 DICTA
1812 3662 1864 3700 1N
1888 3662 2087 3702 BASILI-

500 3725 571 3765 CA
601 3725 916 3768 SANCTORUI
940 3716 1340 3781 AGAUNENSIUM,
1370 3731 1729 3772 INNOVATIONE
1768 3731 2088 3772 IONASTERII

502 3796 669 3836 trsws
696 3799 793 3838 var.
822 3800 1069 3842 rassrone
1096 3804 1401 3843 usnrvuuu.
1430 3788 1657 3843 Homilia
1688 3804 1819 3843 vero
1851 3790 1927 3841 sic
1954 3789 2091 3842 inci-

497 3852 581 3932 pit
614 3868 629 3908 :
659 3851 987 3932 Draconium
1007 3857 1201 3913 Felicis
1227 3862 1496 3932 exercitus,
1534 3861 1587 3912 in
1625 3862 1773 3932 cujus
1812 3874 2091 3932 congrega-

503 3924 955 4005 iionejbeatissima
985 3947 1133 3984 nemo
1166 3932 1335 3999 periit,
1376 3930 1500 3984 dum
1540 3924 1715 3983 nullu's
1745 3924 1935 4005 euasit;
1974 3924 2091 4005 cum

500 3994 1068 4071 injustam‘sanctorum
1097 3994 1384 4071 martyrum
1402 4010 1625 4071 mortem,
1646 4000 1792 4069 quasi
1813 3994 1963 4052 sortis
1993 4002 2087 4070 ju-

501 4065 641 4119 stitia
659 4068 922 4140 judicaret
946 4114 959 4133 ,
990 4088 1093 4138 qua
1122 4072 1197 4124 bis
1226 4065 1377 4139 super
1406 4072 1568 4123 aciem
1594 4065 1825 4140 dispersa
1852 4065 2091 4124 mansue-

501 4143 629 4205 tam,
662 4138 929 4209 centuplea:
954 4142 1219 4194 decimatis
1248 4138 1445 4209 fructus
1467 4138 1796 4202 accresceret,
1819 4147 1865 4193 et
1887 4140 2003 4193 odio
2036 4143 2090 4194 in

501 4221 802 4275 prosperum
834 4210 1169 4280 suffragante,
1201 4221 1405 4264 eatenus
1433 4210 1742 4281 eligerentur
1763 4210 1970 4281 singuli,
1996 4212 2091 4264 do-

498 4293 595 4330 nec
622 4280 781 4333 simul
814 4281 1174 4351 colligerentur
1213 4282 1378 4344 electi,
1422 4297 1484 4334 ex
1508 4280 1891 4335 consuetudinis
1920 4280 2089 4336 debito

2187 3078 2303 3146 guis
2350 3079 2674 3131 innocentum
2717 3078 3032 3146 effunditur,
3092 3078 3220 3146 fides
3264 3078 3478 3132 inlibata
3525 3088 3775 3133 servatur.

2189 3148 2298 3213 Sic,
2317 3146 2577 3222 _Domine,
2605 3148 2793 3222 milites
2832 3154 3055 3222 protegis
3085 3158 3218 3213 tuos,
3262 3159 3317 3202 ut
3364 3167 3453 3204 nec
3478 3150 3701 3222 defuerit
3730 3149 3779 3201 in

2188 3220 2426 3291 passione
2447 3220 2719 3291 patientia,
2745 3235 2835 3273 nec
2856 3222 2908 3274 in
2931 3220 3253 3291 confessione
3287 3222 3593 3275 constantia.
3629 3220 3773 3273 Inter

2188 3289 2451 3343 beatorum
2471 3291 2602 3345 bella
2631 3299 2678 3343 et
2703 3290 2849 3345 beata
2870 3289 3167 3355 certamina,
3201 3291 3316 3359 plus
3344 3292 3527 3347 meruit
3558 3291 3783 3362 gloriosa

2188 3362 2440 3430 confessio
2463 3364 2525 3414 de
2544 3362 2949 3415 commilitonum
2978 3363 3232 3418 consortio
3261 3362 3454 3429 dividi,
3485 3378 3643 3429 quam
3675 3377 3782 3414 ma.

2187 3447 2283 3504 nus
2308 3433 2571 3504 carniﬁcis
2596 3434 2827 3503 gloriari.
2860 3432 3017 3488 Totus
3040 3450 3260 3502 namque
3282 3432 3379 3487 Dei
3392 3433 3615 3504 populus
3644 3442 3783 3485 tanta

2188 3503 2392 3577 ardoris
2409 3502 2512 3572 fide
2543 3504 2816 3577 alacritate
2837 3506 3112 3577 flagrabat,
3148 3514 3201 3557 ut
3229 3506 3272 3557 si
3292 3502 3589 3577 tardaigtur
3618 3520 3782 3577 perse-

2188 3574 2323 3645 cutio
2350 3574 2929 3645 corporis,prtecederet'
2948 3576 3144 3631 devotio
3161 3576 3440 3645 passionis.
3462 3574 3627 3629 Tanta
3650 3576 3783 3627 enirn

2190 3644 2287 3713 fuit
2316 3644 2605 3697 constantia
2633 3648 2830 3717 pepuli,
2863 3657 2908 3700 et
3069 3644 3285 3711 inimici,
3310 3655 3363 3699 ut
3384 3662 3474 3699 nec
3509 3650 3658 3711 furor
3699 3647 3781 3697 in-

2192 3717 2378 3767 venerit
2401 3716 2736 3788 postmodum
2775 3719 2928 3788 quod”,
2954 3719 3222 3783 occideret,
3253 3732 3345 3770 nec
3389 3719 3673 3788 gloriosum
3699 3732 3780 3769 re-

2191 3786 2430 3856 manserit
2460 3788 2598 3854 quod
2627 3786 2833 3855 periret.
2885 3787 3081 3842 Factus
3111 3799 3183 3842 est
3210 3805 3352 3841 sacer
3382 3786 3470 3842 ille
3506 3787 3784 3856 Agaunen-

2192 3855 2493 3930 siumlocus
2520 3874 2610 3930 per
2638 3858 2892 3930 su/fragia
2920 3868 3202 3929 martyrum
3240 3858 3383 3912 salus
3421 3855 3780 3930 praesentium,

2192 3925 2490 4001 prtesidium
2521 3925 2832 3995 futurorum,
2862 3945 3011 3998 quem
3039 3925 3307 4001 sanguinis
3349 3925 3497 4001 undg
3530 3929 3780 4001 perfudit,

2193 3998 2531 4065 pretiosorum
2559 4012 2832 4065 corporum
2852 3995 3066 4053 societas
3096 3995 3424 4053 consecravit.
3448 3995 3600 4055 Unde
3626 3995 3781 4051 meri-

2192 4063 2245 4119 to
2272 4067 2382 4135 tibi,
2407 4063 2765 4131 Domine,etc.
2790 4071 2847 4124 ln
2871 4070 3279 4125 collectionibus
3302 4086 3433 4124 vero
3453 4069 3615 4124 iidem
3642 4084 3785 4123 mar-

2192 4146 2338 4207 tyres
2366 4138 2530 4191 sancti
2557 4137 2903 4195 Acaunienses
2942 4141 3297 4210 appellantur.
3350 4141 3432 4195 Ex
3474 4140 3558 4193 his
3601 4150 3781 4194 autem

2193 4216 2599 4282 patet_ve_terem
2625 4224 2743 4264 esse
2769 4213 2994 4265 istorum
3022 4223 3329 4282 martyrum
3360 4210 3563 4282 cultum
3592 4211 3649 4264 in
3674 4226 3775 4282 no-

2193 4288 2304 4333 stra
2332 4278 2706 4351 Gal_lia,iquos
2747 4282 2981 4351 majores
3023 4278 3192 4336 nostri
3238 4282 3370 4336 tanti
3419 4281 3617 4335 fecere.
3674 4281 3785 4337 Sub

500 4351 657 4403 series
677 4352 819 4426 lecto:
844 4348 1097 4426 passionis
1119 4352 1381 4426 applicuit.
1404 4352 1713 4426 Monasterii
1751 4353 2089 4426 Agaunensis
2114 4366 2169 4426 ι)
2194 4351 2363 4426 sancti
2390 4348 2627 4426 {lauricii
2658 4348 2877 4426 nomine
2905 4353 3024 4426 dua:
3049 4355 3492 4426 metropolitame,
3510 4351 3781 4426 Viennen-

502 4422 805 4492 non_semel
832 4423 1076 4478 meminit
1120 4423 1339 4489 Marius,
1375 4423 2083 4492 Aventicensisepiscopus,

486 4490 557 4564 'in
588 4490 855 4564 Chronico
887 4496 1221 4564 potissimum
1263 4495 1329 4547 ad
1366 4509 1564 4548 annum
1590 4494 1715 4563 515,
1744 4490 2011 4547 Florentio
2039 4490 2086 4548 et

502 4561 776 4635 Anthemio
824 4561 1146 4629 consulibus,
1189 4565 1376 4635 quibus
1402 4607 1417 4629 ,
1468 4574 1525 4619 ut
1563 4566 1637 4619 ait
1661 4606 1676 4627 ,
1704 4561 2086 4618 monasterium

503 4632 714 4706 idcauno
752 4650 784 4685 a
812 4651 928 4705 rege
952 4632 1287 4706 Sigismundo
1317 4644 1662 4692 constructum
1680 4645 1777 4692 est.
1818 4636 1969 4703 Quod
2017 4636 2087 4691 de

504 4702 608 4777 hac
634 4702 981 4769 innovatione,
1015 4702 1096 4760 uti
1124 4708 1356 4770 videtur,
1388 4708 1789 4777 intelligendum
1816 4702 1921 4762 est.
1973 4706 2085 4761 Etsi

502 4773 834 4847 enimantea
857 4778 1068 4832 steterit
1087 4780 1497 4846 monasterium,
1526 4773 1597 4832 ita
1621 4787 1799 4833 tamen
1827 4777 1986 4847 hujus
2011 4779 2083 4847 pii

504 4844 766 4917 principis
797 4845 1117 4903 liberalitate
1143 4856 1357 4904 auctum
1381 4844 1500 4917 fuit,
1524 4858 1583 4903 ut
1606 4849 1799 4903 merito
1818 4844 1933 4917 ejus
1957 4844 2085 4902 co'n-

503 4916 646 4989 dith
664 4917 932 4989 appellari
953 4928 1133 4989 queat.

575 4986 629 5039 5.
664 4985 836 5061 Porro
864 4985 1201 5061 etsi'horum
1250 4998 1545 5061 martyrum
1578 4990 1792 5044 nomina
1834 4990 2088 5061 pleraque

503 5057 686 5130 ignota
714 5057 844 5125 sint,
884 5058 1236 5117 celeberrima
1278 5057 1455 5116 tamen
1502 5075 1717 5130 semper
1761 5062 1813 5113 in
1838 5057 2087 5115 Ecclesia

499 5127 601 5181 fuit
627 5142 814 5201 eorum
844 5131 1102 5185 memoria
1126 5171 1142 5197 ,
1192 5132 1333 5201 quod
1380 5146 1485 5186 non
1525 5146 1588 5187 ex
1623 5127 1718 5184 bis
1763 5130 1936 5185 solum
1966 5146 2088 5199 quae

501 5200 823 5269 protulimus
847 5210 1095 5269 constat,
1133 5200 1319 5257 verum
1348 5204 1507 5257 etiam
1550 5216 1616 5256 ex
1659 5201 1780 5255 aliis
1811 5202 2086 5257 veteribus

503 5272 836 5337 auctoribus,
861 5274 950 5341 qui
974 5288 1066 5326 eos
1083 5273 1182 5327 sub
1200 5283 1490 5328 sanctorum
1506 5273 1900 5336 Acaunensium,
1921 5288 1949 5324 a
1968 5273 2087 5327 loco

502 5344 778 5415 martyrii,
808 5343 894 5415 vel
936 5342 1152 5415 legionis
1194 5344 1676 5415 Thebtmnomine
1722 5344 2085 5398 celebrarunt.

504 5411 1052 5484 LegionemAFelice'm
1118 5416 1349 5484 appellat
1410 5414 1701 5484 Gregorius
1758 5415 2089 5469 Turonensis

501 5483 595 5557 lib.
628 5499 645 5535 ι
674 5483 749 5557 de
778 5482 960 5557 Gloria
1017 5482 1310 5557 martyrum
1364 5501 1482 5556 cap.
1525 5482 1624 5549 175,
1677 5485 1765 5539 ubi
1808 5484 1973 5540 refert
1988 5484 2088 5557 ῥὶ-

478 5552 845 5626 aismnndum
876 5552 1315 5625 Burgundionum
1354 5552 1539 5626 regem
1578 5557 1952 5625 Agannensem
1985 5555 2090 5611 Ec-

501 5616 720 5675 clesium
752 5616 1023 5680 territorii}
1052 5628 1267 5694 aliisque
1299 5616 1446 5681 "bu;
1471 5616 1851 5696 aﬂluentissime
1875 5628 2085 5693 ditasse,

2192 4423 2267 4477 sis
2299 4437 2361 4494 ac
2390 4421 2757 4494 Turonensis;
2789 4424 3118 4494 totidemque
3144 4424 3483 4477 cathedrales
3510 4423 3777 4490 ecclesias,

2192 4492 2616 4564 Andegavensis
2634 4494 2842 4549 scilicet
2870 4509 2932 4549 ac
2971 4492 3379 4564 Mirapicensis,
3431 4494 3542 4548 Deo
3590 4509 3781 4550 conse-

2189 4574 2354 4618 crata:
2384 4572 2527 4617 sunt.
2582 4562 2647 4617 Et
2677 4572 2734 4617 ut
2776 4566 2842 4619 de
2881 4562 3330 4619 caeteris—taceam
3357 4609 3370 4631 ,
3405 4565 3543 4619 inter
3570 4573 3779 4618 veteres

2190 4635 2449 4690 ecclesias
2470 4648 2593 4702 quae
2627 4634 2754 4689 olim
2783 4635 2836 4690 in
2864 4635 3153 4690 Remorum
3187 4636 3318 4691 urbe
3346 4636 3650 4703 exstabant,
3685 4650 3773 4689 re-

2192 4705 2660 4777 censeturititulus
2703 4708 2866 4760 sancti
2901 4706 3169 4774 Mauricii,
3200 4706 3357 4777 cujus
3395 4706 3689 4762 Sonnatius
3726 4715 3780 4761 et

2190 4774 2378 4831 Laudo
2422 4774 2663 4847 ejusdem
2694 4779 2859 4847 urbis
2900 4777 3164 4832 antistites
3196 4776 3248 4830 in
3273 4774 3616 4832 testamentis
3662 4778 3772 4831 suis

2192 4848 2524 4910 meminere,
2568 4846 2708 4916 apud
2756 4846 3038 4902 Marlotum
3077 4848 3272 4901 tomol
3318 4847 3633 4917 Metropolis
3672 4848 3776 4902 Re-

2191 4933 2414 4974 mensus.

2261 4990 2317 5044 4.
2346 4990 2603 5045 Pauciora
2622 4998 2802 5046 autem
2825 4999 3118 5044 occurrunt
3142 5003 3260 5057 qute
3303 4988 3371 5042 de
3397 4990 3590 5046 horum
3631 5004 3769 5043 mar:

2193 5069 2369 5132 tyrum
2400 5075 2627 5132 numero
2655 5062 2925 5132 dicantur.
2960 5058 3133 5113 Plebis
3156 5058 3377 5132 nomine
3403 5076 3498 5116 eos
3528 5061 3779 5130 designat

2194 5128 2431 5202 Liturgia
2479 5131 2715 5195 laudata,
2767 5131 2879 5202 ubi;
2910 5132 3069 5183 etiam
3100 5145 3192 5186 sex
3243 5128 3389 5186 mille
3444 5143 3498 5187 et
3540 5128 3779 5188 sexcenti

2192 5200 2372 5257 fuisse
2395 5200 2647 5273 dicuntur
2698 5204 2759 5273 iri
2806 5200 3205 5267 Admonitione,
3242 5216 3365 5271 quae
3405 5218 3504 5273 pro
3552 5204 3778 5271 antiquo

2194 5287 2343 5329 more
2369 5272 2674 5344 appellatur
2720 5270 3014 5344 Prwfatio,
3045 5274 3230 5344 sicque
3260 5270 3320 5328 ae
3348 5270 3511 5331 habet
3538 5293 3552 5330 :
3598 5270 3779 5328 Ouini-
3832 5274 3833 5277 “

2191 5343 2414 5415 potentis
2435 5343 2533 5398 Dei
2575 5343 2978 5415 misericordiam
3000 5343 3054 5395 in
3084 5343 3241 5413 hujus
3270 5345 3377 5399 diei
3414 5361 3506 5400 sea:
3551 5345 3778 5399 millium
3842 5362 3848 5377 ε

2192 5413 2539 5469 sexcentarum
2564 5425 2845 5485 martyrum
2877 5413 3219 5485 solemnitate,
3255 5415 3436 5483 fratres
3466 5416 3775 5479 charissimi,

2194 5488 2553 5557 deprecemur:
2594 5495 2648 5539 ut
2672 5484 2759 5557 qui
2801 5494 2959 5539 tanta:
2993 5484 3125 5557 plebi
3153 5499 3263 5539 suae
3292 5487 3504 5557 gloriam
3543 5489 3776 5556 martyrii

2196 5554 2447 5623 contulit;
2476 5559 2549 5611 ita
2577 5554 2744 5622 nobis,
2777 5566 2922 5621 etc.;
2953 5554 3043 5624 qui
3064 5554 3321 5610 numerus
3349 5554 3422 5609 ibi
3445 5554 3778 5622 exprimi-vi-

2195 5628 2353 5683 detur
2377 5629 2518 5697 quod
2561 5629 2859 5684 Eucherius
2912 5626 3176 5697 legionem
3212 5642 3274 5680 ea:
3308 5641 3396 5680 se:
3436 5627 3668 5681 millibus
3714 5643 3775 5681 ae
