4042 6188
229 236 338 295 825

1197 231 1433 295 PASSIO
1469 234 1528 295 S.
1571 234 1881 295 MAURICII
1920 237 2005 294 ET
2042 237 2389 299 SOCIORUM
2426 237 2614 300 EIUS.

3409 249 3514 309 820

227 357 479 412 sexcentis
506 354 799 412 hominibus
820 359 949 410 tunc
971 353 1233 423 temporis
1260 353 1569 427 constitisse
1597 353 1814 427 dixerit.
1846 355 1895 417 Α
1922 357 2065 427 quod
2097 364 2259 412 tanta;
2284 358 2620 414 auctoritatis
2650 364 2705 414 et
2733 359 3016 416 vetustatis
3046 360 3338 417 indubitata
3362 367 3510 421 testi-

228 428 497 483 Caeterum
534 428 755 484 totidem
799 428 1148 497 Agaunenses
1177 434 1446 497 martyres
1490 425 1657 481 fuisse
1687 426 1822 481 dicit

230 501 360 553 vitae
384 502 552 554 sancti
585 498 816 553 Romani
848 496 1060 550 abbatis
1102 496 1352 551 Jurensis
1392 506 1579 551 auctor
1608 497 1821 567 ipsimet

230 570 477 625 Romano
506 568 815 640 eoaequalis,
850 570 939 640 qui
968 568 1105 622 adeo
1134 567 1350 640 labente
1394 569 1595 623 szeculo
1625 569 1815 639 quinto

222 639 430 696 ﬂoruit.
462 638 807 696 Porro'tanta
841 638 1073 694 militum
1103 638 1283 693 credes
1309 639 1515 706 absque
1555 638 1819 709 exemplis

224 727 330 765 non
366 712 558 767 fuerat.
596 712 827 767 Unicum
870 710 1087 779 profero
1115 726 1181 765 ex
1212 710 1393 764 Dionis
1422 709 1599 765 Cassii
1631 710 1820 781 Xipbi-

220 781 335 835 lino
368 786 418 836 in
448 781 631 837 Galbae
674 781 819 847 Vita,
848 782 940 835 ubi
989 792 1192 851 septem
1242 781 1413 835 millia
1451 781 1815 837 Prtetoriano-

217 868 335 907 rum
386 853 617 909 militum
644 869 787 910 casa
818 852 985 907 luisse
1034 853 1197 909 refert
1231 853 1316 906 bic
1341 863 1551 919 auctor,
1590 863 1817 908 caeteros

214 938 343 979 vero
370 926 696 981 decimatas.

287 996 341 1050 5.
368 995 601 1050 Istorum
631 1012 765 1052 vero
794 1005 1094 1066 martyrum
1121 995 1367 1061 nomina,
1398 995 1445 1049 si
1485 1008 1547 1051 ea
1574 995 1816 1064 excipias

213 1081 333 1135 quae
362 1068 429 1121 ab
458 1068 735 1123 Eucherio
756 1078 1133 1133 recensentur,
1166 1066 1321 1121 nobis
1365 1082 1589 1137 prorsus
1629 1069 1812 1136 ignota

211 1149 360 1209 sunt.
390 1138 653 1209 Plerique
684 1147 863 1193 tamen
910 1138 1263 1193 Eucherianis
1308 1138 1667 1191 Innocentium
1715 1152 1814 1192 seu

210 1206 653 1264 Innocentem'et
706 1209 928 1264 Vitalem
955 1211 1277 1279 adjungunt,
1320 1211 1411 1277 qui
1445 1217 1814 1279 memorantur

214 1280 267 1353 in
296 1281 691 1353 antiquissimis
718 1278 1138 1353 Martyrologiis,
1172 1292 1332 1353 atque
1360 1278 1816 1353 in_S_acramenta-

210 1350 291 1404 rio
318 1351 658 1419 Gregoriano
685 1368 744 1406 ex
777 1350 899 1406 cod.
926 1351 1245 1407 Corbeiensi
1278 1350 1514 1414 Ratoldi,
1547 1360 1605 1403 nt
1626 1351 1813 1405 obser-

209 1429 500 1478 vatnoster
533 1425 687 1493 Hugo
717 1424 1007 1479 Menardus
1038 1425 1089 1479 in
1115 1424 1256 1476 netis
1286 1437 1407 1492 pag.
1441 1421 1575 1483 180;
1601 1421 1729 1476 item
1755 1422 1807 1475 in

210 1495 435 1563 antiquo
466 1495 591 1549 cod.
624 1492 727 1549 ms.
770 1493 1027 1563 Ecclesiae
1066 1494 1495 1563 metrOpolitanm
1526 1492 1808 1547 Remensis

207 1562 438 1630 aliisque
460 1566 759 1619 nonnullis.
792 1562 955 1620 Certe
988 1562 1280 1620 0rdericus
1319 1563 1505 1618 Vitalis
1533 1578 1593 1617 se
1614 1564 1680 1618 ab
1706 1565 1808 1617 hoc

207 1644 398 1707 sancto
423 1647 664 1707 martyre
695 1636 927 1691 Vitalem
955 1636 1283 1707 appellatum
1308 1635 1472 1707 fuisse
1502 1633 1668 1689 refert
1709 1635 1801 1688 lib.

1923 429 2103 482 monia
2132 439 2399 491 asserunt,
2431 430 2483 482 in
2513 429 2733 484 dubium
2783 446 2979 486 vocare
3025 434 3221 487 sinceri
3267 450 3373 489 non
3425 446 3511 492 est

1921 499 2109 575 attimi,
2142 516 2241 555 nec
2260 500 2494 575 hominis
2511 502 2627 570 qui,
2654 501 2857 575 reiecto
2883 503 3030 557 omni
3063 507 3291 575 partium
3306 507 3504 575 studio,

1921 571 2225 644 veritatem,
2262 573 2636 644 undecumque
2677 571 2952 644 aﬂ'ulgeat,
2988 571 3238 644 amplecti
3269 587 3433 632 amet.

1993 646 2047 696 6.
2096 643 2407 698 Latinorum
2443 642 2816 712 Martyrologia
2864 642 3167 713 antiqua‘et
3205 647 3506 704 recentiora

1921 724 2236 784 sanctorum,
2272 714 2508 768 Mauricii
2556 730 2617 768 ac
2654 715 2923 769 sociorum
2968 716 3086 784 ejus
3131 716 3327 771 festum
3353 734 3507 774 reco-

1922 784 2041 860 l_unt
2069 785 2155 840 die
2183 783 2619 860 ‘22_Septembris
2643 796 2743 860 :“at
2765 801 2969 860 eorum
3003 783 3325 860 memoriam
3358 791 3501 860 apud

1920 854 2138 909 Grzccos
2170 856 2371 910 nullam
2387 857 2630 925 reperire
2657 856 2824 910 licuit.
2848 857 2978 911 Nam
3006 858 3318 914 Mauriciuni
3352 854 3503 916 illum

1920 941 2080 995 quem
2114 942 2235 981 cum
2283 927 2616 997 septuaginta
2667 929 2828 981 sociis
2877 928 3133 983 militibus
3161 930 3246 984 isti
3306 930 3393 984 die
3431 932 3497 986 21

1919 998 2120 1051 mensis
2146 997 2421 1052 Februarii
2452 998 2748 1062 celebrant,
2778 997 2940 1065 plane
2966 1000 3212 1054 diversus
3238 1009 3321 1054 est
3345 1017 3371 1053 a
3402 1019 3502 1057 no-

1917 1075 2034 1143 stro
2062 1069 2336 1134 Mauricio,
2369 1074 2509 1143 inter
2534 1082 2687 1143 quos,
2719 1079 2915 1143 prater
2944 1085 3161 1134 nomen,
3186 1071 3268 1125 vix
3298 1072 3499 1143 aliquid

1916 1140 2131 1211 utrique
2156 1156 2450 1211 commune
2490 1140 2813 1194 invenietur.
2840 1142 3034 1196 Noster
3073 1144 3268 1211 quippe
3298 1140 3500 1198 Mauri-

1916 1210 2033 1264 cius
2061 1212 2112 1264 in
2136 1210 2326 1266 Galliis
2354 1228 2476 1267 cum
2507 1214 2711 1281 integra
2757 1212 2969 1282 legione
2997 1210 3188 1282 passus
3208 1210 3215 1211 7
3237 1224 3349 1279 est;
3396 1216 3499 1270 iste

1916 1294 2097 1335 autem
2126 1287 2375 1354 Apamere
2405 1285 2457 1336 in
2479 1284 2655 1353 Syria,
2687 1288 2965 1351 praemisso
3009 1283 3074 1336 ad
3115 1286 3356 1353 martyrii
3387 1288 3499 1354 pal-

1915 1367 2057 1405 mam
2112 1353 2222 1407 filio
2267 1370 2364 1409 suo
2396 1355 2647 1413 Photino.
2682 1362 2961 1422 postquam
3004 1355 3189 1408 decem
3220 1353 3412 1410 diebus
3442 1365 3499 1411 et

1915 1423 2163 1477 noctibus
2192 1426 2549 1481 intolerabilia
2583 1433 2848 1478 tormenta
2873 1440 2993 1478 cum
3026 1426 3137 1479 suis
3165 1427 3325 1480 sociis
3370 1442 3495 1495 per-

1913 1496 2145 1561 tulisset,
2175 1499 2340 1551 simul
2368 1513 2487 1550 cum
2508 1496 2693 1551 iisdem
2722 1497 2861 1549 inter
2884 1510 3069 1563 preces
3092 1495 3252 1550 finem
3284 1497 3497 1552 vivendi

1913 1565 2059 1619 fecit.
2094 1566 2247 1621 ilunc
2286 1568 2601 1622 Mauricium
2641 1578 2929 1638 martyrem
2980 1567 3161 1620 laudat
3187 1566 3500 1638 j‘lieodori-

1913 1647 1997 1689 tus
2022 1651 2272 1693 sermone
2313 1640 2345 1694 8
2372 1642 2436 1694 de
2469 1635 3150 1693 Grtecarum'aﬂ'ecﬁonum
3174 1635 3493 1705 Curatione;

203 1717 297 1758 xm
324 1705 582 1799 [iisto'rite
611 1705 1010 1799 ecclesiasticae.
1029 1705 1350 1799 fanumque
1376 1705 1583 1799 ViLtalis,
1608 1707 1802 1774 inquit,
1838 1740 1884 1799 Β
1913 1710 2043 1799 Acta
2070 1724 2198 1799 vero
2218 1712 2388 1799 ipsius
2416 1712 2623 1799 integra
2648 1708 2991 1799 [exgoimjeene
3012 1709 3374 1779 Metapbraste
3401 1709 3498 1764 ba-

203 1793 300 1841 pro
327 1777 553 1846 Anglico
585 1780 820 1840 nomine,
852 1780 987 1846 quod
1016 1778 1356 1831 Norimanuis
1394 1778 1642 1831 absonum
1683 1794 1799 1831 cen-

201 1848 603 1920 sebatur,_milti
630 1850 924 1920 impositum
952 1860 1049 1913 est,
1090 1850 1224 1919 quod
1280 1849 1341 1901 ab
1393 1865 1495 1901 uno
1543 1848 1800 1920 sodalium

201 1919 368 1990 sancti
401 1918 650 1972 Mauricii
678 1918 943 1990 martyris,
971 1923 1116 1989 cuius
1164 1930 1280 1973 tunc
1315 1920 1617 1989 martyrium
1670 1919 1801 1972 cele-

202 1986 474 2053 brabatur,
511 1986 944 2045 mutuatum—est.
998 1986 1148 2049 Alios
1191 1991 1353 2045 etiam
1402 1986 1469 2045 ex
1500 1990 1689 2044 eadem
1725 1990 1799 2043 le-

198 2059 362 2125 gione
390 2071 679 2131 martyres,
709 2062 800 2132 qui
832 2062 972 2117 forte
1014 2074 1141 2117 tunc
1176 2066 1243 2116 ab
1277 2062 1519 2115 exercitu
1550 2060 1793 2132 aberant,

197 2140 286 2182 aut
319 2141 477 2185 certe
508 2130 635 2186 ante
662 2130 802 2186 istud
834 2134 1102 2187 excidium
1147 2134 1397 2203 generale
1431 2133 1543 2201 jam
1586 2130 1799 2203 fuerant

197 2203 586 2267 consummati,
612 2206 772 2257 variae
800 2205 1055 2259 Ecclesia:
1078 2202 1374 2259 celebrant.
1398 2202 1794 2270 Quinquaginta

199 2284 262 2324 ex
293 2271 690 2345 ipsigColonim
718 2278 1023 2344 Agrippinae
1064 2290 1253 2345 passos
1300 2274 1468 2328 fuisse
1500 2273 1631 2326 dicit
1657 2272 1794 2345 Gre-

197 2344 381 2411 gorius
412 2343 747 2399 Turonensis
766 2343 896 2401 lib.t
927 2347 994 2401 de
1024 2343 1207 2403 Gloria
1234 2345 1526 2415 Martyrum
1549 2358 1668 2412 cap.
1700 2344 1792 2415 62,

195 2426 430 2485 quorum
487 2415 766 2469 basilicam
797 2426 998 2471 sanctos
1051 2433 1236 2470 aureos
1284 2414 1611 2485 appellatam
1662 2414 1791 2468 olim

195 2483 367 2539 fuisse
426 2496 629 2540 monet.
654 2486 952 2542 Gereonem
978 2497 1032 2542 et
1060 2489 1195 2542 alios
1224 2483 1496 2541 trecentos
1528 2486 1714 2538 decem
1739 2494 1791 2539 et

194 2564 343 2629 octo,
398 2572 552 2626 quos,
605 2559 780 2629 inquit
829 2557 967 2625 Ado,
1022 2575 1083 2612 ea:
1128 2558 1326 2629 legione
1364 2557 1501 2611 beati
1548 2555 1791 2629 Mauricii

194 2626 359 2693 fuisse
390 2630 583 2694 ferunt,
618 2626 693 2682 in’
715 2629 901 2683 eadem
929 2631 1061 2685 urbe
1092 2626 1278 2696 passos
1331 2636 1635 2684 memorant
1676 2627 1792 2681 vul-

191 2706 314 2763 gata
340 2696 721 2768 Martyrologia
751 2701 817 2753 ad
864 2701 1009 2755 diem
1060 2702 1126 2756 10
1179 2700 1456 2755 Octobris.
1505 2696 1791 2752 Mallosum

194 2778 519 2842 martyrem,
560 2786 720 2840 quem
743 2770 1035 2841 Gregorius
1084 2788 1203 2842 cap.
1235 2771 1483 2841 sequenti
1516 2770 1569 2822 in
1601 2768 1790 2822 Bertu-

194 2841 559 2912 {tensioppido
609 2857 730 2895 cum
787 2842 991 2897 Victore
1049 2845 1173 2898 item
1226 2851 1464 2912 martyre
1517 2843 1784 2910 sepultum

196 2907 363 2984 fuisse
395 2907 605 2984 scribit,
632 2930 694 2966 ex
738 2914 1043 2969 Tbebaeana
1078 2916 1292 2984 legione
1340 2907 1505 2967 fuisse
1544 2907 1786 2984 nonnulli

192 2981 853 3038 sentiunt.Usuardusdie
880 2986 939 3038 l0
960 2981 1209 3040 Octobris
1229 2987 1370 3039 hunc
1396 2998 1516 3038 cum
1541 2983 1786 3037 Gereone

190 3051 483 3126 confundit
507 3054 593 3126 bis
616 3054 827 3107 verbis:
849 3054 1063 3126 Civitate
1086 3056 1452 3126 Agrippinensi
1493 3054 1659 3106 sancti
1686 3050 1782 3105 Ge-

1909 1779 2104 1834 bentur
2134 1782 2220 1835 die
2245 1783 2307 1834 '21
2341 1782 2619 1835 Februarii
2646 1779 3006 1833 Bollandiani.

1979 1854 2030 1903 7.
2064 1854 2458 1919 Agaunensium
2496 1862 2791 1922 martyrum
2842 1851 3145 1918 passionem
3200 1849 3267 1905 ad
3294 1865 3493 1922 annum

1904 1918 2009 1974 297
2036 1918 2202 1977 refert
2231 1922 2527 1975 cardinalis
2559 1918 2839 1987 Baronius,
2864 1937 3021 1989 quam
3048 1933 3228 1976 tamen
3267 1921 3331 1975 ad
3362 1922 3493 1975 Dio-

1904 1993 2125 2047 cletiani
2154 2002 2207 2046 et
2234 1992 2535 2046 Maximiani
2572 1992 2962 2060 imperatorum
2994 1992 3146 2046 initia
3195 1993 3370 2058 potius
3401 2007 3490 2046 re-

1903 2065 2199 2117 vocandam
2231 2079 2350 2117 esse
2375 2077 2678 2117 censemus.
2716 2062 2845 2115 Eam
2890 2076 3021 2115 vero
3047 2062 3111 2115 ad
3157 2077 3355 2115 annum
3383 2062 3491 2117 ζ286

1903 2135 2211 2204 consignari
2246 2150 2401 2203 posse
2424 2134 2723 2201 colligimus
2754 2148 2820 2186 ex
2851 2147 2915 2204 eo
2946 2131 3087 2204 quod
3141 2132 3495 2204 Maximianus

1903 2202 2416 2273 l‘lerculitis,quein,
2456 2205 2531 2258 uti
2561 2205 2804 2258 eruditus
2848 2202 3095 2256 Baluzius
3143 2202 3194 2255 in
3235 2204 3377 2255 notis
3421 2202 3488 2255 ad

1900 2273 2161 2330 Lactantii
2185 2277 2420 2330 libellum
2444 2276 2510 2330 de
2524 2275 2780 2328 Mortibus
2795 2283 3197 2343 persecuturum
3218 2274 3490 2335 observat,

1902 2360 2045 2399 anno
2077 2348 2403 2414 praecedenti
2433 2347 2794 2401 Diocletianus
2822 2347 2876 2398 in
2916 2344 3131 2412 imperii
3157 2344 3490 2398 consortium

1900 2429 2290 2487 assumpscrat,
2322 2428 2447 2472 tunc
2472 2417 2731 2484 temporis
2777 2414 3055 2487 iniGalliis
3087 2429 3210 2487 eum
3250 2418 3491 2469 exercitu

1898 2484 2143 2542 versatus
2167 2489 2351 2543 fuerit.
2385 2489 2532 2543 llaud
2564 2496 2742 2541 tamen
2775 2486 3069 2540 diffitemur
3095 2484 3253 2539 istam
3290 2491 3495 2554 marty-

1897 2573 2027 2681 Fui“.
2043 2560 2349 2627 passionem
2382 2561 2449 2613 ad
2492 2567 2781 2628 sequentes
2818 2572 2993 2612 annos
3023 2571 3182 2625 posse
3213 2556 3373 2611 etiam
3401 2570 3492 2609 re-

1918 2643 2050 2681 errr.

1918 2643 2050 2684 θΙΊἸ.

1965 2702 2019 2755 8.
2048 2700 2254 2772 Agauni
2283 2716 2413 2755 vero
2447 2700 2707 2772 locus‘ubi
2737 2700 2852 2753 haec
2890 2697 3073 2753 clades
3126 2696 3348 2772 contigit
3391 2712 3488 2751 ex-

1895 2771 2018 2827 inde
2038 2768 2266 2828 celebris
2284 2773 2383 2827 fuit
2411 2772 2548 2840 apud
2575 2769 2937 2834 Christianos,
2964 2783 3084 2822 cum
3118 2768 3188 2821 ob
3220 2777 3487 2840 tantorum

1895 2852 2194 2913 martyrum
2242 2835 2582 2906 memor-iam,
2614 2851 2726 2913 tum
2775 2842 2846 2894 ob
2875 2847 3205 2895 exstructum
3240 2836 3313 2890 ibi
3357 2835 3493 2913 insi-

1891 2927 1996 2983 gne
2036 2908 2446 2979 monasterium,
2496 2913 2637 2981 quod
2686 2911 2949 2983 hactenus
2995 2916 3333 2983 perseverat,
3371 2908 3489 2983 sub

1892 2975 2062 3037 Sancti
2088 2985 2323 3037 Mauricii
2352 2975 2570 3036 nomine
2603 2982 2961 3035 notissimum.
2987 2975 3160 3032 Situm
3178 2985 3264 3031 est
3286 2978 3337 3028 in
3353 2975 3489 3030 diae-

1892 3055 2000 3106 cesi
2045 3053 2346 3108 Sedunensi
2387 3053 2452 3106 ad
2483 3052 2697 3105 radices
2726 3050 2922 3105 montis
2974 3049 3147 3103 sancti
3198 3047 3481 3115 Bernardi,

190 3123 987 3192 reonismartyris,cognomento
1007 3117 1376 3190 Mallosi','cum
1398 3124 1781 3185 aliiscccxvm,
1814 3117 1860 3178 C
1890 3122 2030 3190 quod
2080 3123 2253 3191 primo
2294 3122 2394 3177 sub
2436 3123 2621 3191 regula
2677 3121 2878 3187 privata
2935 3118 3263 3192 institutum,
3300 3125 3483 3192 postea

189 3194 299 3259 qui,
332 3198 442 3245 etc.
463 3192 672 3265 _lisdem
702 3195 863 3265 vulgo
901 3208 1255 3251 accensentur
1287 3205 1554 3265 martyres
1596 3192 1787 3265 Tauri-

192 3276 417 3325 nenses,
450 3260 715 3327 Octavius,
766 3260 1083 3319 A’dventitius
1132 3278 1183 3321 et
1214 3260 1461 3331 Solutor',
1493 3267 1561 3317 de
1592 3263 1786 3329 quibus

189 3344 413 3406 sanctus
446 3333 709 3406 Maximus
734 3336 1084 3391 Taurinensis
1123 3338 1411 3406 episcopus
1453 3335 1584 3389 duas
1611 3335 1786 3388 homi-

188 3404 292 3457 lias
324 3404 535 3467 habuit,
568 3420 685 3473 quae
702 3414 917 3461 exstant
943 3415 1087 3461 tomo
1110 3404 1518 3462 V'Bibliotbecae
1542 3406 1783 3470 Patrum,

191 3486 347 3543 parte
405 3491 443 3529 ι.
489 3475 802 3531 Laudantur
851 3480 1011 3532 etiam
1067 3480 1134 3533 ab
1190 3479 1435 3533 Ennodio
1488 3478 1781 3544 Ticinensi,

189 3561 359 3601 carm.
393 3563 429 3599 ι.
464 3546 601 3601 Sunt
627 3557 680 3600 et
709 3548 799 3602 alii
834 3550 1076 3604 celebres
1128 3550 1182 3604 in
1214 3549 1379 3603 variis
1416 3549 1581 3602 Italiae
1636 3548 1783 3602 urbi-

188 3616 311 3689 bus,
349 3628 406 3671 ut.
432 3616 750 3671 Maximinus
782 3620 1088 3684 Mediolani,
1121 3621 1428 3685 Mauricius,
1464 3618 1713 3689 Georgius
1733 3628 1786 3674 et

190 3687 429 3742 Tiberius
458 3689 736 3753 Pinarioli,
772 3691 1106 3746 Sebastianus
1131 3704 1185 3747 et
1211 3690 1444 3745 Alverius
1474 3687 1700 3745 Fossani
1732 3693 1783 3743 in

186 3758 443 3833 Liguria,
470 3760 764 3833 Alexander
804 3763 1080 3832 Bergomi,
1113 3766 1180 3819 de
1209 3780 1315 3833 quo
1349 3762 1603 3833 Ugbellus
1636 3762 1786 3829 plura

185 3828 373 3884 habet.
400 3828 509 3901 Nec
538 3829 779 3898 defuere,
835 3834 881 3888 si
916 3828 1159 3889 Notkero
1197 3828 1427 3901 aliisque
1475 3828 1783 3900 credamus,

187 3901 385 3970 legioni
418 3900 503 3953 isti
535 3910 800 3971 martyres
828 3920 891 3958 ex
924 3906 1161 3961 feminis.
1197 3907 1273 3959 Ex
1303 3900 1389 3959 bis
1419 3903 1558 3959 idem
1589 3901 1788 3956 Notke-

185 3987 276 4026 rus
304 3970 904 4045 memoratJRegulam,
947 3992 1068 4045 qua:
1098 3993 1220 4032 cum
1254 3978 1421 4030 fratre
1467 3989 1565 4029 suo
1610 3971 1787 4027 Felice

183 4043 458 4118 superatis
474 4042 640 4118 variis
669 4042 1162 4118 torineittiscapite
1185 4048 1349 4118 plexa
1374 4054 1457 4100 est
1477 4046 1565 4118 die
1593 4046 1653 4118 li
1690 4046 1787 4100 Se-

184 4114 407 4188 ptemb._
432 4112 587 4188 Plura
624 4116 883 4171 retulerat
903 4119 971 4174 de
1004 4112 1205 4173 Verona
1227 4118 1434 4188 virgine
1456 4117 1521 4170 ad
1556 4116 1784 4187 primum

186 4184 323 4238 diem
356 4183 602 4256 ejusdth
629 4190 852 4242 mensis.
884 4190 988 4244 Alii
1035 4192 1165 4245 alibi
1187 4183 1783 4256 cons'ummati'passim

185 4256 560 4330 occurruntin
587 4255 984 4330 Martyrologiis
1013 4271 1067 4316 et
1106 4261 1474 4330 peculiaribus
1515 4255 1788 4330 Ecclesia-

187 4340 301 4380 rutn
328 4326 546 4402 tabulis,
579 4326 860 4402 dequibus
890 4326 1064 4386 iusius
1093 4326 1254 4402 agere
1280 4345 1387 4385 non
1413 4340 1587 4384 vacat.
1614 4329 1785 4383 Num-

186 4410 344 4466 quam
374 4397 541 4452 etiam
572 4398 701 4449 mibi
727 4401 780 4451 in
820 4413 1054 4456 mentem
1087 4397 1251 4468 venit,
1293 4410 1351 4455 ut
1372 4402 1533 4456 velim
1566 4415 1629 4454 ea
1663 4415 1787 4467 pru—

188 4483 433 4557 pugnare
445 4468 679 4557 uti‘ctelrta
694 4471 1014 4557 etindubia,
1040 4472 1636 4557 qugabsquelegitimo
1652 4472 1781 4557 tun:
1813 4500 1859 4557 υ

187 4536 441 4595 damento
469 4538 535 4589 de
564 4536 667 4590 illis
693 4542 1022 4609 martyribus
1048 4536 1263 4609 quidam
1295 4536 1544 4595 auctores
1574 4541 1775 4609 passim

186 4616 559 4665 narraverunt.
574 4609 1028 4665 Atceleberrimae
1051 4613 1165 4680 ejus
1186 4612 1412 4680 legionis
1436 4612 1774 4680 martyrium,

1893 3188 2171 3248 monac—bis
2196 3188 2557 3248 Benedictinis
2580 3194 2771 3256 cessit;
2802 3205 2864 3244 ac
2895 3190 3115 3243 tandem
3149 3188 3215 3243 ad
3259 3189 3485 3241 canoni-

1892 3278 1985 3316 cns
2041 3265 2316 3332 regulares
2369 3262 3126 3332 Augustinianosdevolutum
3177 3268 3281 3332 est.
3336 3258 3481 3314 Idem

1892 3329 2279 3389 monastemutn
2331 3329 2678 3389 ante—annum
2711 3331 2813 3387 515
2859 3329 3132 3387 exstitisse
3164 3329 3355 3397 probat
3388 3346 3486 3383 no-

1892 3416 2009 3460 ster
2036 3406 2377 3461 Mabillonius
2410 3415 2555 3460 tomo
2586 3405 2607 3459 Ι
2634 3403 2894 3457 Actorum
2926 3410 3233 3457 sanctorum
3280 3400 3487 3455 ordinis

1893 3477 2249 3543 Benedictini,
2310 3493 2429 3546 pag.
2472 3477 2611 3539 568,
2670 3474 3010 3543 proindeque
3056 3488 3087 3525 a
3125 3471 3485 3546 Sigismundo

1892 3544 2334 3618 Burgundionum
2362 3544 2484 3618 rege
2515 3549 2739 3601 ditatum
2765 3546 3002 3615 quidem,
3031 3558 3094 3597 ac
3116 3544 3257 3597 forte
3280 3551 3483 3618 restau:

1891 3612 2066 3672 ratu'm
2092 3619 2276 3683 fuisse,
2308 3612 2608 3673 nouantem
2644 3612 2888 3686 primitus
2918 3627 3321 3678 constructum;
3342 3612 3485 3683 quod

1890 3705 1955 3743 ex
1990 3689 2145 3743 titulo
2176 3692 2459 3757 fragment:
2489 3690 2631 3743 Aviti
2682 3688 3002 3743 Viennensis
3049 3686 3284 3740 humilia:
3324 3700 3486 3753 snpe-

1891 3761 2002 3813 rius
2026 3775 2057 3812 a
2090 3764 2243 3815 nobis
2270 3762 2421 3814 relati
2457 3768 2662 3814 certum
2702 3769 2805 3813 est.
2836 3761 3105 3825 Quantum
3135 3770 3266 3810 vero
3301 3771 3484 3809 mona-

1890 3832 2115 3884 sterium
2143 3832 2285 3886 istud
2325 3835 2453 3885 olim
2484 3832 2699 3886 celebre
2732 3830 2910 3891 fuerit,
2944 3845 3011 3882 ex
3041 3842 3105 3879 eo
3151 3835 3297 3893 patet
3341 3826 3483 3889 quod

1890 3910 2217 3956 cmterorum
2247 3900 2751 3955 constituendorum
2775 3901 2939 3952 veluti
2972 3896 3247 3963 exemplar
3272 3908 3485 3963 speeta-

1892 3984 2063 4046 r_etur,
2091 3974 2326 4028 maxime
2355 3975 2405 4027 in
2430 3974 2571 4046 jugis
2605 3969 2914 4046 psalmodite
2934 3981 3115 4046 _quatn
3148 3965 3306 4031 vulgo
3338 3964 3485 4046 .L'au—

1891 4043 2004 4116 dem
2034 4036 2309 4115 perennent
2330 4036 2693 4115 appellabant,
2720 4039 3078 4116 institutione,
3115 4049 3234 4116 qua:
3259 4036 3481 4103 quidem

1886 4107 2087 4184 jugitér
2115 4116 2166 4169 in
2197 4107 2647 4187 monasteriorum
2699 4110 2943 4187 ecclesiis
2968 4107 3200 4163 canendi
3254 4119 3486 4187 censue-

1891 4180 2019 4238 ἰιιῖιο
2041 4187 2108 4241 ab
2132 4188 2421 4240 Acremetis
2450 4185 2657 4240 Graecis
2687 4181 2966 4257 monachis
3011 4188 3248 4257 accepta,
3286 4180 3336 4229 in
3374 4180 3487 4257 ple-

1890 4257 2075 4325 risque
2109 4259 2249 4311 sacri
2295 4257 2500 4311 ordinis
2537 4256 2723 4325 nostri
2760 4249 3095 4307 Benedictini
3138 4249 3486 4325 monasteriis

1890 4320 2015 4380 olim
2048 4328 2458 4391 observabatur,
2510 4335 2568 4379 ut
2615 4324 2843 4393 probant
2891 4334 3102 4376 veteres
3130 4320 3334 4393 charta:
3366 4334 3484 4393 ψιίυ

1893 4399 2090 4466 passim
2149 4402 2200 4452 in
2248 4398 2409 4452 variis
2444 4389 2857 4466 collectionibus
2891 4393 3052 4466 editae
3075 4399 3217 4466 sunt.
3262 4389 3360 4466 De.
3384 4390 3484 4442 bac

1890 4456 2281 4522 consuetudine
2310 4470 2508 4521 videsis
2555 4465 2848 4519 Mabillonii
2894 4464 3262 4531 praelationem
3294 4456 3361 4511 ad
3400 4472 3483 4511 se-

1886 4537 2116 4592 cundam
2144 4548 2349 4608 partem
2378 4536 2561 4592 saeculi
2590 4552 2639 4589 tv
2679 4530 3066 4591 Bened.’num.
3090 4530 3198 4587 204
3229 4537 3285 4584 et
3328 4541 3475 4597 seqq.

1414 5119 2241 5156 .=_____..=-,-.__._____
