4042 6188
548 258 645 315 [.27
1525 231 1587 298 3.
1630 234 1953 295 EUCHERII
1994 228 2471 290 LUGDUNENSIS
2514 226 2818 284 EPISCOPI

3827 199 3839 209 ν

574 354 3792 417 ,_____________________.._._..____.___—————-—————

1354 473 2024 593 SANCTI
2101 460 2984 583 EUCHERII
3090 534 3093 535 κ

1728 658 2273 729 LUGDUNENSIS
2313 655 2667 722 EPISCOPI

614 838 1234 975 PASSIO
1338 824 2591 964 AGAUNENSIUM
2682 811 3755 954 MARTYRUM.

1119 1057 1268 1141 SS.
1346 1047 1905 1137 MAURICII
1977 1042 2129 1128 AC
2203 1037 2834 1125 SOCIORUM
2908 1034 3229 1118 EJUS.

1614 1210 1711 1273 (Ex
1751 1205 1941 1260 Theod.
1987 1204 2233 1255 Ruinartli
2274 1200 2411 1251 Aetla
2454 1193 2759 1260 Martyrum.)

1954 1428 2435 1543 mactatio.

1115 1599 1388 1663 Domino
1417 1593 1785 1659 beatissimo
1814 1590 1879 1651 in
1912 1585 2168 1649 Christo
2206 1589 2231 1618 ⁸
2272 1580 2504 1644 Sumo
2534 1576 2837 1659 episcopo
2867 1575 3249 1638 Eucnnnws

631 1731 661 1772 ι»
690 1730 837 1787 mmo
866 1727 932 1785 ad
962 1723 1344 1783 beatitudinem
1376 1726 1519 1775 tuam
1538 1758 1551 1782 ,
1594 1722 1898 1769 nostrorum
1932 1716 2135 1776 marty-
2164 1704 2217 1765 Α
2240 1700 2473 1757 diversis
2490 1699 2623 1755 locis
2644 1706 2805 1769 atque
2822 1695 3115 1767 provinciis
3135 1694 3191 1750 in
3212 1694 3473 1750 honorem
3496 1694 3835 1765 ofﬁciumque

562 1840 679 1883 rum
710 1824 1033 1894 passionem.
1062 1816 1296 1872 Verebar
1322 1812 1488 1873 enim,
1521 1824 1587 1863 ne
1617 1822 1711 1874 per
1743 1802 2000 1858 incuriam
2032 1806 2140 1851 tam

562 1916 782 1989 gloriosi
811 1923 962 1985 gesta
986 1910 1226 1982 martyrii
1255 1908 1322 1961 ab
1351 1903 1624 1959 hominum
1651 1898 1907 1954 memoria
1932 1903 2143 1961 tempus

564 1987 820 2066 aboleret.
857 2007 1021 2061 Porro
1045 2006 1110 2059 ab
1140 2001 1345 2058 idoneis
1371 1996 1678 2054 auctoribus
1708 1993 1784 2048 rei
1810 1991 1975 2060 ipsius
2001 1987 2143 2041 veri-

566 2112 728 2159 tatem
757 2100 999 2172 quarsivi,
1034 2099 1101 2153 ab
1133 2098 1213 2151 his
1241 2098 1422 2164 utique
1451 2090 1540 2162 qui
1571 2087 1909 2143 afﬁrmabant
1939 2082 2006 2135 ab
2036 2078 2149 2172 epi-

566 2211 731 2265 scopo
767 2171 1070 2249 Genavensi
1113 2198 1300 2244 sancto
1336 2199 1356 2225 ο
1391 2187 1571 2249 Isaae,
1616 2182 1754 2233 hunc
1781 2192 1938 2247 quem
1968 2171 2150 2228 retulit

566 2289 833 2362 passionis
863 2287 1108 2342 ordinem
1149 2281 1500 2351 cognovisse;
1542 2274 1630 2343 qui
1652 2316 1665 2339 ,
1705 2269 1867 2325 credo
1889 2309 1902 2333 ,
1932 2278 2145 2320 rursum

568 2360 684 2436 haec
720 2390 870 2436 retro
908 2395 937 2433 a
976 2377 1289 2432 beatissimo
1332 2371 1586 2439 episcopo
1634 2362 1660 2400 ἀ
1701 2362 1985 2417 Theodoro
2031 2360 2147 2413 viro

567 2472 825 2540 temporis
871 2466 1155 2523 anterioris
1178 2505 1193 2530 ,
1224 2470 1529 2531 acceperat.
1578 2457 1762 2525 Itaque
1800 2468 1921 2508 cum
1963 2450 2049 2505 alii
2081 2464 2146 2505 ex

641 2608 665 2636 ἰ
706 2600 762 2654 In
807 2598 964 2654 codd.
1014 2609 1147 2651 mss.
1197 2593 1403 2660 Remig.
1455 2589 1510 2644 S.
1556 2584 1874 2660 Theoderici
1901 2594 1969 2660 3t
2004 2582 2143 2660 aliis,

571 2653 756 2727 sum};
788 2670 844 2724 In
878 2668 1000 2723 cod.
1035 2668 1193 2723 Silvae
1228 2653 1447 2731 majoris
1485 2658 1857 2731 habeturgalia
1900 2653 2148 2708 Eucherii

568 2741 791 2811 epistola
822 2740 886 2794 ad
917 2754 1103 2792 omnes
1136 2728 1460 2811 ﬁdeles-,sed
1489 2746 1618 2811 quia
1636 2728 2009 2811 antiquitatem
2041 2739 2148 2777 non

568 2799 727 2880 sapit.
759 2812 812 2865 In
851 2812 1038 2866 codice
1068 2806 1375 2880 monasterii
1404 2799 1650 2880 ιΙ-ιιινὲξηςῇς)
1681 2815 1805 2880 ann.
1843 2799 2147 2880 plus-nquam

570 2864 673 2940 ᾗῇ)
703 2864 926 2938 habetur
956 2882 1069 2934 haec
1095 2877 1317 2945 epistola
1349 2892 1361 2927 :
1396 2871 1677 2945 Eucherius
1713 2864 2059 2945 Verane/ilio
2096 2864 2150 2920 in

571 2939 769 3009 Christo
791 2953 1026 3008 salutem.
1065 2939 1333 3003 Formulas
1361 2942 1608 3015 spiritalis
1625 2939 1986 3015 intelligentia:
2006 2953 2149 2990 com-

570 3026 869 3094 monendus,
892 3024 1081 3094 tibique
1106 3013 1494 3085 mittendas-pro
1515 3013 1687 3067 studio
1716 3020 1940 3081 paterna
1961 3024 2082 3077 erga
2108 3015 2155 3060 te

2248 1808 2553 1854 sanctorum
2585 1796 2699 1850 auri
2727 1804 2884 1863 alque
2913 1794 3154 1862 argenti,
3186 1792 3631 1862 diversarumque
3660 1807 3837 1847 rerum

2250 1906 2479 1946 munera
2512 1888 2771 1954 offerant,
2806 1902 2903 1941 nos
2934 1886 3134 1956 scripta
3166 1887 3282 1941 haec
3327 1897 3509 1941 nostra
3537 1888 3694 1941 vobis
3724 1889 3837 1941 sul-

2251 1983 2580 2054 lragantibus
2612 1980 2897 2050 dignanter
2933 1977 3243 2045 oﬁ‘erimus;
3300 1994 3596 2048 exposcens
3626 1994 3723 2047 pro
3755 1980 3841 2035 his

2254 2076 2695 2132 intercessionem
2724 2072 2963 2126 omnium
2996 2070 3345 2137 delictorum,
3376 2080 3535 2139 atque
3567 2071 3621 2124 in
3654 2078 3843 2141 poste—

2255 2184 2373 2225 rum
2412 2168 2539 2239 jnge
2584 2165 2891 2235 praesidium
2942 2175 3288 2233 patronorum
3316 2178 3525 2233 semper
3563 2178 3838 2218 meorum.

2256 2246 2576 2319 Mementote
2602 2274 2698 2315 vos
2736 2274 2950 2329 quoque
2978 2258 3171 2322 nostri,
3205 2259 3259 2312 in
3284 2265 3570 2327 conspectu
3598 2255 3839 2323 Domini,

2252 2363 2559 2411 sanctorum
2580 2366 2795 2421 semper
2815 2350 2873 2404 of
2875 2349 3005 2406 ﬁciis
3028 2338 3374 2414 inlmrentés,
3396 2349 3614 2405 domine
3633 2356 3838 2415 sancte,

2253 2456 2309 2503 et
2335 2443 2525 2501 merito
2554 2441 2859 2500 beatissime
2888 2442 3076 2498 frater.

2253 2576 2638 2641 sollicitudinis,
2663 2586 2769 2633 etc.

2322 2646 2351 2688 δ
2392 2649 2529 2703 Ibid.
2564 2659 2617 2703 et
2644 2650 2695 2701 in
2725 2648 2884 2715 edit.,
2916 2645 3107 2702 Misi...
3131 2647 3373 2716 scriptam
3396 2657 3713 2717 nostrorum,
3738 2660 3841 2707 etc.

2330 2732 2351 2790 ἐ
2395 2719 2605 2790 Nodum
2649 2721 2767 2785 ejus
2795 2734 2989 2790 nomen
3023 2720 3161 2790 inter
3189 2722 3473 2790 episcopos
3501 2721 3844 2780 Geneveuses

2255 2789 2510 2847 exhibent
2535 2788 2969 2855 Sammarthani,
3004 2789 3187 2845 Gallia:
3217 2788 3419 2844 Christ.
3455 2802 3585 2846 tom.
3621 2791 3685 2847 ll.

2329 2859 2355 2898 ἀ
2396 2860 2710 2915 Theodorus
2751 2862 3035 2930 episcopus
3085 2862 3473 2917 Oetodorensis
3524 2864 3638 2917 sive
3680 2863 3846 2921 Sedua

2259 2932 2477 3014 nensish,
2511 2931 2563 2984 in
2602 2930 3018 3014 ctt‘iusAdim-cesi
3066 2930 3545 3014 ﬁgaunurnﬂsitum
3573 2943 3687 3002 est,
3721 2935 3846 2991 sub-

2260 3003 2476 3072 scripsit
2502 3003 2729 3056 concilio
2757 3000 3087 3072 Aquileiensi
3118 3018 3258 3056 anno
3290 3001 3413 3058 38L

592 3130 3829 3175 _________________________________________
3859 3104 3861 3106 .

1132 3257 1531 3346 PASSIO
1608 3246 2473 3337 AGAUNENSIUM
2546 3242 3259 3326 MARTYRUM.

646 3429 686 3482 l.
727 3428 1045 3483 Sanctorum
1080 3419 1384 3490 passionem
1415 3422 1712 3484 martyrum
1751 3408 1841 3477 qui
1870 3406 2147 3460 Acannum
2179 3404 2227 3465 B
2252 3396 2696 3469 exstinguendum
2732 3394 3153 3451 Christianitatis
3188 3409 3384 3451 nomen
3423 3408 3753 3455 armaverat.
3797 3401 3854 3458 Si

573 3521 812 3591 glorioso
858 3514 1118 3583 sanguine
1158 3510 1463 3571 illustrant,
1503 3520 1598 3574 pro
1637 3502 1839 3556 honore
1882 3505 2156 3567 gestorum

576 3585 717 3681 stylo
737 3607 1090 3675 explicamus,
1116 3618 1178 3657 ea
1204 3600 1384 3669 utique
1409 3598 1534 3663 ﬁde,
1562 3610 1667 3667 qua
1694 3594 1761 3648 ad
1789 3606 1889 3647 nos
1915 3585 2158 3659 martyrii

575 3703 711 3757 ordo
742 3700 1006 3771 pervenit.
1053 3696 1184 3751 Nam
1235 3709 1329 3765 per
1374 3691 1774 3747 succedentium
1816 3686 2156 3744 relationem,

580 3796 655 3851 rei
683 3804 848 3865 gesta:
878 3792 1189 3847 memoriam
1214 3788 1449 3844 nondum
1474 3784 1757 3854 intercepit
1786 3778 1984 3835 oblivio
2014 3794 2026 3829 :
2058 3772 2159 3830 etsi

576 3906 674 3961 pro
694 3864 1030 3957 martyribus
1061 3882 1285 3953 singulis
1315 3881 1432 3935 loca
1459 3876 1687 3947 singula,
1720 3887 1837 3943 quae
1866 3884 1961 3925 eos
1991 3864 2160 3937 possi-

578 3958 737 4044 dent,
770 3978 851 4032 vel
884 3975 1103 4046 singulm
1137 3974 1298 4030 urbes
1338 3972 1575 4041 insignes
1606 3966 1903 4025 habentur,
1932 3974 2029 4014 nec
2058 3958 2162 4011 im-

578 4070 791 4133 merito,
825 4068 947 4137 quia
979 4082 1074 4137 pro
1105 4066 1217 4119 Deo
1251 4076 1462 4117 summo
1492 4068 1517 4095 ι
1550 4057 1813 4128 pretiosas
1839 4053 2044 4106 animas
2075 4050 2159 4103 l‘u-

576 4162 807 4225 derunt;
847 4170 1041 4227 quanta
1076 4152 1377 4209 reverentia
1414 4147 1743 4205 excolendus
1782 4153 1863 4200 est
1891 4158 2043 4199 sacer
2072 4141 2162 4199 ille

577 4250 974 4308 Acaunensinm
997 4248 1166 4310 locus,
1196 4245 1247 4298 in
1272 4257 1377 4313 quo
1396 4250 1476 4296 tot
1502 4256 1599 4310 pro
1629 4237 1839 4293 Christo
1863 4243 2160 4305 martyrum

580 4347 746 4401 millia
775 4344 920 4398 ferro
946 4355 1083 4395 causa
1115 4334 1451 4392 referuntur?
1494 4333 1642 4387 Nunc
1675 4330 1787 4400 jam
1826 4329 1995 4398 ipsam
2036 4324 2163 4380 bea-

579 4439 799 4493 tissima:
832 4432 1095 4504 passionis
1127 4444 1344 4485 causam
1375 4427 1681 4495 loquamur.

649 4528 712 4583 ll.
753 4528 865 4583 Sub
900 4524 1253 4588 Maximiano,
1282 4520 1370 4590 qui
1408 4518 1668 4574 Romana:
1697 4513 2004 4583 reipublica:
2039 4527 2162 4568 cum

583 4620 917 4676 Diocletiano
964 4618 1168 4686 collega
1196 4613 1478 4683 imperium
1524 4609 1737 4674 tenuit,
1787 4622 1881 4677 per
1925 4607 2165 4661 diversas

581 4714 695 4767 fere
728 4712 1027 4780 provincias
1060 4710 1271 4771 laniati,
1302 4716 1392 4759 aut
1419 4703 1685 4758 interiecti
1715 4710 1839 4756 sunt
1863 4709 2163 4770 martyrum

585 4805 789 4877 populi.
828 4804 973 4859 Idem
998 4814 1225 4870 namque
1254 4796 1632 4856 Maximianus,
1665 4792 1803 4847 sicut
1825 4792 2067 4861 avaritia,
2102 4792 2166 4846 li-

582 4899 796 4965 bidine,
835 4894 1181 4957 crudelitate,
1213 4890 1529 4959 ueterisque
1560 4883 1704 4939 vitiis
1741 4884 1994 4939 obsessus
2023 4883 2165 4937 lure-

584 4992 704 5055 hat;
740 4990 810 5043 ita
838 4988 999 5043 etiam
1029 4980 1375 5041 exsecrandis
1401 4978 1676 5050 gentilium
1705 4974 1900 5030 ritibus
1929 4974 2161 5039 deditus,

584 5092 639 5137 et
678 5095 803 5151 erga
832 5080 998 5134 Deum
1029 5075 1152 5132 εωιὶ
1180 5074 1433 5145 profanus
1459 5112 1473 5136 ,
1526 5069 1855 5139 impietatem
1896 5079 2046 5121 suam
2097 5063 2165 5119 ad

659 5228 687 5257 ⁸
729 5219 821 5275 Sic
858 5217 980 5272 cod.
1030 5213 1254 5272 Floriac.
1308 5210 1441 5275 Alii,
1480 5209 1728 5277 pretiosas
1762 5207 1928 5261 sancti
1966 5206 2165 5260 animas

585 5292 887 5362 refundunt.

658 5364 687 5402 δ
730 5359 979 5430 Vegetius
1006 5356 1104 5430 lib.
1138 5370 1175 5409 ll
1201 5353 1269 5430 de
1297 5352 1381 5430 Re
1403 5349 1620 5430 militari
1651 5346 1841 5430 eam}
1890 5348 2167 5430 {Romani

589 5419 1037 5506 legianesuhabent,
1060 5429 1115 5480 in
1138 5428 1318 5497 quibus
1339 5420 1554 5493 singulis
1567 5436 1692 5506 sena
1715 5419 1893 5481 millia,
1915 5420 2169 5506 interdiu-tn

588 5489 810 5570 amplius
856 5489 1075 5555 militare
1119 5489 1503 5570 consueverunt.
1564 5491 1722 5570 Certe
1749 5506 1813 5544 ex
1857 5490 2019 5570 variis
2064 5489 2167 5541 Titi

590 5560 725 5632 Livii
756 5584 811 5629 et
838 5575 1062 5627 aliorum
1094 5579 1373 5623 auctorum
1402 5566 1532 5617 locis
1561 5561 1768 5615 videtur
1797 5560 1975 5628 colligi
2010 5574 2169 5632 posse

594 5631 820 5700 militum
868 5656 1148 5698 numerum
1196 5654 1301 5692 non
1350 5636 1629 5690 deﬁnitum
1679 5632 1881 5694 fuisse,
1934 5636 2021 5698 qui
2071 5631 2168 5684 ali-

595 5718 807 5782 quando
830 5716 1029 5781 plures,
1052 5708 1338 5776 aliquando
1366 5706 1648 5775 pauciores
1674 5703 1725 5755 in
1754 5700 1962 5768 legione
1993 5710 2163 5755 erant.

2263 3493 2352 3564 qui
2381 3503 2504 3547 tunc
2536 3492 2630 3549 Dei
2660 3489 2775 3546 veri
2806 3490 3008 3545 cultum
3041 3491 3282 3560 proﬁteri
3307 3491 3612 3560 audebant,
3646 3497 3855 3565 sparsis

2261 3602 2649 3659 usquequaque
2675 3583 2903 3641 militum
2933 3585 3143 3651 turmis,
3172 3586 3253 3640 vel
3281 3585 3349 3639 ad
3369 3586 3653 3656 supplicia,
3680 3590 3768 3643 vel
3789 3589 3857 3644 ad

2264 3694 2454 3735 necem
2480 3680 2825 3751 rapiebantur
2850 3695 2863 3730 :
2887 3692 2951 3731 ac
2973 3677 3125 3731 velut
3150 3679 3432 3733 vacatione
3458 3678 3707 3734 barbaris
3726 3696 3856 3751 gen-

2266 3771 2408 3827 tibus
2429 3770 2573 3838 data,
2600 3784 2819 3839 prorsus
2849 3768 2904 3823 in
2929 3769 3241 3838 religionem
3270 3783 3419 3823 arma
3458 3782 3853 3827 commoverat.

2267 3862 2395 3918 Erat
2424 3863 2615 3919 eodem
2646 3872 2888 3930 tempore
2926 3861 2981 3915 in
3021 3862 3259 3916 exercitu
3290 3860 3429 3932 legio
3461 3861 3697 3919 militum
3716 3905 3735 3931 ,
3765 3863 3857 3935 qui

2264 3957 2483 4012 Thebaei
2506 3956 2936 4026 appellabantur.
2967 3954 3132 4025 Legio
3166 3964 3343 4011 autem
3378 3956 3697 4024 vocabatur,
3736 3973 3859 4024 qua

2266 4060 2393 4106 tunc
2418 4067 2512 4105 sex
2540 4050 2702 4104 millia
2725 4064 2787 4103 ac
2808 4058 3092 4105 sexcentos
3114 4050 3261 4104 viros
3281 4048 3310 4088 δ
3334 4050 3387 4103 in
3409 4050 3574 4105 armis
3599 4050 3858 4107 habebat.

2267 4142 2329 4198 Hi
2353 4142 2404 4196 in
2432 4140 2689 4195 auxilium
2717 4138 3037 4195 Maximiano
3063 4141 3130 4196 ab
3154 4140 3389 4195 Orientis
3422 4141 3669 4209 partibus
3695 4141 3857 4196 acciti

2262 4244 2540 4300 venerant,
2564 4234 2663 4288 viri
2691 4234 2744 4288 in
2768 4234 2931 4290 rebus
2954 4234 3165 4290 bellicis
3188 4235 3413 4298 strenui,
3446 4240 3503 4287 et
3528 4232 3730 4289 virtute
3760 4250 3859 4289 no-

2264 4326 2418 4390 biles,
2452 4324 2547 4381 sed
2580 4324 2873 4379 nobiliores
2904 4324 3030 4390 lide,
3062 4339 3188 4393 erga
3220 4324 3602 4393 imperatorem
3634 4320 3855 4377 fortitu-

2265 4419 2413 4485 dine,
2442 4434 2565 4490 erga
2593 4415 2863 4471 Christum
2896 4416 3182 4471 devotione
3210 4416 3508 4471 certabant.
3538 4414 3856 4486 Evangelici

2266 4513 2524 4583 praecepti
2540 4513 2706 4569 etiam
2728 4512 2827 4567 sub
2850 4510 3013 4566 armis
3035 4526 3141 4566 non
3164 4512 3530 4575 immemores,
3551 4509 3863 4565 reddebant

2265 4621 2385 4676 quae
2418 4606 2511 4661 Dei
2539 4614 2696 4661 erant
2716 4604 2851 4675 Deo,
2881 4613 2933 4658 et
2958 4618 3079 4673 quae
3104 4603 3334 4658 Caesaris
3360 4602 3559 4658 Caesari
3596 4602 3865 4660 restitue-

2267 4698 2414 4753 bant.
2465 4698 2645 4768 Itaque
2684 4713 2806 4753 cum
2853 4696 2941 4762 hi,
2974 4696 3114 4751 sicut
3158 4701 3212 4750 et
3248 4696 3427 4750 cazteri
3474 4694 3742 4755 militum,
3789 4694 3862 4750 ad

2190 4793 2236 4855 C
2272 4801 2295 4829 ε
2339 4789 2750 4858 pertrahendam
2789 4787 3219 4842 Christianorum
3257 4784 3651 4840 multitudinem
3689 4784 3861 4839 desti-

2272 4887 2567 4945 narentur;
2600 4879 2700 4934 soli
2726 4877 2753 4917 ά
2781 4878 3117 4933 crudelitatis
3154 4876 3511 4931 ministerium
3548 4875 3860 4931 detrectare

2272 4971 2389 5027 ausi
2416 4983 2563 5036 sunt,
2595 4981 2753 5042 atque
2784 4970 3089 5039 huiusmodi
3120 4969 3400 5039 praeceptis
3428 4983 3487 5023 se
3512 4967 3857 5037 obtempera-

2271 5070 2421 5119 turos
2450 5072 2665 5134 negant.
2712 5061 3064 5117 Maximianus
3092 5075 3199 5115 non
3224 5060 3383 5130 longe
3411 5059 3629 5125 aberat;
3671 5069 3695 5097 θ
3732 5075 3857 5115 nam

2281 5207 2412 5289 Vide
2459 5204 2773 5262 Florentinii
2815 5214 2969 5262 notas
3008 5206 3060 5260 in
3105 5206 3546 5278 Martyrologium
3590 5206 3862 5279 Hierony-

2271 5294 2529 5332 mtanum.

2344 5357 2369 5388 ο
2414 5347 2584 5403 Codd.
2616 5346 2845 5403 Sorbon.
2875 5357 2927 5401 et
2956 5348 3165 5412 Germ.,
3203 5348 3576 5403 dilaniandum.

2344 5415 2371 5454 ἀ
2408 5420 2581 5483 Idem,
2618 5436 2649 5471 a
2681 5419 2999 5471 crudelitatis
3026 5419 3305 5473 ministerio
3336 5436 3391 5473 se
3422 5418 3706 5475 detrahere.

2349 5499 2371 5526 ο
2412 5491 2662 5544 Mendose
2689 5490 2899 5554 Germ.,
2930 5488 3070 5561 Nam
3094 5506 3148 5542 se
3179 5501 3293 5545 octo
3322 5492 3517 5543 dierum
3545 5492 3725 5545 itinere
3753 5491 3853 5561 [es-

2275 5578 2386 5614 sum
2409 5560 2622 5613 tenebat.
2660 5562 2753 5613 Est
2779 5572 2953 5613 autem
2982 5558 3340 5631 Octodurum,
3372 5561 3530 5631 vulgo
3558 5558 3850 5615 Martin'aclt

2278 5633 2363 5685 vel
2392 5631 2674 5701 Martigni,
2717 5631 2972 5699 oppidum
3021 5630 3248 5685 Valesiae
3296 5632 3351 5684 itt
3403 5630 3702 5701 Helvetiis,
3750 5646 3848 5687 non

2280 5702 2436 5770 longe
2464 5718 2491 5755 a
2520 5702 2735 5757 Seduno
2767 5711 2822 5756 et
2860 5702 3081 5773 Agauno
3114 5702 3384 5759 dissitum.
