4042 6188
227 253 327 317 329
1122 244 1365 305 passm
1402 242 1461 303 s.
1500 239 1809 301 MAURICII
1848 238 1937 297 er
1974 233 2319 294 socxonuu
2355 234 2540 294 EJUS.
3350 211 3479 317 sitcf

227 392 283 432 se
306 376 439 433 circa
464 355 777 430 Octodorum
805 365 997 424 itinere
1035 368 1207 424 fessus
1237 367 1453 421 tenebat
1484 384 1496 418 :
1530 364 1618 418 ubi
1649 378 1767 418 cum
1797 366 1849 423 Α
1875 370 2283 432 praecesserant.
2324 359 2607 428 Flagrabat
2645 355 2787 414 enim
2816 356 2927 428 jam
2956 363 3085 415 tunc
3114 356 3167 413 in
3200 320 3474 419 beatissi-l

227 472 273 526 ei
298 488 387 538 per
410 470 609 524 nuntios
635 468 861 521 delatum
889 478 1031 521 esset
1064 464 1327 535 legionem
1368 466 1503 518 hanc
1524 462 1779 517 adversus
1881 457 1984 511 mis
2009 456 2137 511 viris
2158 454 2402 526 martyrii
2430 452 2697 523 gloriosus
2727 451 2914 506 ardor.
2939 451 3029 506 llis
3054 452 3235 520 itaque
3259 448 3465 520 primo.

227 562 463 617 mandata
500 564 638 629 regia
684 557 942 613 rebellem
984 557 1036 611 in
1078 556 1485 611 Acannensibus
1520 551 1781 624 angustiis
1882 550 2033 604 ribus
2075 548 2186 603 suis
2217 556 2374 616 atque
2415 546 2726 600 auctoribus
2769 544 2787 583 ί
2828 545 3048 601 animati
3076 586 3090 610 ,
3138 544 3466 600 Maximiano

225 654 527 715 substitisse,
562 652 612 702 in
643 658 667 685 λ
693 650 923 703 furorem
950 648 1202 703 inStinctu
1228 647 1608 716 indignationis
1628 658 1786 699 exar-
1883 638 2091 693 insania
2120 638 2296 695 adhuc
2323 637 2569 692 aestuanti
2617 636 2867 690 mandata
2910 636 3154 699 mittunt,
3187 635 3328 689 sicut
3355 635 3464 705 pia,
3512 711 3519 717 ἡ

222 745 307 797 sit.
334 740 431 796 Sed
458 739 582 793 mihi
614 738 923 808 priusquam
952 738 1153 807 reliqua
1180 750 1618 804 commemorem,
1651 734 1785 787 situs

221 833 317 888 loci
346 834 455 899 ejus
489 829 737 884 relationi
768 829 1089 884 inserendas
1118 830 1348 885 videtur.

284 922 365 977 Ill.
390 920 635 975 Acaunus
665 922 947 988 sexaginta
972 919 1140 973 ferme
1168 920 1401 973 millibus
1424 934 1453 973 a
1485 912 1785 973 Genavensi

220 1015 347 1068 urbe
375 1013 551 1080 abest,
587 1012 991 1084 quatuordecim
1021 1027 1149 1065 vero
1180 1011 1421 1064 millibus
1450 1010 1616 1064 distat
1644 1026 1671 1061 a
1698 1024 1790 1064 ca-

226 1106 332 1175 pite
374 1104 629 1159 Lemanni
669 1103 816 1157 lacus
842 1144 855 1166 ,
885 1118 1041 1173 quem
1074 1101 1245 1156 influit
1274 1102 1584 1157 Rhodanus.
1616 1102 1791 1156 Locus

222 1197 334 1266 ipse
354 1196 457 1262 jam
480 1194 620 1248 inter
646 1192 835 1261 Alpina
861 1192 984 1261 juga
1007 1192 1059 1245 iu
1081 1194 1222 1247 valle
1243 1194 1376 1246 situs
1398 1203 1479 1247 est
1502 1211 1512 1245 :
1538 1192 1604 1246 ad
1630 1206 1787 1261 quem

222 1285 559 1355 pergentibus
600 1282 803 1338 difﬁcili
845 1284 1070 1337 transitu
1110 1298 1356 1350 asperum
1400 1292 1555 1350 atque
1584 1292 1789 1337 arctum

214 1378 313 1434 iter
334 1378 602 1447 panditur.
622 1377 853 1432 Infestus
880 1392 1107 1446 namque
1131 1377 1420 1433 Rhodanus
1438 1378 1613 1431 saxosi
1635 1392 1789 1432 mon-

214 1470 280 1522 tis
311 1469 580 1523 radicibus
610 1468 696 1521 vix
723 1468 963 1536 pervium
1002 1468 1271 1521 viantibus
1296 1467 1323 1505 δ
1351 1484 1599 1537 aggerem
1631 1468 1794 1521 relin-

211 1564 342 1632 quit.
396 1562 599 1617 Evictis
647 1561 1083 1630 transmissisqne
1122 1563 1486 1630 angustiarum
1527 1561 1789 1626 faucibus,

208 1657 385 1712 subito
412 1670 511 1711 nec
538 1655 760 1724 exiguus
787 1656 924 1708 inter
946 1656 1205 1708 montium
1238 1670 1399 1723 rupes
1422 1669 1639 1722 campus
1668 1668 1795 1720 ape-

1886 728 1956 783 ita
1983 738 2036 783 et
2067 728 2224 783 fortia
2246 774 2259 795 ,
2284 744 2401 798 qum
2428 727 2675 783 feruntur
2702 725 2869 781 fuisse
2901 726 2955 780 in
2984 729 3123 780 hunc
3154 725 3393 781 modum.

1958 818 2153 873 Milites
2171 835 2369 885 sumus,
2391 820 2689 887 imperator,
2709 817 2779 870 tui
2800 832 2821 882 ;
2839 815 2931 871 sed
2958 824 3129 869 tamen
3150 816 3302 882 servi,
3333 814 3468 883 quod

1888 910 2043 965 libere
2069 912 2390 978 conﬁtemur,
2426 909 2539 963 Dei.
2570 907 2685 962 Tibi
2712 908 2951 961 militiam
2981 907 3239 973 debemus,
3269 907 3346 960 illi
3385 908 3468 959 in-

1890 1004 2209 1069 nocentiam;
2236 1020 2267 1055 a
2298 1014 2344 1056 te
2372 1002 2682 1071 stipendium
2721 1000 2910 1055 laboris
2937 1001 3244 1072 accepimus.
3276 998 3339 1053 ab
3375 997 3471 1052 illa

1888 1097 2005 1149 vitta
2026 1095 2293 1150 exordium
2314 1094 2643 1163 sumpsimus.
2672 1092 2829 1161 Sequi
2857 1102 2903 1146 te
2922 1093 3275 1164 imperatorem
3300 1091 3353 1144 in
3375 1090 3471 1143 hoc

1891 1205 2209 1260 nequaquam
2234 1205 2523 1257 possumus,
2546 1196 2602 1240 ut
2625 1194 2885 1240 auctorem
2912 1204 3147 1258 negemus
3169 1186 3354 1251 Deum,
3370 1185 3472 1240 uti-

1890 1295 1989 1351 que
2016 1289 2270 1333 auctorem
2297 1290 2545 1341 nostrum,
2579 1278 2872 1343 Dominum,
2907 1288 3187 1343 auctorem,
3218 1277 3341 1332 uelis
3379 1294 3474 1331 no-

1894 1371 1974 1434 lis,
2009 1378 2058 1423 et
2097 1379 2257 1423 tuum.
2294 1368 2354 1425 Si
2383 1386 2484 1423 non
2510 1369 2578 1422 ad
2624 1379 2727 1422 tam
2770 1370 2971 1440 funesta
3012 1367 3385 1440 compellimur,
3416 1374 3473 1422 ut

1894 1462 2028 1514 hunc
2055 1460 2394 1528 offendamus,
2424 1461 2533 1523 tibi,
2563 1471 2618 1514 ut
2638 1463 2848 1531 fecimus
2878 1460 3141 1525 hactenus,
3173 1461 3341 1515 adhuc
3372 1477 3469 1529 pa-

1894 1555 2151 1619 rebimus;
2185 1556 2262 1607 sin
2291 1556 2457 1619 aliter,
2496 1555 2577 1607 illi
2627 1555 2915 1623 parebimus
2963 1556 3131 1625 potius
3168 1570 3321 1623 quam
3362 1553 3473 1608 tibi.

1899 1642 2174 1711 O/ferimus
2220 1656 2419 1699 nostras
2452 1649 2505 1698 in
2546 1647 2814 1714 quemlibet
2849 1646 3046 1699 hostem
3077 1662 3296 1711 manus;
3349 1660 3476 1715 quas

208 1751 364 1804 ritur.
418 1749 475 1803 ln
516 1751 618 1802 hoc
654 1749 791 1816 legio
828 1757 1009 1799 sancta
1042 1746 1380 1800 consederat.
1430 1746 1626 1815 Igitur,
1658 1746 1795 1799 sicut
1823 1740 1870 1799 B
1895 1739 2141 1809 sanguine
2166 1738 2511 1791 innocentium
2542 1748 2812 1791 cruentare
2840 1740 2982 1806 nefas
3005 1736 3257 1790 ducimus.
3289 1735 3479 1789 Dexte-

205 1858 372 1911 supra
428 1842 702 1905 diximus,
748 1841 962 1909 cognito
1029 1839 1380 1894 Maximianus
1436 1839 1791 1894 Thebworum

204 1949 486 2004 msponso,
514 1934 772 2003 prmeipiti
795 1935 871 1987 ira
900 1932 1158 1997 fervidus,
1186 1935 1253 1986 ob
1282 1933 1520 2002 neglecta
1546 1933 1791 2001 imperia,

205 2026 473 2081 decimum
504 2041 773 2095 quemque
810 2041 875 2079 ex
920 2026 1106 2079 eadem
1149 2025 1359 2095 legione
1389 2036 1409 2062 ο
1443 2025 1620 2094 gladio
1647 2023 1795 2081 feriri

204 2115 389 2186 jubet,
438 2131 547 2185 quo
594 2116 800 2170 facilius
849 2114 1033 2168 caeteri
1083 2116 1243 2183 regiis
1294 2115 1575 2184 prmceptis
1623 2113 1795 2169 territi

204 2216 350 2261 metu
379 2207 639 2261 cederent
667 2223 680 2258 :
715 2205 1198 2273 rediutegratisque
1228 2204 1515 2269 mandatis,
1546 2204 1710 2258 edicit
1738 2212 1797 2258 ut

204 2297 402 2366 reliqui
454 2298 507 2350 in
559 2298 988 2364 persecutionem
1037 2296 1460 2351 Christianorum
1513 2306 1793 2367 cogantur.

208 2385 311 2442 Ubi
354 2400 489 2441 vero
520 2384 586 2439 ad
629 2384 893 2439 Thebaeos
930 2385 1262 2439 denuntiatio
1301 2388 1489 2439 iterata
1530 2388 1792 2455 pervenit,

203 2478 594 2548 cognitumque
628 2477 695 2531 ab
724 2478 802 2531 eis
832 2484 914 2531 est
945 2477 1146 2546 injungi
1182 2476 1283 2530 sibi
1326 2493 1535 2531 rursum
1573 2492 1795 2531 exsecu-

202 2569 384 2623 tiones
415 2567 674 2638 profanas
696 2608 711 2631 ,
759 2566 1070 2620 vociferatio
1114 2568 1314 2636 passim
1356 2582 1417 2621 ac
1452 2568 1711 2621 tumultus
1744 2568 1795 2621 in

203 2662 403 2716 castris
427 2661 673 2715 exoritur
694 2658 1071 2713 afllrmantium
1103 2674 1390 2729 numquam
1414 2676 1473 2716 se
1493 2661 1586 2714 ulli
1610 2660 1662 2714 in
1689 2661 1801 2713 haec

204 2760 316 2807 tam
350 2752 619 2820 sacrilega
646 2750 942 2806 ministeria
970 2765 1255 2815 cessuros;
1288 2752 1547 2805 idolorum
1578 2749 1799 2821 profana

202 2856 426 2911 semper
485 2842 890 2906 detestaturos,
952 2856 1119 2895 sacrae
1174 2854 1226 2896 et
1276 2841 1471 2895 divinae
1529 2840 1802 2912 religionis

204 2933 379 2988 cultui
412 2932 728 2997 instituros;
760 2947 924 2985 unum
958 2946 1017 2985 se
1044 2932 1359 2986 aeternitatis
1389 2931 1558 2987 Deum
1585 2932 1798 2995 colere;

203 3032 457 3078 extrema
495 3024 728 3089 experiri
774 3024 944 3076 satius
984 3036 1106 3076 esse
1148 3037 1305 3091 quam
1347 3022 1605 3076 adversus
1645 3021 1801 3074 Chri-

201 3116 447 3171 stianam
488 3078 648 3166 tidem
679 3112 887 3167 venire.
936 3112 1031 3166 His
1059 3078 1251 3167 deinde
1274 3112 1569 3181 compertis
1593 3153 1606 3175 ,
1638 3110 1806 3166 Maxi-
1832 3078 1877 3142 δ

202 3203 431 3258 mianus
455 3202 603 3255 omni
633 3201 809 3255 bellua
842 3203 1133 3268 cruentior,
1170 3217 1357 3256 rursus
1393 3203 1458 3256 ad
1495 3202 1693 3272 ingenii
1726 3201 1807 3257 sui

204 3294 481 3350 saevitiam
504 3293 666 3357 redit,
696 3300 856 3362 atque
881 3291 1110 3361 imperat
1137 3301 1195 3347 ttt
1222 3293 1415 3347 iterum
1441 3293 1681 3348 decimus
1709 3309 1803 3348 co-

201 3400 330 3441 rum
361 3385 529 3440 morti
557 3384 732 3450 detur,
769 3393 822 3438 et
848 3384 1031 3438 cmteri
1061 3384 1411 3439 nihilominus
1453 3384 1520 3440 ad
1550 3385 1665 3439 haec
1689 3400 1809 3456 quae

203 3488 539 3551 spreverant
582 3480 1054 3549 compellerentur.
1101 3480 1307 3548 Quibus
1343 3482 1507 3552 jussis
1548 3482 1725 3537 denuo
1754 3484 1807 3537 in

203 3586 397 3630 castra
425 3576 647 3643 perlatis
671 3614 687 3639 ,
720 3582 1034 3643 segregatus
1078 3582 1159 3627 est
1206 3584 1365 3644 atque
1407 3590 1691 3645 percussus
1718 3575 1807 3644 qui

204 3668 467 3723 decimus
506 3676 653 3720 sorte
692 3666 1011 3731 obvenerat;
1063 3668 1265 3737 reliqua
1311 3682 1441 3721 vero
1484 3681 1543 3721 se
1584 3668 1809 3721 militum

202 3759 510 3815 multitudo
543 3768 724 3811 mutuo
756 3773 1007 3814 sermone
1034 3759 1326 3829 instigabat
1361 3766 1419 3813 ut
1452 3757 1505 3813 in
1536 3766 1642 3812 tam
1675 3774 1810 3827 pra:-

204 3853 369 3909 elaro
402 3864 569 3918 Opere
595 3852 965 3919 persisterent.

278 3944 379 4000 IV.
427 3942 839 3997 lncitamentum
884 3952 1061 3999 tamen
1103 3945 1395 3998 maximum
1456 3942 1578 3997 fidei
1618 3942 1671 3997 in
1720 3943 1809 3997 illo

210 4049 478 4109 tempore
526 4051 695 4106 penes
751 4046 995 4092 sanctum
1043 4039 1353 4093 Mauricium
1396 4038 1528 4104 fuit,
1567 4033 1595 4075 ἀ
1628 4038 1811 4107 primi-

206 4130 427 4185 cerium
470 4138 624 4192 tunc,
662 4128 797 4183 sicut
836 4128 1091 4195 traditur,
1135 4130 1359 4198 legionis
1400 4129 1539 4196 eius,
1568 4129 1807 4197 quicum

206 4220 546 4289 Exsuperio,
571 4229 626 4274 ut
652 4221 705 4275 in
730 4222 969 4275 exercitu
994 4221 1282 4290 appellant,
1308 4221 1729 4290 campiductore,
1756 4232 1810 4276 ct

211 4322 235 4351 ⁸
262 4312 521 4368 Candido
549 4320 804 4367 senatore
831 4313 1079 4380 militum,
1104 4312 1450 4376 accendebat,
1478 4311 1810 4367 exhortando

208 4404 465 4475 singulos
510 4412 564 4457 et
608 4403 876 4457 monendo
918 4403 1115 4467 ﬁdem;
1166 4403 1592 4457 commilitonum
1644 4402 1807 4455 etiam

206 4504 520 4566 martyrum
542 4495 786 4563 exempla
813 4495 1083 4562 ingerens,
1108 4508 1203 4562 pro
1223 4504 1560 4547 sacramento
1585 4492 1803 4557 Christi,

207 4601 312 4656 pro
342 4586 546 4641 divinis
574 4584 816 4655 legibus,
848 4585 893 4637 si
920 4585 990 4637 ita
1020 4586 1321 4655 necessitas
1341 4585 1525 4652 ferret,
1559 4584 1807 4639 omnibus

207 4675 565 4735 moriendum
595 4674 888 4738 suadebat,
923 4673 1336 4743 sequendosque
1369 4674 1692 4728 admonebat
1719 4687 1806 4727 so-

202 4772 333 4827 cios
365 4768 493 4821 illos
530 4773 585 4820 et
621 4766 1037 4820 contubernales
1082 4778 1212 4819 suos
1256 4766 1345 4834 qui
1384 4765 1493 4833 jam
1522 4765 1576 4819 in
1606 4765 1803 4821 celum

285 5000 317 5101 ἓ
358 4986 495 5113 god.
517 4986 722 5069 Germ.,
750 4988 921 5057 furore
939 4988 1207 5042 instinctus
1232 4988 1585 5058 indignatione
1604 4990 1814 5043 exarsit.

420 5074 577 5113 erm..
612 5066 728 5111 iter.

285 5061 317 5101 ι)
367 5058 577 5121 Germ.,
612 5058 728 5111 iter.

290 5142 317 5171 ο
364 5129 703 5196 Supplicium
731 5128 866 5195 apud
909 5127 1178 5183 Romanos
1224 5129 1496 5181 usitatum.
1553 5128 1815 5194 Exempla

212 5205 436 5269 aliquot
456 5201 617 5253 refert
638 5198 897 5253 Baronius
921 5200 975 5253 in
1007 5201 1146 5254 notis
1177 5200 1243 5253 ad
1270 5199 1703 5269 Martyrologium
1728 5201 1817 5255 die

210 5273 290 5328 22
318 5270 677 5337 Septembris.

290 5340 322 5379 ἀ
370 5341 599 5409 Caugius
631 5341 682 5392 in
713 5339 1007 5400 Glossario,
1042 5338 1390 5407 Primicerius,
1424 5340 1616 5407 inquit,
1644 5341 1816 5411 digni-

215 5424 303 5466 tas
334 5410 610 5471 militaris,
647 5411 833 5463 tribuni
865 5411 1108 5480 dignitati
1138 5412 1388 5478 proxima.
1436 5411 1588 5477 Apud
1625 5410 1815 5464 Hiero-

214 5498 442 5551 nymum
478 5482 546 5532 ad
586 5480 974 5533 Pammachium
1011 5497 1030 5535 :
1064 5481 1169 5535 Sed
1203 5493 1318 5534 ante
1344 5482 1693 5552 primicerius,
1726 5484 1815 5537 de-

214 5555 349 5606 inde
372 5560 609 5623 senator,
634 5553 964 5612 ducenarius.
1000 5552 1237 5605 biarchus
1256 5596 1269 5619 ,
1298 5552 1574 5605 cirmicitor
1593 5595 1608 5618 ,
1639 5570 1807 5623 eques,

217 5623 421 5677 deinde
447 5623 561 5673 tiro.
593 5622 662 5675 [)e
685 5624 769 5675 his
793 5624 1139 5687 dignitatibus
1163 5624 1354 5691 passim
1380 5624 1516 5691 apud
1542 5622 1805 5677 auctures.

302 5702 329 5729 ⁸
363 5692 527 5748 Codd.
553 5691 748 5761 Regius
768 5703 820 5748 et
844 5692 1055 5759 Germ.,
1081 5692 1317 5749 Candida
1338 5704 1569 5747 senatore
1590 5694 1809 5747 militum

1891 1844 1963 1881 rte
1990 1829 2099 1881 ista:
2120 1844 2346 1898 pugnare
2364 1829 2634 1881 adversum
2656 1829 2841 1896 impios
2863 1839 3012 1896 atque
3034 1828 3268 1882 inimicos
3290 1829 3477 1892 sciunt;

1895 1918 2093 1972 laniare
2123 1920 2232 1983 pios
2261 1927 2309 1971 et
2338 1920 2467 1972 cives
2495 1919 2745 1972 nesciunt.
2782 1917 3135 1983 Meminimus,
3167 1935 3257 1973 nos
3280 1935 3372 1989 pro
3403 1920 3479 1971 εἰν·

1894 2011 2035 2064 uibus
2060 2011 2228 2081 potius
2254 2027 2407 2081 quam
2437 2011 2681 2064 adversus
2722 2011 2852 2064 cires
2877 2027 3022 2064 arma
3053 2012 3345 2081 sumpsisse.
3379 2010 3480 2063 Pu-

1896 2105 2157 2175 gnavimus
2185 2120 2383 2170 semper
2409 2118 2501 2171 pro
2532 2104 2739 2172 justitia
2761 2113 2809 2165 ε,
2842 2119 2937 2173 pro
2965 2104 3168 2172 pietate,
3200 2117 3295 2169 pro
3333 2104 3481 2154 inno-

1896 2196 2113 2249 centium
2141 2194 2345 2249 salute:
2374 2196 2478 2249 lucc
2501 2197 2708 2265 fuerunt
2731 2196 2972 2248 hactenus
3003 2195 3146 2247 nobis
3163 2191 3192 2229 ιι
3215 2195 3375 2263 pretia
3392 2210 3481 2263 pe-

1896 2286 2197 2340 riculorum.
2227 2284 2578 2357 Pugnavimus
2606 2303 2699 2354 pro
2731 2287 2850 2354 ﬁde,
2883 2303 3036 2356 quam
3062 2301 3163 2355 quo
3184 2296 3331 2355 pacto
3360 2301 3483 2339 con-

1896 2378 2203 2432 servabimus
2244 2378 2353 2441 tibi,
2397 2378 2443 2431 si
2477 2376 2610 2431 hanc
2645 2377 2752 2431 Deo
2793 2387 2965 2432 nostro
3004 2394 3107 2430 non
3146 2377 3482 2431 exhibemus?

1900 2464 2198 2524 Jurauimus
2230 2471 2453 2539 primum
2496 2472 2548 2523 in
2597 2482 2916 2525 sacramenta
2948 2471 3164 2537 divina;
3195 2472 3485 2542 juravimus

1900 2567 2082 2622 deinde
2121 2568 2176 2621 in
2214 2574 2532 2621 sacramenta
2574 2568 2745 2637 regia:
2777 2565 2906 2619 nihil
2944 2566 3090 2619 nobis
3137 2566 3201 2618 de
3246 2566 3487 2620 secundis

1901 2660 2078 2712 credas
2108 2676 2309 2713 necesse
2333 2669 2427 2725 est,
2459 2660 2503 2711 si
2530 2660 2696 2727 prima
2723 2660 3122 2729 perrumpimus.
3164 2656 3484 2711 Christianos

1901 2751 1969 2802 ad
2001 2767 2197 2820 poenam
2224 2765 2315 2821 per
2356 2766 2449 2802 nos
2483 2750 2675 2819 requiri
2706 2750 2879 2820 jubes.
2921 2748 3043 2801 Jam
3072 2749 3244 2802 tibiea:
3272 2750 3366 2802 hoc
3394 2749 3487 2801 alii

1902 2843 2191 2911 requirendi
2234 2860 2333 2896 non
2368 2851 2529 2896 sunt:
2568 2843 2721 2895 habes
2753 2843 2833 2894 hic
2876 2858 2969 2894 nos
2997 2841 3293 2906 confitentes
3323 2840 3488 2894 Deum

1908 2932 2117 2987 Patrem
2170 2944 2429 2986 auctorem
2472 2935 2719 2996 omnium,
2775 2943 2822 2986 et
2880 2930 3075 2985 Filium
3122 2929 3277 3001 ejusi
3317 2930 3489 2987 Jssuu

1908 3022 2175 3080 Canlsruu
2205 3026 2357 3079 Densi
2386 3024 2663 3079 credimus.
2690 3023 2926 3078 Vidimus
2952 3022 3207 3089 laborant,
3236 3025 3491 3093 periculo-

1908 3135 2116 3188 rumque
2143 3126 2434 3171 nostrorum
2456 3118 2640 3184 socios,
2666 3116 2807 3171 nobis
2832 3132 3030 3187 quoque
3045 3132 3220 3170 eorum
3244 3117 3491 3186 sanguine

1907 3211 2157 3281 aspersis,
2213 3209 2465 3263 trucidari
2505 3208 2679 3280 ferro;
2727 3218 2775 3263 et
2826 3215 2993 3260 tamen
3050 3208 3493 3263 sanctissimorum

1909 3300 2316 3355 commilitonum
2340 3309 2547 3363 mortes,
2576 3308 2621 3353 et
2641 3303 2864 3370 fratrum
2891 3302 3074 3369 funera
3094 3314 3197 3352 non
3230 3300 3489 3368 ﬂeuimus,

1909 3412 2009 3449 non
2032 3394 2322 3461 doluimus;
2351 3393 2441 3447 sed
2468 3394 2637 3465 potius
2662 3392 3005 3455 laudavimus,
3034 3401 3080 3445 et
3102 3392 3292 3461 gaudio
3311 3407 3490 3460 prose-

1909 3488 2013 3543 cuti
2042 3503 2236 3554 sumus,
2262 3488 2385 3557 quia
2425 3486 2568 3557 digni
2595 3486 2753 3540 habiti
2784 3492 2945 3539 essent
2989 3483 3097 3552 pati
3124 3499 3218 3553 pro
3266 3482 3491 3537 Domine

1910 3581 2018 3634 Deo
2046 3595 2241 3633 eorum.
2273 3578 2340 3631 Et
2372 3594 2507 3631 nunc
2535 3594 2636 3632 non
2667 3594 2759 3631 nos
2793 3576 2869 3633 vel
2892 3576 3001 3631 haec
3040 3577 3221 3630 ultima
3246 3577 3363 3629 uiue
3401 3592 3493 3629 ne-

1910 3672 2115 3726 cessitas
2161 3672 2216 3724 in
2259 3668 2583 3725 rebellionem
2616 3669 2818 3737 coegit:
2848 3684 2950 3721 non
2988 3684 3080 3721 nos
3123 3667 3393 3721 aduersum
3421 3676 3491 3732 te,

1911 3764 2207 3835 imperator,
2238 3762 2457 3815 armavit
2499 3762 2612 3830 ipsa
2641 3760 2841 3824 saltem,
2874 3774 2987 3825 qua:
3029 3758 3307 3825 fortissima
3340 3767 3412 3809 est
3441 3759 3495 3809 in

1910 3853 2173 3926 periculis,
2203 3853 2506 3923 desperatio.
2540 3849 2791 3905 Tenemus
2822 3864 2933 3902 ecce
2966 3864 3132 3911 arma,
3162 3856 3209 3899 et
3241 3863 3343 3899 non
3369 3847 3496 3898 resi~

1912 3950 2131 4002 stimus:
2162 3949 2283 4018 quia
2326 3947 2456 3999 mori
2500 3960 2655 4016 quam
2694 3944 2919 3997 occidere
2960 3942 3088 3995 satis
3130 3940 3403 4004 malumus,
3451 3949 3498 3995 et

1911 4040 2197 4093 innocentes
2238 4038 2443 4091 interire
2482 4052 2631 4106 quam
2669 4034 2812 4089 noxii
2843 4033 3002 4088 viuere
3044 4040 3389 4099 peroptamus.
3434 4029 3497 4085 Si

1912 4133 2036 4199 quid
2079 4134 2131 4184 in
2155 4147 2243 4185 nos
2270 4131 2409 4184 ultra
2449 4128 2709 4191 statueris,
2738 4127 2783 4180 si
2811 4126 2935 4197 quid
2972 4125 3143 4178 adhuc
3173 4122 3410 4196 jusseris,
3451 4122 3498 4175 si

1912 4226 2035 4295 quid
2080 4225 2398 4287 admoveris;
2426 4223 2587 4295 ignes,
2620 4228 2889 4285 tormenta,
2917 4222 3112 4288 ferrum
3136 4215 3304 4270 subire
3332 4213 3501 4285 parati

1914 4336 2107 4372 sumus.
2137 4317 2454 4371 Christianos
2490 4332 2581 4369 nos
2617 4318 2859 4385 fatemur,
2910 4310 3142 4382 persequi
3176 4306 3496 4363 Christianos

1913 4426 2015 4463 non
2038 4425 2327 4476 possumus.

1982 4497 2185 4552 V.Cum
2204 4499 2314 4552 haec
2329 4496 2452 4550 talia
2468 4494 2813 4548 Maximianus
2826 4493 3083 4557 audisset,
3097 4492 3499 4562 obstinatosque

1909 4588 1963 4641 in
1982 4586 2088 4640 fide
2100 4586 2298 4639 Christi
2312 4583 2777 4639 cerneretanimos
2791 4582 3297 4651 eorum,desperans
3309 4583 3498 4654 glorio-

1908 4692 2020 4730 sam
2041 4692 2226 4730 eorum
2257 4675 2608 4730 constantiam
2632 4688 2791 4744 posse
2814 4675 3075 4740 revocari,
3106 4690 3207 4728 una
3234 4677 3495 4739 sententia

1908 4765 2139 4820 interfici
2184 4780 2378 4820 omnes
2413 4764 2683 4829 decrevit;
2712 4772 2768 4819 et
2790 4779 2902 4821 rem
2932 4765 3127 4819 conﬁci
3156 4763 3498 4820 circumfusis

1920 4988 2187 5042 accedebat
2216 4987 2286 5041 ad
2317 4985 2690 5042 exhortandum
2727 4988 2956 5057 singulos
2986 4994 3034 5040 et
3061 4988 3403 5058 monendum,
3436 4991 3501 5057 [i-

1916 5058 2216 5127 deliumque
2235 5059 2662 5122 commilitonum,
2686 5069 2789 5112 etc.
2825 5059 3022 5113 Eadem
3050 5061 3099 5111 in
3128 5058 3371 5125 Fossat.;
3406 5062 3497 5115 sed

1920 5145 2016 5197 pro
2044 5130 2448 5193 exhortandum,
2479 5139 2609 5194 etc.,
2644 5129 2809 5184 habet
2834 5129 3271 5187 exhortando"...
3312 5141 3359 5184 et
3389 5147 3499 5185 mo-

1920 5202 2105 5255 uendo.

1994 5273 2012 5309 ¹
2050 5271 2211 5327 Sorb.
2223 5316 2237 5340 ,
2265 5269 2631 5325 animantibus.

1989 5350 2015 5389 Β
2043 5342 2228 5406 Sorb.,
2256 5344 2537 5409 provincia.

1988 5410 2015 5482 l1
2044 5413 2199 5482 Reg.,
2230 5414 2512 5482 prwcipua.

1994 5480 2009 5519 ί
2057 5479 2267 5537 Ιηέᾰὶῐ.
2312 5479 2573 5549 Chifﬂet.,
2622 5481 2799 5536 Iesum
2844 5479 3109 5536 Christum
3148 5489 3197 5536 et
3243 5480 3501 5550 Spiritum

1914 5565 2167 5609 sanctum.
2196 5554 2252 5607 In
2281 5554 2401 5607 cod.
2434 5564 2611 5608 autem
2650 5554 2905 5608 German.
2954 5568 3057 5607 nec
3092 5553 3357 5608 habentur
3388 5554 3502 5607 haec

1913 5626 2095 5749 zerba,
2130 5636 2177 5678 et
2214 5626 2266 5677 in
2307 5626 2564 5694 Spiritum
2592 5636 2845 5689 sanctum,
2886 5640 2988 5681 nec
3028 5623 3149 5693 ista,
3192 5626 3361 5681 Deum
3393 5640 3504 5678 cre-

1952 5713 2108 5749 unus.

1952 5713 2108 5749 ιηιιιε.
