4042 6188
205 222 402 312 ίεδδ

1755 253 2080 312 ΗΟΜΙΙΛᾸΞ.

302 395 3010 423 WW—

1152 501 1818 616 SANGTI
1891 498 2754 609 EUCEERII

1447 682 1995 746 LUGDUNENSIB
2037 681 2386 744 EPISCOPI

925 842 1855 993 HOMILUE
1954 837 2919 1019 QUEEDAM.

917 1204 1203 1262 HOMILIA
1249 1205 1294 1261 1.

898 1296 981 1350 Ad
1015 1294 1313 1350 monachos.

377 1390 702 1445 Exhortatur
740 1403 840 1445 nos
870 1403 1051 1444 sermo
1086 1388 1325 1454 divinus,
1358 1396 1418 1443 ut
1444 1400 1724 1442 curramus
1752 1387 1877 1441 dum

303 1482 477 1537 lucem
503 1482 785 1547 habemus,
800 1481 1110 1550 priusquam
1131 1493 1231 1534 nos
1257 1478 1496 1534 tenebras
1520 1477 1882 1548 comprehen-

304 1574 456 1629 dant.
498 1574 701 1630 Lucem
730 1574 992 1628 habemus
1023 1575 1066 1626 si
1095 1573 1382 1638 currimus,
1407 1572 1452 1626 si
1481 1585 1723 1641 gressum
1757 1571 1880 1624 ﬁdei

303 1679 729 1734 promovemus;
757 1665 810 1718 in
855 1664 1092 1719 tenebris
1132 1663 1451 1730 residemus,
1483 1665 1527 1716 si
1566 1677 1883 1732 promovere

304 1769 608 1812 cessamus.
633 1756 852 1808 Paratos
884 1768 983 1808 nos
1012 1754 1249 1807 inveniat
1282 1764 1530 1808 extrema
1561 1754 1880 1818 necessitas,

303 1860 428 1915 quae
453 1860 598 1915 saepe
624 1844 888 1915 pravenit
916 1845 1231 1914 imparatos.
1263 1841 1482 1899 Certam
1516 1844 1670 1898 nobis
1702 1844 1879 1912 impo—

307 1949 402 1992 nat
431 1939 849 1993 sollicitudinem
884 1937 1090 1991 incerta
1132 1936 1401 2000 conditio;
1437 1936 1777 2004 quotidianus
1817 1937 1886 1989 sit

308 2030 457 2084 illius
478 2030 700 2098 periculi
733 2039 929 2093 metus,
953 2028 1108 2096 cujus
1138 2028 1380 2082 nescitur
1413 2027 1680 2080 incursus.
1714 2026 1883 2093 Quam

312 2120 465 2175 tarde
506 2121 703 2177 misera
746 2121 923 2174 anima
979 2119 1244 2172 malorum
1295 2133 1514 2172 suorum
1572 2117 1883 2187 paenitebit,

310 2226 432 2266 cum
463 2211 550 2266 die
576 2212 766 2266 ultimo
793 2210 1213 2281 superveniente
1242 2210 1481 2278 separari
1508 2224 1567 2263 se
1596 2224 1626 2262 a
1653 2224 1886 2278 corpore

312 2319 413 2359 suo
433 2304 647 2381 viderit,
670 2319 792 2358 cum
821 2304 922 2358 sibi
951 2305 1005 2358 in
1038 2304 1142 2356 ﬁne
1173 2301 1444 2358 claudenti
1475 2302 1663 2356 oculos
1709 2303 1886 2371 nigre-

316 2411 472 2452 scere
513 2405 568 2452 et
614 2397 932 2452 horrescere
981 2398 1308 2466 sempiterna
1358 2413 1463 2451 nox
1493 2399 1740 2467 coeperit,
1766 2413 1888 2452 cum

311 2491 494 2559 jacere
539 2500 661 2546 ante
706 2505 766 2545 se
808 2505 1035 2545 vacuum
1081 2490 1268 2544 salutis
1319 2505 1380 2544 ac
1432 2491 1564 2545 lucis
1618 2489 1885 2544 infelicem

1910 1194 1962 1253 Δ
1989 1200 2333 1267 destitutam,
2365 1202 2477 1257 sola
2507 1204 2782 1272 torquebit
2810 1205 3062 1276 cogitatio
3089 1208 3450 1280 desperatam,
3481 1228 3569 1268 so'

1989 1295 2072 1349 lus
2123 1303 2298 1349 metus
2351 1298 2675 1353 examinabit
2725 1300 3039 1367 attonitam;
3077 1312 3130 1358 et
3183 1306 3305 1374 quia
3343 1307 3416 1361 ibi
3459 1308 3568 1376 jam

1987 1387 2130 1440 nulla
2173 1388 2276 1440 erit
2325 1387 2544 1455 parandi
2591 1390 2762 1444 victus
2815 1400 2906 1445 aut
2951 1395 3174 1449 vestitus
3219 1397 3564 1466 sollicitudo,

1989 1477 2133 1530 nulla
2165 1477 2441 1533 laborandi
2462 1520 2474 1542 ,
2509 1481 2774 1534 militandi
2815 1483 3075 1551 agendive
3098 1488 3396 1555 occupatio,
3422 1489 3570 1545 nulla

1987 1569 2252 1625 facultatis
2301 1581 2392 1625 aut
2446 1572 2662 1627 honoris
2703 1574 2943 1639 ambitio,
2993 1578 3140 1631 solus
3177 1588 3413 1634 mentem
3453 1595 3570 1636 om-

1989 1663 2147 1718 nibus
2180 1664 2300 1718 aliis
2336 1665 2482 1719 curis
2517 1681 2737 1720 vacuam
2774 1667 3139 1725 intolerandus
3168 1673 3452 1729 reddendae
3485 1690 3572 1728 ra-

1992 1755 2150 1809 tionis
2185 1766 2359 1811 terror
2389 1757 2648 1824 implebit,
2673 1759 2844 1812 solum
2864 1774 2927 1814 ac
2955 1770 3120 1815 totum
3151 1763 3335 1830 judicii
3362 1765 3569 1834 pondus

1992 1849 2218 1914 captivis
2248 1849 2496 1902 sensibus
2522 1850 2842 1904 imminebit.
2874 1853 3009 1919 Quid
3054 1870 3180 1909 vero
3225 1859 3438 1926 quando
3480 1875 3570 1915 re-

1990 1939 2141 2007 gredi
2181 1940 2246 1993 ad
2294 1955 2566 1994 carcerem
2600 1944 2845 2010 corporis
2876 1943 2980 2009 sui,
3014 1954 3068 2000 et
3103 1959 3197 2014 per
3221 1949 3572 2004 resurrectio-

1995 2045 2118 2083 nem
2162 2030 2400 2098 recipere
2436 2030 2566 2085 illud
2604 2032 2939 2100 praecipietur
2963 2035 3028 2088 ad
3061 2036 3371 2093 societatem
3402 2041 3573 2095 malo-

1991 2136 2108 2174 rum
2130 2121 2152 2172 τ
2175 2119 2310 2187 Quid
2343 2121 2502 2176 faciet
2531 2138 2650 2177 cum
2694 2123 2850 2179 {cedis
2888 2125 3167 2180 vulnerum
3201 2129 3368 2198 signis
3411 2133 3574 2186 castis

1993 2213 2303 2280 angelorum
2333 2215 2702 2281 praesentanda
2740 2218 3142 2284 conspectibus,
3171 2228 3227 2273 et
3246 2230 3371 2274 ante
3393 2237 3573 2291 regem

1995 2304 2316 2357 saeculorum
2351 2319 2563 2359 causam
2587 2306 2655 2361 de
2681 2307 2906 2376 singulis
2931 2309 3240 2364 redditura?
3261 2312 3390 2378 Qua:
3414 2315 3575 2368 modo

1998 2396 2198 2465 absque
2236 2395 2400 2450 dubio
2429 2397 2475 2450 si
2516 2398 2567 2452 in
2619 2399 2796 2452 medio
2838 2401 3008 2454 nostri
3041 2402 3428 2470 objicerentur,
3457 2419 3576 2459 rea-

1999 2495 2109 2540 tum
2159 2487 2298 2541 intra
2347 2502 2405 2542 se
2457 2502 2612 2542 suum
2657 2489 2924 2544 sustinere
2970 2506 3077 2544 non
3125 2503 3323 2560 posset,
3372 2495 3575 2563 pudore

318 2582 742 2638 commilitonem
791 2597 946 2637 suum
988 2583 1181 2637 viderit
1210 2584 1540 2638 incentorem
1588 2585 1789 2652 pariter
1829 2600 1892 2640 ac
1919 2567 1969 2627 Β
1999 2592 2205 2645 magna?
2251 2579 2580 2633 confusionis
2627 2595 2903 2650 Oppressa.
2933 2582 3070 2648 Quid
3108 2593 3237 2660 tunc
3275 2586 3438 2640 animi
3473 2587 3570 2641 lia-

313 2671 690 2741 deceptorem,
716 2689 838 2729 cum
867 2687 974 2743 quo
1000 2674 1066 2728 de
1091 2689 1254 2729 arena
1280 2675 1462 2729 mundi
1487 2674 1646 2744 hujus
1674 2691 1768 2744 per
1793 2674 1890 2728 ﬁa-

314 2765 500 2834 gitium
538 2782 692 2820 suum
721 2769 858 2822 victa
887 2767 1157 2821 discessit.
1189 2765 1324 2820 Cum
1353 2767 1581 2837 coeperit
1601 2767 1669 2821 ab
1696 2767 1886 2822 eodem

309 2857 424 2926 jam
454 2859 658 2914 divulsa
712 2860 978 2916 immanes
1015 2870 1070 2915 et
1128 2863 1316 2916 inanes
1371 2861 1502 2916 dare
1559 2876 1723 2930 super
1763 2877 1884 2915 eum

315 2950 580 3020 planctus,
612 2962 666 3005 et
688 2952 866 3007 dicere
903 2970 915 3005 :
950 2951 1051 3008 Ubi
1082 2961 1206 3005 sunt
1250 2951 1625 3006 animositates
1655 2961 1710 3004 et
1739 2953 1889 3018 cupi-

315 3039 509 3095 ditates
531 3050 658 3105 tuae,
688 3043 878 3109 quibus
906 3043 1184 3111 hucusque
1226 3041 1574 3112 impatienter
1604 3041 1804 3105 arsisti,
1837 3051 1892 3094 et

316 3145 504 3184 arsura
552 3131 756 3198 jugiter
801 3132 1186 3200 congregasti‘.’
1233 3132 1371 3185 Ecce
1422 3131 1751 3183 transierunt
1798 3130 1889 3183 illa

316 3224 496 3277 omnia
544 3232 812 3292 tamquam
844 3224 1056 3290 umbra,
1082 3224 1336 3278 abierunt
1381 3221 1804 3286 oblectamenta,
1838 3231 1890 3276 et

316 3314 432 3370 sola
477 3315 528 3368 in
570 3325 884 3383 perpetuum
915 3313 1204 3382 opprobria
1250 3322 1305 3368 et
1347 3312 1569 3366 crimina
1616 3327 1890 3368 remanse-

318 3416 465 3462 runt.
492 3407 583 3462 Vae
612 3406 764 3474 mihi,
797 3421 830 3460 ο
859 3405 1060 3473 anima,
1082 3405 1148 3458 ad
1175 3414 1282 3458 tam
1316 3404 1580 3472 perditum
1612 3419 1707 3458 vas
1731 3405 1892 3459 velim

321 3498 486 3553 nolim
524 3497 763 3552 reditura
803 3512 942 3562 sum,
973 3505 1027 3551 et
1055 3506 1277 3566 propter
1308 3494 1559 3564 fugitivas
1589 3496 1894 3563 voluptates

317 3603 608 3659 numquam
637 3587 954 3657 eﬁ‘ugiendis
983 3601 1106 3641 cum
1131 3601 1197 3640 eo
1223 3585 1514 3654 vaporibus
1541 3599 1894 3639 concreman-

315 3682 404 3737 da.
438 3681 574 3748 Quid
597 3680 737 3735 inter
765 3679 902 3746 haec,
931 3693 1052 3732 cum
1083 3693 1201 3733 eam
1242 3677 1470 3747 coeperit
1511 3675 1576 3730 ad
1617 3675 1892 3730 deﬁnitam

315 3773 659 3838 sententiam,
702 3785 757 3827 et
804 3771 1067 3825 immobili
1118 3769 1235 3840 lege
1283 3768 1515 3823 deﬁxam
1557 3767 1894 3835 importunus

317 3865 552 3936 depositi
592 3873 812 3919 exactor
839 3864 1176 3929 abstrahere,
1206 3871 1262 3918 et
1290 3861 1417 3916 hinc
1457 3861 1581 3916 inde
1612 3860 1894 3927 insultare,

1998 2668 2175 2735 bebit,
2207 2684 2329 2724 cum
2377 2671 2510 2725 alios
2559 2671 2667 2726 illic
2715 2684 2970 2743 erogante
3021 2673 3251 2728 Domino
3297 2677 3578 2746 percipere

1999 2759 2194 2814 viderit
2235 2762 2416 2815 illaesa:
2461 2771 2517 2815 et
2561 2763 2784 2832 integrae
2830 2763 2954 2816 ﬁdei
3005 2764 3281 2828 bravium,
3336 2768 3578 2823 candide

1996 2853 2304 2906 thesaurum
2349 2855 2628 2920 castitatis,
2673 2854 2872 2909 fructus
2924 2855 3329 2922 misericordire,
3374 2859 3573 2915 talenta

1991 2945 2246 3013 iustitiae?
2287 2944 2418 2998 Cum
2452 2947 2663 3015 indigna
2705 2949 2805 3001 sibi
2834 2957 2976 3002 sorte
3007 2952 3353 3018 conspexerit
3399 2955 3577 3009 novis-

1995 3037 2160 3089 simos
2200 3035 2268 3092 de
2298 3037 2484 3105 primis
2513 3037 2648 3105 ﬁeri,
2678 3047 2731 3092 et
2761 3038 2827 3092 de
2853 3040 3158 3092 novissimis
3182 3043 3416 3108 primos?
3446 3060 3576 3112 pau-

1995 3142 2150 3195 peres
2177 3141 2333 3195 supra
2359 3128 2566 3195 divites,
2583 3145 2764 3184 servos
2781 3145 2940 3198 supra
2962 3130 3206 3186 dominus
3245 3135 3576 3202 gloriﬁcari?

1997 3227 2052 3272 et
2109 3234 2540 3289 unumquemque
2590 3235 2686 3289 pro
2739 3221 2942 3274 meritis
2992 3223 3410 3281 immortalitatis
3459 3230 3577 3286 luce

1998 3309 2272 3379 perfusum
2322 3313 2372 3364 in
2427 3311 2738 3381 angelorum
2780 3322 2975 3366 statum
3017 3329 3080 3368 ex
3123 3315 3427 3373 hominibus
3454 3335 3577 3388 pro-

2000 3402 2232 3466 moveri,
2263 3411 2316 3456 et
2345 3416 2464 3456 cum
2494 3412 2707 3457 terreno
2738 3405 3006 3474 quondam
3038 3420 3265 3476 corpore
3291 3424 3458 3478 supra
3484 3426 3575 3465 ex-

1998 3494 2140 3547 celsa
2171 3495 2316 3564 regni
2343 3495 2578 3550 caelestis
2601 3498 2834 3566 imponi,
2867 3508 2920 3552 et
2952 3499 3088 3553 inter
3115 3499 3250 3554 ﬁlios
3280 3502 3574 3571 majestatis

1999 3584 2248 3652 opulenta
2300 3589 2536 3654 parentis
2572 3588 2664 3642 Dei
2711 3589 3022 3645 hmreditate
3064 3591 3256 3658 ditari;
3288 3608 3346 3649 se
3394 3608 3572 3651 autem

1999 3676 2140 3730 inter
2169 3676 2282 3732 haec
2321 3693 2446 3732 cum
2475 3681 2711 3748 peccatis
2749 3683 2861 3736 suis
2890 3684 3151 3751 relictam,
3177 3686 3244 3741 de
3268 3690 3576 3757 spectaculo

1998 3769 2267 3825 felicitatis
2307 3774 2495 3827 aliena:
2533 3774 2778 3829 dolorum
2832 3777 2956 3832 vitia
3006 3784 3417 3847 reportantem?
3466 3785 3569 3850 Qui

2001 3860 2181 3932 [Forte
2209 3861 2366 3933 Quid]
2386 3863 2660 3932 posthaec?
2686 3879 2806 3919 cum
2838 3881 2896 3920 se
2921 3865 3231 3923 miseranda
3261 3872 3574 3929 conditione

317 3966 373 4011 et
405 3955 654 4010 insistere
681 3954 865 4028 [Forte
915 3953 1144 4024 insilire]
1173 3952 1522 4009 iniernalium
1553 3953 1686 4008 dira:
1732 3953 1894 4007 facies
1923 3937 1969 4000 C
2002 3949 2188 4023 [Forte
2216 3952 2476 4024 conditio]
2507 3956 2701 4010 viderit
2730 3957 2874 4010 omni
2905 3959 3273 4012 consolatione
3320 3962 3571 4020 nudatam

318 4048 724 4104 ministrorum?
744 4048 880 4115 Quid
907 4049 1011 4103 erit
1031 4062 1153 4103 cum
1181 4047 1249 4101 ab
1276 4045 1678 4116 apparitoribus
1707 4045 1896 4099 mortis

318 4155 414 4210 per
464 4141 600 4195 hunc
656 4151 867 4195 vastum
910 4155 1092 4195 aerem
1143 4140 1408 4209 separari,
1441 4148 1496 4194 et
1538 4154 1634 4209 per
1675 4139 1894 4194 semitas

320 4232 658 4286 tenebrarum
698 4233 890 4288 abduci
939 4244 1084 4288 trans
1126 4232 1266 4286 diem
1307 4233 1554 4301 coeperit,
1593 4243 1648 4286 et
1692 4247 1895 4301 nequa-

319 4337 479 4392 quam
522 4324 814 4380 remeabile
858 4324 960 4379 iter
1003 4338 1160 4393 agere
1191 4338 1288 4392 per
1319 4323 1452 4377 lines
1497 4322 1618 4377 illos
1660 4322 1749 4376 ubi
1781 4324 1895 4391 ipsa

322 4417 410 4470 lux
441 4415 645 4482 deﬁcit,
679 4431 799 4471 cum
834 4417 1117 4486 peregrina
1150 4415 1238 4467 illa
1287 4414 1485 4482 ubique
1517 4415 1692 4468 anima
1723 4414 1893 4467 comi-

323 4514 467 4560 tante
509 4508 774 4560 malorum
819 4521 1038 4560 suorum
1074 4504 1215 4558 tristi
1256 4503 1465 4572 agmine
1490 4503 1687 4556 viderit
1711 4517 1770 4555 se
1801 4516 1896 4570 per

321 4610 591 4653 extremas
622 4598 805 4652 mundi
836 4612 958 4651 oras
990 4599 1042 4651 in
1084 4597 1217 4650 illud
1251 4597 1408 4649 inane
1441 4611 1502 4648 ac
1533 4610 1761 4648 vacuum
1801 4608 1894 4646 ca-

324 4690 453 4743 dere
501 4688 568 4742 de
617 4688 839 4754 mundo,
876 4700 1038 4756 atque
1080 4687 1211 4740 illud
1243 4701 1491 4754 magnum
1531 4686 1718 4753 chaos,
1751 4683 1895 4752 quod

323 4780 446 4831 vita:
479 4779 778 4846 mortisque
806 4778 1083 4846 regionem
1116 4777 1400 4840 discernit,
1431 4776 1632 4830 intrare
1664 4783 1718 4829 et
1759 4775 1897 4828 vita-

245 4915 252 4928 .
321 4872 399 4922 les
429 4883 587 4922 auras
630 4878 834 4922 natura:
866 4869 1034 4938 ipsius
1064 4870 1216 4924 exsul
1245 4868 1529 4922 amittere?
1571 4867 1703 4922 Cum
1734 4868 1896 4922 rebus

323 4961 572 5013 humanis
589 4961 706 5014 vale
735 4961 978 5014 ultimum
1012 4961 1222 5025 dicens,
1265 4969 1493 5014 mortem
1526 4967 1651 5014 ante
1694 4973 1754 5013 se
1797 4960 1894 5012 ha-

322 5053 476 5120 bens,
501 5063 554 5108 et
581 5054 743 5108 vitam
773 5063 895 5123 post
933 5069 992 5110 se
1023 5054 1357 5123 relinquens,
1393 5052 1446 5106 in
1489 5052 1619 5107 illud
1661 5052 1896 5106 horren-

321 5145 448 5199 dum
477 5154 531 5200 et
558 5146 648 5200 vix
688 5145 856 5200 oculis
885 5145 1254 5215 attingendum
1299 5144 1642 5212 pertrahetur
1674 5142 1896 5211 profun-

323 5235 470 5303 dum,
491 5235 717 5291 diversis
735 5236 973 5290 avaritiae
991 5251 1053 5291 ac
1077 5235 1295 5290 malitia:
1312 5243 1558 5289 catenata
1580 5233 1896 5289 criminibus

1997 4044 2052 4096 in
2100 4048 2391 4100 exteriores
2440 4047 2688 4103 tenebras
2732 4050 2939 4114 excuti,
2973 4050 3121 4105 etab
3165 4049 3254 4103 illa
3295 4052 3572 4111 beatorum

1999 4134 2238 4189 Ecclesia
2285 4147 2540 4206 perpetua
2591 4140 3146 4195 excommunicatione
3193 4142 3456 4197 seclusam
3510 4145 3578 4202 ab

1998 4225 2111 4294 ipsa
2154 4227 2278 4280 vitae
2304 4228 2483 4282 radice
2513 4228 2774 4298 praecidi?
2808 4229 2943 4284 lllud
2975 4240 3155 4287 autem
3184 4233 3450 4302 quomodo
3472 4242 3580 4289 tre-

1998 4318 2157 4386 pidus
2187 4330 2241 4372 et
2270 4320 2408 4373 male
2435 4319 2690 4375 conscius
2711 4335 2890 4376 sermo
2915 4323 3110 4389 poterit
3132 4323 3418 4391 explicare,
3451 4339 3575 4381 cum

2000 4410 2226 4479 coeperit
2267 4412 2610 4480 inexpiabilis
2646 4428 2771 4466 caro
2799 4421 2852 4467 et
2871 4413 3083 4468 infectae
3110 4417 3342 4483 peccatis
3371 4417 3579 4471 medul-

1997 4501 2062 4554 lae
2111 4501 2272 4555 saevis
2327 4504 2586 4571 gehennae
2639 4502 2859 4557 aestibus
2885 4504 3172 4572 penetrari,
3206 4513 3261 4559 et
3285 4521 3433 4562 more
3475 4507 3580 4562 fer-

1997 4589 2233 4644 ventium
2257 4605 2319 4644 ac
2343 4591 2754 4660 decoquentium
2784 4595 3124 4648 metallorum
3149 4595 3578 4667 inexstinguibili

1997 4681 2189 4736 ardore
2208 4690 2316 4735 tota
2341 4682 2574 4736 hominis
2591 4684 2887 4738 substantia
2917 4687 3059 4740 intus
3082 4687 3305 4753 infundi,
3333 4701 3385 4744 et
3414 4692 3577 4760 depa-

1995 4770 2268 4825 scentibus
2291 4771 2519 4826 ﬂammis
2537 4789 2761 4842 corpora
2791 4784 2948 4845 atque
2969 4778 3169 4831 animas
3187 4796 3249 4833 ex
3283 4793 3432 4849 parte
3458 4799 3581 4837 con-

1997 4862 2158 4927 sumi,
2183 4878 2247 4917 ex
2277 4872 2428 4934 parte
2449 4866 2661 4932 nutriri,
2693 4877 2748 4921 ut
2769 4867 2908 4923 inter
2936 4871 3143 4924 medios
3165 4871 3363 4941 ignium
3391 4875 3584 4942 globos

1997 4953 2244 5009 damnata
2259 4967 2446 5012 natura
2466 4958 2556 5012 det
2570 4959 3142 5031 pabulum,etaccipiat
3161 4965 3582 5021 incrementum?

1998 5046 2054 5100 Si
2080 5044 2218 5101 forte
2245 5048 2543 5117 inspersum
2578 5049 2707 5104 illud
2727 5051 2925 5105 dudum
2941 5053 3288 5109 conscientiis
3307 5056 3515 5122 vitium,
3532 5069 3583 5113 et

1998 5139 2120 5193 teris
2143 5152 2197 5194 et
2222 5142 2420 5210 plumbi
2454 5144 2753 5198 adulterina
2779 5147 3421 5219 permixtio,quandoque
3444 5152 3583 5205 inter

2000 5241 2184 5299 stagna
2222 5231 2477 5287 ferventia
2518 5233 2818 5288 anhelantis
2843 5238 3065 5306 gurgitis
3095 5247 3372 5304 exuretur,
3408 5251 3584 5296 trans-

324 5298 580 5398 quantum
626 5327 856 5398 perdidit
896 5330 1149 5398 pretium,
1188 5335 1389 5381 tantum
1428 5334 1721 5394 exceptura
1766 5341 1896 5392 sup-
1925 5298 1978 5360 D
2005 5298 2154 5378 ituris
2197 5340 2289 5392 per
2325 5325 2454 5378 vada
2489 5326 2642 5395 ignea
2671 5343 2822 5382 mora
2845 5298 2971 5382 erit
2994 5332 3240 5400 supplicii
3276 5298 3584 5403 magnitudo

325 5419 576 5487 plicium?
597 5419 728 5474 Cum
758 5419 825 5473 ad
854 5422 967 5474 haec
1016 5421 1192 5489 itaque
1223 5417 1458 5472 crudelis
1488 5417 1745 5471 custodia:
1775 5432 1896 5485 per-

326 5519 542 5564 ventum
586 5511 743 5565 luerit
782 5511 921 5577 loca,
951 5511 1044 5566 ubi
1067 5511 1178 5580 jam
1208 5509 1372 5565 futuri
1400 5523 1679 5578 pmnarum
1707 5507 1898 5575 judicii

328 5605 440 5670 ipsa
492 5604 574 5656 sui
618 5605 1018 5672 exspectatione
1064 5605 1339 5672 desaeviet,
1374 5619 1442 5658 ne
1497 5603 1668 5657 dicam
1725 5603 1894 5669 aliud,

329 5693 476 5750 solus
521 5708 723 5750 maror
752 5694 1090 5756 excruciabit
1126 5695 1360 5751 animam
1391 5695 1660 5750 universis
1693 5693 1903 5751 solatiis

2006 5418 2242 5486 peccati;
2274 5432 2425 5473 escas
2462 5418 2748 5474 ardoribus
2777 5422 3000 5476 crimina
3032 5424 3435 5489 ministrabunt,
3469 5441 3584 5479 ma-

2010 5509 2157 5562 nebit
2179 5509 2233 5562 in
2265 5508 2366 5564 hoc
2412 5499 2734 5580 praeceptum
2789 5521 2843 5567 et
2898 5515 3138 5568 auctoris
3183 5524 3239 5570 et
3286 5516 3500 5585 judicis,
3531 5528 3580 5574 ut

2005 5601 2208 5656 viscera
2250 5603 2526 5658 doloribus
2565 5606 2813 5672 obnoxia,
2859 5613 2914 5660 et
2943 5607 3070 5660 solis
3103 5608 3426 5663 cruciatibus
3457 5624 3583 5665 con-

2007 5708 2238 5764 secrata,
2291 5699 2424 5769 ignis
2469 5699 2666 5755 arbiter
2713 5698 2937 5770 depasta
2986 5714 3094 5757 non
3121 5699 3363 5772 devoret,
3391 5701 3486 5759 sed
3515 5703 3584 5766 ad
