4042 6188
512 250 616 309 855

1499 241 1559 299 S.
1601 232 1928 297 EUCHERII
1964 231 2441 293 LUGDUNENSIS
2479 232 2782 292 EPISCOPI

515 370 619 423 hoc
660 372 838 435 pereat
874 360 1058 433 [Forte
1086 356 1290 427 ardeat]
1330 364 1391 410 ut
1431 371 1648 425 semper
1696 354 1970 409 interimat
1996 371 2010 405 :
2040 360 2101 405 ut
2122 349 2176 407 Δ
2203 348 2415 407 Scimus
2441 352 2564 423 quia
2592 369 2743 409 mens
2770 353 3000 410 humana
3026 354 3259 410 diversis
3296 354 3483 410 mundi
3504 355 3782 414 illecebris

516 474 651 527 Opus
680 472 741 509 ac
777 455 1089 523 ﬁgmentum
1141 448 1390 516 corporis
1433 446 1601 501 nostri
1631 446 1683 499 in
1717 446 1950 511 antiquis
1977 458 2093 499 sce-

519 551 724 605 leribns
763 556 1054 605 mortuum,
1085 552 1135 595 et
1167 541 1231 593 ad
1276 540 1391 594 sola
1424 548 1688 594 tormenta
1712 539 2010 593 redivivum
2038 535 2099 590 ﬁ-

519 658 639 698 nem
694 643 746 693 in
798 641 913 707 ipso
963 636 1212 689 interitus
1257 632 1493 685 conﬁnio
1552 646 1658 685 non
1710 632 1969 694 inveniat,
2001 628 2099 685 sed

521 732 788 789 exinanita
829 730 1048 797 jamque
1103 724 1401 779 tolerantia:
1450 724 1624 777 virtus
1672 724 1751 776 sic
1804 732 2009 790 pereat,
2042 729 2100 773 ut

522 832 790 891 resurgat.
824 821 911 873 llla
945 819 1089 872 enim
1123 831 1229 871 non
1260 814 1514 875 casualis,
1546 814 1641 868 sed
1676 812 2013 867 rationabilis
2043 819 2100 867 et

524 915 755 987 pmnalis
798 911 1041 970 exustio,
1096 909 1217 975 quia
1271 908 1483 973 culpam
1526 904 1751 973 jubetur
1800 904 2097 971 inquirere,

522 1004 877 1062 substantiam
914 1000 1086 1054 nescit
1130 998 1439 1051 absumere.
1482 996 1548 1049 Et
1574 997 1696 1064 quia
1732 995 1880 1048 velut
1917 996 2104 1048 carba-

524 1114 582 1153 sa
614 1093 799 1168 [Forte
830 1103 886 1147 ttt
934 1094 983 1145 in
1032 1088 1335 1159 suppliciis]
1364 1089 1497 1141 levis
1527 1102 1850 1156 percurrens
1880 1100 2104 1140 concre-

525 1191 717 1256 matio,
744 1188 863 1255 ipsa
894 1184 1137 1254 purgatio
1160 1192 1265 1243 est.
1294 1179 1511 1239 ﬂamma
1554 1179 1647 1232 illa
1671 1194 1778 1232 non
1808 1189 1915 1233 tam
1952 1192 2103 1232 reum

528 1278 866 1351 persequitur
915 1290 1075 1344 quam
1109 1281 1353 1334 reatum;
1382 1280 1438 1327 et
1462 1270 1510 1325 si
1538 1268 1731 1324 modus
1773 1267 1934 1322 fuerit
1974 1267 2107 1321 deli-

528 1383 761 1434 ctorum,
788 1369 892 1423 erit
918 1376 973 1420 et
1003 1377 1257 1418 mensura
1283 1363 1642 1416 cruciatuum.
1674 1360 1728 1414 Si
1776 1373 1906 1412 vero
1938 1366 2105 1411 totam

529 1474 780 1521 naturam
806 1460 1090 1527 occupavit
1119 1458 1339 1525 pariter,
1366 1464 1420 1508 et
1460 1452 1688 1507 involvit
1733 1465 1991 1506 excessus
2017 1464 2107 1504 ca-

526 1556 770 1627 pitalium
820 1552 1087 1606 scelerum
1133 1550 1257 1617 quia
1312 1562 1421 1601 non
1472 1547 1662 1615 recipit
1714 1560 1875 1599 causa
1930 1559 2109 1598 reme-

528 1646 707 1709 dium,
746 1642 953 1697 carebit
1019 1642 1127 1694 line
1176 1638 1522 1707 supplicium.
1578 1636 1874 1692 Occidente
1928 1636 2108 1703 itaque

2198 455 2253 501 et
2274 447 2720 514 concupiscentiis
2759 448 2971 523 deﬁnita
3005 450 3135 518 fugit
3182 449 3454 516 laborem,
3482 458 3539 506 et
3569 454 3783 523 expetit

2198 538 2551 607 voluptatem,
2584 547 2640 594 et
2665 541 2754 593 vix
2782 538 3061 595 adducitur
3090 524 3147 595 ut
3174 544 3622 599 consuetudinem
3660 564 3688 600 a
3711 563 3777 604 se

2200 634 2321 693 vitae
2358 634 2558 707 prioris
2587 634 2865 698 excludat;
2895 634 2986 687 sed
3016 649 3134 687 cum
3171 637 3658 707 cmperitcogitare
3690 642 3778 695 ul-

2200 726 2313 779 timi
2344 726 2447 779 diei
2476 726 2875 789 necessitatem,
2909 725 2975 779 ad
3010 725 3170 780 futuri
3192 727 3379 795 judicii
3410 730 3621 797 pondus
3647 732 3784 786 inci-

2198 823 2310 871 tata
2342 825 2397 869 et
2422 816 2719 881 stimulata,
2736 816 2819 870 vel
2841 830 2939 883 sps
2959 818 3188 885 praelii,
3211 818 3296 872 vel
3320 818 3511 875 timore
3532 822 3782 891 supplicii

2202 906 2561 963 voluntarium
2618 906 2814 965 bellum
2860 905 3047 963 indicit
3090 909 3590 975 passionibus,vim
3648 912 3785 967 facit

2203 999 2445 1067 pristinis
2468 997 2657 1051 studiis
2678 998 2811 1062 suis,
2842 1009 2897 1052 et
2927 998 3190 1053 violenter
3219 1015 3277 1055 se
3305 1002 3513 1057 vincere
3533 1004 3783 1059 melioris

2203 1091 2325 1141 vitm
2372 1091 2670 1143 mutatione
2699 1090 2998 1144 contendit.
3042 1091 3157 1145 Non
3204 1093 3344 1146 enim
3377 1095 3494 1149 sine
3523 1096 3779 1151 violentia

2206 1182 2321 1236 ﬁeri
2350 1192 2553 1252 potest,
2584 1192 2641 1237 ut
2665 1184 2733 1238 de
2754 1184 3083 1240 abundantia
3106 1195 3158 1240 et
3186 1187 3251 1239 de
3277 1187 3475 1241 divitiis
3498 1189 3563 1242 ad
3588 1190 3777 1245 famem

2205 1284 2260 1330 et
2307 1278 2471 1341 sitim,
2502 1278 2566 1330 ad
2616 1278 2997 1331 abstinentiam
3043 1290 3099 1333 et
3143 1294 3357 1333 crucem
3406 1290 3681 1346 transeat;
3722 1293 3783 1337 ut

2206 1382 2398 1422 somno
2429 1368 2575 1435 prius
2597 1377 2757 1436 atque
2782 1367 2896 1422 otio
2921 1368 3147 1422 amicam
3176 1383 3427 1433 carnem;
3454 1374 3781 1429 contritione

2207 1458 2505 1527 vigiliisque
2551 1458 2836 1523 conﬁciat;
2885 1474 3022 1524 non,
3070 1461 3312 1529 inquam,
3368 1462 3487 1517 sine
3530 1466 3780 1521 violentia

2208 1549 2324 1604 ﬁeri
2368 1559 2562 1617 potest,
2593 1561 2649 1606 ut
2696 1553 3064 1621 unusquisque
3110 1554 3444 1609 iracundiam
3497 1558 3772 1628 patientia,

2209 1640 2515 1707 superbiam
2558 1641 2859 1697 humilitate
2890 1653 3205 1708 commutet,
3236 1661 3426 1703 amore
3457 1652 3779 1718 paupertatis

528 1744 782 1809 ptena,et
812 1734 1113 1817 vivificante
1134 1730 1425 1796 sententia,
1446 1728 1611 1781 stabit
1638 1726 1852 1781 saeculis
1882 1726 2107 1780 materia
2137 1724 2185 1783 B
2210 1745 2273 1785 ac
2314 1732 2654 1786 sufﬁcientia:
2681 1732 3013 1788 afﬂuentiam
3041 1746 3283 1805 superet,
3316 1738 3665 1794 vinolentiam
3692 1757 3781 1797 so-

527 1826 867 1897 rcparabilis,
896 1836 952 1883 et
1002 1838 1289 1888 numquam
1336 1822 1401 1876 ad
1448 1833 1645 1875 metam
1690 1821 1955 1875 malorum
2003 1828 2110 1873 ter-

531 1922 679 1978 mino
709 1919 949 1989 fugiente
980 1916 1288 1987 perveniet;
1320 1923 1375 1969 et
1402 1915 1528 1969 dum
1570 1914 1671 1968 sibi
1721 1915 1922 1967 nullam
1962 1928 2110 1982 spem

528 2014 848 2085 promittere
876 2011 1073 2080 poterit
1100 2010 1184 2064 vel
1224 2018 1342 2077 post
1392 2010 1649 2062 immensa
1702 2019 1968 2077 tempora,
2000 2008 2109 2076 jam

528 2108 692 2162 etiam
739 2107 792 2159 in
846 2104 1099 2173 prtesenti
1148 2102 1455 2157 sentientur
1504 2104 1949 2171 consequentium
1996 2113 2110 2155 tor-

527 2212 712 2258 menta
739 2199 1099 2263 szrculorum;
1130 2212 1194 2251 ac
1219 2198 1298 2251 sic
1321 2196 1565 2251 dolorem
1612 2196 1799 2249 mortis
1831 2196 2113 2249 conscien-

529 2293 616 2347 tiae
661 2293 924 2361 impositae
966 2289 1342 2344 immortalitas
1374 2288 1612 2357 augebit.
1650 2287 1737 2340 Vae
1772 2288 1861 2354 qui
1894 2290 2007 2339 hzec
2035 2287 2112 2339 Iu-

524 2385 701 2455 genda
754 2386 806 2439 in
862 2392 1164 2452 posterum,
1220 2380 1440 2433 ridenda
1496 2386 1622 2432 tunc
1673 2378 1967 2445 deputant!
2022 2377 2111 2431 νει

528 2476 723 2545 quibus
752 2474 868 2528 haec
910 2474 1060 2543 prius
1092 2471 1417 2540 experienda
1457 2478 1581 2524 sunt
1608 2483 1768 2538 quam
1800 2468 2107 2523 credenda!

525 2566 780 2634 Ideoque,
812 2564 1133 2624 charissimi,
1166 2564 1283 2616 haec
1313 2562 1489 2615 omnia
1534 2576 1655 2630 quae
1686 2560 1799 2615 illic
1826 2560 1964 2613 ﬁniri
1997 2574 2107 2613 non

532 2666 809 2728 paterunt,
863 2656 949 2708 hic
999 2652 1193 2708 redimi
1260 2662 1485 2722 possunt
1536 2667 1631 2722 per
1678 2652 2109 2706 emendationem

527 2751 724 2823 prioris
774 2750 919 2817 vitae,
949 2763 1041 2817 per
1083 2748 1484 2815 eleenmsynas,
1526 2760 1623 2813 per
1675 2744 1964 2813 lacrymas,
2016 2758 2112 2813 per

526 2842 886 2899 humilitatem
938 2839 1149 2904 cordis,
1196 2854 1289 2905 per
1334 2837 1579 2905 corporis
1631 2837 1960 2899 castitatem,
2012 2850 2112 2904 per

525 2936 783 2993 exercitia
803 2934 1025 3003 iustitiae
1056 2948 1118 2987 ac
1142 2930 1546 2985 misericordiae.
1571 2928 1700 2995 Quae
1729 2943 1849 2983 cum
1881 2927 1954 2981 ita
1979 2927 2105 2993 sint,

526 3044 623 3100 per
650 3038 731 3084 tot
761 3042 977 3085 errores
1006 3027 1321 3082 festinamus
1356 3024 1420 3078 ad
1467 3032 1715 3085 mortem,
1744 3024 1835 3091 qui
1876 3031 1953 3076 tot
1993 3021 2108 3076 vias

2212 1823 2457 1885 brietate,
2492 1824 2757 1879 luxuriam
2806 1826 3055 1883 castitate
3103 1829 3468 1900 commendet,
3513 1841 3569 1885 et
3623 1831 3783 1888 homo

2212 1914 2393 1969 subito
2418 1914 2472 1967 in
2506 1916 2677 1969 virum
2707 1916 2932 1971 alterum
2984 1919 3414 1988 transformetur,
3443 1933 3495 1976 et
3518 1924 3785 1992 quodam-

2215 2006 2375 2059 modo
2407 2006 2543 2060 alter
2584 2006 2843 2062 reddatur
2872 2024 2935 2062 ex
2975 2009 3182 2075 altero;
3206 2026 3267 2065 ac
3300 2014 3376 2067 sic
3404 2029 3430 2065 a
3460 2014 3654 2069 talibus
3684 2030 3787 2081 per

2221 2097 2535 2151 violentiam
2586 2112 2806 2166 regnum
2853 2100 3074 2155 cteleste
3116 2101 3407 2170 diripiatur.
3456 2104 3568 2158 Duo
3595 2114 3787 2161 autem

2213 2198 2339 2243 sunt
2360 2190 2703 2244 abstinentiae
2726 2198 2782 2243 et
2805 2192 2980 2245 crucis
3006 2206 3204 2260 genera
3234 2211 3247 2247 ε
3282 2210 3442 2249 unum
3471 2199 3783 2267 corporale,

2213 2282 2442 2336 alterum
2474 2282 2718 2348 spiritale
2750 2301 2763 2335 :
2795 2300 2958 2339 unum
2984 2300 3011 2337 a
3044 2297 3171 2353 potu
3200 2296 3358 2357 atque
3384 2290 3555 2357 epulis
3579 2300 3791 2360 tempe-

2213 2388 2357 2438 rare,
2383 2376 2679 2445 appetitum
2709 2376 2847 2445 gula:
2894 2391 2923 2430 a
2962 2377 3413 2434 delectationibus
3437 2390 3493 2434 et
3526 2381 3787 2436 mollissi-

2214 2464 2316 2517 mis
2344 2465 2699 2520 suavitatibus
2739 2480 3025 2533 coercere;
3058 2468 3125 2522 ab
3156 2468 3241 2523 bis
3276 2484 3398 2538 quae
3438 2486 3538 2538 per
3566 2480 3787 2538 tactum,

2214 2570 2309 2625 per
2328 2566 2540 2625 gustum
2574 2557 2854 2625 visumque
2889 2556 3181 2625 decipiunt.
3206 2574 3422 2616 sensum
3452 2560 3679 2615 viriliter
3697 2576 3789 2615 re-

2213 2662 2429 2713 vocare,
2461 2663 2526 2704 ac
2562 2649 2824 2703 violenter
2868 2649 3203 2707 abstrahere.
3236 2652 3479 2709 Alterum
3513 2654 3791 2709 abstinen-

2214 2741 2305 2795 tiae
2350 2749 2407 2794 et
2444 2738 2620 2795 crucis
2657 2754 2827 2808 genus
2882 2751 2965 2796 est
3011 2743 3303 2809 pretiosum
3341 2752 3502 2813 atque
3531 2744 3789 2809 sublime,

2213 2844 2391 2890 motus
2426 2834 2590 2889 animi
2622 2850 2828 2903 regere,
2860 2843 2917 2891 et
2954 2836 3383 2904 perturbationes
3429 2838 3575 2892 illius
3605 2837 3795 2892 mode-

2212 2926 2330 2981 stiae
2386 2927 2775 2995 tranquillitate
2832 2942 3087 2997 peccare,
3138 2944 3202 2984 ac
3238 2929 3509 2999 superbiai
3554 2932 3793 3001 impetus

2214 3018 2365 3088 quasi
2410 3020 2579 3074 feram
2634 3020 2860 3081 bestiam
2902 3021 3201 3087 rdrenare,
3254 3022 3505 3092 litigare,
3546 3022 3793 3093 quotidie

530 3093 839 3190 accepimus
875 3120 940 3174 ad
980 3120 1232 3174 salutem.
1262 3116 1364 3171 Per
1411 3115 1593 3170 Jesum
1620 3112 1897 3169 Christum
1930 3112 2112 3167 Domi-
2138 3093 2184 3159 C
2218 3118 2405 3164 contra
2437 3111 2563 3164 vitia
2607 3126 2726 3174 sua,
2759 3111 3041 3180 increpare
3070 3127 3131 3168 se
3157 3113 3386 3182 quadam
3416 3116 3656 3170 censoria
3684 3130 3791 3169 au-

531 3230 661 3272 num
690 3222 955 3278 nostrum,
990 3211 1079 3283 qui
1108 3228 1229 3267 cum
1255 3210 1413 3264 Patre
1436 3219 1488 3264 et
1511 3209 1715 3279 Spiritu
1738 3216 1928 3265 sancto
1958 3207 2109 3263 vivit.

1119 3345 1404 3401 IIOMILIA
1448 3344 1513 3399 ll.

1108 3460 1188 3514 Ad
1234 3457 1533 3514 monachos.

601 3574 740 3641 Quid
794 3572 1145 3639 salubritatis,
1179 3572 1507 3637 cltarissimi,
1552 3572 1715 3626 etiam
1752 3570 1805 3624 in
1850 3568 2109 3641 prmsenti

524 3670 812 3729 conferant
842 3677 1043 3724 sanctae
1067 3666 1469 3733 occupationes,
1500 3667 1643 3721 scire
1671 3665 1951 3719 debemus.
1976 3663 2111 3718 Tra-

528 3762 664 3823 didit
710 3776 859 3815 sacra
906 3760 1086 3823 lectio,
1117 3758 1315 3813 munda
1361 3759 1615 3812 animalia
1648 3772 1767 3812 esse
1789 3772 1909 3825 quas
1938 3754 2108 3810 rutni-

522 3862 678 3919 nant.
710 3853 848 3920 Quid
880 3861 1056 3908 autem
1087 3852 1157 3905 sit
1186 3850 1479 3911 rnminare.
1513 3859 1700 3918 aperte
1737 3848 1897 3902 docet
1928 3860 2109 3901 sermo

524 3947 761 4015 divinus,
792 3948 979 4002 dicens
1005 3962 1017 3998 :
1050 3943 1119 3999 In
1162 3946 1269 4014 lege
1298 3942 1513 3997 Domini
1540 3942 1776 3995 voluntas
1802 3943 1938 4010 ejus,
1966 3947 2013 3991 et
2051 3939 2107 3992 in

524 4040 635 4111 lege
654 4042 765 4109 ejus
789 4037 1121 4092 meditabitur
1144 4036 1226 4089 die
1248 4052 1308 4089 ac
1330 4042 1473 4088 nocte
1496 4032 1613 4101 (Ps.
1634 4047 1674 4095 ι,
1700 4032 1782 4100 2);
1799 4041 1852 4083 et
1878 4031 2101 4083 iterum:

527 4131 802 4185 Meditatio
849 4130 1019 4181 cordis
1050 4127 1151 4179 mei
1198 4128 1252 4179 in
1290 4133 1567 4193 conspectu
1614 4134 1702 4176 tuo
1756 4138 1954 4192 semper
1982 4122 2100 4193 (1’s.

529 4235 715 4282 χινιιι,
744 4218 802 4281 ι)
822 4235 838 4283 ;
862 4219 931 4271 ita
961 4232 1057 4271 nos
1079 4230 1292 4283 quoque
1315 4216 1440 4269 dum
1467 4215 1642 4269 cibum
1670 4215 1859 4269 salutis
1886 4215 2101 4283 spirita-

526 4311 653 4371 liter
683 4310 1040 4372 ruminamus,
1074 4307 1275 4363 clausis
1312 4306 1560 4361 sensibus
1592 4308 1864 4376 improbas
1904 4307 2103 4377 cogita-

532 4404 708 4465 tiones
736 4402 1106 4464 excludimus;
1132 4398 1326 4455 deinde
1354 4400 1444 4454 Dei
1473 4399 1721 4454 laudibus
1746 4399 2099 4466 delectamur,

2213 3204 2461 3260 steritatc
2487 3203 2725 3269 virtutis,
2753 3216 2809 3260 et
2842 3207 3015 3261 rixam
3043 3207 3442 3276 quodammodo
3464 3222 3586 3264 cum
3613 3208 3793 3262 homi-

2214 3310 2283 3351 ne
2330 3296 2588 3351 interiore
2643 3310 2957 3352 conserere.
3010 3298 3137 3353 Haec
3188 3298 3315 3353 facit
3360 3298 3481 3369 qui,
3530 3309 3790 3367 perrupto

2213 3388 2521 3456 passionum
2562 3402 2741 3455 muro,
2769 3389 3039 3444 violenter
3079 3390 3147 3445 ad
3174 3391 3432 3447 caelorum
3467 3405 3627 3461 regna
3650 3405 3791 3446 con-

2210 3478 2444 3534 scendit.
2498 3478 2581 3535 Ad
2640 3495 2762 3550 quae
2814 3495 2913 3535 vos
2954 3480 3251 3549 perducere
3296 3482 3348 3535 in
3398 3495 3499 3535 suo
3541 3482 3791 3537 viventes

2211 3572 2407 3628 timore
2449 3572 2699 3644 dignetur
2732 3574 2824 3644 qui
2870 3584 3058 3644 regnat
3107 3574 3163 3628 in
3208 3574 3407 3632 saecula
3439 3575 3788 3631 saeculorum.

2209 3665 2406 3721 Amen.

2802 3735 3087 3793 HOMILIA
3125 3737 3217 3793 ill.

2806 3828 2887 3885 Ad
2911 3830 3206 3883 monachos.

2279 3944 2500 3999 Instruit
2542 3957 2644 3998 nos
2670 3952 2831 4012 atque
2854 3944 3101 3997 hortatur
3129 3957 3306 3997 sermo
3333 3943 3567 4007 divinus,
3598 3942 3774 4011 quali-

2208 4043 2293 4092 ter
2318 4052 2418 4091 nos
2437 4037 2721 4105 accingere
2749 4037 3041 4091 debeamus
3072 4037 3137 4089 ad
3170 4035 3484 4105 inquirenda
3513 4037 3785 4104 promissa

2209 4144 2328 4191 sua,
2359 4138 2413 4183 et
2458 4128 2750 4183 obtinenda
2790 4129 2877 4181 illa
2908 4128 3047 4182 bona
3096 4145 3217 4197 quae
3246 4144 3345 4182 nec
3370 4131 3484 4182 visu
3514 4130 3657 4195 capi,
3684 4145 3787 4184 nec

2209 4219 2391 4273 auditu
2427 4221 2654 4288 percipi,
2688 4235 2787 4274 nec
2816 4221 3051 4288 cogitatu
3092 4220 3480 4290 comprehendi
3530 4231 3776 4289 possunt.

2206 4309 2394 4375 Potite,
2429 4312 2617 4379 inquit,
2646 4320 2693 4364 et
2736 4312 3016 4380 accipietis,
3039 4313 3253 4378 quwrile
3285 4321 3331 4365 et
3356 4313 3637 4377 invenietis,
3667 4314 3789 4383 pul-

2204 4411 2316 4455 sate
2344 4412 2389 4454 et
2414 4404 2677 4470 aperietur
2706 4402 2842 4455 vobis
2868 4402 3021 4471 (Luc.
3046 4416 3122 4466 xl,
3144 4404 3229 4471 9);
3263 4403 3313 4455 id
3337 4412 3439 4468 est,
3462 4412 3517 4456 ttt
3538 4414 3787 4471 petamus

532 4504 587 4549 et
618 4493 843 4548 interius
876 4504 1117 4551 nostrum
1146 4490 1404 4548 mundum
1446 4491 1644 4546 animal
1673 4491 1789 4545 ﬁeri
1822 4506 1917 4562 per
1947 4506 2103 4546 exer-
2130 4470 2186 4532 Ῑ)
2212 4493 2436 4552 orando.
2467 4508 2775 4562 qumramus
2805 4470 3128 4558 laborando;
3166 4495 3441 4562 pnlsemus
3470 4470 3789 4550 desideran-

527 4586 654 4641 cilia
690 4595 876 4639 sancta
902 4584 1279 4648 sentimus;et
1306 4584 1433 4637 dum
1474 4592 1660 4638 contra
1712 4584 1971 4652 reprobas
2012 4599 2108 4638 vo-

529 4677 765 4737 luntates
810 4677 1063 4730 interiora
1091 4686 1273 4731 nostra
1317 4676 1609 4740 munimus,
1638 4678 1853 4731 animas
1890 4686 2106 4732 nostras

524 4768 661 4824 cibis
691 4766 1001 4822 coelestibus
1042 4768 1317 4827 satiamus,
1342 4775 1402 4820 ut
1430 4776 1485 4821 et
1522 4767 1590 4821 de
1620 4767 1776 4820 nobis
1824 4768 1951 4821 illud
1981 4782 2104 4836 pro-

522 4860 797 4929 pheticum
849 4858 955 4913 dici
1008 4859 1222 4927 possit:
1260 4857 1453 4912 Panem
1478 4858 1592 4913 coeli
1626 4859 1769 4912 dedit
1794 4860 1884 4927 eis,
1918 4876 2101 4927 panem

514 4955 817 5022 angelorum
860 4948 1186 5004 manducavit
1209 4951 1379 5005 homo.
1407 4950 1569 5005 Panis
1607 4952 1918 5019 angelorum
1942 4952 2094 5005 Chri-

518 5052 639 5105 stus
664 5054 767 5109 est,
791 5042 947 5112 cujus
974 5042 1081 5097 cibi
1112 5054 1166 5097 et
1197 5058 1295 5098 nos
1332 5044 1621 5113 participes
1649 5058 1855 5107 sumus,
1883 5045 2098 5114 quando

521 5144 756 5191 mentem
785 5136 836 5189 in
880 5136 998 5201 ejus
1045 5136 1329 5204 praeconiis
1359 5150 1707 5205 occupamus.
1734 5138 1873 5192 Ecce
1910 5152 2099 5191 verum

520 5230 725 5295 cibum,
759 5229 846 5295 qui
880 5228 1051 5283 reﬁcit
1085 5236 1141 5283 et
1170 5242 1278 5281 non
1321 5227 1525 5293 deﬁcit,
1555 5228 1650 5282 sed
1681 5244 1781 5283 usu
1811 5245 1909 5283 suo
1934 5228 2101 5296 proﬁ-

522 5322 617 5388 cit,
642 5332 695 5377 et
718 5322 831 5376 suis
859 5320 1056 5376 crescit
1077 5320 1351 5389 expensis.
1380 5319 1493 5375 Hoc
1516 5334 1655 5390 pane
1680 5321 1956 5376 reﬁcimur
1978 5336 2119 5376 esu-‘

523 5414 734 5479 riendo,
758 5424 813 5467 et
848 5411 1117 5481 pascimur
1146 5411 1464 5480 jejunando,
1496 5412 1602 5467 vim
1633 5412 1918 5482 quamdam
1956 5412 2102 5469 vitiis

521 5506 726 5560 nostris
756 5512 809 5558 et
834 5504 1121 5559 desideriis
1142 5502 1464 5569 inferentes,
1484 5513 1542 5557 ut
1568 5503 1638 5557 de
1661 5504 1816 5558 nobis
1844 5504 1951 5559 dici
1984 5520 2109 5572 pos-

522 5597 596 5650 sit
620 5614 633 5649 ;
659 5596 888 5663 Regnum
912 5594 1156 5650 caelorum
1180 5595 1277 5647 uim
1312 5595 1525 5664 patitur,
1550 5604 1597 5648 et
1622 5595 1828 5649 violenti
1850 5596 2109 5664 diripiunt

521 5684 659 5741 illud
678 5685 893 5752 (Matth.
908 5702 959 5741 ιι
970 5727 986 5755 ,
1005 5686 1115 5755 12).
1134 5685 1236 5751 Qui
1250 5686 1360 5743 sint
1379 5685 1624 5756 violenti,
1643 5700 1807 5743 nosse
1824 5687 2111 5748 debemus.

2209 4584 2300 4651 do,
2334 4585 2610 4653 pulsemus
2640 4585 2992 4653 proﬁciendo,
3022 4585 3298 4653 pulsemus
3338 4585 3738 4655 perseverando
3765 4602 3781 4651 ;

2209 4685 2264 4731 et
2294 4677 2345 4730 in
2385 4692 2537 4745 spem
2567 4678 2871 4732 ctelestium
2904 4678 3290 4745 promissorum
3323 4687 3472 4732 tanto
3498 4677 3788 4733 incitemur

2204 4770 2404 4835 studio,
2438 4778 2695 4839 tantoque
2723 4770 3127 4825 inardescamus
3150 4769 3372 4833 aﬁ‘ectu,
3396 4780 3455 4823 ut
3486 4785 3607 4824 cum
3648 4786 3791 4839 pra:-

2206 4862 2435 4916 miorum
2468 4862 2729 4931 dignitate
2756 4862 3151 4917 desideriorum
3198 4861 3510 4931 magnitudo
3551 4878 3781 4917 concor-

2204 4952 2315 5007 det.
2347 4952 2465 5005 Non
2491 4954 2606 5006 vult
2626 4953 2770 5007 Deus
2800 4960 2984 5007 noster
3011 4952 3147 5006 bona
3166 4966 3264 5005 sua
3280 4952 3443 5007 nimia
3472 4951 3784 5005 inveniendi

2204 5042 2465 5099 facilitate
2495 5045 2787 5109 vilescere;
2818 5045 3051 5112 pretiosa
3078 5054 3135 5099 et
3169 5041 3604 5112 concupiscibilis
3632 5057 3783 5099 mer-

2200 5149 2296 5190 ces
2329 5136 2583 5205 cupidum
2610 5143 2911 5191 amatorem
2942 5144 2999 5192 et
3025 5134 3242 5191 avidum
3269 5137 3656 5205 negotiatorem
3698 5149 3786 5188 re-

2201 5228 2392 5297 quirit.

2278 5319 2417 5389 Ergo
2464 5318 2561 5373 ille
2606 5324 2881 5373 tantorum
2925 5331 3210 5373 munerum
3256 5317 3624 5387 repromissor
3671 5330 3785 5372 non

2207 5409 2320 5465 vult
2353 5410 2404 5465 in
2430 5424 2601 5479 opere
2622 5424 2729 5465 suo
2750 5409 3014 5479 tepidum,
3035 5408 3265 5477 despicit
3292 5408 3654 5475 fastidiosum,
3691 5424 3785 5462 re-

2208 5513 2363 5560 cusat
2387 5514 2659 5570 coactum,
2686 5504 2895 5573 respuit
2925 5501 3263 5557 indevotum.
3290 5501 3525 5556 Lentum
3555 5500 3702 5556 enim
3730 5508 3790 5555 et

2211 5613 2399 5668 parum
2430 5608 2639 5666 gratum
2661 5612 2905 5665 qumrore
2940 5594 3169 5663 gratiam
3194 5592 3359 5648 divini
3382 5593 3646 5658 mineris,
3669 5608 3789 5647 ma-

2214 5691 2364 5748 xima
2389 5700 2475 5748 est
2499 5689 2702 5762 injuria
2724 5686 3177 5749 remuneratotis.
3194 5686 3339 5758 Ergo
3381 5686 3516 5745 totis
3555 5688 3691 5746 licet
3726 5692 3797 5745 οι
