4042 6188
227 5777 256 5790 ἣ

341 225 449 287 83⁸1

1810 226 2141 289 HOMILIE.

3517 257 3621 316 838

340 338 538 442 .Pima
582 346 638 442 et
676 338 924 442 corporis
950 333 1227 397 laboribus
1269 339 1616 410 desudamus,
1650 341 1778 402 totis
1798 341 2004 407 licetA
2033 345 2197 400 etiam
2244 344 2299 401 in
2346 349 2598 417 praesenti
2641 351 3043 416 damnationem
3094 340 3456 425 infer'reflllis
3486 371 3617 442 ipsis

337 431 665 488 obedientiae
703 431 909 489 viribus
939 446 1313 498 exerceamur,
1346 434 1480 490 nihil
1522 443 1699 493 tamen
1733 435 1924 491 condi-

331 538 500 594 gnum
549 525 748 581 merito
792 539 894 595 pro
937 526 1251 582 caelestibus
1279 526 1438 583 bonis
1482 542 1837 598 compensare
1870 536 1926 583 et

330 615 535 675 offerre
565 619 886 675 valebimus.
914 618 1033 675 Non
1065 620 1247 674 valent
1280 620 1407 675 vitae
1442 621 1727 690 praesentis
1757 620 1921 675 obse-

329 710 458 779 quia
510 721 725 769 aeterna:
769 712 897 766 vitae
936 710 1147 781 gaudiis
1201 712 1567 785 compensari.
1597 712 1922 769 Lassescant

325 802 459 858 licet
506 804 750 859 membra
784 804 1000 875 vigiliis,
1029 804 1328 872 pallescant
1370 805 1497 860 licet
1539 819 1633 859 ora
1673 804 1914 875 jejuniis,

325 907 431 947 non
457 902 607 947 erunt
638 900 820 949 tamen
872 894 1145 965 condigna:
1170 896 1433 967 passiones
1475 893 1633 965 hujus
1676 895 1917 964 temporis

325 983 650 1054 adfuturam
692 988 917 1057 gloriam
962 1004 1075 1057 quia
1114 987 1421 1041 revelabitur
1461 988 1513 1040 in
1563 986 1705 1040 nobis
1732 984 1910 1057 (Rom.

321 1090 440 1143 vui,
475 1078 590 1151 l8).
638 1079 921 1135 Pulsemus
974 1094 1124 1150 ergo,
1168 1079 1499 1146 charissimi,
1550 1079 1603 1133 in
1653 1087 1909 1150 quantum

320 1183 635 1242 possumus,
681 1175 804 1245 quia
853 1188 961 1229 non
1011 1188 1302 1243 possumus
1331 1183 1593 1244 quantum
1623 1172 1906 1227 debemus.

317 1260 530 1319 Futura
554 1264 829 1321 beatitudo
849 1267 1053 1336 acquiri
1079 1270 1277 1335 potest,
1296 1265 1550 1321 aestimari
1577 1280 1682 1319 non
1712 1271 1906 1333 potest.

314 1352 433 1410 Nisi
471 1357 613 1411 enim
653 1372 776 1412 cum
806 1357 1084 1422 aviditate,
1119 1358 1223 1413 nisi
1262 1373 1383 1411 cum
1432 1356 1574 1411 bona
1604 1356 1902 1423 voluntate,

313 1460 437 1504 cum
467 1449 658 1505 laetitia
686 1451 780 1506 Dei
807 1465 969 1520 opera
1002 1451 1298 1520 egerimus,
1330 1451 1443 1504 Deo
1476 1466 1572 1504 nos
1605 1451 1784 1520 perire
1808 1465 1904 1503 no-

311 1540 571 1597 verimus.
626 1542 903 1611 Putamus,
939 1540 1262 1607 charissimi,
1305 1542 1447 1611 quod
1494 1542 1654 1610 digne
1698 1551 1903 1611 quaerat

306 1629 413 1701 (illa
445 1632 644 1702 anima,
668 1642 723 1689 et
746 1633 816 1686 ita
844 1634 1029 1704 pulset
1057 1641 1114 1687 ut
1142 1633 1190 1687 ei
1224 1635 1516 1707 aperiatur,
1542 1648 1661 1703 quae
1690 1632 1755 1687 ad
1784 1633 1900 1688 leve

2030 438 2357 536 quigravius
2387 441 2527 536 apud
2558 458 2658 500 nos
2681 445 3019 519 delinquunt,
3050 455 3251 511 nullam
3292 438 3611 536 tristiorem,

2028 531 2229 587 nullam
2275 530 2613 590 acerbiorem
2664 553 2951 608 possumus
2988 545 3230 604 invenire
3261 530 3609 629 sententiam,

2024 640 2183 697 quam
2214 636 2272 681 ut
2296 642 2325 681 a
2352 644 2583 703 corpore
2610 639 3046 707 congregationis
3079 642 3335 711 abscissi,
3367 648 3487 705 sine
3516 667 3611 720 pa-

2022 731 2087 773 ce
2114 718 2415 776 discedant.
2451 723 2513 777 Et
2560 740 2743 782 nonne
2788 732 3039 787 amentia:
3066 749 3234 803 genus
3264 750 3367 808 est,
3400 750 3460 796 ut
3505 718 3607 803 hoc

2020 810 2248 906 quisque
2277 829 2381 906 pro,
2414 817 2655 873 remedio
2686 831 2933 891 expetat,
2961 826 3103 895 quod
3133 828 3295 883 etiam
3327 847 3357 886 a
3389 849 3602 906 praepo-

2018 902 2123 956 sito
2148 902 2301 975 [non]
2332 904 2434 961 nisi
2467 922 2563 977 pro
2589 924 2803 967 summo
2831 916 3060 973 crimine
3089 935 3193 974 non
3227 902 3400 991 possit
3441 902 3604 984 infer-

2018 991 2064 1045 ri
2083 993 2500 1066 illutelligamus
2539 1016 2692 1070 ergo,
2730 1002 3063 1075 charissimi,
3099 1011 3226 1066 istas
3253 1014 3599 1086 indignitates

2018 1092 2071 1137 et
2098 1086 2559 1145 contradictiones
2610 1091 2837 1149 inimico
2878 1111 3139 1166 operante
3177 1112 3230 1158 et
3275 1107 3597 1176 disponente

2013 1181 2323 1248 provenire.
2356 1183 2454 1238 ille
2481 1185 2623 1240 enim
2654 1189 2777 1257 quia
2815 1205 2921 1246 non
2956 1204 3132 1262 potest
3159 1196 3391 1268 aliquem
3438 1203 3596 1259 abso-

2010 1269 2121 1325 lute
2162 1272 2228 1327 de
2259 1275 2380 1329 loco
2408 1276 2596 1332 salutis
2637 1289 2915 1350 excutere,
2944 1285 3185 1343 immittit
3225 1293 3454 1358 primum
3502 1310 3595 1351 oc-

2008 1367 2253 1423 casiones
2281 1378 2333 1423 et
2354 1386 2563 1439 causas,
2584 1373 2823 1430 immittit
2854 1379 3230 1436 inobedientiae
3258 1387 3584 1456 passionem,

2005 1474 2163 1530 quam
2193 1475 2409 1531 semper
2440 1466 2588 1521 socia
2628 1468 2916 1525 infidelitas
2958 1476 3266 1532 comitatur.
3292 1478 3426 1546 Quae
3460 1494 3584 1536 cum

2003 1555 2267 1621 captivam
2316 1555 2687 1625 illaqueaverit
2731 1572 2987 1631 mentem,
3019 1568 3200 1621 statim
3249 1569 3583 1627 intoleranda

2003 1655 2163 1715 atque
2197 1647 2548 1717 impossibilia
2585 1651 2710 1707 facit
2739 1656 2900 1709 etiam
2938 1657 3026 1710 illa
3058 1675 3176 1727 quae
3209 1673 3370 1729 parva
3403 1676 3466 1717 ac
3506 1663 3585 1719 le-

307 1732 647 1795 ιπεεεθριυιη
677 1726 911 1780 senioris
930 1726 1260 1797 respondere
1284 1726 1582 1797 praesumit.
1599 1735 1653 1781 et
1674 1725 1890 1781 dicere:
1924 1723 1972 1789 Β
1998 1735 2085 1788 via
2108 1747 2253 1792 sunt.
2281 1740 2346 1793 Et
2374 1756 2509 1797 sane
2534 1743 2753 1798 dubium
2801 1762 2905 1800 non
2938 1758 3021 1802 est
3048 1723 3189 1818 quod
3210 1723 3355 1807 vires
3384 1753 3575 1809 inobe-

302 1812 578 1885 Numquid
605 1818 751 1873 servi
784 1818 945 1873 vestri
975 1820 1199 1873 sumus?
1222 1818 1337 1875 iam
1372 1819 1477 1874 feci
1501 1820 1667 1875 vicem
1694 1836 1888 1889 meam,

301 1915 361 1962 et
389 1907 480 1962 ille
516 1906 678 1964 faciat
708 1924 859 1964 suam
910 1911 1181 1979 quomodo
1213 1910 1315 1965 hoc
1361 1910 1513 1979 dicit,
1561 1912 1647 1968 cui
1690 1927 1893 1981 praece-

300 2006 453 2070 ptum
480 2009 582 2067 est,
606 1999 784 2054 Nolite
806 2017 1034 2071 quaerere
1058 2019 1173 2072 quae
1194 2014 1360 2059 vestra
1387 2005 1545 2058 sunt?
1570 2003 1637 2057 Et
1660 2004 1889 2061 iterum:

301 2088 427 2145 Non
452 2107 564 2161 qua:
591 2108 685 2145 sua
710 2104 827 2146 sunt
857 2093 1054 2166 singuli
1081 2095 1469 2151 considerantes
1501 2092 1673 2164 (Phil.
1699 2111 1757 2163 ll,
1790 2093 1847 2166 4)
1871 2111 1886 2162 ;

302 2199 334 2238 a
359 2200 463 2255 quo
490 2201 597 2241 non
625 2188 729 2242 hoc
758 2187 933 2242 solum
970 2190 1269 2258 expetitur,
1298 2196 1355 2242 ut
1394 2187 1703 2243 mercedem
1736 2203 1885 2242 suam

298 2277 542 2346 impleat,
576 2278 669 2334 sed
705 2287 761 2332 ut
788 2277 990 2335 alienas
1022 2279 1262 2345 invadat,
1293 2286 1659 2349 praeoccupet,
1690 2279 1883 2350 rapiat.

295 2365 580 2434 Putamus,
612 2369 850 2439 inquam,
901 2370 1043 2441 quod
1095 2370 1168 2425 ita
1227 2379 1373 2442 petat
1424 2380 1481 2424 ut
1524 2369 1772 2438 accipiat,
1812 2371 1882 2424 ita

290 2470 503 2531 quaerat
535 2470 591 2515 ut
621 2460 882 2528 inveniat,
916 2462 989 2516 ita
1029 2462 1207 2531 pulset
1256 2470 1313 2515 ut
1370 2462 1648 2531 aperiatur
1689 2460 1759 2525 ei,
1790 2459 1883 2530 qui

291 2564 395 2623 pro
424 2552 601 2623 aliqua
650 2554 971 2624 negligentia
1002 2562 1310 2624 correptus,
1341 2563 1396 2608 et
1436 2568 1535 2623 pro
1582 2553 1881 2623 disciplinae

287 2644 484 2701 ordine
546 2644 860 2715 castigatus,
894 2660 1001 2700 non
1049 2660 1109 2701 se
1154 2644 1222 2699 ad
1266 2643 1722 2713 emendationem,
1771 2660 1878 2700 non

285 2736 358 2795 ad
402 2737 827 2794 satisfactionem
874 2738 1105 2805 confert,
1147 2740 1243 2794 sed
1275 2739 1444 2809 magis
1474 2738 1541 2793 ad
1574 2740 1717 2793 illam
1753 2754 1879 2810 pro-

286 2833 534 2901 terviam,
577 2842 634 2889 ut
681 2833 854 2902 dicat,
885 2832 1081 2888 desero
1128 2842 1289 2900 atque
1338 2832 1584 2899 discedo,
1621 2833 1723 2888 hoc
1775 2847 1878 2905 ego

283 2924 431 2983 ferre
470 2943 577 2983 non
607 2929 803 2997 patior,
832 2928 1099 2999 ingenuus
1132 2931 1295 2983 homo
1324 2942 1466 2981 sum.
1498 2926 1614 2982 Jam
1640 2927 1873 2999 primum

280 3020 376 3091 qui
402 3030 525 3076 ante
548 3024 897 3092 praepositum
928 3022 1017 3075 vel
1046 3021 1292 3076 abbatem
1325 3022 1616 3090 ingenuum
1664 3034 1784 3074 esse
1815 3035 1875 3073 se

1998 1826 2269 1884 dientibus
2316 1831 2570 1887 divinitus
2625 1837 3039 1904 subtrahuntur,
3067 1841 3202 1896 sicut
3252 1851 3307 1898 et
3354 1844 3444 1899 ille
3488 1847 3578 1917 qui

1996 1935 2103 1976 non
2149 1922 2380 1977 habebat
2411 1924 2465 1978 in
2514 1940 2571 1980 se
2622 1931 2981 1984 necessariam
3030 1930 3155 1986 fidei
3208 1933 3573 2003 devotionem,

1995 2013 2156 2068 etiam
2190 2016 2334 2085 quod
2383 2016 2613 2072 habebat
2660 2019 3006 2076 auferebatur
3049 2023 3116 2078 ab
3160 2039 3245 2091 eo,
3280 2025 3349 2079 ita
3384 2026 3573 2081 inobe-

1992 2104 2197 2160 dientia
2230 2107 2461 2162 obdurat
2487 2110 2725 2165 animum
2757 2127 2916 2180 quem
2945 2113 3111 2169 semel
3154 2118 3389 2185 ceperit,
3422 2128 3475 2170 ut
3508 2116 3574 2171 ad

1990 2198 2338 2266 suscipienda
2388 2211 2659 2271 praecepta
2700 2218 2799 2257 nec
2837 2207 3178 2272 auctoritate,
3212 2222 3311 2261 nec
3365 2210 3573 2263 ratione

1990 2286 2256 2345 flectatur.
2288 2290 2395 2346 Sed
2441 2293 2585 2363 quod
2625 2298 2917 2364 pessimum
2949 2305 3051 2362 est,
3085 2297 3185 2352 sibi
3227 2301 3328 2353 soli
3360 2299 3569 2366 credat,

1988 2389 2043 2436 et
2072 2396 2170 2450 pro
2200 2384 2347 2437 omni
2395 2385 2612 2441 ratione
2659 2386 2989 2443 intentiones
3037 2403 3164 2443 suas
3202 2404 3481 2459 sequatur,
3515 2401 3573 2448 et

1987 2475 2091 2532 hoc
2121 2477 2297 2533 solum
2330 2489 2539 2533 rectum
2571 2489 2744 2550 putet,
2778 2481 2920 2551 quod
2961 2482 3224 2538 obdurato
3253 2484 3416 2538 corde
3441 2498 3572 2539 con-

1984 2569 2211 2638 ceperit,
2242 2571 2436 2625 similis
2458 2571 2510 2626 ei
2533 2572 2759 2627 effectus
2782 2573 2849 2628 de
2871 2589 2977 2644 quo
2998 2574 3215 2629 divinus
3240 2591 3420 2631 sermo
3443 2592 3568 2646 pro-

1983 2665 2195 2717 nuntiat
2226 2680 2238 2715 :
2274 2661 2472 2716 Itinera
2504 2664 2857 2735 insipientium
2901 2677 3040 2719 recta
3077 2668 3125 2720 in
3167 2678 3441 2738 conspectu
3483 2687 3569 2724 eo-

1981 2768 2098 2806 rum
2128 2752 2315 2821 (Prov.
2344 2771 2462 2820 xvr,
2488 2755 2615 2823 25);
2643 2766 2697 2811 et
2725 2758 2922 2811 iterum
2960 2777 2970 2811 :
3000 2758 3138 2813 Sunt
3168 2762 3262 2815 via:
3288 2778 3399 2831 qua:
3419 2772 3569 2815 recta:

1978 2860 2089 2899 esse
2130 2847 2365 2900 videntur
2392 2848 2704 2915 hominibus,
2738 2851 3013 2903 novissima
3057 2862 3227 2905 autem
3271 2868 3447 2905 eorum
3476 2869 3564 2907 ve-

1981 2940 2119 2991 nient
2148 2943 2202 2992 in
2240 2942 2565 3010 profundum
2592 2944 2747 3008 inferi
2778 2943 2964 3012 (Prov.
2997 2959 3108 3010 xiv,
3138 2945 3248 3014 1‘2).
3276 2944 3563 3002 Postremo

1979 3029 2191 3082 eveniet
2216 3029 2488 3098 ejusmodi
2530 3032 2837 3097 animabus,
2864 3031 3007 3101 quod
3034 3032 3219 3086 domui
3251 3050 3370 3103 qua:
3399 3050 3561 3105 supra

279 3115 514 3183 iactitat,
544 3124 673 3184 puto
704 3115 845 3184 quod
878 3114 1055 3169 adhuc
1086 3123 1327 3183 emptum
1378 3128 1437 3171 se
1476 3127 1596 3166 esse
1643 3112 1867 3166 nesciat.
1898 3099 1945 3164 C
1979 3135 2202 3174 arenam
2227 3121 2493 3176 aedificata
2524 3132 2606 3177 est
2642 3123 2859 3187 (Matth.
2880 3099 3106 3194 vn,26).
3140 3099 3427 3181 Haecvenim
3464 3099 3557 3198 pa-

264 3205 387 3273 iQui
416 3204 735 3260 Christianae
762 3206 967 3261 militiae
991 3208 1344 3274 mancipatus,
1372 3203 1555 3258 dicere
1581 3219 1640 3258 se
1668 3219 1871 3273 praesu-

266 3298 381 3357 mit
412 3297 729 3367 ingenuum,
761 3313 896 3366 pene
919 3309 1001 3352 est
1030 3308 1086 3352 ut
1118 3306 1275 3367 neget
1297 3312 1355 3352 se
1383 3296 1582 3351 Christi
1610 3300 1870 3368 sanguine

264 3402 671 3462 comparatum.
702 3391 837 3459 Quid
892 3400 979 3447 est
1022 3390 1188 3456 aliud,
1221 3390 1355 3444 liber
1384 3405 1526 3456 sum,
1562 3406 1721 3459 quam
1768 3390 1870 3459 ipsi

274 3485 515 3542 Domino
562 3485 819 3553 clamare,
856 3482 993 3539 nihil
1032 3482 1242 3538 debeo?
1282 3482 1358 3537 De
1409 3481 1604 3536 talibus
1655 3483 1869 3538 dicebat

268 3577 570 3645 (Apostolus
595 3596 608 3630 ;
631 3576 759 3631 Cum
786 3577 923 3630 enim
946 3577 1078 3629 servi
1105 3575 1281 3629 essetis
1309 3571 1683 3640 inobedientiaz,
1716 3574 1868 3629 liberi

264 3670 450 3740 fuistis
493 3670 708 3738 justitice
740 3670 919 3741 (Rom.
972 3684 1045 3737 vi,
1079 3667 1194 3737 20).
1252 3666 1367 3722 Non
1416 3667 1555 3723 bene
1600 3668 1866 3740 ingenuus

264 3761 628 3831 approbatur,
661 3762 751 3831 qui
779 3761 1033 3816 vitiorum
1077 3759 1339 3815 servitute
1371 3757 1711 3829 deprimitur.
1745 3758 1867 3813 Cla-

267 3862 391 3908 mat
412 3862 594 3908 autem
622 3854 674 3907 in
706 3853 1036 3908 contumelia
1063 3851 1381 3921 disciplinae,
1416 3853 1469 3905 in
1502 3860 1723 3921 peccato
1753 3852 1864 3905 ani-

268 3958 380 4001 mae
425 3959 578 4001 suae:
610 3944 753 4002 Malo
806 3944 1085 4000 discedere
1135 3959 1297 4014 quam
1350 3943 1663 4013 emendare,
1702 3958 1863 4013 quam

262 4037 612 4107 satisfacere,
644 4054 804 4109 quam
834 4037 1072 4109 implere
1110 4037 1251 4109 quod
1303 4038 1569 4109 praecipis.
1604 4035 1738 4104 Quid
1781 4046 1864 4092 est

264 4131 375 4188 hoc
426 4133 571 4189 aliud
626 4149 785 4203 quam
810 4132 999 4204 jugum
1029 4131 1234 4187 Christi
1276 4146 1305 4185 a
1335 4146 1393 4187 se
1429 4130 1615 4186 rebelli
1650 4133 1862 4187 cervice

256 4225 584 4287 discutere?
612 4228 705 4283 lsti
742 4227 881 4282 tales
921 4226 1172 4283 nesciunt
1216 4225 1344 4295 quid
1380 4233 1671 4292 noverunt,
1706 4223 1860 4278 obliti

258 4330 397 4376 sunt
424 4330 647 4390 propter
672 4319 799 4391 quid
819 4320 934 4390 ,buc
965 4328 1251 4375 venerunt.
1285 4317 1377 4371 Isti
1417 4318 1551 4373 tales
1584 4332 1689 4370 non
1722 4317 1861 4372 bene

259 4420 479 4481 rpetunt,
510 4412 606 4467 sed
632 4413 776 4468 male
805 4413 953 4467 vitiis
973 4423 1319 4481 appetuntur.
1346 4411 1458 4465 Non
1485 4410 1589 4466 fide
1618 4410 1854 4481 pulsant,

1974 3212 2160 3266 rabola
2190 3214 2423 3268 maxime
2468 3215 2534 3268 ad
2585 3216 2967 3271 inobedientes
3011 3218 3259 3287 respicit.
3293 3217 3385 3274 Sic
3412 3223 3555 3277 enim

1974 3304 2203 3373 legimus
2234 3324 2247 3358 :
2285 3305 2468 3361 Omnis
2493 3308 2583 3379 qui
2604 3308 2752 3360 audit
2780 3306 2931 3361 verba
2957 3307 3087 3371 haec,
3115 3318 3162 3363 et
3189 3326 3290 3364 non
3320 3314 3448 3383 facit
3474 3330 3554 3378 ea,

1970 3396 2281 3452 similabitur
2333 3400 2445 3453 viro
2486 3402 2662 3465 stulto,
2700 3402 2786 3473 qui
2828 3402 3105 3471 aediﬁcavit
3154 3406 3361 3459 domum
3408 3424 3557 3462 suum

1969 3506 2130 3559 supra
2174 3508 2383 3545 arenam
2416 3504 2701 3547 :venerunt
2731 3495 2971 3565 ﬂumina,
3004 3502 3059 3549 et
3087 3496 3300 3566 reliqua
3330 3494 3554 3569 (Ibid);

1970 3581 2022 3635 id
2065 3590 2167 3647 est,
2204 3598 2326 3636 cum
2375 3584 2693 3639 influxerint
2744 3584 3023 3641 stillicidia
3067 3590 3400 3657 passionum,
3428 3605 3553 3645 cum

1970 3671 2293 3727 advenerint
2319 3672 2540 3728 flumina
2576 3676 2827 3731 torrentis
2860 3687 3020 3747 atque
3061 3680 3297 3751 impetus
3326 3682 3555 3739 tribula-

1976 3766 2202 3830 tionum,
2235 3780 2300 3820 ex
2342 3766 2686 3821 multitudine
2716 3768 3189 3839 negligentiarum,
3224 3788 3346 3827 cum
3384 3773 3567 3828 flave-i

1965 3856 2073 3911 rint
2102 3858 2268 3924 venti,
2295 3857 2374 3911 illi
2402 3858 2587 3928 utique
2617 3859 2709 3929 qui
2739 3860 2792 3912 in
2816 3874 2938 3914 aere
2965 3861 3070 3915 isto
3099 3862 3344 3929 volitant,
3376 3865 3546 3931 parati

1964 3949 2030 4003 ad
2059 3949 2257 4004 Christi
2295 3966 2477 4005 aream
2512 3951 2900 4017 ventilandam,
2928 3952 3100 4006 sicubi
3145 3955 3425 4009 inveniant
3455 3971 3551 4026 pa—

1962 4038 2097 4107 leas,
2122 4056 2255 4111 quas
2283 4041 2348 4096 ad
2379 4041 2678 4097 ludibrium
2712 4058 2867 4097 suum
2904 4042 3119 4113 rapiant
3148 4052 3309 4114 atque
3340 4045 3537 4116 disper-

1962 4142 2113 4203 gant,
2142 4143 2269 4187 tunc
2298 4134 2506 4189 irrueut
2534 4132 2588 4188 in
2631 4133 2851 4188 domum
2900 4134 3072 4201 illam,
3104 4149 3224 4204 qua:
3260 4132 3376 4189 sine
3420 4137 3549 4191 obe-

1961 4223 2180 4278 dientiaa
2207 4224 2561 4279 fundamento
2588 4224 2849 4279 aediﬁcata
2883 4234 2987 4293 est,
3017 4232 3071 4279 et
3098 4225 3191 4280 fiet
3215 4227 3370 4281 ruina
3402 4226 3545 4283 illius

1963 4332 2175 4386 magna.
2204 4316 2312 4371 Sed
2344 4315 2578 4372 forsitan
2616 4318 2759 4373 dicat
2792 4319 2985 4387 aliquis
3016 4335 3029 4371 :
3061 4317 3332 4389 Numquid
3363 4322 3547 4375 statim

1960 4408 2028 4461 de
2084 4408 2188 4461 hoc
2241 4407 2362 4462 loco
2416 4409 2721 4475 discedere,
2765 4410 2919 4463 ruina
2974 4409 3205 4465 dicenda
3248 4411 3365 4466 est?
3395 4412 3547 4478 Dico,

254 4474 363 4559 “Sed
392 4474 711 4563 infidelitate
750 4474 1205 4574 pulsantur-Quid
1237 4503 1459 4572 prodest
1484 4474 1633 4574 quod
1683 4474 1938 4557 disce-1)
1961 4498 2294 4563 charissimi,
2328 4515 2433 4552 non
2476 4500 2695 4566 grandis
2742 4514 2867 4567 spes
2895 4507 2999 4563 est,
3033 4502 3075 4553 si
3115 4501 3166 4554 in
3203 4503 3321 4557 navi
3356 4513 3438 4558 est
3492 4505 3547 4560 in

256 4593 372 4663 ~dis,
403 4597 493 4666 qui
548 4594 786 4664 undique
832 4596 1087 4648 astrictus
1126 4609 1186 4648 es
1238 4593 1465 4647 vinculis
1519 4594 1854 4662 passionum,

264 4704 428 4759 quem
460 4686 587 4743 hinc
605 4696 768 4756 atque
790 4686 914 4741 inde
940 4684 1354 4740 circumvallant
1375 4685 1502 4739 vitia
1528 4686 1662 4738 tua?
1696 4684 1857 4751 Quid,

251 4780 513 4851 inquam,
548 4780 769 4850 prodest
788 4779 931 4850 quod
964 4779 1215 4841 discedis,
1250 4780 1338 4847 qui
1387 4794 1729 4847 quocumque
1776 4778 1855 4831 lo-

248 4886 456 4929 'corum
506 4870 679 4933 vadis,
722 4880 773 4926 te
825 4878 999 4925 tecum
1037 4870 1255 4940 portas?
1285 4869 1474 4925 Merito
1525 4869 1853 4937 discederes,

246 4966 310 5022 si
332 4979 608 5036 quoquam
640 4974 691 5019 te
720 4963 907 5034 fugere
930 4978 1140 5033 posses.
1166 4964 1333 5032 Digne
1353 4962 1548 5032 aliquis
1576 4962 1848 5027 discessit,

241 5059 305 5116 -si
332 5058 429 5114 illo
478 5057 558 5113 ire
589 5058 778 5127 possit,
810 5058 898 5113 ubi
950 5057 1101 5112 illum
1158 5057 1406 5111 diabolus
1452 5056 1697 5110 invenire
1743 5072 1851 5111 non

254 5151 451 5221 possit.
482 5151 655 5208 Nemo
699 5166 760 5206 se
808 5152 977 5217 fallat,
1009 5167 1113 5205 non
1164 5150 1325 5218 fugiat
1371 5149 1741 5203 adversarium
1782 5148 1852 5203 de

255 5243 382 5301 loco
404 5243 474 5299 ad
505 5245 706 5309 locum,
738 5243 832 5299 sed
860 5243 925 5298 de
955 5244 1083 5297 vitio
1114 5244 1179 5296 ad
1207 5244 1485 5309 virtutem,
1509 5241 1575 5295 de
1601 5241 1851 5311 passione

256 5337 326 5397 ad
356 5337 816 5394 emendationem.
835 5336 967 5392 Nam
991 5337 1172 5391 sieutn
1195 5336 1368 5391 taliter
1383 5336 1577 5405 fugias,
1593 5344 1849 5405 sequetur

246 5437 335 5486 ιο.
392 5428 636 5485 Eruenda
671 5439 742 5495 te,
776 5438 828 5485 et
875 5429 1043 5499 fugiet
1069 5443 1097 5482 a
1131 5437 1204 5493 te,
1232 5428 1373 5482 sicut
1410 5429 1484 5481 ait
1510 5427 1846 5498 Apostolus;

248 5518 504 5575 Resistite
531 5520 758 5588 diabolo,
782 5530 834 5574 et
858 5522 1017 5593 fugiet
1038 5537 1071 5575 a
1098 5520 1238 5575 vobis
1268 5520 1483 5593 (Jacob.
1505 5535 1585 5587 tv,
1618 5518 1695 5589 7).
1729 5519 1847 5576 Non

245 5610 677 5669 ~obedireautem
710 5625 765 5671 et
792 5617 927 5671 velle
948 5614 1251 5685 discedere,
1282 5613 1385 5670 hoc
1426 5622 1530 5680 est,
1562 5613 1850 5684 dupliciter

244 5703 464 5783 {diaboli
494 5709 827 5771 voluntatem
853 5711 1035 5771 facere
1069 5729 1082 5767 :
1109 5709 1213 5768 hoc
1262 5721 1368 5783 est,
1400 5708 1706 5769 voluntarie
1742 5707 1848 5766 sibi

1959 4590 2211 4643 fluctibus
2268 4592 2587 4654 constituta,
2615 4590 2742 4643 licet
2789 4592 2903 4658 ipsa
2953 4605 3060 4645 non
3111 4602 3317 4661 pereat,
3370 4605 3544 4652 tamen

1956 4682 2223 4752 jacturam
2257 4682 2547 4735 maximam
2594 4682 2663 4737 de
2700 4696 2865 4737 onere
2895 4698 2958 4738 ac
2996 4683 3064 4740 de
3109 4688 3380 4743 mercibus
3431 4691 3546 4747 suis

1961 4773 2139 4840 faciat,
2174 4784 2229 4830 et
2255 4776 2371 4844 ipsa
2404 4776 2471 4828 ad
2505 4786 2720 4845 portum
2751 4790 2919 4830 vacua
2958 4786 3118 4847 atque
3152 4780 3323 4834 inanis
3352 4797 3547 4851 perve-

1960 4869 2104 4932 niat;
2131 4868 2210 4922 sic
2249 4885 2356 4923 non
2380 4868 2583 4938 grande
2615 4869 2868 4938 gaudium
2915 4879 3018 4938 est,
3052 4872 3096 4925 si
3136 4875 3320 4927 smeuli
3352 4876 3543 4944 aliquis

1959 4960 2026 5016 ad
2074 4959 2271 5015 ﬂuctus
2308 4970 2585 5016 revertens
2619 4976 2815 5016 nomen
2856 4970 3019 5030 atque
3065 4964 3306 5020 habitum
3340 4966 3544 5035 profes-

1960 5053 2130 5109 sionis
2162 5070 2273 5109 suae
2301 5054 2581 5109 custodire
2612 5053 2883 5122 videatur,
2916 5054 3094 5111 anima
3135 5071 3265 5112 vero
3300 5058 3418 5128 ejus
3449 5075 3547 5114 ne-

1957 5145 2232 5216 gligentiis
2260 5146 2502 5201 tabescat
2533 5158 2595 5199 ac
2625 5144 2823 5200 defluat
2850 5163 2865 5211 ;
2900 5157 2956 5202 et
2979 5147 3106 5216 quid
3143 5149 3361 5219 gravius
3383 5167 3540 5222 quam

1959 5248 2020 5293 ut
2069 5239 2249 5293 subito
2311 5248 2584 5309 tamquam
2629 5239 2745 5294 ales
2788 5242 3101 5309 repentinus
3136 5244 3427 5299 eradiceris
3474 5246 3541 5302 de

1958 5328 2079 5384 loco
2107 5330 2173 5384 ad
2206 5315 2363 5400 quem
2399 5341 2449 5386 te
2488 5330 2748 5385 Dominus
2782 5339 2904 5385 tuus
2934 5344 3241 5401 vocaverat,
3275 5337 3325 5389 in
3354 5352 3459 5405 quo
3490 5345 3541 5393 te

1956 5427 2184 5497 primum
2213 5424 2634 5489 illuminaverat,
2666 5424 2720 5478 in
2752 5439 2912 5494 quem
2946 5433 2997 5481 te
3022 5435 3147 5495 post.
3178 5427 3321 5480 mala
3350 5427 3536 5482 saeculi

1954 5517 2107 5588 quasi
2152 5516 2220 5572 ad
2263 5525 2478 5587 portum
2523 5514 2590 5571 de
2634 5519 2782 5587 gravi
2838 5527 3159 5588 tempestate
3208 5518 3537 5575 induxerat?

1952 5609 2209 5667 Oblivisci
2242 5610 2425 5665 subito
2462 5608 2838 5673 fraternitatis,
2874 5611 3155 5667 societatis
3194 5619 3251 5667 et
3287 5610 3539 5666 consola-

1954 5707 2151 5776 tionis;
2174 5706 2423 5764 oblivisci
2457 5704 2560 5764 loci
2592 5686 2735 5765 illius
2762 5707 2818 5765 in
2845 5720 2953 5778 quo
2978 5706 3211 5779 primum
3245 5706 3535 5767 pristinum
