4042 6188
543 226 644 287 859

1524 218 1580 274 S.
1622 213 1946 273 EUCHERII
1985 209 2464 270 LUGDUNENSIS
2503 211 2828 269 EPISCOPI.

3723 217 3828 276 8w

543 337 786 396 habitum
819 347 875 393 et
904 352 1101 393 nomen
1128 332 1386 390 sarculare
1416 332 1686 388 exueras?
1717 332 1858 386 Aves
1889 330 2018 398 ipsae
2054 329 2130 382 di-
2155 331 2208 390 Α
2236 328 2430 382 iterum
2460 344 2476 382 :
2520 327 2644 382 Non
2692 328 2910 382 verearis
2954 344 3113 398 usque
3160 330 3227 381 ad
3279 337 3494 384 mortem
3537 332 3827 403 justiﬁcari

540 431 711 501 ligunt
733 430 890 491 nidos
924 445 1073 494 suos,
1098 437 1280 482 amant
1303 427 1430 480 fera:
1454 425 1571 479 loca
1603 424 1656 478 in
1679 423 1875 493 quibus
1909 421 2128 475 nutrita:

540 535 688 591 sunt,
713 532 894 578 amant
915 520 1117 576 cubilia
1143 527 1197 573 et
1225 534 1458 588 pascua;
1492 528 1545 573 et
1571 515 1868 586 quamlibet
1897 513 2130 569 naturali

542 619 793 672 libertate
839 615 1070 682 passivis
1133 627 1390 682 perversa
1445 609 1728 680 rapiantur
1796 607 2126 671 incursibus,

537 709 734 779 saepius
762 716 938 760 tamen
965 705 1032 759 ad
1053 708 1218 760 chara
1240 703 1341 758 sibi
1375 705 1494 758 loca
1516 703 1746 770 quodam
1780 699 1888 754 cibi
1915 697 2128 754 deside-

536 804 614 856 rio
645 808 1024 864 revertuntur;
1077 808 1132 853 et
1173 809 1228 853 tu
1275 798 1553 852 intellectu
1601 796 1881 865 praeditus,
1917 793 2128 848 ratione

534 895 792 959 munitus,
824 893 896 948 ita
921 893 1195 948 interdum
1219 908 1380 948 sensu
1409 892 1617 947 alienus
1641 891 1890 955 elﬁceris,
1910 899 1966 943 ut
1991 903 2127 957 pras-

533 987 674 1041 feras
708 988 804 1041 Dei
837 987 1116 1041 beneﬁciis
1151 987 1461 1040 voluntates
1507 985 1587 1040 vel
1620 983 1952 1037 intentiones
1982 992 2121 1046 tuas,

532 1087 587 1134 et
616 1080 864 1148 sequaris
889 1079 1140 1150 pr0prias
1169 1079 1553 1149 cogitationes,
1588 1093 1709 1146 qua:
1734 1075 2033 1144 quamlibet
2058 1072 2123 1126 ad

531 1171 697 1227 duros
727 1171 962 1236 labores,
990 1171 1285 1240 quamlibet
1315 1170 1380 1223 ad
1412 1169 1606 1224 salutis
1639 1167 1919 1236 naufragia
1963 1173 2124 1234 atque

531 1267 725 1322 animae
754 1266 1086 1320 detrimenta
1115 1276 1166 1320 te
1205 1266 1436 1333 rapiant,
1465 1274 1636 1318 totum
1671 1272 1852 1316 tamen
1885 1261 1986 1314 hoc
2017 1275 2125 1330 pra:

529 1359 694 1412 nimia
725 1357 909 1412 cordis
941 1358 1255 1426 indignitate
1288 1373 1393 1411 non
1444 1357 1640 1410 sentis.
1672 1355 1782 1409 Hoc
1826 1355 1900 1406 ait
1942 1368 2125 1406 sermo

529 1449 777 1504 divinus:
809 1449 1078 1518 Tempore
1105 1449 1248 1503 enim
1273 1448 1631 1503 discessionis
1662 1447 1826 1500 multa
1861 1445 2123 1513 promittit

529 1546 820 1608 inimicus;
855 1545 1146 1614 persuadet
1193 1544 1297 1596 sibi
1335 1559 1395 1597 se
1450 1543 1560 1596 illic
1603 1557 1708 1610 quo
1753 1540 1925 1596 tendit
1956 1539 2123 1608 majo-

528 1652 641 1691 rem
690 1635 1018 1705 profectum,
1056 1636 1278 1689 multam
1325 1635 1551 1704 gratiam
1590 1645 1753 1704 atque
1784 1649 1966 1687 rerum
2002 1646 2121 1685 om-

2236 419 2410 493 (Eccl.
2439 437 2591 488 xvnt,
2621 422 2740 490 22).
2773 421 2836 475 Et
2881 420 3074 475 iterum
3102 441 3114 474 :
3147 421 3418 492 Sapientia
3460 424 3513 476 in
3560 426 3702 480 exitu
3742 444 3830 481 ca-

2235 513 2589 588 netur(Prov.
2627 531 2667 580 ι,
2700 513 2816 585 20).
2864 513 3074 580 Quanto
3125 529 3256 584 ergo
3309 515 3427 584 plus
3487 517 3826 588 proﬁcimus,

2235 622 2386 668 tanto
2419 613 2537 682 plus
2587 611 2954 676 humiliemur,
2994 611 3118 680 quia
3159 621 3363 681 quanto
3404 611 3525 680 plus
3557 613 3827 670 humiliati

2233 703 2520 768 fuerimus,
2553 711 2704 757 tanto
2742 703 2858 771 plus
2888 701 3254 771 proﬁciemus.
3283 702 3476 757 Nullus
3501 704 3614 759 illic
3645 707 3829 761 senior

2234 807 2342 850 tam
2374 797 2566 851 doctus
2597 807 2883 867 appareat,
2906 805 2962 849 ut
2993 805 3145 865 putet
3173 798 3316 865 quod
3348 813 3470 852 eum
3493 815 3600 853 non
3633 799 3827 856 deceat

2233 889 2564 957 obedientia,
2595 905 2714 959 qua:
2740 890 2910 945 Deum
2945 889 3146 946 decuit.
3179 889 3465 945 llumilitas
3488 893 3625 948 enim
3656 905 3828 965 atque

2231 983 2541 1038 obedientia
2603 985 2654 1037 in
2696 984 3005 1053 junioribus
3049 984 3227 1039 adhuc
3269 987 3586 1054 necessitas,
3642 989 3698 1043 in
3731 1004 3828 1044 se-

2231 1075 2472 1130 nioribus
2505 1090 2637 1130 vero
2668 1075 2940 1146 dignitas;
2974 1077 3066 1132 ille
3103 1079 3245 1132 enim
3277 1079 3418 1133 bene
3457 1079 3694 1147 proﬁcit,
3725 1081 3826 1138 ille

2230 1167 2368 1222 bene
2397 1177 2712 1232 consumat,
2735 1169 2825 1238 qui
2859 1168 3100 1238 quotidie
3132 1168 3210 1221 sic
3255 1171 3362 1238 agit
3403 1169 3560 1240 quasi
3605 1186 3825 1241 semper

2230 1259 2469 1329 incipiat.
2501 1259 2864 1327 Quamobrem
2907 1271 3194 1330 augmenta
3253 1263 3570 1316 meritorum
3620 1264 3817 1319 incita-

2230 1362 2410 1406 menta
2447 1350 2644 1406 debent
2674 1365 2794 1406 esse
2831 1351 3186 1420 profectuum.
3219 1353 3503 1423 Scriptura
3535 1371 3669 1412 vero
3697 1373 3823 1427 pro-

2231 1445 2488 1498 nuntians
2520 1444 2586 1498 de
2618 1443 2701 1498 his
2747 1445 2842 1513 qui
2891 1445 3016 1498 dum
3051 1447 3252 1514 primas
3293 1447 3654 1517 negligentias
3675 1465 3821 1519 prae-

2231 1536 2556 1601 termittunt,
2591 1537 2643 1590 in
2676 1535 2805 1591 alias
2854 1550 3016 1607 atque
3057 1540 3193 1593 alias
3245 1555 3467 1609 semper
3513 1543 3818 1608 incurrunt,

2231 1630 2300 1682 ita
2327 1629 2426 1681 ait:
2462 1628 2712 1684 Peccator
2742 1631 2948 1701 adjiciet
2971 1632 3040 1684 ad
3063 1635 3379 1700 peccandum
3405 1633 3576 1704 (Eccl.
3595 1652 3675 1702 ιιι,
3696 1636 3818 1705 99).

529 1731 681 1784 nium
715 1729 1101 1782 abundantiam
1126 1737 1493 1798 reperturum,
1525 1742 1588 1782 ac
1615 1742 1674 1781 se
1707 1735 1984 1796 tamquam
2020 1741 2117 1779 an-
2153 1717 2199 1776 B
2229 1719 2302 1775 De
2332 1722 2573 1790 profectu
2603 1739 2733 1778 vero
2762 1725 2960 1778 dicitur
2997 1743 3006 1776 :
3039 1723 3108 1776 Et
3134 1737 3343 1779 sanctus
3372 1727 3542 1780 adhuc
3574 1731 3808 1797 sanctiﬁ-

527 1824 709 1892 gelum
752 1820 1178 1890 suscipiendum.
1226 1820 1290 1874 Et
1332 1829 1454 1890 post
1493 1819 1611 1873 haec
1662 1819 1877 1888 quando
1935 1819 2123 1873 anxie-

529 1925 640 1969 tate
683 1917 946 1984 repletus,
980 1926 1035 1969 et
1085 1931 1217 1984 pace
1271 1913 1524 1981 nudatus,
1582 1929 1790 1968 memor
1846 1913 2119 1982 quomodo

529 2007 808 2076 profectus
851 2008 931 2060 sui
973 2007 1229 2072 studium,
1258 2019 1310 2061 et
1358 2022 1572 2060 sacrum
1613 2006 1756 2060 ovile
1812 2006 2116 2074 reliquerit,

529 2108 656 2154 tunc
679 2099 1082 2164 animadvertit,
1115 2109 1168 2154 et
1197 2100 1348 2168 quasi
1373 2099 1555 2152 sedata
1585 2098 1848 2167 temporis
1877 2099 1958 2151 sui
1989 2110 2116 2152 tem-

526 2203 759 2262 pestate,
797 2203 921 2248 tunc
954 2193 1100 2248 videt
1129 2193 1255 2262 quid
1296 2192 1420 2246 mali
1470 2192 1537 2246 de
1587 2207 1647 2246 se
1697 2193 1949 2261 gesserit,
1994 2203 2121 2246 tunc

527 2288 864 2357 recognoscit
894 2287 1022 2356 quid
1079 2285 1300 2353 periculi
1351 2284 1599 2350 incurrit,
1636 2299 1757 2337 cum
1799 2283 1866 2338 de
1901 2285 2022 2338 loco
2051 2283 2118 2338 ad

526 2396 686 2448 quem
728 2396 849 2432 cum
887 2378 1083 2448 gaudio
1122 2386 1366 2440 venerat,
1399 2381 1513 2430 sine
1557 2393 1686 2447 pace
1723 2387 1925 2432 etcum
1957 2393 2119 2432 scan-

529 2471 654 2523 dalo
684 2470 959 2523 discessit.
990 2469 1144 2522 Tunc
1167 2484 1224 2522 se
1256 2483 1372 2521 sera
1399 2469 1715 2537 paenitentia
1743 2485 1909 2540 super
1939 2471 2119 2525 ruinas

527 2576 653 2615 suas
686 2561 908 2628 paenitet
935 2575 996 2614 ac
1037 2558 1219 2613 deﬂet.
1247 2559 1396 2613 Sicut
1433 2560 1675 2628 quaedam
1705 2576 1830 2615 aves
1857 2577 1977 2630 quae
2011 2576 2120 2630 pra:

532 2653 724 2706 dolore
754 2665 915 2720 super
947 2666 1041 2705 eos
1069 2665 1205 2720 quos
1235 2651 1532 2706 occiderint
1581 2653 1711 2706 ﬁere
1748 2653 2042 2717 dicuntur;
2068 2662 2121 2706 et

527 2743 644 2798 hzec
668 2743 849 2798 omnia
881 2744 1075 2798 animm
1107 2743 1430 2799 detrimenta
1462 2761 1528 2798 ex
1563 2744 1949 2798 inobedientia:
1979 2748 2119 2798 malo

525 2838 782 2893 eveniunt
817 2854 829 2889 :
860 2837 1178 2892 obedientes
1200 2847 1382 2891 autem
1416 2847 1469 2891 et
1498 2837 1729 2890 humiles
1758 2838 1952 2890 animae
1983 2838 2122 2890 mul-

529 2941 609 2984 tas
642 2929 1042 2996 tribulationes,
1073 2939 1237 2999 atque
1277 2945 1468 2984 omnes
1499 2929 1712 2983 labores
1744 2941 2116 2998 prosternunt,

526 3035 684 3092 atque
723 3023 776 3076 in
814 3023 1190 3092 compendium
1240 3024 1482 3078 mittunt.
1522 3023 1815 3078 Sciendum
1849 3034 1930 3077 est
1975 3025 2117 3078 enim

2228 1817 2576 1887 cetur(Apoc.
2609 1833 2741 1882 χιιι,
2770 1818 2880 1886 Η).
2915 1816 3204 1872 Videamus
3247 1819 3480 1887 primum
3531 1820 3661 1890 quid
3711 1833 3812 1887 est,

2225 1919 2461 1976 peccator
2485 1909 2694 1977 adjiciet
2719 1910 2786 1962 ad
2807 1911 3160 1980 peccandum?
3189 1927 3338 1981 v.g.,
3371 1913 3496 1968 mali
3522 1913 3816 1982 cujuslibet

2225 2010 2317 2053 aut
2347 2001 2758 2055 obtrectationis
2812 2003 2988 2069 passio
3042 2003 3359 2074 impugnare
3406 2021 3490 2060 me
3535 2006 3730 2074 coepit;
3767 2011 3815 2061 si

2227 2106 2330 2146 non
2361 2093 2541 2146 statim
2576 2109 2660 2148 me
2690 2093 2965 2162 ptenitudo
2993 2095 3116 2148 vita:
3148 2096 3304 2164 hujus
3334 2097 3648 2163 momordit,
3687 2112 3812 2153 cras

2225 2194 2374 2238 tanta
2406 2185 2537 2239 mihi
2566 2185 2726 2254 hujus
2750 2186 2865 2239 vitii
2899 2186 3129 2240 facilitas
3147 2189 3340 2254 veniet,
3365 2199 3417 2242 et
3446 2189 3694 2257 quaedam
3725 2191 3813 2260 (ut

2224 2280 2302 2333 sic
2332 2277 2587 2348 dixerim)
2618 2279 2876 2345 suavitas,
2904 2287 2963 2332 ut
2991 2295 3249 2334 revocare
3272 2295 3354 2333 me
3380 2281 3442 2333 ab
3472 2279 3566 2334 illo
3596 2291 3650 2334 et
3676 2295 3810 2334 con-

2225 2375 2400 2428 tinere
2446 2389 2551 2426 non
2609 2373 2830 2440 possim.
2865 2373 2940 2426 Ita
2991 2375 3138 2428 enim
3170 2375 3369 2438 evenit,
3402 2386 3459 2427 ut
3500 2374 3590 2441 qui
3635 2375 3812 2442 primo

2225 2475 2468 2534 tempore
2495 2466 2784 2519 emendare
2814 2464 3067 2527 noluerit,
3101 2466 3322 2536 incipiat
3355 2465 3410 2519 in
3435 2468 3684 2535 sequenti
3713 2481 3810 2522 nec

2226 2559 2366 2613 velle
2404 2573 2502 2611 nec
2529 2572 2709 2627 posse.
2734 2557 2902 2612 Verbi
2931 2559 3130 2626 gratia,
3161 2559 3431 2626 superbia:
3463 2560 3809 2627 acquiescere

2223 2653 2388 2720 ccepi,
2418 2651 2656 2720 regulam
2688 2651 2908 2715 violavi,
2946 2651 3220 2706 seniorem
3253 2652 3388 2717 laesi,
3423 2652 3696 2720 juniorem
3721 2651 3810 2706 de-

2223 2744 2412 2800 struxi.
2449 2745 2504 2799 Si
2532 2759 2639 2798 non
2673 2743 2854 2796 statim
2889 2760 2975 2798 me
3000 2744 3250 2812 paenituit
3278 2754 3388 2798 tam
3413 2746 3654 2814 graviter
3679 2745 3810 2800 fuis-

2222 2852 2281 2892 se
2315 2848 2673 2905 praeventum,
2702 2839 2772 2890 ita
2806 2838 2873 2890 de
2915 2837 3002 2891 die
3033 2838 3084 2890 in
3125 2837 3267 2892 diem
3317 2839 3673 2894 libentissime
3726 2854 3810 2893 me

2223 2929 2395 2996 rapiet
2426 2929 2540 2998 ipsa
2569 2928 2829 2982 violentia
2873 2929 3302 2994 consuetudinis,
3330 2940 3386 2984 et
3419 2931 3655 2999 impetus
3689 2947 3811 3000 pas-

2223 3021 2414 3087 sionis,
2450 3033 2507 3074 ut
2552 3021 2664 3090 jam
2707 3037 2806 3076 nec
2851 3021 3170 3090 delinquere
3222 3037 3308 3076 me
3345 3021 3658 3092 intelligam,
3709 3038 3809 3078 nec

526 3117 669 3186 quod
699 3127 901 3186 quanto
934 3116 1254 3171 humiliores
1304 3127 1357 3170 et
1402 3117 1805 3171 obedientiorcs
1835 3117 2115 3186 fuerimus,
2146 3090 2191 3153 C
2226 3130 2451 3184 peccare
2483 3129 2570 3168 me
2593 3116 2840 3169 sentiam.
2865 3113 3132 3170 Obscurat
3163 3115 3308 3169 enim
3340 3125 3501 3183 atque
3525 3117 3700 3170 obruit
3729 3116 3808 3170 iit-

532 3219 679 3262 tanto
703 3225 865 3279 super
895 3223 992 3262 nos
1021 3210 1197 3263 levius
1229 3224 1290 3264 ac
1319 3209 1731 3280 dulciusjugum
1760 3211 1972 3265 Domini
1997 3227 2121 3266 sen-

529 3301 749 3363 tiemus;
780 3309 983 3370 quanto
1011 3301 1415 3355 obedientiorcs
1445 3302 1708 3356 fuerimus
1739 3305 2044 3373 praepositis
2067 3315 2122 3359 et

529 3394 770 3460 patribus
797 3391 1020 3456 nostris,
1054 3393 1105 3445 in
1136 3402 1344 3446 tantum
1365 3394 1581 3449 ohedict
1614 3396 1754 3450 Deus
1784 3397 2119 3452 orationibus

529 3484 752 3536 nostris.
789 3482 1080 3537 Videamus
1121 3499 1280 3552 quam
1327 3488 1680 3556 acceptabilia
1717 3500 1844 3544 sunt
1893 3492 2119 3547 Domino

529 3590 690 3643 Opera
719 3584 772 3627 et
801 3571 935 3644 [vel]
964 3573 1165 3642 jejunia
1209 3590 1398 3631 eorum
1445 3581 1533 3648 qui
1579 3582 1690 3635 suis
1735 3585 1912 3650 potius
1958 3599 2116 3653 quam

528 3666 804 3719 seniorum
857 3665 1222 3722 voluntatibus
1270 3669 1662 3738 obsequuntur.
1707 3673 1952 3731 Clamant
1994 3677 2114 3730 illi:

533 3759 706 3825 Quare
727 3761 1106 3831 jejunavimus,
1139 3771 1184 3814 et
1213 3763 1453 3816 nescisti?
1483 3765 1872 3822 huntiliavimus
1917 3770 2118 3823 animos

528 3860 752 3915 nostras,
779 3864 827 3905 et
883 3869 985 3906 non
1036 3856 1318 3925 aspexisti?
1361 3856 1428 3910 Et
1473 3857 1563 3912 ille
1609 3860 1905 3928 respondet
1943 3880 1953 3912 :
1987 3860 2116 3915 Ideo

526 3944 648 4013 quia
686 3945 741 3996 in
785 3943 962 3997 diebus
996 3946 1317 4016 jejuniorum
1357 3959 1640 4001 vestrorum
1681 3951 2008 4004 inveniuntur
2029 3969 2118 4006 vo-

528 4039 749 4091 luntates
779 4048 960 4091 vestra:
986 4035 1141 4105 (Isai.
1169 4055 1312 4103 Lvtn,
1345 4039 1421 4107 5).
1476 4039 1732 4094 Videmus
1785 4058 1879 4110 per
1929 4045 2118 4100 inobe-

527 4129 783 4184 dientiam
828 4129 1132 4181 animarum
1163 4144 1326 4196 opera
1374 4147 1480 4184 non
1512 4133 1735 4200 respici,
1765 4133 1971 4202 jejunia
2005 4153 2114 4192 non

527 4221 879 4285 audiri,vota
911 4234 1019 4273 non
1066 4219 1290 4289 suscipi.
1341 4221 1496 4276 Unde
1544 4238 1645 4278 nos
1695 4227 1928 4295 amplius
1971 4231 2116 4286 illius

529 4312 778 4367 mandata
829 4321 1118 4376 sectemur,
1155 4313 1244 4382 qui
1277 4314 1343 4367 ad
1394 4313 1497 4368 hoc
1528 4315 1593 4370 ad
1623 4333 1723 4372 nos
1775 4333 1804 4372 e
1844 4321 1983 4375 caelo
2017 4323 2113 4378 de-

525 4403 754 4471 scendit,
784 4414 840 4457 ut
874 4417 981 4457 non
1013 4404 1188 4458 solum
1227 4420 1324 4459 nos
1365 4405 1658 4463 redimeret
1692 4411 1880 4464 mortis
1914 4415 2112 4482 pretio,

527 4496 622 4550 sed
670 4498 833 4550 etiam
876 4506 932 4549 ut
961 4496 1082 4550 vitae
1122 4496 1420 4554 aediﬁcaret
1454 4501 1732 4570 exemplo;
1767 4514 1820 4557 et
1850 4519 1974 4560 cum
2020 4507 2115 4562 illo

526 4592 806 4646 dicamus:
839 4588 953 4660 Ego
982 4607 1083 4644 non
1109 4592 1221 4645 veni
1251 4593 1421 4662 facere
1455 4596 1769 4650 voluntatem
1812 4615 1993 4664 meam,
2022 4605 2112 4656 sed

527 4683 841 4734 voluntatem
869 4681 1012 4735 illius
1042 4682 1130 4751 qui
1164 4685 1304 4737 misit
1327 4701 1428 4753 me,
1463 4683 1640 4741 Patris
1669 4687 1849 4758 (Joan.
1884 4706 1958 4757 vr,
1994 4693 2108 4764 58).

528 4771 610 4828 Ire
639 4781 818 4827 autem
851 4781 972 4842 post
996 4774 1301 4828 voluntates
1334 4778 1580 4846 proprias
1604 4788 1712 4833 tam
1745 4782 2108 4848 perniciosum

527 4874 635 4931 est,
677 4873 733 4919 ut
778 4865 880 4919 hoc
933 4865 1192 4919 Dominus
1235 4867 1348 4935 jam
1407 4870 1747 4936 postmodum
1791 4874 1962 4928 iratus
2012 4891 2110 4944 pro

527 4956 878 5010 damnatione
928 4958 1132 5025 peccati
1167 4957 1390 5026 irroget,
1422 4959 1611 5015 dicens
1646 4978 1658 5012 :
1693 4961 1760 5014 Et
1790 4965 1964 5018 dimisi
1993 4966 2113 5021 illos

526 5050 805 5104 secundum
854 5050 1107 5103 desideria
1162 5051 1335 5105 cordis
1382 5069 1559 5106 eorum
1601 5052 1720 5125 (Ps.
1775 5072 1938 5122 Lxxx,
1995 5059 2107 5130 15).

527 5141 889 5205 Quamobrem
923 5140 1011 5210 qui
1041 5142 1148 5193 vult
1176 5149 1290 5194 tuta
1312 5156 1432 5196 esse
1457 5159 1618 5212 opera
1649 5159 1745 5198 sua
1773 5146 1857 5201 vel
1886 5157 2029 5202 recta
2059 5151 2111 5205 in

527 5239 818 5300 conspectu
848 5229 966 5297 Dei,
998 5231 1132 5284 nihil
1181 5231 1503 5288 obedientia:
1545 5235 1817 5304 przeferat,
1851 5238 1989 5294 nihil
2020 5258 2113 5309 pe-

528 5325 670 5378 nitus
715 5333 1026 5394 anteponat,
1059 5326 1172 5379 sive
1213 5327 1415 5392 scnior,
1448 5328 1561 5382 sive
1597 5329 1781 5398 junior
1822 5333 1913 5386 sit.
1946 5335 2111 5405 Magis

525 5429 728 5488 quanto
753 5421 934 5474 senior
962 5429 1065 5482 est,
1101 5430 1247 5474 tanto
1287 5421 1406 5489 plus
1434 5421 1595 5477 debet
1623 5427 1843 5481 studere
1869 5428 2109 5484 aediﬁca-

527 5511 658 5565 tioni
698 5520 752 5566 et
791 5511 1132 5581 perfectioni.
1165 5512 1379 5567 Nullum
1423 5516 1524 5569 sibi
1558 5517 1719 5571 linem
1753 5519 1918 5575 faciat
1948 5523 2113 5593 proﬁ-

524 5604 723 5670 ciendi,
752 5604 1064 5675 nullumque
1105 5609 1396 5661 terminum
1438 5611 1732 5665 constituat
1776 5614 2105 5682 acquirendi,

524 5707 648 5752 eunt
678 5694 782 5750 sibi
834 5697 940 5751 dici
988 5697 1212 5752 audiat:
1247 5698 1391 5755 Pera
1427 5701 1482 5754 in
1527 5701 1666 5757 exitu
1708 5720 1864 5776 opera
1892 5716 2012 5781 tua;
2059 5719 2114 5770 et

2225 3209 2502 3263 tellectum
2561 3224 2699 3262 onus
2749 3209 2968 3272 delicti,
3001 3208 3290 3263 assiduitas
3336 3209 3810 3280 delinquendi,et-

2223 3305 2367 3357 enim
2398 3303 2469 3356 ita
2498 3317 2593 3357 cor
2616 3304 2956 3372 negligentiis
2986 3302 3309 3370 obduratur,
3343 3312 3398 3356 ut
3428 3304 3529 3358 hoc
3562 3305 3735 3372 ipsum
3763 3306 3809 3359 si

2223 3411 2282 3449 se
2315 3412 2418 3448 non
2455 3395 2719 3460 humiliet,
2755 3397 2798 3448 si
2830 3410 2934 3449 non
2958 3395 3256 3450 satisfaciat
3287 3399 3568 3466 preposito
3599 3395 3806 3467 [Fc-rte,

2226 3485 2540 3558 praeposito]
2559 3503 2681 3554 suo,
2714 3503 2911 3542 nocere
2939 3503 2999 3542 se
3029 3488 3235 3555 credat,
3263 3489 3483 3558 insuper
3513 3489 3734 3544 insultet
3757 3501 3811 3544 et

2223 3581 2363 3634 dicat
2393 3598 2404 3632 :
2446 3580 2616 3646 Quam
2644 3590 2960 3635 constanter
2989 3580 3066 3634 illi
3110 3581 3310 3648 restiti,
3335 3599 3494 3651 quam
3533 3582 3668 3637 bene
3701 3598 3807 3636 non

2222 3673 2488 3742 acquievi,
2525 3682 2729 3744 quanta
2757 3673 3076 3728 auctoritate
3103 3675 3393 3744 respondi?
3420 3674 3643 3729 Putabat
3666 3677 3810 3742 quod

2223 3783 2308 3821 me
2340 3782 2555 3836 semper
2587 3766 2662 3821 illi
2707 3767 2994 3820 humiliare
3024 3766 3308 3822 deberem.
3340 3768 3492 3834 Quod
3529 3769 3619 3838 qui
3653 3769 3801 3835 facit,

2222 3859 2435 3916 diabolo
2464 3877 2522 3915 se
2553 3861 2838 3915 tradidisse
2865 3861 3138 3929 captivum
3171 3871 3404 3928 constat,
3431 3863 3520 3933 qui
3542 3863 3609 3918 de
3635 3865 3807 3917 homi-

2223 3968 2349 4006 num
2378 3952 2521 4006 vitiis
2551 3961 2604 4006 et
2635 3952 2983 4021 passionibus
3033 3968 3095 4006 ac
3141 3953 3445 4022 perditione
3494 3955 3727 4018 laetatur,
3751 3967 3812 4010 et

2221 4043 2492 4113 ejusmodi
2517 4044 2709 4097 anima:
2738 4045 2953 4099 eveniet
2981 4045 3068 4098 illa
3100 4045 3366 4100 sententia
3397 4065 3407 4098 :
3441 4046 3692 4101 Peccator
3713 4050 3811 4100 ad-

2211 4141 2357 4210 jiciet
2375 4141 2442 4193 ad
2467 4141 2962 4210 peccandum(Eccl.
2993 4159 3070 4205 ιιι,
3098 4141 3210 4210 Ξ9).
3243 4145 3413 4210 Quam
3447 4161 3566 4208 nos,
3601 4147 3811 4200 charis-

2221 4232 2366 4295 simi,
2399 4231 2751 4300 refugientes,
2781 4231 2926 4287 illam
2964 4235 3141 4302 potius
3170 4246 3451 4289 teneamus
3482 4253 3602 4306 qua:
3626 4238 3757 4290 dicit
3794 4258 3806 4290 :

2222 4324 2290 4378 Et
2320 4334 2525 4378 sanctus
2555 4324 2724 4378 adhuc
2756 4327 3103 4394 sancti/iectur
3129 4328 3312 4394 (Apoc.
3345 4342 3478 4392 xm,
3520 4328 3640 4396 H);
3669 4345 3810 4397 quo-

2223 4417 2352 4472 tidie
2383 4416 2643 4471 addamus
2685 4417 2751 4471 ad
2783 4419 2995 4484 merita,
3029 4435 3126 4473 nec
3157 4420 3225 4473 de
3266 4421 3420 4475 nobis
3446 4422 3644 4492 aliquid
3669 4439 3808 4491 pne-

2222 4524 2518 4571 sumamus.
2545 4510 2669 4579 quia
2699 4511 2792 4564 Dei
2823 4520 2905 4564 est
2930 4525 3089 4565 omne
3115 4511 3261 4580 quod
3285 4527 3603 4580 possumus:
3632 4517 3809 4570 simus

2233 4605 2413 4674 itaque
2467 4604 2660 4658 fratres
2717 4603 2769 4657 in
2821 4619 2985 4674 opere
3042 4606 3134 4658 Dei
3174 4605 3542 4670 ndeﬁcientes,
3575 4620 3807 4677 prOpter

2221 4706 2479 4751 aeternam
2515 4697 2948 4762 retributionem,
2980 4705 3034 4750 et
3060 4697 3301 4766 quotidie
3331 4699 3396 4752 ad
3428 4700 3649 4754 meliora
3678 4709 3802 4756 ten-

2219 4791 2431 4844 damus.
2493 4788 2611 4859 Ipsa
2670 4790 2810 4843 enim
2870 4789 3312 4859 apprehendendi
3366 4791 3636 4859 aviditas,
3687 4794 3804 4863 ipsa

2220 4881 2554 4936 consuetudo
2586 4880 2898 4950 proﬁciendi
2928 4897 3143 4951 semper
3173 4897 3268 4936 nos
3298 4883 3362 4936 ad
3383 4885 3587 4953 majora
3608 4900 3805 4954 provo-

2220 4975 2362 5028 cabit
2383 4993 2393 5025 :
2413 4983 2468 5028 et
2489 4973 2577 5026 ubi
2604 4973 2796 5026 viderit
2812 4973 2951 5028 Deus
2969 4973 3311 5029 devotionem
3339 4976 3505 5030 animi
3531 4979 3806 5034 ardentio-

2220 5080 2355 5131 rem,
2391 5063 2686 5117 insinuabit
2714 5061 2992 5130 affectum;
3023 5073 3077 5119 et
3109 5074 3369 5134 quantum
3402 5083 3499 5122 nos
3531 5068 3804 5125 addideri-

2219 5171 2336 5211 mus
2353 5156 2418 5210 ad
2447 5157 2706 5221 studium,
2727 5167 2930 5211 tantum
2958 5159 3046 5212 ille
3075 5169 3313 5228 apponet
3337 5161 3404 5215 ad
3435 5163 3797 5232 adjutorium;

2217 5261 2471 5320 quantum
2503 5266 2601 5305 nos
2641 5254 3053 5321 apposuerimus
3087 5254 3151 5307 ad
3201 5254 3560 5324 diligentiam,
3589 5265 3801 5312 tantum

2217 5343 2311 5398 ille
2347 5343 2508 5397 addet
2551 5343 2616 5396 ad
2661 5344 2912 5413 gloriam.
2949 5344 3049 5411 Qui
3075 5345 3247 5413 habet,
3278 5347 3484 5401 dabitur
3509 5348 3610 5414 illi,
3633 5358 3681 5402 et
3712 5365 3802 5403 su-

2216 5435 2589 5504 perabundabit
2619 5435 2832 5506 (Matth.
2882 5451 2997 5500 xm,
3055 5441 3178 5510 l2),
3211 5448 3270 5493 et
3302 5441 3410 5492 alio
3454 5440 3576 5496 loco
3611 5441 3742 5497 dicit
3783 5458 3801 5496 :

2216 5525 2378 5582 Posui
2414 5529 2732 5599 adjutorium
2775 5548 2928 5600 super
2959 5542 3209 5601 potentem
3239 5532 3359 5605 (Ps.
3391 5550 3650 5600 Lxxxvm,
3681 5531 3799 5602 ΞΟ).

2207 5613 2398 5676 ‘Gralia
2428 5637 2557 5691 ergo
2591 5624 2657 5677 de
2688 5625 2856 5692 gratia
2885 5626 3141 5693 nascitur,
3165 5637 3217 5681 et
3243 5626 3518 5695 profectus
3551 5628 3802 5696 profecti~

2215 5710 2316 5769 bus
2346 5711 2617 5783 serviunt;
2650 5713 2805 5773 lucra
2833 5715 3020 5786 lucris,
3048 5727 3103 5775 et
3131 5718 3320 5775 merita
3343 5717 3555 5774 meritis
3581 5717 3805 5786 lucrum
