4042 6188
197 300 286 358 stt
1651 278 1981 337 nouisse.
3332 276 3443 339 ω

199 411 382 490 [ἴστω.
409 405 606 480 locum]
637 406 871 470 faciunt;
899 413 957 457 ut
978 415 1185 474 quanto
1214 406 1337 474 quis
1367 402 1485 471 plus
1513 402 1756 471 acquire-
1784 401 1838 457 Α
1865 408 2065 452 metum
2097 397 2149 450 in
2173 396 2328 449 nobis
2350 394 2613 448 lmmanus
2651 393 2839 447 oculus
2862 408 3020 462 quam
3042 394 3259 450 divinus
3277 395 3439 464 vidit;

200 485 257 560 re
273 502 668 571 caperit,tanto
692 497 809 564 plus
835 506 1129 550 coneturct
1152 495 1758 563 delecteturioquiterc,
1867 489 2082 560 quando
2113 503 2208 542 nos
2252 489 2326 539 illi
2361 487 2658 540 laudabiles
2691 485 2954 547 eremitie,
2987 485 3076 551 qui
3103 494 3253 539 extra
3288 502 3444 539 inun-

202 606 253 651 ut
280 589 866 662 acquisitiouislucrum
889 588 1201 656 acquirendi
1222 586 1759 655 nutriatappetittnu.
1865 582 1992 635 dum
2036 595 2156 634 esse
2188 594 2285 632 nos
2310 579 2600 642 credimus,
2636 591 2734 646 per
2759 576 3093 630 diversarum
3134 577 3440 646 passionum

203 687 266 744 Et
291 697 478 756 quanto
507 686 624 750 quis
654 681 869 735 avidius
898 681 970 733 de
1001 680 1282 749 sapientia:
1316 680 1471 732 bonis
1502 679 1761 745 hauserit,
1866 673 1994 728 vilia
2028 672 2282 725 mundum
2312 671 2447 723 intra
2473 685 2570 722 nos
2600 669 2861 723 inclusum
2888 677 3152 732 tenemus,
3181 669 3251 719 ita
3276 678 3334 720 ιιι
3353 669 3444 737 qui

200 786 336 831 uoto
379 776 494 842 plus
543 772 763 824 haurire
801 771 1105 833 desideret,
1139 773 1278 824 sicut
1311 772 1424 837 ipsa
1474 771 1542 823 de
1578 785 1638 822 se
1669 776 1766 824 διι-
1868 765 2194 835 putabamus
2248 777 2345 815 nos
2394 761 2641 828 precibus
2691 762 2890 814 nostris
2915 760 3112 814 sarcqu
3159 759 3259 828 ipsi
3290 775 3448 827 posse

199 866 379 939 pientia
409 865 647 931 loquitur
677 881 694 916 ;
728 860 830 925 Qui
860 861 962 913 edit
995 878 1094 923 me,
1127 862 1298 914 adhuc
1334 861 1539 913 esuriet.
1566 859 1767 928 Urgea-
1869 871 2217 919 succurrere,
2257 871 2392 924 pene
2424 854 2495 904 sit
2527 864 2582 905 ιιι
2614 853 2891 906 videamus
2929 869 3026 907 nos
3058 857 3229 923 magis
3264 855 3448 909 ssetuli

199 971 310 1012 mus
340 959 541 1024 itaque,
568 953 898 1018 cltarissitni,
930 968 1145 1006 cursum
1181 962 1446 1013 nostrum,
1478 963 1529 1003 ut
1561 960 1769 1003 crescat
1870 945 2354 1002 intercessionibus
2401 945 2672 1013 indigere?
2715 944 2940 998 Dubium
2990 946 3189 1014 quippe
3229 962 3334 1000 non
3367 957 3449 1002 est

201 1049 249 1103 in
291 1048 578 1102 uovi~simo
611 1048 716 1098 vita
741 1056 947 1099 llttslt'a.
972 1044 1285 1110 Quzrratnns
1308 1059 1475 1111 usque
1500 1045 1550 1095 itt
1584 1042 1762 1106 linem,
1871 1038 2012 1108 quod
2039 1039 2123 1090 illa
2146 1039 2321 1090 anima
2344 1052 2462 1105 flll'Jl
2482 1052 2576 1102 per
2597 1036 3084 1104 concupiscentiam
3109 1036 3448 1090 surculariom

200 1138 334 1193 unde
371 1139 490 1192 sine
538 1137 643 1191 fine
694 1132 930 1205 gradere
981 1150 1305 1188 mereamur.
1336 1135 1440 1189 Sed
1488 1146 1628 1199 esm,
1663 1148 1768 1188 non
1873 1132 2201 1199 voluptatum
2239 1130 2511 1198 ρομςρεείο
2559 1127 2791 1180 efficitur
2831 1128 3116 1183 mundana:
3159 1145 3448 1184 conversa-

201 1245 477 1300 possumus
531 1242 790 1283 evercere
846 1229 1091 1295 corporis
1139 1228 1373 1293 labores,
1429 1228 1772 1280 conferamus
1874 1223 2062 1287 tionis,
2089 1237 2192 1274 non
2219 1232 2391 1290 potest
2422 1219 2563 1273 ellici
2599 1235 2818 1289 regnum
2842 1219 3163 1274 Divinitatis.
3195 1221 3449 1288 Ideoque,

200 1336 296 1376 nos
346 1323 410 1374 ad
465 1320 783 1389 spiritalium
828 1319 1091 1372 bonorum
1148 1320 1493 1381 desiderium,
1527 1320 1590 1370 ad
1622 1333 1770 1371 com-
1873 1315 2091 1379 fratres,
2116 1315 2295 1368 videte
2323 1313 2657 1367 vocationem
2691 1325 2944 1367 vestram.
2995 1313 3189 1369 Venire
3234 1316 3450 1384 quidem

202 1414 509 1482 punctionis
555 1423 610 1465 et
653 1411 932 1464 ('llmilalls
962 1425 1326 1479 augmentum.
1361 1411 1420 1464 Si
1451 1410 1690 1476 quotidie
1721 1410 1773 1463 in
1876 1408 1942 1462 ad
1973 1423 2233 1469 eremum,
2265 1422 2471 1459 summa
2504 1406 2760 1473 perfectio
2804 1415 2886 1459 est
2914 1423 2927 1457 :
2960 1405 3050 1459 sctl
3082 1422 3186 1459 tton
3216 1408 3452 1474 perfecte

199 1504 445 1559 cordibus
471 1506 671 1557 nostris
695 1503 1047 1571 disponamus
1071 1517 1345 1563 ascensus,
1375 1504 1517 1555 nulla
1548 1501 1775 1556 infirmi-
1878 1500 1930 1554 in
1960 1515 2143 1553 eremo
2167 1501 2369 1563 vivere,
2401 1513 2606 1550 summa
2631 1497 2900 1551 damnatio
2920 1507 3018 1548 est.
3046 1496 3180 1562 Quid
3213 1496 3451 1565 predest,

201 1604 327 1655 tate.
349 1595 492 1648 nulla
521 1607 680 1648 aetate
713 1594 899 1647 lassari
934 1603 1311 1661 possumus,ut
1336 1595 1420 1646 bis
1450 1593 1778 1660 spiritalibus
1880 1591 1924 1644 si
1951 1592 2098 1645 locus
2123 1592 2316 1658 quietis
2346 1599 2552 1642 tantum
2595 1592 2944 1655 eorporaliter
2981 1597 3258 1654 teneatur,
3302 1598 3355 1641 et
3379 1588 3458 1642 in-

197 1686 523 1755 quibusdam
567 1684 823 1754 gradibus
867 1687 1158 1739 ascendere
1195 1700 1495 1741 mereamur
1537 1685 1604 1740 ad
1657 1700 1778 1755 pro-
1881 1683 2206 1750 quientloin
2235 1681 2398 1735 corde
2433 1680 2903 1745 \‘cr50lllt'?Qllld,
2930 1680 3180 1749 inquam,
3214 1679 3455 1749 prodest,

199 1776 360 1832 miSsa
393 1777 605 1830 Domini
633 1775 761 1831 Jesu
788 1776 1006 1830 Christi.
1807 1772 1854 1831 Β
1881 1775 1926 1827 si
1959 1773 2010 1826 in
2059 1773 2385 1826 habitatione
2431 1775 2706 1828 silentium
2749 1773 2838 1838 sit,
2882 1784 2935 1826 et
2984 1773 3036 1826 iit
3071 1771 3459 1828 habitatoribus

787 1910 1070 1966 “OMIUA
1110 1909 1199 1965 ιν.
1884 1865 2136 1966 vitiorum
2200 1867 2459 1918 tumultus
2523 1876 2591 1966 et.
2628 1867 2938 1920 colluctatio
2998 1864 3345 1966 passionum?
3415 1863 3462 1918 si

1884 1958 2152 2012 exteriora
2204 1970 2384 2011 uoStra
2416 1958 2680 2011 serenitas
2726 1967 2931 2022 teneat,
2957 1967 3010 2010 et
3041 1958 3295 2012 interiora
3325 1966 3463 2013 tem-

775 2026 856 2078 Ad
903 2025 1199 2078 monachos.

1924 2052 2101 2105 cstas?
2132 2052 2245 2104 Non
2275 2052 2418 2105 enim
2449 2053 2567 2104 ideo
2596 2052 2661 2104 ad
2692 2053 2850 2104 istum
2880 2051 3232 2105 convenimus
3262 2050 3463 2116 locum,

1889 2153 1947 2195 ut
1993 2142 2154 2195 nobis
2202 2143 2432 2195 mundus
2489 2143 2859 2205 famulari-tur,
2911 2151 2970 2196 ut
3014 2141 3178 2197 rebus
3221 2143 3468 2198 omnibus

1891 2235 2226 2288 abundantes
2275 2237 2422 2287 ontni
2463 2237 2641 2302 quiete
2687 2237 3018 2290 frueremnr:
3054 2251 3159 2288 non
3193 2238 3374 2306 utique
3401 2235 3470 2290 ad

1893 2326 2156 2392 requiem,
2191 2339 2296 2377 non
2345 2325 2410 2376 ad
2441 2327 2811 2390 securitatem,
2862 2327 2954 2377 sed
2983 2325 3048 2378 ad
3105 2342 3335 2396 pugnam
3371 2327 3472 2381 huc

1894 2419 2270 2480 coitveuimus,
2301 2417 2366 2468 ad
2397 2431 2618 2484 agonem
2648 2416 3029 2484 processimus,
3079 2420 3143 2470 ad
3173 2418 3472 2472 exercenda

1894 2522 2016 2562 eum
2069 2508 2213 2561 vitiis
2260 2509 2401 2560 bella
2443 2507 2854 2575 properavimus
2892 2524 2906 2560 :
2939 2517 2995 2561 ιιι
3031 2507 3225 2576 lingua:
3273 2507 3477 2578 gladios

1898 2601 2270 2658 retundamus.
2321 2613 2428 2652 non
2460 2599 2633 2651 solum
2667 2598 2896 2653 invicem
2931 2613 3037 2650 non
3082 2597 3374 2652 inferamus
3401 2599 3479 2652 iu-

1894 2692 2084 2761 jurias,
2114 2691 2207 2744 sed
2242 2704 2340 2743 nec
2370 2691 2667 2743 settliatttus
2694 2690 2895 2744 illatas.
2943 2688 3271 2743 Peculiarins
3303 2700 3481 2741 autem

1902 2783 2042 2836 istud
2069 2784 2131 2837 ad
2161 2782 2551 2850 professionem
2586 2795 2824 2835 nOSIram
2858 2783 3111 2849 pertinet,
3145 2781 3276 2835 nihil
3310 2781 3360 2834 in
3383 2781 3484 2836 hac

1903 2877 2010 2928 vita
2041 2875 2428 2929 consolationis
2457 2875 2754 2942 requirere,
2787 2874 2917 2927 nihil
2966 2875 3185 2941 quietis.
3215 2873 3324 2928 Nec
3352 2876 3485 2929 Ieci-

1909 2981 2036 3034 pere
2077 2966 2214 3019 velle
2251 2968 2388 3018 bena
2437 2966 2488 3018 iu
2515 2965 2620 3018 vita
2651 2980 2768 3030 sua,
2799 2965 2892 3018 sed
2942 2964 3177 3018 honores
3217 2967 3484 3036 refugere,

1911 3055 2249 3123 subjectione
2292 3067 2450 3122 atque
2475 3057 2779 3123 abjectione
2807 3055 3045 3124 gaudere
3067 3095 3083 3122 ,
3119 3066 3488 3124 paupertatem

273 2139 423 2196 Sicut
449 2155 478 2192 a
511 2139 663 2192 nobis
692 2138 947 2192 Dominus
980 2155 1075 2207 pro
1096 2148 1341 2206 suscepta
1368 2137 1530 2191 officii
1563 2136 1788 2191 necessi-

205 2241 314 2287 tate
332 2235 384 2287 lo
405 2233 582 2295 tuendi
600 2233 842 2301 deposcit
867 2232 1126 2293 nflirium,
1146 2234 1212 2284 ita
1233 2251 1260 2283 ει
1276 2233 1446 2293 vobis,
1463 2231 1580 2284 ebat
1597 2229 1785 2292 issitni,

204 2325 459 2380 audiendi
497 2326 722 2392 requirit
766 2325 1038 2378 affectum.
1094 2324 1203 2387 lta,
1255 2324 1500 2392 inquam,
1537 2321 1790 2375 clllll'llflli

205 2426 405 2472 vestra:
444 2417 658 2483 etpedit
707 2416 789 2468 his
828 2433 947 2484 qua:
984 2433 1078 2482 pro
1122 2419 1293 2471 salute
1343 2428 1514 2471 vestra
1563 2417 1791 2469 dicimus

204 2513 455 2572 obedire.
483 2512 620 2566 sicut
650 2510 805 2565 nobis
835 2511 1074 2564 imminet
1099 2526 1201 2563 non
1233 2521 1430 2564 tacere.
1471 2509 1600 2564 Nam
1627 2511 1669 2562 si
1697 2524 1791 2563 nos

205 2602 474 2658 oﬂ'etuatn
525 2602 811 2655 metuimus
856 2601 923 2655 de
973 2602 1210 2662 silentio,
1266 2611 1466 2670 quanto
1498 2602 1662 2666 magis
1701 2613 1794 2653 vos

205 2697 466 2751 eamdem
498 2694 707 2748 debetis
730 2708 1089 2761 expavescere
1113 2693 1180 2746 de
1221 2691 1570 2759 contemptu?
1603 2692 1681 2758 Si,
1710 2692 1794 2744 in-

207 2805 395 2858 quam,
417 2788 572 2841 nobis
594 2785 798 2854 grande
814 2784 1109 2853 perieulum
1132 2795 1211 2836 est
1232 2782 1402 2836 aliena
1429 2798 1530 2835 nou
1549 2795 1793 2850 arguere,

207 2892 421 2950 quanto
465 2877 820 2948 periculo-im
864 2888 943 2929 est
975 2877 1190 2944 propria
1236 2889 1344 2927 non
1377 2873 1682 2939 cet-rigere?
1713 2871 1802 2923 Ait

210 2970 452 3040 qundam
505 2969 624 3021 loco
677 2966 868 3019 beatus
897 2966 1188 3033 Apostolus
1223 2981 1234 3014 :
1275 2962 1448 3015 Videte
1493 2961 1803 3014 vocationem

210 3073 475 3120 vestram,
507 3061 693 3128 fratres
742 3059 787 3122 (l
820 3057 938 3111 Cor.
971 3072 1010 3120 ι,
1041 3056 1537 3124 Ξιί);‹ιιιςιιιι“‹ιιιιοι’,
1569 3050 1806 3103 dilectis-

213 3152 380 3214 simi,
425 3161 474 3201 et
525 3165 624 3202 nos
671 3149 948 3201 videmnus
992 3151 1324 3198 vocationem
1379 3154 1639 3196 nostram.
1692 3140 1807 3194 Non
1837 3134 1883 3196 C
1914 3151 2091 3202 studio
2121 3163 2386 3218 qnznrt-re,
2419 3159 2472 3201 et
2503 3164 2609 3201 non
2640 3147 2815 3200 solum
2849 3146 3130 3202 facultates
3151 3189 3166 3212 ,
3201 3149 3296 3202 sed
3327 3149 3488 3204 etiam

212 3245 371 3298 enim
408 3243 540 3292 satis
569 3239 780 3308 prodest
814 3240 953 3306 qttod
980 3239 1135 3289 istum
1168 3237 1340 3289 locutu
1363 3233 1738 3302 expetivitnus,
1761 3233 1807 3284 si

218 3336 316 3390 hic
361 3339 499 3386 ta'es
544 3347 729 3385 Stttons
768 3329 952 3398 quales
982 3329 1391 3381 insa-coloesse
1429 3325 1721 3395 potuimus.
1752 3323 1809 3378 Si

216 3425 374 3480 enim
403 3425 538 3478 bene
562 3422 937 3489 perSpiCituns,
974 3433 1078 3471 non
1106 3419 1282 3470 soltuu
1318 3417 1416 3469 ista
1457 3415 1688 3470 Solitudo
1716 3429 1812 3468 nos

217 3517 288 3571 ad
320 3516 675 3584 perfectionis
708 3511 1114 3572 necessitatem,
1146 3509 1240 3562 sed
1265 3510 1424 3562 etiam
1456 3510 1567 3575 ipsa
1592 3520 1817 3574 congte-

216 3609 469 3679 gationis
500 3604 782 3658 multitudo
810 3619 906 3656 nos
931 3602 1270 3669 constringit.
1290 3601 1420 3654 Nam
1449 3600 1587 3652 sicut
1612 3598 1814 3667 pretio-

218 3714 351 3753 διιιιι
375 3707 537 3764 atque
578 3699 909 3764 praecipuum
942 3704 1025 3747 est
1062 3696 1114 3746 itt
1153 3693 1328 3745 tltedio
1370 3693 1658 3744 multorum
1684 3693 1819 3744 bene

218 3775 399 3854 agere
419 3827 431 3849 .
473 3787 732 3851 plurimos
762 3785 827 3838 ad
871 3782 1166 3852 ptofeetttut
1202 3786 1449 3852 exemplo
1481 3782 1605 3835 boui
1637 3780 1821 3850 operis

222 3879 514 3939 excitare;
542 3877 611 3928 ita
643 3876 1000 3944 peticulmtlttt
1026 3887 1186 3942 atque
1213 3873 1571 3942 perniciosum
1620 3881 1704 3926 est
1730 3886 1823 3926 ne-

225 3970 541 4043 gl-gemios
586 3989 645 4023 ae
677 3970 907 4036 tepidius
932 3971 1139 4038 agendo
1179 3969 1463 4021 multorum
1494 3970 1649 4021 fidem
1681 3967 1826 4022 frau-

224 4082 402 4135 gere,
455 4064 856 4130 multorumque
890 4064 1096 4115 animas
1143 4063 1457 4129 depravare.
1505 4061 1695 4127 Sicut,
1745 4060 1827 4114 in-

225 4172 406 4226 quam
442 4195 456 4215 .
503 4155 832 4208 fructuosum
879 4165 959 4207 est
994 4154 1045 4205 in
1077 4155 1254 4206 medio
1284 4164 1550 4205 tantorum
1594 4152 1827 4220 positum

231 4245 602 4319 probabiliter
639 4248 854 4308 vivere;
879 4245 947 4297 ita
972 4245 1330 4312 periei-losum
1361 4254 1444 4298 est
1473 4244 1673 4311 aliquid
1702 4243 1827 4296 des-

228 4340 537 4396 trttctioois
562 4341 755 4404 egi-se.
781 4337 891 4391 Hoc
917 4351 1098 4391 autem
1128 4353 1293 4406 quare
1313 4338 1467 4390 dieo't
1516 4337 1633 4405 quia
1667 4336 1830 4405 (quod

231 4434 408 4503 pejus
449 4433 554 4500 est)
601 4429 810 4482 facilius
839 4427 1145 4481 invenimus
1179 4427 1268 4494 qui
1301 4443 1361 4478 ea
1406 4441 1526 4494 qua:
1562 4426 1832 4478 deteriora

1916 3240 2060 3304 ipsas
2109 3240 2433 3307 cupiditates
2470 3254 2501 3294 e
2548 3237 2802 3292 eordibus
2832 3237 3139 3304 eradicare,
3193 3239 3490 3296 nibdenim

1916 3331 2114 3384 habere
2137 3330 2404 3382 interdum
2434 3345 2518 3383 res
2549 3329 2887 3383 necessitatis
2910 3338 2993 3382 est
3023 3345 3035 3381 :
3079 3331 3208 3383 nihil
3244 3346 3373 3385 vero
3400 3346 3491 3386 cu-

1918 3438 2064 3493 pere,
2111 3439 2198 3476 res
2228 3425 2461 3476 virtutis:
2495 3431 2550 3476 et
2589 3422 2712 3475 ideo
2743 3423 2827 3475 hut
2853 3438 2883 3477 c
2910 3422 3011 3476 sibi
3043 3423 3349 3491 specialiter
3377 3440 3493 3480 mo-

1919 3514 2044 3568 dum
2095 3515 2377 3582 religiosus
2407 3514 2568 3567 tlebt-t
2617 3515 2921 3581 impenere,
2970 3527 3024 3567 ut
3053 3523 3260 3568 tantum
3303 3513 3496 3570 habeat

1922 3618 2176 3676 quantum
2227 3605 2524 3659 necessitas
2572 3605 2762 3671 ptlSt'll,
2797 3621 2903 3659 non
2942 3619 3199 3674 quantum
3235 3608 3500 3676 cupiditas

1923 3699 2278 3769 concttpiscit.
2328 3697 2568 3751 Habt-udi
2609 3698 2750 3751 enim
2784 3712 2959 3758 amor.
3004 3698 3105 3752 nisi
3137 3700 3202 3753 ad
3233 3700 3495 3768 integrum

1925 3805 2225 3852 resecetur,
2253 3787 2528 3841 ardentior
2545 3797 2627 3840 est
2649 3787 2702 3840 in
2734 3788 2934 3855 parvis,
2966 3796 3015 3840 et
3043 3788 3162 3856 plus
3190 3798 3501 3857 torquentur

1928 3884 1980 3935 iu
2028 3880 2306 3935 minimis:
2336 3891 2390 3933 et
2430 3879 2531 3932 nisi
2572 3894 2637 3933 ex
2674 3878 2838 3932 corde
2874 3887 3036 3947 atque
3069 3878 3262 3932 all‘:ctu
3303 3896 3504 3950 pauper

1930 3974 2026 4039 sis,
2059 3984 2342 4041 paupertas
2373 3974 2483 4041 ipsa
2509 3986 2613 4025 non
2635 3971 2827 4034 virtus,
2862 3971 2955 4025 sed
2982 3971 3506 4040 miscriajudicauda

1931 4073 2034 4119 est.
2067 4063 2388 4119 Novi-rimus
2438 4065 2639 4132 itaque,
2700 4061 2923 4128 fratres,
2974 4063 3103 4118 niltil
3155 4065 3430 4133 prodesse,
3463 4068 3506 4120 si

1931 4170 2151 4209 carnem
2196 4168 2431 4208 nostram
2485 4153 2706 4223 jejuniis
2753 4168 2818 4208 ac
2875 4154 3066 4224 vigiliis
3109 4155 3424 4225 alfligamus,
3457 4167 3511 4214 et

1936 4259 2172 4301 mentem
2206 4259 2441 4300 nostrain
2469 4262 2574 4299 non
2599 4247 2967 4314 cmendemns,
2999 4257 3221 4316 antqua:
3253 4249 3510 4305 interiora

1935 4349 2060 4392 sunt
2085 4353 2188 4392 non
2216 4353 2488 4391 Curt'llllls.
2512 4338 2650 4404 Quid
2678 4338 2818 4394 enim
2846 4339 3064 4408 prodest
3087 4336 3306 4392 afﬂictio
3322 4353 3512 4410 corpo-

1939 4433 2100 4496 ralis,
2148 4431 2192 4482 si
2225 4430 2458 4499 linguam
2500 4431 2753 4498 nequitiis
2783 4441 2838 4483 et
2884 4431 3365 4487 obtrectatiooibns
3402 4436 3515 4503 pol-

231 4538 401 4589 sunt,
431 4539 591 4592 quam
610 4521 986 4590 qnamteliora,
1010 4529 1318 4580 sectentur;
1344 4533 1562 4585 premor
1583 4520 1726 4570 enim
1753 4527 1836 4570 est
1865 4507 1914 4564 D
1945 4519 2184 4573 luamus?
2233 4519 2420 4572 Nonne
2462 4534 2652 4573 omnes
2698 4521 2914 4575 labores
2962 4525 3130 4576 nostri
3189 4524 3242 4578 in
3288 4526 3517 4583 nihilum

231 4620 305 4675 ad
343 4617 705 4673 itnilatiOnem
743 4613 867 4666 ntali
913 4612 1142 4664 humana
1189 4611 1466 4680 fragilitas.
1498 4611 1835 4678 Quapropter

229 4729 355 4768 non
404 4710 561 4761 nobis
591 4703 839 4758 sulflccre
885 4703 1208 4767 credamus,
1263 4700 1403 4768 quod
1454 4715 1552 4753 nos
1599 4701 1651 4752 in
1700 4701 1838 4752 hanc

228 4800 499 4860 scholam
530 4797 805 4850 cernimus
834 4807 1184 4864 congregatos
1206 4833 1220 4856 ,
1250 4791 1350 4845 nisi
1379 4791 1519 4859 quod
1549 4790 1839 4844 vehemen-

230 4898 357 4952 tius
389 4892 444 4942 iu
474 4888 628 4942 nobis
659 4886 1010 4955 uegligentias
1039 4899 1249 4937 nostras
1279 4883 1516 4952 professa
1560 4881 1836 4951 pctfet-tio,

225 4998 418 5058 quam
477 4996 574 5034 nec
630 4990 903 5049 assumpta
962 4977 1304 5033 condemnat.
1359 4977 1490 5042 Quia
1545 4975 1840 5029 secundum

227 5076 552 5143 Scriptura
600 5070 782 5134 fidem,
829 5069 920 5139 qui
963 5070 1188 5122 multum
1235 5071 1585 5137 promittunt,
1619 5067 1843 5120 multum

233 5179 486 5223 necesse
515 5173 598 5216 est
634 5174 684 5214 ιιι
712 5170 988 5227 repe'atur
1037 5167 1105 5212 ab
1131 5164 1229 5213 eis.
1256 5159 1301 5214 Ο
1347 5161 1560 5227 quantis
1585 5157 1844 5224 proderit,

231 5273 293 5312 et
323 5263 506 5326 quant
527 5269 554 5308 s
575 5267 606 5307 e
632 5252 904 5305 contrario
931 5252 1101 5305 oberit
1130 5251 1229 5305 luci
1261 5251 1418 5317 huius
1447 5253 1820 5321 opportunitas
1838 5289 1855 5316 ,

231 5361 297 5403 et
330 5361 595 5414 congrua:
636 5342 986 5397 habitazioois
1033 5345 1274 5396 occasio!
1326 5342 1437 5396 Non
1487 5345 1630 5397 enim
1665 5346 1716 5396 in
1748 5345 1849 5400 hoc

234 5441 379 5496 loco
418 5439 631 5495 vixisse.
659 5436 752 5488 sed
783 5440 832 5487 in
859 5437 960 5488 hoc
983 5437 1100 5487 loco
1125 5436 1260 5490 bene
1289 5437 1492 5504 egi~se,
1520 5436 1842 5491 laudandum

233 5542 358 5590 est.
413 5530 542 5583 Nam
596 5531 722 5599 quid
762 5533 916 5584 bonis
963 5531 1307 5584 habitationis
1357 5529 1515 5597 huius
1574 5543 1843 5585 secretum

233 5623 507 5699 prodest,
544 5623 756 5690 quando
807 5623 1088 5695 tyraunieo
1120 5623 1396 5676 dominatu
1429 5623 1632 5676 malitia
1667 5624 1716 5676 iu
1751 5641 1847 5677 no-

229 5715 337 5778 bis
366 5725 582 5787 regnat,
604 5718 817 5784 quando
839 5717 915 5770 ira
939 5718 1328 5786 superequitat,
1349 5714 1561 5787 quando
1583 5715 1842 5784 majorem

628 5803 898 5864 ΡΑτιιοι.
945 5806 1019 5864 L.

1942 4613 2290 4678 rediguntur?
2322 4611 2506 4663 Nonne
2533 4626 2669 4675 opus
2697 4623 2936 4666 nostrum
2974 4614 3119 4667 velut
3151 4615 3325 4670 fntnus
3358 4629 3519 4688 atque

1943 4707 2130 4756 umbra
2172 4702 2465 4766 evanestit,
2513 4712 2566 4755 et
2590 4702 2730 4755 velut
2771 4713 2976 4770 stuppa:
3004 4703 3179 4759 favilla
3210 4707 3260 4759 itt
3293 4709 3520 4765 nihilum

1944 4793 2235 4862 redigitur?
2265 4792 2309 4847 0
2341 4792 2525 4860 quanti
2553 4804 2604 4846 et
2634 4808 2795 4862 quam
2823 4794 3060 4849 diuturni
3105 4797 3315 4851 labores
3344 4799 3524 4853 subito

1946 4889 2210 4958 pereunt!
2243 4888 2447 4954 Quanta
2496 4887 2630 4939 bona
2667 4886 2974 4955 frequenter
3010 4888 3118 4955 jam
3167 4891 3425 4960 acquisita
3459 4907 3525 4946 ac

1949 4981 2180 5049 reposita
2205 4979 2272 5033 de
2302 4995 2461 5032 mauu
2498 4979 2798 5046 rapiuntur,
2827 4978 2953 5032 dum
2987 4978 3036 5032 id
3068 4981 3210 5049 quod
3242 4982 3524 5053 acquirere

1950 5074 2248 5134 studemus,
2282 5071 2555 5127 cuszodire
2597 5071 2946 5140 negligimus!
2992 5071 3329 5140 Quapropter
3358 5077 3527 5144 gratis

1951 5168 2106 5222 nobis
2135 5168 2201 5221 de
2249 5179 2410 5220 eruce
2454 5174 2507 5218 et
2537 5164 2777 5232 corporis
2808 5163 3099 5218 afflictione
3127 5165 3448 5230 blandimur,
3483 5169 3525 5221 si

1951 5259 2190 5313 exterior
2237 5271 2420 5310 noster
2467 5254 2670 5310 sanctis
2720 5254 2991 5309 laboribus
3036 5267 3354 5321 exercetur,
3399 5267 3450 5312 et
3497 5275 3528 5309 ιι

1953 5352 2290 5421 ριιεςὶωιιίὺιις
2318 5365 2421 5403 non
2453 5357 2674 5401 curatur
2706 5347 2932 5402 interior
2966 5365 2979 5401 :
3019 5349 3100 5403 sic
3145 5360 3228 5404 est
3255 5351 3530 5419 quomodo

1954 5443 1998 5496 si
2040 5441 2229 5510 aliquis
2274 5450 2502 5492 statuam
2552 5438 2710 5492 faciat
2748 5454 2777 5491 a
2817 5439 2948 5492 loris
2985 5454 3240 5507 auream,
3281 5442 3350 5495 ab
3385 5442 3530 5496 intus

1955 5533 2184 5595 luteam;
2218 5533 2300 5585 vel
2337 5531 2605 5602 quomodo
2632 5531 2675 5584 si
2706 5531 2898 5584 domus
2943 5530 3227 5600 magnillca
3254 5542 3370 5587 arte
3395 5548 3529 5588 con~

1952 5634 2154 5679 structa
2183 5638 2211 5675 a
2247 5622 2375 5675 foris
2406 5621 2781 5689 pulcherrimis
2811 5620 3081 5675 coloribus
3106 5622 3315 5691 depicta
3347 5623 3528 5678 videa-

1952 5727 2076 5782 tur,
2114 5715 2262 5770 etab
2296 5715 2436 5769 intus
2476 5714 2816 5785 serpentibus
2859 5721 2914 5766 et
2959 5713 3337 5782 scorpionibus
3376 5715 3532 5786 plena

3013 5811 3072 5840 \r’

3007 5858 3035 5895 -(
