4042 6188
417 276 519 331 ωδ
1402 262 1458 314 s.
1503 254 1827 313 EUtzllERll
1868 248 2348 311 LUGDUNENSIS
2388 247 2691 303 Ei'lSCOi‘l
3582 238 3694 300 stt

418 395 506 446 sit.
536 340 673 455 Quid
706 386 923 455 prodest
951 381 1089 451 quod
1118 378 1312 447 afﬁigis
1343 390 1542 445 corpus
1575 384 1757 440 tuum,
1781 370 1995 441 quando
2022 375 2092 431 Α.

421 480 552 537 nihil
584 478 793 547 proﬁcit
822 491 915 529 cor
938 469 1125 526 tuum?
1159 468 1323 523 Valde
1344 466 1476 522 dura
1502 473 1557 519 et
1583 464 1740 518 nimis
1770 460 2000 516 dolenda

423 573 662 629 conditio
684 578 787 635 cst,
814 565 959 620 omni
984 561 1281 618 intentione
1308 558 1543 613 studium
1573 556 1770 610 laboris
1796 554 2004 623 impen-

422 670 550 722 dere
573 705 590 732 ,
643 671 697 718 et
728 662 954 715 fructum
998 672 1099 712 nou
1140 655 1381 723 recipere
1412 658 1532 721 post
1562 650 1833 713 laborem;
1863 646 2005 715 jeju-

428 772 556 813 nare
602 763 653 808 et
696 753 939 822 vigilare,
988 755 1044 803 et
1091 761 1267 802 mores
1306 760 1409 800 non
1459 741 1771 811 corrigere:
1803 740 1882 794 sic
1923 746 2008 793 est

427 845 697 915 quomodo
736 842 779 896 si
820 840 1012 910 aliquis
1055 848 1202 893 extra
1250 836 1461 889 vineam
1493 839 1585 885 aut
1619 832 1761 885 circa
1796 832 2005 885 vineam

432 938 694 1006 exstirpet
721 942 775 988 et
801 933 964 996 colat,
991 931 1199 983 vincam
1232 927 1401 995 ipsam
1436 924 1703 980 desertam
1742 931 1901 990 atque
1926 920 2009 973 in-

438 1029 635 1083 cultam
686 1025 1052 1090 derelinquat,
1084 1028 1142 1073 ut
1169 1019 1350 1088 spinas
1373 1030 1434 1070 ac
1462 1014 1689 1070 tribulos
1713 1013 2007 1084 germinet,

436 1135 575 1191 qum,
604 1120 884 1173 insistente
907 1116 1131 1181 cultore,
1162 1109 1586 1180 jncundissimos
1614 1123 1685 1164 ex
1718 1123 1777 1162 se
1803 1107 2012 1161 fructus

439 1211 679 1284 proferre
726 1208 1007 1277 potuisset.
1058 1202 1348 1273 Agnoscite
1395 1202 1611 1267 itaque,
1662 1197 2011 1261 charissimi,

440 1302 579 1371 quod
632 1300 697 1354 ad
746 1300 969 1353 salutem
1020 1304 1325 1364 perpetuam
1376 1290 1795 1360 conquirendam
1843 1290 2013 1344 absti-

443 1393 620 1448 nentia
664 1388 966 1458 corporalis
1008 1386 1121 1439 sola
1165 1398 1267 1437 non
1317 1381 1542 1446 sufﬁcit,
1588 1381 1687 1436 nisi
1724 1390 1779 1435 et
1821 1381 2017 1434 anima:

444 1498 653 1555 quoque
693 1481 953 1549 jejunium
1001 1491 1096 1546 per
1142 1474 1521 1527 abstinentiam
1567 1472 1814 1526 vitiorum
1856 1470 2020 1526 fuerit

446 1576 693 1627 satiatum
744 1567 926 1641 [Forte
974 1563 1280 1636 sociatum].
1326 1564 1461 1633 Quid
1504 1565 1643 1618 enim
1670 1563 1840 1633 juvat,
1884 1561 2022 1616 sisit

444 1665 708 1736 quispiam
751 1673 978 1729 corpore
1022 1667 1224 1719 castus,
1256 1670 1309 1711 et
1340 1668 1518 1709 mente
1550 1653 1820 1723 pollutus?
1850 1653 2019 1719 Quem

2696 361 2975 417 llOMlLlA
3020 362 3085 415 γ.

2696 457 2775 511 Ad
2804 458 3098 530 monachos.

2176 557 2391 612 Scimus
2415 551 2630 624 quidem
2670 549 2897 617 Spiritali
2927 547 3131 601 militia:
3157 544 3246 599 cui
3279 558 3380 600 nos
3418 543 3697 615 mancipa-

2106 648 2301 712 vimus,
2334 659 2585 715 magnam
2619 654 2737 697 esse
2765 641 2818 694 in
2851 638 3089 692 futurum
3120 638 3416 707 repositam
3444 652 3698 693 remune-

2106 740 2387 795 rationem.
2425 736 2531 791 Sed
2554 737 2598 789 si
2626 734 2763 789 bene
2788 731 3140 801 respiciamus
3164 731 3216 783 in
3249 728 3356 784 hoc
3382 729 3503 797 ipso
3534 744 3701 800 opere

2108 833 2250 903 quod
2282 845 2503 901 agamus
2525 825 2713 901 [Forte
2744 822 2998 896 agimus],
3030 821 3427 891 quodammodo
3456 824 3615 878 etiam
3645 823 3699 878 in

2111 925 2524 997 praesentiarum
2576 928 2781 991 partem
2819 917 3028 988 praemii
3062 913 3428 985 possidemus;
3458 921 3515 970 et
3542 915 3700 985 plane

2112 1032 2337 1089 magnus
2383 1018 2509 1071 vitae
2560 1015 2769 1069 fructus
2809 1020 2915 1077 est,
2965 1009 3221 1065 smculum
3251 1010 3486 1078 potuisse
3512 1006 3696 1078 despi-

2113 1124 2256 1175 cere,
2288 1116 2343 1163 et
2368 1107 2480 1163 Deo
2508 1108 2711 1160 servire
2728 1103 2992 1172 coepisse;
3021 1102 3263 1155 evasisse
3283 1102 3535 1155 vitiorum
3560 1098 3700 1153 infe-

2115 1202 2433 1257 licissimum
2484 1199 2844 1263 dominatum,
2886 1203 2941 1249 et
2964 1194 3162 1263 fugisse
3193 1192 3328 1263 gulae
3355 1202 3519 1259 atque
3546 1192 3707 1246 luxu-

2116 1295 2215 1349 ria:
2253 1293 2604 1349 fmdissimam
2628 1291 2971 1345 servitutem.
3002 1285 3140 1353 Quid
3170 1286 3331 1354 ergo?
3378 1283 3574 1338 Nonne
3598 1283 3707 1353 jam

2120 1402 2310 1458 magna
2342 1400 2468 1456 pars
2518 1383 2721 1452 praunii
2751 1390 2833 1435 est
2871 1379 3005 1433 nihil
3033 1378 3232 1432 habere
3270 1391 3559 1431 commune
3586 1390 3709 1430 eum

2121 1478 2341 1537 mundo,
2374 1490 2630 1529 vanarum
2659 1487 2839 1527 rerum
2864 1469 3368 1540 cupiditatibusnon
3386 1468 3705 1533 excruciari,

2124 1568 2423 1625 sceleribus
2474 1583 2580 1621 non
2631 1564 2959 1627 admisceri,
3009 1572 3062 1616 et
3106 1562 3163 1616 in
3222 1560 3532 1616 innocentia
3567 1560 3713 1615 diem

2124 1663 2444 1731 transigere,
2494 1661 2663 1713 beata:
2710 1658 2940 1711 castitati
2986 1669 3205 1724 Operam
3255 1654 3423 1721 dare,
3465 1654 3710 1724 gloriose

446 1757 645 1811 malitia
673 1755 951 1822 depravat,
983 1764 1143 1819 quem
1167 1748 1314 1802 furor
1339 1746 1628 1801 iracundiae
1659 1745 1865 1800 lacibus
1895 1759 2020 1799 exa-

2145 1755 2457 1824 iaupertatis
2489 1751 2869 1807 sufficientiam
2901 1764 3023 1802 cum
3059 1748 3252 1801 timore
3299 1748 3512 1801 Domini
3544 1746 3689 1814 poss't

446 1850 605 1919 gitat,
632 1860 787 1914 quem
820 1842 1067 1912 superbia
1095 1842 1238 1895 omni
1275 1840 1446 1910 gratia
1484 1838 1575 1892 Dei
1605 1838 1829 1906 spoliat,
1862 1852 2021 1904 quem

446 1937 742 1993 mendaciis
769 1934 853 1988 vel
887 1931 1187 1987 maledictis
1216 1933 1391 2000 lingua
1420 1930 1809 1995 commaculat,
1845 1944 2025 1984 nonne

447 2033 561 2100 ipse
586 2044 646 2084 se
669 2028 829 2091 fallit,
862 2040 1042 2079 nonne
1065 2026 1177 2092 ipse
1206 2038 1263 2077 se
1292 2023 1481 2076 irridet
1509 2035 1572 2075 ac
1594 2021 1816 2089 decipit,
1842 2021 1886 2074 si
1909 2036 2026 2075 cre-

447 2121 677 2176 datsolis
693 2119 909 2188 jejuniis
927 2131 988 2170 ac
1002 2116 1199 2185 vigiliis
1223 2114 1693 2169 sanctiﬁcandum?
1714 2113 1779 2166 Et
1800 2112 2022 2173 idcirco.

449 2216 805 2278 dilectissimi,
842 2212 911 2265 ita
931 2224 1125 2278 corpus
1152 2222 1500 2263 exerceamus
1526 2206 1763 2274 jejuniis,
1793 2214 1849 2257 ut
1879 2219 2029 2258 tuen-

451 2317 555 2361 tem
608 2318 893 2374 purgemus
935 2317 962 2355 a
996 2301 1159 2366 vitiis,
1193 2299 1502 2368 Cogitemus
1536 2297 1677 2349 illius
1701 2296 1899 2364 iudicis
1944 2297 2026 2348 in-

452 2405 727 2451 cessanter
772 2396 1077 2451 adventum,
1111 2391 1201 2459 qui
1232 2391 1437 2442 utinam
1467 2387 1545 2441 sic
1576 2401 1674 2441 nos
1700 2396 1913 2455 paratos
1944 2386 2027 2440 in-

452 2488 655 2550 veniat,
686 2485 952 2554 quomodo
984 2495 1141 2535 nemo
1173 2488 1349 2548 potest
1373 2479 1622 2533 dubitare
1653 2476 1794 2545 quod
1832 2478 2030 2532 veniat.

455 2579 606 2647 Quod
654 2578 699 2631 si
732 2576 973 2643 requiras
1006 2571 1275 2642 quomodo
1316 2570 1534 2625 veniat?
1574 2570 1664 2623 illo
1700 2570 1885 2636 utique
1914 2582 2034 2621 cor-

455 2687 588 2742 pore
618 2669 756 2739 quod
782 2683 876 2737 pro
922 2676 1101 2719 nostra
1127 2664 1302 2718 salute
1329 2671 1665 2730 susceptum,
1699 2676 1796 2730 pro
1828 2659 2029 2715 nostris

457 2760 771 2819 criminibus
798 2757 1089 2823 addictum,
1113 2769 1210 2823 pro
1240 2764 1422 2809 nostra
1450 2754 1786 2807 absolutione
1817 2751 2037 2805 damna-

459 2865 568 2911 tum
617 2863 671 2908 et
699 2867 795 2922 pro
844 2858 1151 2905 nostrorum
1204 2848 1485 2903 vulnerum
1532 2845 1798 2901 medicina
1852 2846 2036 2899 lancea

459 2947 731 3015 clavisque
771 2944 1040 2997 conﬁxum
1070 2952 1172 2996 est.
1203 2940 1380 2995 Prima
1425 2941 1569 2995 enim
1600 2939 1703 2993 erit
1729 2938 1782 2993 in
1806 2952 1928 2992 reos
1958 2938 2040 2990 in-

462 3038 743 3096 toleranda
768 3038 1032 3092 sententia
1063 3033 1483 3090 reverendarum
1516 3032 1797 3103 praesentia
1825 3029 2040 3086 cicatri-

2125 1848 2296 1903 dere?
2328 1846 2396 1901 de
2436 1860 2539 1912 qua
2579 1844 2814 1912 loquitur
2844 1840 3116 1909 Sapientia
3144 1856 3157 1891 :
3188 1836 3379 1892 Melior
3415 1848 3487 1891 est
3527 1839 3712 1907 exigua

2127 1939 2291 2009 portio
2316 1954 2431 1990 cum
2459 1936 2635 1988 timore
2666 1933 2893 1995 Domini,
2926 1946 3078 1999 quam
3124 1928 3353 1983 thesauri
3391 1929 3566 1998 magni
3592 1929 3705 1980 sine

2127 2033 2326 2084 timore.
2370 2027 2730 2096 intelligamus
2762 2026 2939 2092 itaque
2967 2033 3226 2092 quantum
3259 2019 3407 2074 nobis
3439 2019 3699 2072 Dominus

2132 2122 2213 2191 pia
2259 2120 2544 2175 vocatione
2573 2116 2886 2184 contulerit,
2934 2125 3302 2173 numeremus,
3333 2112 3375 2165 si
3400 2119 3705 2178 possumus,

2130 2228 2197 2268 ex
2246 2212 2338 2265 illo
2392 2221 2633 2277 tempore
2676 2223 2742 2261 ex
2802 2220 2906 2274 quo
2950 2204 3038 2258 hic
3080 2200 3385 2259 conservari
3425 2199 3710 2261 videmur,

2132 2310 2329 2371 quanta
2378 2300 2803 2356 lucrifecerimus
2853 2313 2865 2349 ;
2922 2296 2990 2350 de
3036 2294 3252 2365 quantis
3294 2290 3603 2353 fraudibus,
3647 2287 3718 2343 de

2132 2396 2348 2467 quantis
2370 2392 2671 2457 adulteriis,
2700 2388 2924 2459 rapinis,
2952 2387 3204 2457 perjuriis
3222 2427 3235 2450 ,
3267 2382 3561 2452 sacrilegiis
3587 2381 3719 2437 libe-

2133 2488 2237 2543 rati
2280 2486 2485 2540 simus:
2521 2492 2576 2538 et
2626 2494 2755 2537 tunc
2796 2480 3094 2535 videbimus
3140 2487 3395 2547 quantum
3448 2476 3607 2531 etiam
3657 2474 3724 2529 de

2138 2576 2492 2645 praesentibus
2515 2572 2793 2628 beneﬁciis
2818 2571 3047 2625 Domino
3074 2569 3391 2624 debeamus.
3418 2568 3474 2624 Si
3506 2565 3722 2621 nuncin

2138 2669 2340 2724 saeculo
2366 2680 2634 2731 essemus,
2662 2664 2789 2735 quid
2819 2664 2965 2718 aliud
2992 2678 3273 2733 ageremus
3296 2678 3455 2732 quam
3481 2661 3724 2715 volvere-

2138 2777 2259 2815 mnr
2288 2760 2342 2814 in
2372 2760 2526 2813 malis
2559 2757 2783 2823 nostris,
2815 2768 2871 2810 et
2914 2756 3120 2809 animas
3150 2763 3363 2808 nostras
3392 2753 3721 2823 quotidianis

2140 2851 2473 2905 violaremus
2513 2848 2774 2914 maculis,
2818 2845 3146 2915 quotidianis
3172 2845 3587 2900 confoderemur
3614 2845 3726 2898 vul-

2141 2942 2403 2998 neribus?
2442 2949 2497 2997 et
2528 2942 2623 3002 ita,
2670 2950 2730 2994 ut
2773 2954 2876 2995 nec
2899 2940 3240 2993 sentiremus.
3268 2938 3441 2992 Habet
3459 2938 3599 2993 enim
3624 2937 3727 2992 hoc

2143 3033 2329 3088 infelix
2375 3030 2718 3087 consuetudo
2778 3030 3064 3100 peccandi,
3099 3038 3157 3083 ut
3199 3037 3454 3099 quantum
3501 3028 3729 3096 amplius

464 3148 605 3187 cum.
638 3130 777 3197 Quid
808 3130 963 3199 igitur
994 3129 1086 3183 illo
1117 3138 1355 3196 tempore
1379 3126 1570 3180 facturi
1592 3139 1798 3190 sumus,
1826 3121 2040 3192 quando
2070 3125 2116 3189 C
2146 3127 2372 3196 quisque
2422 3124 2749 3195 peccaverit,
2773 3133 2923 3177 tanto
2952 3123 3127 3176 minus
3174 3132 3395 3191 peccata
3427 3122 3541 3191 ipsa
3573 3121 3730 3176 intel-

466 3234 653 3278 contra
700 3221 821 3274 illos
875 3217 1119 3274 cruciﬁxi
1151 3217 1358 3271 Domini
1388 3216 1582 3269 livores
1622 3224 1760 3268 notae
1801 3224 2047 3283 peccato-

466 3330 586 3369 rum
619 3321 925 3367 nostrorum
967 3325 1029 3363 ac
1076 3309 1301 3363 macula:
1346 3306 1627 3360 libidinum
1660 3302 2046 3374 proferentur?

471 3408 577 3459 Aut
606 3418 713 3472 quo
744 3410 897 3471 putas
927 3400 1076 3453 vultu
1105 3398 1357 3467 respiciet
1389 3396 1689 3466 redemptio
1722 3406 1902 3450 nostra
1928 3410 2048 3463 per-

470 3497 727 3551 ditionem
755 3491 1021 3547 nostram?
1046 3489 1217 3545 Tanto
1245 3490 1489 3559 graviora
1517 3500 1677 3545 erunt
1704 3490 1935 3543 humana
1957 3489 2051 3543 de—

467 3591 618 3651 licta,
648 3594 847 3656 quanto
866 3583 1067 3653 majora
1086 3597 1145 3638 se
1171 3583 1523 3638 ostenderunt
1551 3582 1729 3636 divina
1760 3581 2045 3636 beneﬁcia.

473 3679 780 3735 Verendnm
820 3686 899 3731 est
927 3686 1101 3731 autem
1150 3690 1217 3731 ne
1244 3676 1388 3729 illam
1420 3691 1605 3731 vocem
1638 3673 2053 3730 resurrectionis

474 3772 707 3843 pretiosa
733 3771 906 3826 crucis
930 3767 1151 3839 vestigia
1173 3775 1559 3839 protestantem
1580 3809 1594 3833 ,
1642 3767 1804 3823 etiam
1836 3767 1888 3821 in
1912 3764 2055 3837 judi-

477 3868 562 3921 cio
593 3880 690 3920 suo
716 3863 781 3919 ad
813 3878 938 3917 vasa
962 3862 1255 3932 iniquitatis
1284 3864 1596 3931 prolaturus
1625 3868 1786 3930 atque
1814 3859 2057 3913 dicturus

476 3960 585 4015 sit:
618 3957 763 4028 Infer
807 3958 1023 4028 digitum
1063 3964 1207 4009 tuum
1236 3954 1359 4021 huc,
1404 3963 1452 4009 et
1478 3954 1593 4008 vide
1621 3968 1805 4005 manus
1820 3966 1978 4015 meas,
2009 3951 2059 4005 δι

478 4050 609 4116 απει·
638 4064 848 4102 manum
877 4057 1041 4112 tuam,
1080 4056 1130 4101 et
1156 4048 1297 4101 mitte
1321 4046 1535 4100 inlatus
1560 4059 1725 4097 meum
1757 4040 1938 4115 (Joan.
1956 4056 2056 4109 xx,

480 4140 596 4205 27),
624 4147 676 4191 et
704 4151 936 4205 agnosce
960 4150 1077 4203 qua:
1096 4150 1199 4206 pro
1223 4147 1274 4189 te
1295 4144 1350 4189 et
1374 4150 1404 4187 a
1437 4145 1509 4203 te,
1534 4134 1781 4201 impietas
1802 4133 2057 4203 humana,

480 4226 816 4298 pertulerim.
849 4224 942 4280 Illa
973 4225 1154 4294 utique
1183 4226 1459 4279 clavorum
1499 4224 1649 4293 signa
1672 4223 1829 4277 bonis
1860 4223 2059 4277 saluta-

481 4321 585 4385 ria,
616 4320 769 4374 malis
790 4317 1072 4381 terribilia,
1104 4332 1222 4387 qure
1253 4332 1422 4386 usque
1450 4316 1516 4371 ad
1569 4314 1713 4370 diem
1746 4315 1925 4385 iudicii
1956 4330 2062 4370 non

484 4413 736 4469 delentur
757 4454 773 4480 ,
804 4412 917 4467 sine
956 4411 1120 4465 dubio
1148 4410 1452 4479 objicienda
1499 4420 1820 4477 servantur;
1853 4418 1907 4464 et
1936 4409 2064 4478 quid

2149 3219 2302 3289 ligat,
2327 3226 2385 3273 et
2404 3228 2553 3273 tanto
2584 3217 2701 3285 plus
2730 3231 2850 3270 eum
2880 3232 3106 3286 peccare
3135 3216 3364 3273 delectet
3394 3236 3408 3271 :
3440 3226 3497 3270 ut
3516 3217 3731 3271 eveniat

2150 3309 2307 3376 illud,
2349 3310 2492 3379 quod
2534 3308 2798 3380 propheta
2844 3309 3220 3378 peccatoribus
3245 3309 3477 3364 clamat:
3513 3308 3634 3361 Non
3658 3316 3739 3362 est

2155 3404 2295 3458 Deus
2338 3402 2523 3473 [Forte
2550 3398 2825 3472 Dominus]
2862 3402 2916 3454 in
2964 3411 3233 3473 conspectu
3260 3405 3392 3474 ejus,
3431 3400 3733 3469 auferuntur

2146 3496 2450 3567 judiciatua
2477 3510 2508 3547 a
2525 3493 2659 3559 facie
2674 3493 2835 3561 ipsius
2863 3489 2980 3563 (Ps.
3004 3507 3080 3559 ιι,
3103 3492 3195 3563 26)
3219 3510 3233 3557 ;
3267 3494 3465 3547 etenim
3517 3491 3735 3563 quando

2156 3587 2398 3656 subrepit
2451 3585 2709 3653 peccandi
2750 3584 3038 3639 delectatio
3063 3625 3076 3648 ,
3126 3587 3305 3638 statim
3346 3584 3508 3639 futuri
3547 3583 3745 3653 judici't

2154 3677 2296 3734 diem
2336 3677 2617 3733 abscondit
2671 3676 2894 3732 oblivio.
2940 3676 3258 3730 Econtrario
3317 3686 3496 3730 autem
3534 3682 3737 3745 quanto

2158 3770 2384 3840 quisque
2406 3769 2687 3827 sollicitior
2714 3769 2855 3823 circa
2881 3782 2943 3823 se
2969 3767 3153 3833 fuerit,
3186 3777 3337 3823 tanto
3377 3768 3496 3837 plus
3524 3769 3733 3837 metuit,

2158 3866 2297 3920 sicut
2342 3865 2415 3919 ait
2448 3864 2723 3932 Scriptura
2749 3879 2765 3916 :
2790 3862 3011 3931 Sapiens
3042 3862 3264 3916 timendo
3295 3863 3520 3915 declinat
3544 3878 3578 3915 α
3602 3862 3740 3915 mata

2162 3954 2330 4025 (Eccl.
2355 3971 2393 4023 ι,
2422 3957 2536 4024 16).
2577 3954 2810 4025 Sapiens
2839 3968 2968 4024 ergo
2990 3967 3205 4021 semper
3244 3954 3296 4006 in
3327 3954 3740 4023 compunctione

2160 4057 2213 4103 et
2235 4062 2448 4117 semper
2489 4048 2539 4100 in
2570 4055 2715 4101 metu
2756 4055 2877 4101 est:
2904 4056 2978 4111 et,
3000 4056 3057 4101 ut
3085 4047 3150 4100 de
3182 4047 3467 4115 praeteritis
3508 4046 3743 4114 ιυεμίηῑ

2163 4142 2337 4204 malis,
2372 4143 2443 4194 ita
2474 4141 2541 4195 de
2585 4139 2777 4195 futuris
2818 4140 3070 4209 periculis
3112 4138 3356 4209 pervigili
3386 4138 3745 4193 sollicitudine

2165 4232 2556 4294 contremiscit,
2579 4231 2669 4301 qni
2692 4232 2759 4286 de
2788 4232 3077 4299 prmteritis
3106 4232 3294 4286 anxius
3324 4242 3425 4295 est,
3477 4231 3531 4285 id
3561 4245 3745 4287 secum

2164 4325 2361 4392 cogitat
2382 4337 2448 4376 ac
2468 4322 2722 4388 revolvit,
2748 4338 2815 4377 ne
2845 4322 2985 4377 forte
3017 4337 3203 4391 parum
3240 4321 3522 4378 deﬂeverit
3551 4331 3745 4391 praste-

2165 4415 2300 4480 rita;
2336 4428 2403 4468 ne
2431 4413 2569 4467 forte
2591 4413 2825 4468 nondum
2855 4414 3175 4471 satisfecerit
3203 4428 3301 4483 pro
3329 4414 3622 4468 innumeris
3653 4413 3748 4468 de-

484 4508 747 4580 posthaec
769 4505 1032 4577 sequitur,
1058 4502 1161 4559 nisi
1188 4503 1319 4559 illud
1346 4503 1724 4572 interpositum
1753 4504 1894 4557 inter
1912 4503 2063 4557 vivos
2093 4509 2145 4568 D
2170 4505 2294 4559 bitis
2322 4505 2463 4570 suis;
2496 4519 2565 4559 ne
2587 4505 2724 4559 forte
2750 4507 2920 4575 magis
2945 4508 3013 4560 ad
3033 4517 3246 4561 veteres
3269 4506 3576 4576 iniquitates
3605 4519 3749 4559 nova

484 4614 551 4654 ac
601 4606 842 4654 mortuos
880 4596 1352 4668 expavescendum
1394 4596 1582 4663 chaos,
1614 4603 1926 4665 vastumque
1952 4595 2063 4649 dis-

485 4689 693 4748 crimen
730 4690 967 4745 exclusa:
1014 4704 1045 4743 a
1090 4700 1278 4743 natura
1317 4689 1607 4743 viventium
1650 4687 1887 4741 tenebrae
1916 4694 2065 4742 exte—

489 4782 683 4847 riores,
734 4781 868 4836 dura
894 4781 1161 4850 separatio
1191 4795 1221 4834 a
1243 4780 1389 4834 dulci
1433 4780 1627 4833 intuitu
1651 4789 1979 4843 sanctorum,
2010 4787 2066 4834 et

494 4887 526 4927 a
557 4871 821 4929 societate
848 4871 1082 4926 ﬁdelium
1130 4866 1311 4944 [Forte
1344 4867 1600 4942 felicium]
1633 4884 1649 4923 :
1677 4879 1731 4925 et
1763 4868 2069 4925 econtrario

492 4968 635 5020 inter
670 4961 1045 5036 laerymabiles
1085 4963 1317 5033 gemitus
1361 4961 1712 5031 planctusque
1746 4961 2064 5031 lugentium,

490 5056 781 5125 collegium
826 5054 983 5109 triste
1012 5054 1351 5119 miserorum,
1393 5060 1448 5107 et
1472 5067 1501 5106 a
1524 5052 1678 5107 beata
1708 5053 1881 5123 patria
1907 5061 2067 5107 atter-

490 5163 617 5201 num
650 5146 939 5201 teterrima:
968 5144 1144 5199 noctis
1178 5142 1428 5199 exsilium
1453 5143 1476 5195 ‘I
1500 5142 1671 5210 Quam
1715 5144 1936 5213 lugubre
1969 5142 2074 5198 erit

488 5242 691 5296 homini
742 5239 909 5295 Deum
938 5235 1144 5303 videre,
1177 5248 1232 5292 et
1271 5236 1519 5307 perdere,
1568 5246 1623 5292 et
1648 5247 1773 5292 ante
1811 5236 1967 5307 pretii
1990 5235 2073 5291 sui

489 5334 666 5401 perire
710 5328 1093 5400 conspectum!
1138 5329 1205 5383 Et
1234 5329 1376 5395 ideo,
1401 5329 1707 5383 eharissimi
1733 5372 1749 5397 ,
1784 5327 1908 5394 ista,
1942 5328 2071 5382 dum

494 5435 711 5494 tempus
735 5432 842 5489 est,
890 5420 1213 5493 cogitantes,
1248 5422 1318 5476 ita
1350 5421 1619 5476 indefesso
1647 5420 1825 5475 studio
1854 5420 2068 5476 labore-

492 5530 612 5570 mus
637 5556 649 5580 ,
680 5523 743 5569 ut
789 5514 929 5584 quod
959 5513 1113 5568 nobis
1139 5512 1371 5568 contulit
1394 5513 1689 5581 judicatus,
1723 5514 1988 5583 integrum
2017 5513 2072 5568 in

498 5608 653 5663 nobis
670 5607 909 5661 inveniat
930 5606 1285 5662 iudicaturus.

2164 4597 2572 4665 superposuerit
2600 4596 2860 4663 vulnera;
2894 4612 2961 4652 ne
2991 4612 3153 4666 super
3191 4598 3439 4667 antiquas
3466 4595 3747 4651 conscien-

2165 4687 2255 4741 tiae
2292 4687 2532 4742 maculas
2575 4689 2813 4743 recentia
2851 4687 3027 4743 adhuc
3065 4688 3291 4743 erimina
3318 4687 3670 4758 impresserit,
3694 4694 3749 4741 et

2165 4781 2601 4836 conversationis
2626 4796 2821 4835 nomen
2849 4781 2917 4835 ad
2942 4780 3427 4851 hoeassumpserit,
3454 4792 3512 4835 ut
3536 4779 3755 4850 gravius

2170 4870 2270 4925 sub
2305 4886 2461 4926 sacra
2507 4871 2844 4941 professione
2882 4871 3240 4942 delinqueret.
3292 4872 3564 4941 Aliquanti
3604 4868 3749 4924 sufﬁ-

2168 4977 2294 5017 cere
2337 4962 2496 5017 nobis
2548 4972 2813 5031 putamus,
2868 4964 3009 5031 quod
3036 4963 3104 5017 ad
3146 4974 3421 5019 secretum
3446 4961 3593 5017 istud
3621 4975 3750 5017 con-

2172 5054 2506 5118 scendimus,
2557 5055 2699 5123 quod
2754 5054 2931 5107 locum
2980 5054 3328 5123 habitumque
3379 5054 3700 5109 mutavimus
3730 5095 3749 5118 ,

2170 5147 2314 5217 quod
2353 5147 2439 5201 hic
2472 5147 2857 5216 aliquantulum
2884 5148 3139 5215 temporis
3171 5147 3426 5209 viximus,
3454 5161 3605 5216 spem
3633 5159 3751 5200 om-

2176 5255 2297 5294 nem
2331 5240 2382 5293 in
2427 5253 2689 5293 annorum
2723 5252 2948 5294 numero
2972 5239 3323 5294 collocantes.
3352 5240 3433 5295 Ac
3461 5240 3538 5293 sic
3567 5236 3753 5307 persti—

2176 5330 2323 5385 ciosa
2352 5330 2712 5399 nosmetipsos
2726 5330 3074 5399 persuasione
3091 5330 3363 5396 fallentes,
3394 5340 3762 5401 putamusm

2179 5425 2246 5480 de
2272 5424 2521 5479 omnibus
2551 5423 2749 5479 debitis
2778 5425 3128 5493 transegisse,
3158 5432 3407 5493 putamus
3446 5422 3588 5492 quod
3615 5421 3759 5477 maia

2176 5526 2363 5572 nostra
2389 5518 2565 5586 spatio
2608 5519 2871 5587 temporis
2911 5517 3226 5573 evanuerint
3253 5527 3346 5574 :et
3397 5515 3520 5586 quia
3547 5515 3639 5570 illa
3660 5528 3767 5569 non

2180 5610 2327 5665 obliti
2359 5624 2569 5678 sumus,
2597 5610 2870 5668 credimus
2888 5610 3030 5680 quod
3057 5609 3126 5666 de
3164 5608 3424 5663 memoria
3447 5606 3650 5661 divina
3678 5618 3763 5660 Ion

2183 5706 2425 5761 veritatis
2474 5706 2652 5773 elapsa
2709 5708 2836 5761 sint.
2887 5706 2991 5762 Sed
3034 5719 3137 5760 non
3186 5694 3777 5767 imlest.0mniaw

2172 5826 2262 5848 105‘
