4042 6188
325 335 427 394 M6

1779 317 2108 377 HOMILUE.

3472 321 3593 390 mi

323 449 465 504 illum
508 445 746 507 collecta,
804 441 982 496 omnia
1013 439 1152 510 apud
1189 439 1340 493 illum
1358 435 1594 508 reposita
1618 445 1780 506 atque
1807 433 1885 488 si-
1910 438 1962 495 Α
1987 432 2212 488 timebat
2255 431 2515 487 incurrit?
2541 431 2633 490 Sic
2661 448 2760 489 nos
2802 435 3015 492 etiamsi
3058 452 3249 511 magna
3297 455 3420 512 pars
3457 444 3580 501 vim

321 547 473 610 gnata
495 545 631 592 sunt.
681 533 976 590 Audiamus
1025 532 1153 603 quid
1180 531 1309 586 dicit
1347 530 1438 585 ille
1480 531 1569 599 qui
1619 544 1741 584 eum
1772 529 1890 596 ipso

322 631 523 686 diabolo
564 642 724 683 manu
753 626 820 680 ad
866 639 1082 679 manum
1115 624 1369 694 singulari
1403 622 1698 676 certamine
1728 619 1888 674 dimi-

319 721 482 784 cabat,
528 719 716 772 beatus
745 716 848 769 .lob
879 733 890 768 :
922 715 1158 787 Signanti
1194 713 1344 785 quasi
1375 713 1429 765 in
1458 711 1663 764 sacculo
1684 718 1891 781 peccata

318 828 421 865 mea
475 807 591 880 (Job
643 824 754 874 xtv,
789 807 921 876 i7);
974 816 1028 860 et
1069 807 1260 860 iterum
1303 806 1418 872 ipse
1465 802 1726 856 Dominus
1765 800 1885 854 ait:

315 902 496 957 Nonne
514 904 624 957 [nec
651 901 866 956 collecta
912 909 1052 965 sunt,
1096 905 1144 952 et
1167 898 1369 967 signata
1397 896 1449 948 in
1483 893 1736 947 thesauris
1766 893 1890 946 meis

312 992 486 1064 (Deut.
535 1007 717 1057 xxxii,
770 989 900 1061 ευτ’
943 991 1058 1044 Non
1093 995 1339 1057 putemus
1371 995 1476 1039 tam
1505 983 1662 1039 facile
1688 975 1891 1038 remitti

310 1099 468 1155 posse
495 1086 676 1140 inusta
703 1084 868 1139 semel
898 1082 1150 1146 crimina,
1202 1089 1254 1136 et
1286 1077 1551 1149 profundo
1580 1077 1804 1131 vulnere
1835 1076 1889 1128 in

312 1177 501 1232 animae
538 1176 706 1246 ipsius
737 1176 1000 1244 impressa
1053 1171 1374 1226 visceribus.
1429 1169 1594 1223 Multo
1624 1181 1759 1234 opus
1807 1175 1891 1220 est

311 1269 464 1333 ﬂetu,
492 1270 662 1323 multo
692 1269 892 1338 gemitu
910 1307 926 1332 ,
977 1266 1146 1320 multo
1173 1265 1362 1318 dolore
1389 1262 1566 1317 cordis
1594 1261 1661 1315 ad
1695 1273 1890 1315 sanan-

311 1359 412 1412 dos
459 1359 629 1427 ipsius
680 1357 860 1412 cordis
899 1355 1136 1409 dolores.
1185 1353 1318 1407 Tota
1350 1351 1768 1407 incumbentium
1808 1359 1894 1405 est

308 1450 538 1517 spiritus
570 1447 914 1510 contritione,
969 1453 1030 1498 ut
1074 1453 1280 1497 vetusta
1333 1442 1474 1496 mala
1503 1451 1774 1508 tarnquam
1804 1451 1889 1494 sa-

307 1540 464 1608 gittan-
483 1539 730 1609 quaedam
760 1541 828 1592 de
852 1536 1181 1591 conscientia
1211 1533 1570 1589 debellentur.
1596 1531 1715 1585 Non
1743 1531 1890 1584 suffi-

305 1633 384 1686 cit
429 1631 656 1686 summis
704 1630 857 1684 labiis
883 1630 1101 1684 dicere:
1136 1627 1396 1693 Peccavi,
1441 1637 1618 1695 parce,
1650 1625 1884 1679 remitte.

309 1724 385 1779 Et
399 1723 532 1777 Saul'
556 1723 789 1787 dicebat,
816 1723 1017 1788 peccavi
1041 1721 1084 1794 (l
1122 1721 1252 1790 Reg.
1284 1731 1431 1781 xxvr,
1478 1717 1572 1788 2‘1)
1613 1716 1752 1772 :sed
1779 1731 1885 1771 non

1995 524 2154 579 istius
2197 538 2454 593 prospere
2480 524 2729 580 videatur
2763 525 2928 582 fuisse
2965 536 3252 599 transacta,
3302 549 3405 589 non
3454 534 3582 594 ideo

1993 615 2241 670 ﬁduciam
2284 629 2696 686 praesumamus,
2725 631 2848 672 cum
2880 618 3057 674 adhuc
3099 623 3399 689 periculum
3452 641 3581 695 pars

1991 717 2237 762 extrema
2273 709 2527 763 minetur.
2561 709 2693 777 Quis
2731 711 2784 764 in
2831 711 2947 766 acie
2987 711 3215 781 positus,
3254 725 3378 770 ante
3419 716 3581 774 finem

1992 801 2323 868 certaminis,
2358 807 2450 855 aut
2494 810 2619 857 ante
2649 801 2890 858 victoria:
2921 805 3265 861 securitatem
3303 823 3451 863 arma
3483 811 3581 866 de-

1994 892 2192 962 ponat?
2220 893 2393 948 nemo
2440 909 2570 964 ergo
2600 910 2849 951 securum
2891 897 3090 955 debere
3118 916 3239 956 esse
3268 917 3328 957 se
3349 903 3577 971 judicet,

1993 993 2282 1054 antequam
2320 985 2389 1040 ad
2421 984 2583 1042 ﬁnem
2614 986 2758 1043 felici
2784 993 3246 1048 consummatione
3278 997 3578 1064 perveniat.

1992 1075 2102 1131 Nec
2126 1076 2227 1131 hoc
2248 1077 2403 1131 nobis
2428 1077 2680 1135 sufficere
2708 1089 2955 1150 putemus
2976 1083 3042 1137 ad
3074 1083 3292 1154 plenam
3321 1089 3576 1150 salutem.

1993 1169 2135 1237 quod
2170 1170 2312 1226 inter
2338 1185 2525 1226 servos
2557 1172 2651 1228 Dei
2682 1174 2768 1229 vel
2791 1174 3124 1233 habitatione
3148 1193 3457 1250 censemur,
3493 1182 3578 1236 vel

1992 1261 2213 1316 nomine
2241 1272 2648 1332 computamur:
2693 1265 2837 1335 quod
2869 1268 2920 1320 in
2968 1267 3142 1323 insula
3167 1270 3370 1338 vivere,
3417 1283 3579 1342 atque

1992 1351 2134 1406 inter
2154 1353 2450 1408 monachos
2481 1355 2682 1423 pollere
2703 1355 3002 1412 videamur.
3026 1358 3236 1413 Clamat
3258 1362 3400 1415 enim
3426 1364 3579 1418 nobis

1993 1441 2140 1498 Deus
2171 1453 2354 1499 noster
2384 1462 2398 1500 :
2432 1445 2557 1499 Non
2597 1464 2766 1501 omnes
2809 1449 2897 1518 qui
2934 1449 3110 1503 dicunt
3140 1450 3264 1504 mihi
3285 1469 3304 1506 :
3335 1452 3577 1522 Domine,

1991 1533 2232 1604 Domine,
2252 1536 2512 1591 intrabunt
2541 1539 2592 1591 in
2611 1553 2824 1610 regnum
2850 1541 3091 1594 calorum
3119 1541 3336 1611 (Matth.
3353 1545 3576 1618 vinei).

1992 1623 2104 1677 Hoc
2132 1627 2338 1694 quare?‘
2362 1626 2496 1692 Quia
2537 1645 2640 1681 non
2670 1630 2932 1684 auditores
2969 1630 3095 1703 legis
3113 1634 3251 1703 justi
3283 1645 3400 1688 sunt
3443 1639 3580 1704 apud

1995 1716 2176 1782 Deum,
2208 1717 2298 1770 sed
2328 1717 2547 1787 factores
2580 1719 2706 1789 legis
2737 1721 3160 1790 justiﬁcabuntur
3181 1722 3387 1794 (Iacob.
3413 1743 3451 1790 ι,
3478 1728 3577 1792 22;

308 1813 546 1868 obtinuit
577 1814 724 1868 illam
771 1815 978 1866 veniam
1017 1825 1175 1881 quam
1224 1811 1390 1865 David
1418 1825 1522 1863 una
1554 1808 1887 1879 ptenitentite
1917 1817 1964 1875 Β
1993 1806 2145 1861 Rom.
2177 1823 2236 1876 rt,
2271 1808 2383 1879 i3).
2416 1809 2571 1865 Unde
2609 1811 2770 1866 etiam
2810 1813 2855 1867 si
2891 1813 3030 1868 bene
3063 1816 3313 1884 viximus,
3366 1833 3581 1874 cursum

307 1919 441 1959 voce
471 1905 784 1973 promeruit».
841 1904 904 1958 Et
931 1904 1035 1957 hoc
1056 1903 1268 1972 quare?
1312 1903 1445 1968 Quia
1495 1901 1897 1963 confessionem:

303 1996 453 2050 illam
485 1998 622 2051 nuda
653 1997 824 2065 magis
850 1995 1012 2050 verba
1041 2011 1197 2064 quam
1219 1994 1332 2049 veri
1361 1979 1593 2065 gemitus
1623 2008 1888 2062 exprime-

302 2085 452 2140 bant.
487 2085 621 2153 Quia
642 2101 752 2140 non
775 2087 1156 2155 compensabat
1187 2085 1609 2155 magnitudinem
1643 2083 1889 2141 criminis

303 2176 428 2233 laeta
482 2179 782 2233 bumiliatio
809 2178 1184 2250 supplicantis.
1219 2179 1332 2232 Non
1365 2179 1466 2233 levi
1513 2178 1780 2248 agendum
1808 2185 1892 2234 est

301 2271 664 2336 contritione,
707 2282 764 2325 ut
799 2272 978 2326 debita
1013 2272 1101 2325 illa
1137 2271 1470 2326 redimantur
1508 2271 1703 2339 quibus
1743 2283 1889 2325 mors

302 2369 510 2420 atterna
530 2361 784 2427 debetur;
801 2377 898 2417 nec
931 2363 1234 2417 transitoria
1261 2375 1396 2431 opus
1418 2361 1887 2417 estsatisfactione

301 2465 404 2522 pro
423 2451 580 2506 malis
591 2451 698 2506 illis
721 2463 942 2521 propter
961 2467 1090 2522 quaa-
1117 2460 1333 2519 paratns
1361 2464 1443 2506 est
1475 2451 1613 2522 ignis
1630 2460 1885 2506 aeternus.

302 2540 364 2596 Si
393 2543 648 2598 volumus.
663 2543 965 2612 intelligere
992 2558 1150 2612 quam
1165 2557 1358 2614 graves
1386 2545 1525 2614 apud
1540 2558 1599 2599 se
1623 2543 1785 2600 faciat
1803 2536 1888 2615 ju-

301 2635 412 2690 dex
444 2645 630 2690 noster
661 2636 938 2691 hominum
967 2639 1175 2706 culpas,
1205 2637 1560 2704 respiciamus
1581 2637 1646 2691 ad
1680 2651 1886 2706 pmnas.

301 2728 577 2794 Quantum
605 2731 748 2784 enim
775 2745 912 2784 nunc
936 2730 1145 2800 patiens
1173 2737 1258 2784 est
1281 2729 1420 2784 Deus
1452 2738 1637 2783 noster
1672 2730 1724 2782 in
1767 2743 1884 2783 sus-

301 2821 544 2876 tinendis
573 2822 785 2877 delictis
801 2824 1020 2888 nostris,
1049 2833 1156 2876 tam
1171 2837 1391 2877 severus
1404 2824 1504 2877 erit
1520 2824 1572 2876 in
1595 2823 1890 2877 discutien-

301 2913 420 2979 dis;
439 2922 496 2968 et
513 2913 645 2968 sicut
679 2915 1112 2970 inaeStimabilem
1129 2915 1339 2983 paravit
1360 2913 1524 2982 juStis
1541 2914 1789 2981 gloriam,
1819 2913 1891 2966 ita

300 3003 738 3058 inaestimabilem
760 3006 1238 3072 poravitimprobis
1254 3019 1488 3071 pausam.
1521 3003 1666 3070 Ergo
1688 3002 1892 3070 suppli—

301 3099 518 3150 ciorum
547 3097 898 3151 acerbitatem
933 3101 1240 3151 eeontrario
1268 3098 1336 3151 de
1378 3097 1719 3165 praemiorum
1747 3096 1891 3164 ipso-

1993 1911 2238 1954 nostrum
2261 1900 2556 1956 stabilitate
2577 1915 2631 1956 et
2648 1905 3056 1971 perseverantia
3081 1908 3466 1964 commendare
3487 1911 3581 1965 de-

1993 1992 2205 2055 bemus,
2227 1994 2280 2047 in
2305 1994 2424 2048 loco
2451 1995 2752 2050 vocationis
2775 2007 2975 2052 nostrae
3006 1998 3344 2066 persistendo
3374 2011 3427 2057 et
3457 2017 3580 2071 pro-

1994 2083 2244 2140 ﬁciendo.
2286 2086 2422 2141 Vera
2466 2087 2611 2152 dico,
2645 2089 2854 2143 etiamsi
2906 2091 2991 2144 hic
3022 2091 3208 2161 viginti
3241 2101 3333 2147 aut
3365 2094 3580 2163 triginta
3609 2086 3614 2091 ’

1992 2189 2164 2231 annos
2185 2176 2414 2232 Domino
2444 2178 2920 2248 impendissemus,
2955 2180 3044 2234 cui
3072 2180 3258 2250 utique
3284 2190 3456 2237 totum
3486 2199 3581 2238 no-

1993 2267 2194 2322 scimus
2225 2266 2332 2341 [Αι.
2368 2283 2466 2323 nos
2493 2267 2738 2340 scimus],
2773 2269 2972 2326 debere
3000 2271 3144 2340 quod
3175 2272 3422 2337 vivimus,
3447 2282 3502 2328 et
3523 2282 3583 2329 ut

1992 2361 2124 2416 satis
2153 2375 2351 2414 annum
2389 2376 2551 2416 unum
2590 2375 2872 2430 ageremus
2905 2363 2958 2417 in
3009 2364 3228 2430 steculo,
3284 2363 3582 2420 inaestima-

1993 2451 2104 2506 bile
2131 2461 2298 2515 esset,
2327 2463 2584 2521 quantum
2607 2467 2703 2506 nos
2729 2450 2797 2507 de
2817 2461 3033 2508 aeterna:
3057 2454 3180 2508 vitae
3202 2454 3415 2524 gaudiis
3441 2453 3585 2510 frau-

1993 2543 2268 2600 daremus.
2295 2544 2427 2610 Quia
2453 2561 2576 2614 spes
2599 2553 2800 2599 nostrae
2823 2560 3011 2600 omnes
3032 2547 3081 2599 in
3113 2549 3584 2604 consummatione

1993 2645 2156 2706 atque
2207 2639 2260 2690 in
2312 2639 2417 2692 line
2463 2635 2786 2692 consistunt.
2837 2636 2973 2704 Quid
3025 2637 3153 2692 mihi
3198 2651 3422 2709 prosunt
3473 2639 3581 2711 [AL

1992 2726 2279 2799 proderit],
2329 2729 2373 2781 si
2426 2729 2554 2782 mihi
2609 2740 2726 2782 sata
2777 2727 3058 2782 viridantia
3109 2731 3161 2783 in
3200 2729 3382 2783 herbis
3432 2745 3582 2800 spem

1994 2824 2186 2874 messis
2215 2819 2522 2884 ostendant,
2556 2828 2608 2873 et
2639 2834 2726 2874 me
2753 2819 2852 2873 sub
2878 2819 2994 2887 ipso
3024 2818 3176 2873 falsis
3206 2829 3448 2888 tempore
3494 2836 3584 2875 su-

1993 2909 2102 2963 bita
2125 2910 2212 2963 vel
2238 2912 2380 2964 aeris
2412 2910 2754 2978 intemperie,
2781 2911 2865 2964 vel
2899 2911 3199 2977 pluviarum
3231 2909 3583 2968 inundatione

1994 2999 2306 3068 decipiant?
2327 3001 2464 3065 Quid
2498 3000 2626 3053 mihi
2659 3001 2921 3070 proderit,
2943 3001 2989 3055 si
3010 3003 3161 3056 vinea
3193 3016 3341 3071 spem
3369 3019 3583 3059 omnem

1995 3090 2047 3144 in
2089 3091 2223 3146 ﬂore
2254 3092 2550 3161 promittat,
2583 3101 2637 3146 et
2679 3093 2763 3146 vel
2793 3091 3027 3147 ferarum
3069 3093 3321 3160 incursio,
3366 3095 3452 3148 vel
3491 3111 3581 3149 va-

301 3201 433 3242 rum
459 3188 823 3256 magnitudine
851 3188 1182 3256 colligamus.
1207 3188 1342 3253 Quia
1365 3186 1458 3256 qui
1481 3187 1893 3240 novitremune-
1919 3193 1966 3257 ο
1996 3183 2150 3237 stitas
2192 3183 2470 3251 grandinis
2515 3199 2662 3252 spem
2693 3198 2905 3239 omnem
2948 3185 3001 3237 in
3059 3187 3578 3242 consummationem

301 3293 437 3333 rare
465 3278 677 3343 merita,
709 3278 855 3332 novit
885 3281 1074 3346 punire
1101 3278 1316 3333 delicta.
1356 3278 1726 3334 Saluberrima
1760 3292 1892 3348 ergo

302 3380 416 3439 est,
448 3385 511 3425 ac
540 3370 768 3424 multum
812 3371 1115 3424 necessaria
1160 3370 1322 3424 futuri
1349 3369 1534 3438 judicii
1567 3372 1891 3435 recordatio,

305 3463 720 3532 praeteritorum
741 3463 1206 3525 commemoratio,
1234 3461 1319 3515 vel
1348 3461 1650 3530 depluratio
1669 3461 1895 3516 delicto-

305 3571 459 3610 rum.
491 3533 645 3620 Quod
676 3554 723 3607 si
754 3554 872 3623 quis
907 3562 992 3608 est
1019 3555 1110 3622 qui
1141 3553 1241 3608 sibi
1282 3554 1349 3608 de
1394 3555 1682 3625 praeteritis
1712 3555 1894 3610 illam

262 3634 264 3636 V
305 3647 442 3701 vita:
491 3647 698 3701 meritis
742 3646 1068 3711 blandiatur,
1117 3655 1172 3700 et
1218 3645 1396 3702 adhuc
1449 3648 1788 3702 innocentem
1834 3663 1898 3702 se

305 3739 578 3795 transisse
609 3748 754 3806 putet
783 3739 846 3793 ad
875 3739 1090 3794 Domini
1107 3741 1448 3806 servitutem,
1473 3754 1529 3796 et
1557 3742 1678 3797 ideo
1699 3758 1757 3798 sc
1773 3757 1897 3798 cre-

304 3830 456 3884 didit
495 3829 696 3884 debere
729 3845 850 3885 esse
879 3845 1148 3898 securum,
1183 3833 1281 3887 iste
1311 3833 1426 3888 talis
1450 3835 1700 3902 respiciat
1735 3850 1900 3904 qmm'

302 3922 508 3977 incerti
535 3931 588 3977 et
607 3938 766 3993 quam
793 3923 980 3979 lubrici
1009 3925 1120 3978 sint
1147 3924 1323 3980 exitus
1348 3928 1492 3988 vitae,
1526 3926 1593 3980 de
1622 3943 1727 3994 qua
1764 3929 1898 3982 diei~

305 4025 439 4070 tur:
465 4013 855 4068 Ns-laudavm's
883 4016 1138 4068 hominem
1160 4017 1212 4067 in
1234 4016 1337 4068 vita
1355 4033 1452 4070 sua
1474 4015 1664 4087 (Ecclr'.
1687 4033 1758 4084 χι,
1779 4021 1894 4087 50);

309 4117 373 4164 et
401 4122 522 4162 cum
555 4107 656 4164 hoc
678 4109 951 4178 prospexit
975 4107 1155 4179 [Forte
1177 4108 1558 4181 prospexerit],
1593 4112 1801 4166 etiamsi
1827 4113 1898 4168 de

305 4199 598 4270 praeterito
619 4207 770 4268 putat
790 4213 846 4254 se
869 4214 974 4255 non
997 4199 1198 4255 habere
1223 4199 1364 4270 quod
1394 4201 1594 4270 lugeat,
1621 4203 1690 4257 de
1719 4203 1896 4258 futuro

308 4291 556 4346 inveniet
587 4291 786 4348 habere
814 4295 958 4359 quod
1007 4293 1211 4347 timeat.
1241 4292 1410 4348 Nenm
1439 4309 1568 4363 ergo
1609 4295 1675 4349 dc
1708 4305 1897 4361 praste-

309 4383 444 4439 ritis
461 4397 684 4438 securus
705 4386 800 4438 sit.
823 4384 976 4437 Tanti
1006 4384 1179 4452 laquei
1203 4385 1400 4453 objecti
1425 4395 1552 4440 sunt
1579 4396 1702 4440 ante
1733 4389 1900 4454 pedes

311 4473 512 4530 anima:
559 4485 782 4540 nostras,
825 4483 932 4528 tam
979 4476 1246 4530 innumeri
1282 4477 1463 4532 hostes
1509 4476 1801 4532 observant
1842 4488 1902 4533 es

1998 3275 2294 3329 subducat?
2320 3275 2552 3345 ideoque
2581 3275 2754 3330 omnis
2789 3277 3139 3345 prosperitas,
3174 3277 3468 3348 omnisque
3503 3279 3582 3333 la-

1996 3368 2184 3422 borum
2231 3366 2282 3419 in
2321 3366 2426 3422 fine
2454 3368 2719 3422 consistit.
2761 3364 2894 3421 Cum
2926 3376 3104 3422 autem
3152 3367 3255 3422 illis
3285 3368 3578 3424 dolendum

1996 3461 2072 3514 sit
2116 3460 2208 3530 qui
2259 3460 2384 3514 hinc
2433 3472 2553 3529 post.
2604 3462 2769 3516 multa
2821 3461 3061 3516 laborum
3111 3461 3402 3529 stipendia,
3455 3474 3581 3533 post

1995 3551 2326 3622 aliquantum
2355 3567 2619 3607 annorum
2653 3553 2973 3623 profectum,
3004 3555 3270 3625 aliquibus
3298 3556 3582 3612 desideriis

1996 3644 2404 3710 abstrahuntur,
2435 3646 2560 3714 quid
2590 3645 2657 3700 de
2689 3645 2794 3700 illis
2834 3648 2941 3701 erit
2974 3648 3065 3717 qui
3099 3648 3184 3702 hic
3215 3660 3446 3718 quatuor
3487 3661 3581 3705 aut

1997 3739 2232 3809 quinque
2259 3754 2428 3793 annos
2455 3739 2825 3808 longissimum
2869 3748 3081 3807 tempus
3111 3742 3360 3805 credunt,
3392 3753 3447 3796 et
3467 3757 3582 3796 om-

1998 3844 2121 3885 nem
2148 3831 2372 3900 reliquae
2402 3832 2530 3886 vitae
2558 3838 2788 3885 tractum
2816 3831 2866 3882 in
2899 3830 3081 3883 saeculi
3114 3833 3352 3885 vanitate
3381 3846 3579 3886 consu-

1999 3922 2186 3975 munt?
2226 3921 2363 3976 Dum
2405 3922 2564 3977 etiam
2602 3934 2778 3976 annus
2808 3920 2988 3975 saeculi
3020 3920 3237 3976 labores
3265 3931 3478 3976 nostros
3529 3925 3579 3978 in

2001 4030 2185 4070 eremo
2231 4015 2525 4085 acquisitos
2575 4015 2646 4070 ita
2680 4014 2850 4086 possit
2898 4015 3201 4080 absumere,
3246 4017 3515 4085 quomodo
3537 4020 3581 4072 si

2001 4122 2150 4161 mare
2197 4122 2446 4178 magnum
2493 4108 2868 4176 parvissimum
2906 4108 3040 4160 intra
3083 4121 3142 4161 sc
3165 4107 3393 4161 rivulum
3443 4108 3584 4161 reci-

2001 4199 2106 4268 piat
2139 4207 2195 4254 et
2221 4201 2528 4264 absorbeat,
2551 4210 2711 4270 atque
2738 4200 2786 4254 ei
2816 4215 2916 4255 nec
2939 4214 3136 4254 nomen
3169 4200 3454 4268 relinquat.
3481 4199 3584 4254 Nc-

2003 4292 2116 4345 seio
2145 4292 2208 4344 ad
2231 4307 2349 4360 qune
2371 4293 2514 4345 lucra
2545 4294 2775 4346 velimus
2800 4291 2853 4346 in
2883 4292 2975 4346 illo
3003 4293 3200 4346 sacculo
3221 4291 3423 4346 vivere.
3451 4291 3582 4346 Nam

2002 4397 2124 4436 cum
2149 4381 2236 4435 hic
2257 4383 2458 4450 glande
2479 4392 2695 4450 putetur
2719 4383 2973 4437 damnum
2993 4397 3096 4437 non
3118 4383 3358 4453 quotidie
3382 4384 3582 4455 aliquid

2004 4472 2345 4539 acquiri,illie
2372 4471 2594 4540 grandis
2631 4483 2867 4541 quaestus
2905 4486 3026 4527 esse
3057 4474 3326 4542 putandus
3362 4486 3464 4541 est,
3497 4477 3585 4531 vel

310 4567 630 4622 custodiunt
656 4567 760 4622 iter
803 4575 1068 4629 ostrum,
1115 4576 1275 4621 tanta
1296 4567 1468 4623 foveae
1503 4577 1559 4622 et
1588 4577 1734 4622 tanta
1768 4583 1900 4637 pro.
1927 4574 1981 4634 D
2006 4560 2265 4629 acquisita
2317 4577 2422 4614 non
2478 4562 2738 4628 perdere:
2783 4563 2894 4630 ubi,
2931 4565 3165 4632 inquam,
3213 4581 3378 4637 grave
3421 4569 3588 4624 detri-

309 4667 497 4728 rupta,
529 4667 691 4714 tanta
717 4671 897 4712 rerum
917 4656 1260 4712 difficultates
1287 4657 1608 4724 interiacent
1637 4662 1777 4716 inter
1799 4675 1902 4717 nos

309 4762 373 4807 et
413 4749 578 4804 finem
605 4758 884 4814 nostrum;
918 4750 1006 4804 via
1033 4749 1165 4815 ipsa,
1194 4764 1311 4819 quae
1338 4766 1432 4819 per
1472 4767 1530 4805 se
1561 4760 1708 4806 artta
1736 4760 1902 4823 atque

308 4840 492 4898 ardua
515 4848 620 4906 est,
654 4840 818 4896 tantis
853 4840 1172 4909 spiritalium
1204 4840 1471 4895 latronum
1518 4841 1729 4897 insidiis
1757 4842 1900 4898 obsi-

308 4935 497 4997 detur.
533 4941 710 4990 tantos
738 4948 834 4989 nos
864 4934 1115 5001 scopulos
1144 4942 1426 5003 tantosque
1456 4937 1646 4990 llnctus
1671 4939 1900 4994 transire

311 5039 550 5080 necesse
571 5033 658 5082 est
677 5034 732 5079 et
760 5023 962 5091 videre,
995 5037 1280 5094 antequam
1305 5026 1599 5082 ancltoram
1627 5036 1815 5097 optato
1845 5030 1897 5084 in

312 5118 500 5174 littore
525 5115 870 5182 collocemus,
905 5123 961 5170 et
992 5124 1240 5184 pommus
1271 5131 1368 5172 nos
1397 5117 1474 5174 de
1496 5119 1782 5183 praeteritis
1802 5119 1898 5176 de-

315 5211 448 5276 bere
470 5223 591 5266 esse
617 5223 861 5274 securos,
892 5209 1080 5263 etsine
1108 5208 1417 5277 quotidiana
1441 5224 1591 5275 cura,
1623 5210 1740 5264 sine
1765 5225 1898 5278 quo-

320 5300 524 5370 tidiana
566 5301 764 5360 timore
806 5307 862 5355 et
890 5308 1124 5355 tremore
1153 5300 1295 5355 diem
1329 5310 1570 5355 nostrum
1604 5302 1906 5370 transigere-

321 5391 568 5460 deberet.
581 5392 713 5464 Quis
743 5390 1012 5448 transiens
1050 5405 1214 5459 super
1239 5390 1464 5460 alicujus
1491 5391 1753 5459 profunda
1803 5391 1904 5446 llu-

317 5484 482 5546 minis,
508 5483 920 5551 μανι-τεκεὼαίιηὶ
948 5485 1128 5552 pontis
1157 5485 1452 5552 angustius,
1486 5483 1698 5538 etiamsi
1730 5483 1900 5552 majo-

321 5583 674 5644 rem.parte__nt_
689 5577 952 5640 inoil‘extso
985 5576 1337 5632 transmiserit
1361 5577 1518 5644 pede,
1545 5576 1656 5645 jam
1686 5575 1896 5645 pericu-

317 5663 430 5726 lum
448 5667 683 5736 evasisse
714 5681 774 5732 se
801 5667 1006 5732 credat,
1039 5682 1161 5722 cum
1201 5667 1250 5720 in
1284 5665 1456 5722 ultimi
1490 5668 1667 5734 pontis
1692 5668 1886 5736 spatio,

312 5755 670 5830 timentium.
690 5756 996 5822 titubaverit
1018 5773 1200 5824 casum
1236 5773 1398 5828 quem
1423 5758 1478 5812 in
1508 5757 1688 5815 medio
1718 5760 1894 5825 spatio

2005 4661 2241 4704 mentum
2283 4651 2540 4719 creditur,
2581 4667 2686 4707 non
2717 4654 2955 4723 quotidie
3001 4657 3281 4726 proﬁcere,
3338 4660 3409 4715 ibi
3458 4675 3588 4716 vero

2005 4757 2216 4797 summa
2247 4745 2416 4798 virtus
2443 4755 2525 4798 est
2556 4760 2663 4799 non
2708 4747 2904 4814 perire.
2941 4747 3170 4817 Ideoque
3213 4750 3258 4804 si
3301 4750 3476 4806 adhuc
3506 4759 3585 4807 te-

2006 4850 2138 4889 nues
2165 4849 2228 4890 ac
2259 4850 2526 4904 pauperes
2564 4851 2773 4904 sumus,
2807 4837 2893 4894 hic
2921 4838 3124 4910 aliquid
3148 4843 3407 4911 consequi
3442 4844 3588 4896 labo-

2006 4937 2204 4982 remus.
2247 4928 2308 4984 Si
2339 4943 2470 4984 vero
2507 4929 2710 4998 aliquid
2760 4933 3033 4988 consecuti
3078 4946 3285 4998 sumus,
3318 4933 3406 4988 hic
3455 4936 3584 4990 illud

2003 5036 2224 5078 servare
2251 5035 2520 5076 curemus.
2557 5021 2669 5076 Hoc
2699 5023 2874 5078 solum
2906 5025 3060 5080 nobis
3103 5025 3157 5079 in
3203 5026 3587 5096 compendium

2006 5117 2110 5168 erit
2138 5126 2194 5169 et
2217 5115 2493 5184 gaudium,
2521 5116 2666 5184 quod
2700 5115 2785 5170 hic
2835 5116 3059 5170 Domino
3089 5118 3404 5172 vixerimus.
3438 5117 3588 5174 Ideo-

2004 5221 2109 5272 que
2154 5207 2406 5274 quamdin
2439 5205 2526 5260 hic
2569 5208 2934 5272 consistimus,
2982 5210 3034 5261 in
3072 5208 3299 5262 arbitrio
3329 5217 3428 5275 est,
3465 5224 3587 5265 cum

2005 5296 2137 5352 velis
2177 5298 2243 5350 ad
2272 5297 2526 5351 saeculum
2555 5297 2849 5352 declinare.
2878 5296 3012 5352 Cum
3050 5315 3178 5354 vero
3205 5299 3584 5367 declinaveris,

2002 5388 2111 5458 jam
2140 5387 2361 5442 difﬁcile
2382 5403 2446 5443 ac
2469 5404 2604 5457 pene
2636 5389 2964 5456 impossibile
2989 5391 3091 5445 erit
3125 5391 3190 5446 ad
3217 5392 3392 5446 locum
3428 5393 3588 5449 istum

2008 5481 2092 5534 vel
2123 5479 2451 5550 cogitatione
2490 5481 2782 5550 respicere.
2807 5482 2958 5547 Quod
2991 5483 3035 5536 si
3064 5483 3264 5552 aliquis
3287 5484 3409 5538 ideo
3433 5500 3589 5540 secu-

2006 5591 2124 5628 rum
2158 5589 2216 5630 se
2249 5584 2399 5643 putat
2420 5575 2487 5629 de
2517 5574 2619 5630 hoc
2650 5574 2770 5629 loco
2792 5575 3082 5644 aliquando
3108 5592 3265 5646 posse
3286 5578 3587 5642 discedere,

2004 5669 2258 5736 quoniam
2287 5669 2372 5721 hic
2401 5667 2540 5720 bene
2579 5668 2896 5724 cucurrerit.
2935 5667 3080 5736 quod
3129 5668 3216 5723 hic
3256 5669 3482 5724 multum
3515 5672 3590 5723 la-

2004 5758 2312 5822 boraverit,
2369 5759 2456 5814 hic
2505 5759 2626 5815 talis
2675 5757 2779 5813 hoc
2810 5761 2919 5827 agit
2946 5797 2962 5826 ,
3005 5759 3279 5828 quomodo
3306 5763 3356 5816 si
3395 5761 3594 5828 aliqth
