4042 6188
409 284 515 348 an
1409 281 1464 340 s.
1507 280 1831 338 EUCIIERll
1871 268 2352 339 LUGMJNENSIS
2388 279 2690 337 EPISCOl’l
3588 281 3692 343 sta

406 410 690 459 oneratam
719 396 988 450 mercibus
1019 407 1205 447 navem
1235 391 1301 445 de
1349 403 1504 460 portu
1537 393 1734 459 solvat,
1776 402 1830 447 et
1861 402 1997 446 tem-
2028 395 2074 453 Α
2105 391 2310 445 lissimo
2340 393 2458 447 sinu
2496 391 2790 460 quamlibet
2817 391 3114 461 negligens,
3155 384 3451 459 quamlibet
3478 393 3694 462 tepidus

409 493 709 567 pcmﬁbus
747 490 940 552 υ-ηάηι,
970 496 1024 540 oi
1069 486 1134 538 ad
1166 486 1416 554 sellplll‘ls
1443 496 1604 555 atquc
1631 486 1696 539 ad
1733 502 1860 540 saxa
1900 486 1998 540 de-
2104 500 2209 538 non
2241 485 2291 537 in
2329 501 2551 538 vacuum
2579 485 2840 544 cucurrit.
2867 484 2956 553 qui
2983 482 3046 537 ad
3077 483 3312 553 palmam
3344 499 3694 543 consumma-

406 594 677 654 torqueat.
731 583 942 647 Quanto
992 578 1162 647 magis
1220 577 1399 647 itaque
1450 578 1795 638 laboramus.
1845 587 1998 632 tanto
2103 577 2268 633 tionis
2292 577 2698 648 perseverando
2729 575 3055 644 pervenerit.

386 678 680 768 icautiores
719 685 840 725 esse
886 669 1169 768 debet-tius:
1195 667 1621 768 Prolicientibus
1667 669 1829 768 enim.
1865 667 1995 721 iusi-
2693 709 2978 768 "(mnu
3018 707 3085 766 γι

379 745 582 820 ίιιὶιιιυι·
612 762 882 826 inimicus,
912 769 963 813 et
1000 757 1087 812 ubi
1123 757 1270 812 videt
1295 758 1528 826 aliquam
1556 774 1731 827 spem,
1763 758 1995 827 aliquam

2693 745 2946 768 IlVJlII—I.

362 844 650 927 gratiam,
688 856 756 910 ibi
790 866 1062 921 tamquam
1110 853 1193 906 leo
1236 853 1452 922 rugiens
1480 863 1536 906 et
1563 853 1888 906 circumiens
1927 850 1995 904 ad

2695 824 2778 879 Ad
2803 824 3099 879 monachos.

375 940 771 1026 {invadendum
795 946 1029 1016 praedam
1063 955 1206 1000 totus
1232 943 1598 1008 incnmbit;et
1623 944 1741 997 ideo
1769 945 1890 1010 quia
1910 941 1996 996 hic
2171 943 2249 998 Ad
2297 943 2399 996 hoc
2439 942 2504 996 ad
2539 941 2701 995 istum
2749 940 2927 994 locum
2958 939 3333 1004 convenimus.
3382 941 3590 1010 fratres,
3623 957 3682 1002 ut

373 1040 592 1109 ,positis
625 1053 820 1091 nocere
849 1053 952 1089 non
980 1037 1257 1104 prievalet,
1289 1037 1404 1089 vult
1431 1036 1640 1104 aliquos
1666 1036 1842 1088 minus
1869 1048 1996 1087 eau-

400 1144 485 1186 tos
533 1146 627 1200 per
656 1129 1013 1197 cogitatiooes
1057 1142 1120 1180 ac
1151 1144 1245 1196 per
1285 1127 1530 1181 diversas
1564 1125 1891 1181 tentationes
1927 1141 1994 1180 ex

400 1225 504 1282 hoc
528 1226 646 1279 loco
667 1220 1089 1290 quodammodo,
1119 1220 1270 1289 quasi
1291 1232 1444 1274 extra
1464 1229 1642 1274 castra
1674 1218 1991 1288 producere,

399 1329 454 1372 et
482 1316 632 1386 quasi
665 1317 731 1369 de
764 1312 1124 1367 munitissima
1157 1327 1283 1366 arce
1327 1313 1620 1380 deponere,
1669 1321 1720 1364 et
1748 1325 1869 1363 cum
1901 1309 1995 1364 de-

399 1409 679 1480 posuerit,
725 1407 871 1462 velut
915 1405 984 1460 de
1024 1405 1146 1458 loco
1192 1406 1471 1473 superiore
1524 1402 1813 1470 conﬂigere
1865 1420 1879 1458 :
1938 1410 1997 1455 ut

398 1503 610 1558 etiamsi
653 1516 842 1554 navem
878 1513 986 1551 non
1026 1497 1172 1550 valet
1215 1511 1479 1565 nie'gere,
1514 1497 1702 1549 saltem
1734 1510 1798 1548 ex
1830 1493 1996 1547 tletti-

399 1597 595 1651 mentis
645 1605 698 1649 et
729 1595 962 1656 damnis,
997 1606 1115 1660 quae
1145 1590 1425 1642 abundant
1471 1589 1520 1640 in
1550 1587 1770 1652 sarculo,
1800 1586 1994 1653 jucun-

398 1689 677 1742 dissiniam
717 1684 952 1754 prardant
996 1682 1219 1736 referat.
1253 1679 1512 1735 [inmittet
1555 1679 1785 1749 prituttttt
1819 1678 1994 1730 inten-

2098 1033 2326 1088 Domino
2367 1045 2554 1089 uouro
2580 1047 2771 1086 vacare
2799 1030 3089 1100 pos.~imus,
3122 1047 3229 1087 non
3260 1032 3344 1088 his
3371 1036 3529 1091 rebus
3563 1037 3683 1108 qui-

2100 1126 2199 1182 bus
2250 1136 2435 1182 noster
2478 1127 2776 1182 delectatur
2825 1124 3095 1180 inimicus.
3148 1124 3366 1180 Certum
3417 1138 3502 1184 est
3543 1130 3689 1198 quod

2097 1221 2312 1291 quando
2338 1237 2398 1276 ca
2429 1236 2549 1291 qua:
2570 1220 2634 1273 ad
2667 1219 2923 1273 tia-culum
2955 1218 3222 1288 pertinent
3255 1220 3528 1289 loquimur
3548 1263 3564 1286 ,
3597 1232 3690 1278 aut

2098 1314 2278 1367 nimiis
2305 1312 2822 1367 nutrmuratiouibus
2842 1322 2895 1366 et
2923 1310 3402 1366 obtrectationibus
3421 1327 3522 1366 nos
3545 1328 3688 1368 tuor-

2098 1405 2310 1471 demus,
2347 1405 2436 1459 ille
2468 1405 2626 1459 horas
2650 1414 2866 1457 nostras
2898 1404 3006 1456 Deo
3030 1403 3298 1466 subtrahi,
3336 1416 3388 1458 et
3421 1407 3525 1459 sibi
3556 1420 3689 1475 gnu-

2098 1497 2187 1550 det
2219 1497 2453 1567 τιιιιιιίι·ἱ.
2488 1497 2627 1564 Quid
2663 1497 2880 1566 prodest
2910 1496 3052 1565 quod
3083 1511 3181 1551 uos
3209 1497 3463 1564 pretiosis
3491 1499 3686 1569 vgtliis

2099 1586 2479 1655 laboribu~qttc
2529 1588 2868 1653 conﬁcimus,
2919 1597 2974 1642 ct
3014 1603 3076 1640 ea
3125 1604 3243 1654 qua:
3272 1590 3510 1646 maxime
3551 1592 3688 1649 Deus

2098 1693 2282 1735 noster
2320 1680 2595 1734 desiderat
2641 1697 2745 1734 nou
2795 1679 3088 1735 habemus?
3121 1681 3222 1735 hoc
3261 1691 3368 1746 est,
3411 1699 3510 1738 cor
3538 1702 3690 1741 mun—

399 1784 573 1835 tiones
614 1781 876 1841 diversas,
922 1775 1291 1846 indignitates,
1323 1775 1735 1827 animositates:
1782 1781 1838 1824 ιιι
1866 1770 1993 1824 dum
2031 1767 2072 1826 Β
2101 1772 2228 1827 dum
2281 1784 2333 1827 et
2386 1773 2617 1827 Lberutn
2668 1775 2736 1825 ab
2778 1772 2894 1826 istis
2941 1773 3182 1826 minutiis
3212 1775 3687 1845 ttegligentiarum:

399 1876 562 1928 homo
588 1871 731 1940 quod
764 1870 931 1925 semel
960 1868 1268 1930 destinavit,
1302 1876 1464 1934 atque
1494 1865 1545 1917 in
1589 1865 1772 1918 furore
1803 1863 1996 1917 delini-

399 1966 502 2028 vit,
535 1962 758 2030 implere
785 1959 1094 2023 contendit,
1145 1973 1251 2011 non
1283 1960 1483 2026 cogitet
1510 1956 1768 2010 damnum
1811 1970 1991 2022 suum,

398 2073 505 2110 non
530 2055 780 2124 rc~piciat
809 2052 874 2106 ad
906 2052 1147 2112 ruinam;
1181 2061 1234 2104 et
1265 2065 1386 2104 eum
1419 2050 1567 2103 illum
1600 2047 1712 2119 [ΑΙ.
1751 2046 1868 2118 illo]
1901 2047 1997 2101 de—

399 2149 666 2218 posuerit,
700 2158 824 2200 tunc
853 2147 905 2200 in
939 2145 1109 2199 nihilo
1147 2146 1255 2213 jam
1290 2146 1465 2198 l'utura
1501 2143 1779 2212 pmnitudo
1810 2157 1996 2195 succe-

398 2241 498 2295 dit.
534 2243 629 2296 llic
657 2255 862 2304 smnus,
893 2251 946 2292 et
985 2238 1081 2292 toti
1115 2252 1221 2290 nou
1250 2252 1455 2290 sumus.
1506 2239 1611 2290 Aut
1639 2236 1781 2288 enim
1813 2235 1996 2287 eordis

398 2332 817 2401 cogitationibus
855 2329 1017 2381 variis
1067 2338 1120 2381 et
1171 2328 1434 2395 improbis
1479 2337 1644 2394 atque
1696 2326 1996 2379 inhonestis

401 2424 691 2494 agitamnr.
724 2433 812 2474 aut
855 2420 1137 2474 venenatis
1170 2419 1365 2488 lingua:
1406 2417 1598 2486 gladiis
1629 2417 1994 2485 vulnerantur,

400 2531 498 2583 pro
527 2512 765 2567 minimis
793 2523 846 2566 et
876 2510 1211 2579 parvissitnis
1239 2510 1400 2564 rebus
1430 2509 1880 2572 scattdalizantes,
1916 2508 1997 2562 in-

400 2607 609 2661 terdqu
640 2606 799 2659 etiam
833 2602 998 2673 (quod
1023 2601 1345 2656 monachum
1375 2617 1480 2653 non
1506 2601 1686 2669 decet)
1720 2602 1770 2653 iu
1797 2601 1921 2654 lites
1941 2611 1998 2656 et

398 2699 568 2768 iurgia
588 2705 1023 2766 prorumpentes,
1042 2694 1313 2747 interdum
1337 2692 1726 2762 professionem
1753 2703 1994 2746 no~tram

398 2790 600 2857 regula:
631 2788 1064 2857 transgressione
1088 2787 1372 2851 violamns,
1406 2787 1605 2838 furtum
1635 2785 1834 2839 inferre
1862 2800 1998 2854 pra:-

400 2882 612 2951 positis.
640 2882 805 2934 ittttnu
836 2880 1122 2933 animabus
1154 2880 1352 2932 llOelt‘iS
1378 2881 1479 2931 sub
1521 2877 1613 2931 Dei
1648 2879 1821 2932 oeulis
1848 2893 1998 2932 eom-

402 2974 620 3029 mittere
669 2989 773 3027 non
830 2972 1079 3026 timentes
1130 2990 1142 3024 :
1185 2971 1326 3038 quod
1376 2986 1536 3038 agere
1577 2969 1678 3023 sub
1710 2968 1996 3039 praesentia

399 3065 810 3134 prmpositorum
856 3079 1126 3122 veremur,
1173 3064 1276 3115 sub
1323 3061 1418 3117 Dei
1448 3061 1623 3117 oculis
1653 3063 1996 3119 counnittere

398 3173 506 3210 non
539 3159 826 3221 timemus;
882 3173 984 3209 uott
1017 3155 1256 3210 eouieuti
1285 3171 1470 3208 sumus
1514 3158 1857 3220 necessariis,
1897 3157 1991 3211 sed
2021 3147 2065 3206 C

404 3264 623 3302 rursum
668 3264 763 3316 per
801 3248 979 3301 cordis
1019 3257 1259 3314 tepOrem
1285 3247 1710 3317 abundantiam,
1755 3265 1912 3318 qunu
1946 3251 1996 3304 itt

399 3344 600 3394 saeculo
643 3342 1018 3409 relinquimtts,
1061 3340 1456 3394 desideramus.
1511 3341 1666 3397 Unde
1715 3360 1818 3396 non
1868 3345 1998 3398 satis

402 3435 785 3506 prodestquod
809 3454 834 3486 a
863 3436 1017 3489 nobis
1048 3437 1476 3505 qualescumque
1502 3437 1785 3494 facultates
1813 3440 1999 3494 exciu-

400 3531 597 3593 simus,
630 3529 846 3597 quando
874 3528 1003 3596 ipsa:
1029 3529 1078 3581 iu
1114 3529 1269 3581 nobis
1300 3529 1618 3584 resederunt
1649 3532 1992 3596 cupiditates.

399 3621 529 3678 lude
560 3630 644 3675 est
670 3621 810 3690 quod
837 3621 1102 3674 interdum
1141 3621 1209 3675 de
1234 3621 1394 3676 rebus
1424 3625 1759 3692 parvissintis
1789 3625 1995 3680 excita-

401 3731 543 3780 tnur,
572 3723 628 3769 et
667 3729 763 3784 pro
790 3716 976 3769 vilium
1018 3730 1197 3770 rerum
1231 3719 1473 3783 appetitu
1506 3717 1792 3772 vili-simas
1824 3718 2000 3772 inten-

401 3810 574 3862 t'oues
607 3822 909 3861 movemus.
965 3808 1076 3862 lloc
1119 3808 1329 3876 quare?
1359 3810 1491 3874 Quia
1542 3809 1669 3862 licet
1714 3809 1998 3879 reliqueri-

399 3916 520 3954 mus
551 3900 602 3953 itt
651 3900 809 3953 rebus
839 3902 1109 3954 exteriora
1145 3901 1307 3964 bona,
1349 3901 1525 3953 adhuc
1558 3909 1735 3952 latnt-tt
1783 3899 1836 3952 itt
1881 3915 1998 3952 cor-

403 3993 562 4045 dibus
602 3993 738 4045 mala
785 3993 1038 4044 interiora
1072 3992 1396 4054 retinemus;
1447 4000 1500 4044 ct
1533 3991 1674 4043 inter
1709 3990 1827 4043 haec
1856 4004 1994 4058 quo-

399 4086 563 4140 modo
591 4085 827 4140 exsultat
853 4083 1200 4138 adversarius
1227 4092 1431 4147 noster,
1465 4083 1681 4150 quando
1714 4098 1811 4137 nos
1848 4082 1997 4137 videt

402 4181 467 4232 ad
512 4180 613 4233 hoc
644 4183 872 4232 maxima
905 4177 1319 4244 contempsisse,
1364 4186 1422 4229 ιιι
1468 4175 1520 4227 in
1553 4173 1788 4228 minimis
1815 4175 1996 4231 defor-

399 4276 540 4326 mius
574 4271 948 4326 vinceremur?
971 4269 1200 4339 ideoque
1230 4285 1291 4323 ea
1323 4283 1442 4338 quae
1469 4269 1598 4322 foris
1629 4270 1805 4336 posita
1839 4278 1996 4324 erant

397 4366 665 4435 alijecissc
705 4367 775 4420 ttil
812 4365 1055 4431 prodi-sl,
1086 4363 1190 4420 nisi
1221 4365 1384 4418 etiam
1408 4379 1496 4428 ea,
1518 4379 1638 4433 qua:
1663 4361 1805 4416 intus
1831 4363 1998 4432 ip~itts

401 4473 595 4511 annue
629 4457 924 4510 visceribus
971 4455 1341 4520 milia-Serum,
1381 4455 1640 4510 radicitus
1670 4456 1993 4511 evellmtur.

400 4547 558 4604 Unde
588 4559 642 4602 et
683 4551 970 4618 Apostolus
1013 4563 1117 4602 non
1162 4549 1319 4612 dixit,
1363 4563 1552 4601 aurum
1582 4547 1664 4602 vel
1711 4563 1875 4616 argeu
1905 4564 1994 4601 um
2027 4523 2076 4582 θ

398 4641 555 4694 radix
581 4651 653 4693 est
681 4641 909 4693 omnium
935 4641 1209 4705 malorum,
1241 4641 1333 4694 sed
1375 4640 1544 4708 magis
1573 4640 1830 4710 cupiditas
1861 4640 1996 4694 divi-

399 4735 587 4786 tiarum
615 4731 657 4804 (l
700 4731 831 4786 Tim.
864 4748 939 4797 γι,
984 4731 1103 4803 20);
1142 4742 1196 4787 et
1228 4747 1332 4787 non
1359 4732 1535 4786 solum
1565 4732 1782 4795 divites,
1821 4736 1914 4788 sed
1943 4745 1997 4789 et

397 4829 483 4896 qui
516 4829 688 4880 volunt
716 4827 895 4880 divites
919 4825 1053 4894 ﬁeri,
1081 4825 1308 4879 incidere
1336 4826 1387 4878 in
1411 4824 1655 4893 laqueum
1679 4836 1728 4881 et
1751 4827 1996 4881 tentorio-

397 4937 511 4975 neut
546 4921 586 4991 (l
632 4919 765 4974 Tim.
800 4934 873 4984 vt,
905 4918 983 4989 9).
1023 4918 1162 4988 Ergo
1199 4917 1495 4986 Apostolus
1537 4934 1646 4974 non
1675 4920 1848 4973 solum
1897 4919 1992 4973 ha-

401 5013 613 5077 bentes,
648 5013 741 5066 sed
773 5012 943 5078 ipsam
992 5011 1222 5065 habendi
1259 5012 1601 5079 persequitur
1629 5013 1989 5066 voluntatem.

397 5105 634 5176 Ideoque
665 5105 796 5158 nihil
829 5104 1041 5172 prolicit
1081 5105 1241 5157 homo
1269 5104 1623 5175 relinquendo
1663 5107 1806 5176 quod
1842 5116 1994 5159 estra

399 5216 460 5251 se.
487 5209 566 5253 esi
597 5198 704 5271 [AL
731 5195 940 5270 habet],
970 5200 1058 5264 qui
1088 5198 1215 5251 vitia
1247 5199 1384 5252 intra
1418 5214 1477 5253 so
1506 5207 1671 5253 tenet.
1702 5199 1884 5268 Itaque
1917 5199 1997 5269 (ut

393 5292 555 5361 dixi),
603 5298 822 5357 fratres,
866 5291 953 5346 hic
984 5305 1190 5359 sumus,
1224 5301 1278 5346 et
1312 5294 1405 5346 toti
1437 5308 1542 5348 non
1573 5307 1790 5359 sumus;
1825 5303 1877 5347 ct
1904 5295 1992 5364 qui

394 5385 536 5440 intra
563 5403 750 5442 nmros
779 5387 934 5456 positi
965 5387 1051 5441 vix
1084 5387 1412 5452 resistimus,
1443 5387 1495 5440 in
1523 5388 1725 5441 sa~culo
1749 5388 1986 5454 expositi

396 5483 522 5552 quid
557 5483 844 5539 fariemus?
875 5482 1121 5549 Qualiter
1149 5492 1296 5536 stare
1325 5490 1580 5551 poterunt
1606 5483 1655 5535 iu
1689 5482 1875 5544 fluctu,
1908 5489 1989 5534 at-

396 5589 502 5642 que
541 5574 592 5628 in
641 5577 760 5642 ipso
785 5573 1189 5627 collttctautitttn
1225 5581 1601 5642 tempestatum
1647 5574 1867 5641 impetu,
1897 5574 1987 5642 qui

397 5672 510 5716 tam
564 5667 796 5728 graviter
851 5663 1222 5728 periclitantur
1288 5666 1340 5719 iu
1402 5665 1592 5730 portu?
1645 5663 1876 5732 ldeoipte
1935 5669 1988 5722 in

400 5755 658 5858 quantum
686 5762 990 5819 possumus,
1035 5752 1256 5812 stabiles
1287 5754 1475 5820 simus,
1513 5755 1563 5809 in
1598 5752 1700 5810 hoc
1731 5755 1991 5824 tranquil-

2100 1877 2236 1933 quos
2262 1862 2350 1933 qui
2384 1879 2487 1916 non
2516 1863 2769 1916 observat
2797 1864 3052 1934 paulatim
3077 1863 3283 1930 deﬂuit,
3315 1876 3368 1920 et
3388 1867 3454 1920 ad
3487 1867 3688 1938 majora

2100 1956 2419 2025 prolabitur.
2455 1953 2587 2009 Illud
2623 1971 2754 2025 ergo
2809 1956 3073 2026 imprimis
3116 1956 3317 2011 habere
3354 1959 3681 2026 studeamus,

2101 2048 2243 2117 quod
2271 2048 2322 2101 in
2357 2048 2512 2104 nobis
2536 2048 2794 2101 Dominus
2819 2058 3004 2101 noster
3029 2056 3325 2111 exsttectat,
3357 2049 3406 2102 id
3426 2057 3532 2114 est,
3559 2063 3684 2104 sua-

2102 2157 2220 2195 vem
2253 2143 2650 2208 benignumque
2672 2157 3000 2206 sermonem,
3036 2152 3272 2196 mentem
3303 2143 3368 2196 ab
3393 2143 3540 2197 omni
3571 2159 3684 2198 ma-

2101 2233 2320 2297 ledicto,
2351 2233 2420 2285 ab
2445 2234 2592 2287 omni
2617 2233 2818 2286 malitia
2852 2233 3097 2297 liberam,
3123 2243 3177 2286 et
3198 2233 3442 2288 desitatis
3465 2234 3553 2290 his
3577 2235 3688 2305 qui-

2101 2329 2202 2382 bus
2232 2328 2462 2397 Spiritus
2501 2339 2721 2380 sanctns
2769 2326 3087 2389 ollenditur,
3137 2326 3460 2391 humilitati,
3493 2327 3689 2395 quieti,

2101 2419 2353 2476 charitati
2384 2435 2602 2488 operam
2627 2420 2815 2474 dantes
2839 2416 3231 2490 [ALdantmn]:
3261 2420 3376 2473 ha-c
3399 2429 3527 2473 sunt
3556 2435 3693 2490 pra!-

2101 2514 2256 2581 cipua
2307 2511 2594 2578 saeriticia,
2650 2510 2764 2564 lia-c
2817 2511 3028 2578 pinguia
3078 2510 3412 2574 holocausta,
3465 2525 3590 2579 qua:
3636 2508 3693 2567 in

2099 2614 2394 2672 conspectu
2445 2602 2655 2656 Domini
2696 2602 2748 2654 in
2778 2602 2999 2656 odorem
3049 2601 3328 2655 suavitatis
3366 2600 3689 2671 ascendunt,

2103 2695 2206 2750 hoe
2232 2696 2393 2750 etiam
2436 2695 2671 2748 maxime
2709 2693 3043 2757 Studeamus,
3075 2703 3133 2746 ut
3169 2693 3257 2747 illa
3282 2709 3403 2763 quae
3435 2694 3490 2746 itt
3518 2694 3690 2748 bono-

2101 2805 2217 2846 rem
2248 2790 2454 2842 Domini
2478 2790 2646 2843 nostri
2672 2791 2903 2856 agimus,
2926 2802 3046 2841 cum
3071 2787 3221 2841 claro
3241 2801 3466 2858 agamus
3489 2787 3688 2854 animo,

2105 2901 2226 2940 cum
2260 2884 2380 2939 lidei
2413 2884 2630 2953 gaudio,
2665 2893 2720 2936 et
2749 2897 2870 2935 eum
2903 2881 3043 2936 bono
3073 2896 3136 2935 ac
3163 2881 3373 2934 devote
3402 2880 3691 2934 voluntatis

2102 2981 2318 3035 alfecm.
2338 2977 2608 3046 Quidquid
2633 2991 2764 3031 vero
2787 2975 2936 3028 inviti
2963 2984 3124 3040 atque
3144 2974 3409 3042 compulsi
3441 2973 3684 3038 facimus,

2102 3073 2417 3126 noverimus
2449 3085 2549 3124 nos
2578 3085 2643 3122 ex
2675 3084 2740 3122 eo
2770 3083 2876 3120 non
2906 3066 3079 3120 solum
3116 3066 3318 3119 nullum
3352 3065 3552 3120 bibere
3580 3063 3689 3119 fruo

2099 3177 2267 3226 ctum.
2299 3164 2391 3219 sed
2422 3164 2713 3216 maximum
2749 3162 3026 3214 incurrere
3064 3159 3449 3213 detrimentum
3479 3176 3492 3211 :
3526 3157 3692 3212 facia-

2103 3276 2221 3313 nuis
2249 3257 2480 3325 aliquem
2511 3254 2614 3326 [ΑΙ.
2643 3250 2832 3324 alicui]
2862 3253 2976 3305 viro
3007 3250 3212 3313 potenti
3242 3251 3564 3317 obsequium
3581 3248 3691 3304 sol-

2100 3369 2248 3420 verc,
2290 3350 2432 3421 quod
2487 3351 2669 3418 utique
2707 3350 3021 3413 superiores
3059 3359 3303 3413 persena:
3341 3359 3371 3398 a
3402 3343 3691 3396 rlientilius

2099 3446 2209 3498 suis
2257 3455 2572 3509 exspectare
2597 3448 2995 3496 consueverunt
3025 3455 3036 3491 :
3088 3452 3265 3492 nonne
3294 3439 3336 3490 si
3371 3451 3469 3489 nos
3500 3433 3693 3488 viderit

2101 3536 2264 3590 homo
2293 3535 2384 3590 ille
2411 3533 2657 3588 debitum
2679 3531 2788 3590 sibi
2820 3530 3057 3584 ofﬁciunt
3104 3530 3271 3581 invito
3297 3537 3457 3596 atque
3480 3535 3694 3580 extorto

2100 3629 2301 3694 animo,
2335 3629 2496 3682 etiam
2523 3642 2644 3680 eum
2673 3625 2905 3694 quodam
2951 3621 3212 3677 exhibete
3240 3619 3478 3685 fa-tidio,
3511 3633 3693 3676 nuntio

2100 3724 2271 3791 magis
2299 3723 2401 3776 sibi
2435 3721 2628 3776 faetam
2672 3719 2937 3789 jndiearet
2965 3715 3072 3789 {AL
3103 3713 3385 3787 indicaret]
3417 3714 3689 3784 injuriam,

2099 3829 2151 3871 et
2191 3816 2518 3871 csltuunrari
2554 3830 2614 3869 se
2643 3814 2984 3881 potiusqu-un
3015 3809 3188 3864 excoli
3221 3810 3614 3878 pronunziaret,
3638 3817 3693 3864 et

2099 3908 2365 3973 ejusmodi
2396 3908 2685 3976 negligenti
2716 3916 2878 3972 atque
2919 3903 3176 3958 iudevotu
3219 3900 3480 3956 offensam
3509 3900 3692 3967 putius

2099 4002 2346 4056 Crederet
2393 4014 2513 4052 esse
2558 3996 2898 4051 referendam
2935 4009 3095 4063 quam
3143 3991 3405 4063 gratiam?
3456 3991 3512 4048 Si
3561 4005 3690 4062 ergo

2099 4093 2280 4146 cultus
2311 4100 2468 4155 atque
2495 4089 2666 4141 honor
2695 4088 2928 4140 ltulttittis
2956 4085 3324 4149 devotionem,
3351 4084 3535 4146 fidem,
3558 4083 3695 4139 hila-

2100 4185 2313 4239 ritatem
2350 4186 2595 4252 requirit,
2627 4182 2697 4237 ibi
2741 4182 2922 4250 utique
2950 4179 3217 4236 interdum
3268 4179 3459 4236 melior
3489 4189 3568 4236 est
3602 4180 3694 4237 ille

2101 4292 2130 4332 a
2174 4293 2281 4344 quo
2322 4276 2500 4331 cultus
2546 4275 2662 4346 ipse
2701 4274 3010 4340 exhibetur,
3034 4290 3192 4345 quam
3224 4275 3312 4328 ille
3339 4274 3432 4342 qui
3471 4275 3691 4343 colitur,

2102 4369 2195 4424 tibi
2227 4371 2429 4423 nttllum
2461 4368 2689 4421 fruetutu
2713 4365 3029 4420 olliciosi'as
3052 4366 3163 4432 ip-a
3190 4368 3560 4433 consenuitur,
3591 4367 3692 4422 sed

2103 4461 2205 4515 hoc
2232 4461 2406 4514 solum
2440 4460 2646 4514 fruetus
2668 4467 2773 4521 est.
2805 4460 2847 4512 si
2881 4469 3154 4513 mereatur
3180 4468 3460 4522 susceptus
3481 4458 3685 4513 vocari.

2101 4558 2313 4624 Quanto
2338 4554 2506 4622 magis
2531 4569 2629 4608 nos
2658 4557 2708 4606 in
2740 4552 2946 4608 honore
2974 4554 3062 4606 ltei
3094 4553 3262 4606 nostri
3284 4553 3576 4607 observare
3598 4551 3689 4607 de-

2101 4651 2312 4714 bemus,
2340 4665 2405 4704 ne
2432 4649 2500 4702 ad
2525 4647 2781 4715 obsequia
2813 4647 2932 4714 ejus
2963 4646 3200 4701 indevoti
3224 4657 3385 4714 atque
3401 4643 3689 4712 compulsi,

2100 4745 2397 4808 netristt-s,
2419 4757 2487 4795 ne
2517 4740 2710 4810 ingrati
2743 4739 3001 4808 invitique
3030 4739 3329 4799 veniamus,
3382 4749 3570 4793 etnon
3603 4752 3694 4792 re-

2099 4837 2294 4902 spiciat
2322 4837 2461 4889 lleus
2483 4836 2548 4886 ad
2582 4848 2802 4887 munera
2833 4848 2953 4901 qum
2984 4831 3274 4901 negligenti
3304 4846 3366 4884 ac
3392 4831 3483 4887 vili
3511 4829 3694 4885 animo

2100 4926 2441 4983 offeruntur?
2481 4925 2596 4981 Non
2640 4926 2784 4979 enim
2821 4923 3046 4988 hemini,
3095 4924 3189 4977 sed
3222 4922 3296 4978 illi
3344 4925 3521 4992 potius
3558 4920 3694 4977 lldes

2098 5028 2280 5075 nostra
2314 5019 2637 5074 servituram
2669 5032 2726 5072 se
2762 5033 2882 5071 esse
2923 5016 3194 5086 promisit,
3221 5016 3308 5070 eui
3351 5015 3419 5069 ad
3459 5025 3693 5070 mortem

2097 5129 2268 5185 usque
2294 5113 2524 5177 servire,
2556 5112 2637 5167 Vel
2663 5113 2834 5181 ipsam
2859 5111 3188 5180 impendisse
3209 5109 3470 5171 annnam,
3499 5122 3692 5177 parum

2097 5204 2262 5259 debet
2284 5203 2478 5268 videri;
2500 5203 2654 5272 ettjtts
2672 5216 2731 5256 sc
2759 5201 3034 5271 obsequiis
3055 5214 3216 5272 atque
3233 5200 3510 5257 beneficiis
3525 5200 3691 5256 etiam

2100 5297 2198 5366 ipsi
2231 5297 2404 5366 angeli
2437 5295 2674 5367 impares
2705 5295 3052 5351 conﬁtentur.
3075 5295 3170 5348 Cui
3204 5305 3533 5364 postremum
3565 5307 3692 5349 cum

2102 5398 2271 5442 totum
2303 5388 2589 5455 debeatur,
2635 5387 2763 5440 nihil
2797 5399 2973 5443 tamen
3005 5387 3173 5456 gratis
3197 5387 3450 5453 solvitur,
3476 5384 3570 5441 sed
3600 5399 3694 5442 ro-

2099 5484 2530 5538 tnunerationetn
2554 5481 2705 5550 quasi
2725 5483 2841 5548 ipse
2861 5481 3100 5536 vicissim
3145 5478 3356 5534 debitor
3376 5479 3550 5535 factus
3571 5476 3694 5534 red-

2097 5574 2196 5637 dit,
2227 5590 2323 5645 pro
2353 5574 2692 5628 exsolutione
2724 5573 3057 5638 debitorum,
3109 5583 3160 5627 et
3209 5587 3306 5639 pro
3334 5571 3551 5636 esiguis
3586 5569 3691 5627 im-

2098 5682 2281 5721 mensa
2315 5665 2581 5720 resutuct.
2609 5664 2713 5719 Pro
2737 5665 2834 5720 hac
2861 5668 3002 5721 enim
3027 5666 3221 5720 misera
3249 5664 3380 5734 vita,
3407 5674 3463 5720 et
3491 5663 3692 5722 labori-

2099 5757 2200 5822 bus
2224 5767 2280 5813 ot
2317 5756 2592 5813 doloribus
2625 5757 2803 5828 plena,
2835 5757 2889 5815 in
2919 5773 3022 5832 qua
3057 5765 3111 5814 et
3134 5773 3262 5815 usus
3293 5757 3476 5820 brevis
3497 5765 3607 5827 σοι.
3631 5762 3691 5822 et
