4042 6188
430 234 524 291 85f

1432 240 1487 295 S.
1530 240 1855 297 EUCHERII
1894 244 2366 307 LUGDUNENSIS
2404 254 2702 312 EPISCOPI

3580 277 3687 337 sm

427 348 620 416 gimur,
652 356 911 416 quantum
943 348 1121 412 video,
1158 350 1462 405 inimicitias
1488 363 1677 408 contra
1718 367 2008 425 utrumque
2032 365 2087 424 Α
2110 362 2241 419 dere
2272 382 2377 420 non
2409 370 2704 427 valeamus.
2738 374 2781 429 Ο
2810 391 2967 445 quam
2997 378 3309 452 frequenter
3336 386 3685 456 judicationis

426 437 769 505 suscipimus.
801 439 1028 493 Tantum
1058 441 1213 495 nobis
1241 442 1442 497 laboris
1467 444 1753 502 indicimus
1776 459 2003 518 propter

424 528 678 591 animam,
701 538 756 582 et
772 529 905 583 nihil
933 530 1287 598 impendimus
1326 533 1489 588 studii
1519 537 1660 591 circa
1689 537 1861 607 ipsam
1886 539 2003 595 ani-

424 635 587 673 mam.
612 620 989 675 lnterdiximus
1013 622 1170 700 nobis
1192 623 1433 679 diversas
1458 629 1644 681 muli
1674 630 1994 700 voluptates,

423 711 595 765 varios
634 711 943 764 deliciarum
999 693 1253 782 sapores,
1303 716 1356 770 in
1395 718 1590 786 quibus
1636 732 1751 775 erat
1795 724 1997 793 aliquid

420 800 761 865 iucunditatis
789 810 949 871 atque
980 803 1318 871 dulcedinis;
1350 818 1401 861 et
1427 824 1567 864 nunc
1594 811 1865 867 abstinere
1888 831 1994 870 non

419 905 701 959 possumus
725 906 755 946 a
781 895 1055 962 superbia,
1092 898 1161 952 ab
1196 898 1314 965 ira,
1355 902 1423 954 ab
1465 902 1678 957 invidia:
1720 910 1996 963 venenatis

418 984 777 1052 passionihus,
814 986 1085 1055 inquibus
1115 990 1247 1045 nihil
1289 1003 1393 1057 est,
1419 994 1521 1049 nisi
1551 997 1806 1067 quidquid
1843 1016 1994 1055 ama-

416 1074 663 1129 ttitudinis
688 1084 850 1144 atque
873 1081 1116 1134 rancoris
1141 1094 1243 1137 est.
1272 1084 1499 1153 Propter
1518 1102 1754 1143 amorem
1780 1091 1995 1147 Domini

415 1168 679 1222 nostriad
711 1170 1096 1240 relinquendos
1136 1176 1323 1231 dulces
1369 1178 1592 1235 affectus
1619 1192 1673 1237 et
1703 1183 1864 1239 chara
1915 1186 1995 1255 pi-

414 1274 581 1327 gnara
620 1260 898 1317 fortissimi
930 1264 1163 1332 fuimus,
1182 1268 1604 1335 iucundissimos
1628 1274 1990 1342 piissimorum

414 1352 590 1405 vultus
616 1362 900 1419 parentum
932 1358 1082 1424 quasi
1119 1359 1420 1415 odissemus
1441 1405 1455 1427 ,
1488 1365 1555 1417 ita
1583 1366 1837 1436 fugimus.
1867 1370 1991 1425 Bel-

412 1440 518 1494 lum
551 1446 945 1511 quodammodo
975 1450 1154 1518 pietati
1188 1453 1285 1519 ipsi
1322 1456 1628 1524 indiximus,
1672 1471 1725 1514 et
1759 1480 1899 1519 nunc
1922 1466 1989 1520 ad

411 1532 757 1590 declinandas
800 1538 1171 1608 negligentias,
1205 1544 1273 1599 ad
1311 1550 1663 1616 expugnanda
1718 1542 1986 1611 levissima

410 1623 533 1695 [ΑΙ.
576 1626 877 1699 lenissima]
905 1631 1031 1686 vitia
1074 1633 1267 1689 infirmi
1311 1652 1373 1692 ac
1419 1638 1634 1695 desides
1675 1656 1885 1699 sumus.
1928 1648 1985 1701 In

2107 454 2328 523 malum,
2378 462 2630 517 vanitatis
2669 480 2732 519 ac
2768 466 3041 535 jactantize
3084 476 3365 543 morbum,
3411 481 3539 538 dum
3583 504 3685 544 non

2104 546 2388 613 sentimus,
2422 551 2741 609 incurrimus
2765 559 2779 611 ε
2807 559 2975 623 Quam
2999 562 3311 634 frequenter
3339 570 3557 629 invidiae
3578 582 3684 647 spi-

2103 634 2208 687 ritu
2237 638 2534 706 adurimur,
2576 645 2655 699 vel
2686 647 2981 707 inhonestis
3010 663 3171 723 atque
3197 657 3454 717 obscenis
3480 669 3684 736 cogita-

2102 722 2337 779 tionibus
2368 728 2420 782 in
2456 732 2571 799 ipso
2602 749 2722 791 esse
2749 740 3150 814 confundimur,
3179 756 3235 802 et
3279 756 3681 823 perceptionem

2102 814 2337 871 vulneris
2369 822 2547 877 nullus
2576 829 2820 895 sequitur
2867 847 3058 890 sensus
3099 837 3323 904 doloris,
3359 845 3502 900 nulla
3547 863 3677 905 con-

2095 1104 2235 1144 mam
2263 1107 2626 1165 penetrantes,
2663 1116 2936 1162 venenato
2959 1112 3171 1169 nescios
3197 1126 3251 1172 et
3271 1118 3487 1189 ignaros
3512 1125 3673 1185 dente

2094 1184 2435 1251 percutiunt?
2474 1194 2672 1259 apertis
2718 1196 2985 1253 interdum
3016 1218 3044 1255 a
3073 1184 3359 1276 nobisipsis
3393 1218 3673 1275 seandalo-

2093 1290 2209 1329 rum
2260 1278 2415 1334 bellis
2459 1283 2790 1354 collidimur,
2839 1290 3324 1355 obtrectationibus
3356 1317 3417 1358 ac
3449 1308 3671 1366 malelo-

2093 1370 2232 1438 quiis
2263 1372 2455 1441 linguae
2483 1386 2703 1443 nostrae,
2737 1382 2884 1436 velut
2908 1389 3123 1455 praprio
3147 1406 3404 1450 mucrone
3433 1400 3670 1457 confodi-

2092 1477 2233 1529 mur,
2259 1480 2377 1521 cum
2413 1469 2557 1525 vitiis
2590 1473 2858 1530 interdum
2894 1480 3052 1533 etiam
3079 1481 3131 1535 in
3163 1488 3480 1556 praepositos
3508 1491 3666 1551 illatis

2091 1554 2373 1623 violamur,
2406 1569 2460 1614 et
2489 1562 2541 1615 in
2588 1578 2772 1619 eorum
2804 1568 3015 1639 injuriis
3058 1571 3235 1643 ipsum
3264 1581 3662 1648 quodammodo

2088 1643 2360 1701 Christum
2389 1650 2674 1709 Dominum
2696 1658 3115 1729 colaphizamus,
3140 1668 3230 1736 qui
3253 1643 3391 1726 dixit
3418 1691 3430 1724 :
3459 1673 3561 1742 Qui
3580 1695 3665 1735 vos

408 1717 700 1772 ahdicanda
737 1723 921 1779 saeculi
962 1725 1301 1793 jueunditate
1337 1742 1440 1785 tam
1487 1750 1679 1804 magna
1722 1742 1957 1806 prtemisi

2821 1717 2835 1728 .
3103 1717 3115 1729 ι
3147 1717 3230 1736 ττ-
3257 1717 3391 1726 vv"-
3418 1717 3429 1724 ·
3461 1717 3558 1742 κου·
3582 1717 3665 1735 νυ·

2059 1775 2061 1786 .
2088 1739 2302 1807 spernit,
2329 1758 2407 1795 me
2430 1747 2626 1811 spernit
2656 1747 2817 1817 (Luc.
2851 1767 2902 1818 x,
2938 1754 3003 1808 l6
3024 1754 3076 1825 );
3106 1767 3159 1811 et
3186 1760 3370 1817 nullus
3392 1768 3668 1827 conscien-

408 1823 547 1869 mus,
579 1821 634 1863 et
658 1828 796 1867 nunc
818 1816 1165 1885 maledicere,
1194 1823 1518 1890 obtrectare,
1551 1830 1753 1883 moveri
1796 1842 1984 1890 contra

407 1898 552 1965 vii-ia,
588 1902 807 1969 insuper
827 1914 882 1960 et
913 1908 962 1960 in
996 1909 1266 1966 hominem
1296 1915 1478 1985 irasci,
1524 1929 1577 1973 et
1608 1924 1982 1994 scandalizari,

406 1990 519 2046 haec
564 1994 1161 2067 vincere,impossibile,
1191 2018 1253 2057 ac
1296 2019 1453 2075 supra
1500 2010 1788 2068 humanam
1822 2028 1978 2085 puta-

403 2098 523 2137 mus
545 2102 664 2141 esse
692 2090 969 2146 virtutem.
999 2094 1103 2149 Sed
1136 2098 1277 2165 quod
1304 2116 1445 2155 nunc
1474 2102 1528 2156 in
1566 2106 1866 2166 minoribus
1891 2128 1981 2168 ce-

401 2176 596 2245 dimus,
638 2195 734 2249 per
773 2184 897 2237 vitia
927 2196 1106 2241 nostra
1155 2188 1255 2257 ipsi
1297 2208 1402 2246 non
1430 2210 1769 2255 accusamus.
1803 2201 1976 2259 Doce-

404 2282 523 2321 mus
552 2271 696 2324 enim
726 2274 868 2340 quod
900 2276 1157 2347 quidquid
1197 2297 1336 2337 nunc
1364 2286 1593 2353 agimus,
1642 2305 1745 2344 non
1777 2292 1977 2362 impos-

400 2362 674 2419 sibilitatis
716 2375 818 2427 est.
854 2368 949 2423 sed
984 2372 1205 2439 teporis.
1240 2373 1494 2446 Ideoque,
1542 2378 1760 2447 fratres,
1804 2387 1977 2454 respi-

397 2452 603 2506 ciamus
633 2457 697 2508 ad
740 2458 894 2513 fidem
918 2460 1067 2515 illam
1120 2463 1493 2537 lervoremque
1536 2486 1641 2539 quo
1678 2476 1970 2543 capimus,

398 2552 453 2597 et
480 2545 545 2598 ad
576 2549 873 2603 ornandum
900 2557 1330 2612 conversationis
1370 2573 1566 2615 nostra:
1596 2579 1751 2618 usum
1781 2568 1971 2623 saltem

395 2635 461 2690 de
492 2640 802 2705 primordiis
824 2646 1027 2699 nostris
1060 2662 1335 2705 sumamus
1363 2654 1670 2721 exemplum
1698 2674 1708 2708 :
1734 2658 1778 2711 si
1824 2663 1963 2727 peri-

392 2727 634 2784 culosum
662 2740 747 2787 est
776 2749 878 2789 non
910 2739 1150 2805 quotidie
1187 2742 1389 2810 aliquid
1438 2746 1736 2815 addidisse,
1769 2762 1969 2821 quanto

394 2823 747 2888 periculosius
764 2837 851 2881 est
872 2830 1033 2884 etiam
1063 2832 1129 2886 ab
1151 2831 1320 2889 initiis
1345 2839 1672 2893 recessisse?
1701 2840 1849 2910 Opus
1887 2855 1969 2900 est

390 2928 517 2984 ergo
548 2927 604 2970 ut
646 2922 982 2989 corporalem
1033 2924 1271 2979 laborem
1318 2930 1576 2996 spiritalis
1632 2933 1856 3000 fructus,
1913 2938 1963 2993 id

387 3016 490 3071 est,
514 3024 723 3064 morum
746 3014 1051 3069 emendatio
1072 3017 1445 3087 subsequatur.
1473 3022 1607 3076 Vitia
1628 3041 1747 3093 qua:
1768 3036 1968 3082 utrum-

386 3114 489 3167 que
515 3099 782 3158 hominem
829 3106 1115 3175 impetunt,
1151 3110 1570 3183 uniuscujusque
1618 3116 1803 3171 labore
1846 3122 1961 3174 vin-

384 3190 552 3244 cenda
583 3205 707 3247 sunt
748 3208 908 3266 atque
948 3204 1329 3271 expugnanda.
1362 3203 1554 3259 Parnm
1600 3208 1819 3289 prodest
1846 3225 1963 3265 car-

382 3280 467 3334 nis
506 3285 781 3349 contritio,
812 3288 994 3343 sinon
1028 3292 1287 3347 habeatur
1328 3296 1506 3349 cordis
1550 3284 1857 3355 sollicitudo
1906 3314 1961 3360 et

379 3376 576 3425 mentis
603 3375 846 3430 intentio.
870 3378 1021 3443 Quod
1043 3382 1086 3433 si
1111 3384 1285 3436 solum
1315 3384 1519 3441 laboret
1537 3402 1751 3457 corpus,
1776 3402 1829 3446 et
1852 3395 1956 3463 spi-

375 3463 513 3515 ritus
544 3474 730 3520 noster
760 3480 1041 3537 repugnet,
1069 3474 1194 3540 quid
1230 3477 1449 3542 prodest
1472 3482 1751 3547 passiones
1779 3486 1955 3555 impu-

374 3555 525 3623 gnari
553 3570 583 3607 a
613 3556 827 3623 famula,
860 3577 978 3628 qua:
1010 3578 1194 3631 pacem
1226 3568 1571 3626 inveniuntur
1599 3575 1800 3633 habere
1826 3594 1951 3635 cum

374 3644 627 3700 domina?
663 3648 794 3703 Nam
822 3651 990 3707 levius
1020 3664 1124 3721 est,
1154 3657 1197 3710 si
1231 3657 1499 3715 interdum
1538 3678 1665 3719 caro
1712 3669 1823 3721 sola
1853 3671 1951 3724 im-

372 3737 786 3805 Iugnationibns
811 3740 1235 3816 quibuscumque
1267 3762 1514 3818 vexetur,
1562 3758 1708 3811 verbi
1739 3763 1908 3829 gratia
1931 3804 1945 3826 ,

379 3848 399 3874 κ
440 3831 869 3899 concupiscentia
911 3838 1051 3906 gulaa
1091 3841 1407 3895 acluxurim
1448 3846 1652 3902 aculeis
1684 3851 1946 3917 inquiete-

366 3929 470 3975 tur.
508 3921 649 3977 Fieri
682 3927 824 3980 enim
874 3937 1049 3996 potest
1090 3941 1148 3984 ut
1178 3933 1243 3987 ad
1274 3949 1434 3989 omne
1465 3935 1582 4007 [ΑΙ.
1621 3941 1686 3993 ad
1718 3942 1943 4013 animm]

365 4027 470 4073 non
518 4019 795 4081 perveniat
830 4021 1148 4089 periculum,
1180 4026 1226 4079 si
1258 4042 1407 4080 mens
1440 4042 1659 4099 respuat
1698 4034 1943 4103 volupta-

363 4111 493 4158 tem.
543 4104 693 4170 Quod
724 4108 771 4161 si
799 4112 1233 4180 concupiscentia
1280 4123 1480 4185 peccati
1515 4137 1692 4179 arcem
1746 4131 1940 4183 mentis

363 4194 625 4261 obtineat,
664 4198 794 4267 quid
836 4200 967 4261 mihi
1002 4203 1239 4272 prodest,
1270 4208 1314 4261 si
1353 4210 1589 4265 nondum
1640 4219 1939 4275 maculatus

362 4284 607 4341 videatur
644 4290 880 4347 exterior
909 4292 926 4364 [
950 4294 1148 4368 homo]
1166 4299 1401 4355 meliore
1426 4305 1507 4357 sui
1541 4318 1691 4374 parte
1718 4310 1937 4366 vitiata?

357 4375 412 4431 Si
439 4378 579 4432 enim
610 4379 833 4437 interior
857 4386 1030 4441 victus
1050 4398 1154 4455 est,
1175 4389 1284 4458 jam
1312 4402 1533 4465 uterque
1561 4400 1805 4468 captivus
1828 4415 1926 4459 est.

352 4466 491 4535 Quid
523 4472 760 4541 prodest,
791 4476 837 4528 si
862 4486 1011 4533 extra
1039 4480 1311 4536 civitatem
1343 4501 1596 4554 geramus
1622 4466 1846 4561 bellum,
1878 4506 1932 4551 et

349 4560 494 4615 intus
523 4563 789 4629 patiamur
832 4570 1136 4625 excidium?
1176 4573 1410 4647 Ideoque
1444 4580 1488 4634 si
1518 4598 1604 4638 me
1635 4584 1703 4639 de
1737 4588 1931 4658 vigiliis

347 4662 704 4709 revertentem
733 4656 1109 4718 inobedientiaa
1136 4670 1334 4734 passio,
1359 4670 1403 4724 si
1433 4674 1654 4741 spiritus
1688 4656 1925 4747 invidize,

344 4743 391 4798 si
420 4748 757 4803 consuetudo
797 4752 1207 4812 obtrectationis
1244 4763 1508 4831 excipiat,
1554 4767 1597 4820 si
1644 4770 1710 4823 ad
1753 4779 1927 4828 trans-

339 4834 673 4904 gressionem
701 4843 897 4909 regulae
928 4851 1274 4916 praesumptio
1306 4851 1506 4908 furtiva
1546 4857 1826 4926 sollicitet,
1866 4875 1922 4919 et

337 4927 382 4982 si
424 4927 631 4984 zizania
662 4931 840 4987 tritico
869 4934 1081 5003 miscui,
1124 4941 1265 5009 quod
1296 4944 1517 5000 videbar
1557 4964 1916 5021 congregasse

335 5018 585 5089 dispersi,
614 5037 765 5091 spem
794 5030 988 5083 messis
1010 5030 1198 5086 avibus
1227 5036 1456 5106 terisque
1485 5018 1702 5096 donavi.
1733 5018 1809 5099 A—c
1838 5048 1917 5103 sic

334 5124 444 5164 uno
500 5124 773 5171 momento
827 5117 1066 5175 laborem
1134 5123 1299 5178 totius
1376 5129 1551 5183 noctis
1602 5132 1805 5200 eﬂ‘utli,
1864 5147 1919 5192 et

335 5203 479 5272 quod
530 5204 681 5277 pejus
722 5219 825 5274 est.
878 5227 975 5267 nec
1018 5214 1267 5271 effudisse
1316 5235 1404 5274 me
1456 5225 1622 5281 sensi.
1667 5228 1788 5283 llaec
1834 5243 1915 5286 est

332 5296 476 5350 enim
510 5298 868 5365 spiritualium
915 5304 1181 5362 bonorum
1215 5310 1385 5377 ratio,
1435 5323 1491 5369 ut
1532 5332 1651 5371 cum
1686 5320 1811 5393 [ΑΙ.
1862 5333 1915 5377 et

333 5386 493 5462 cum]
522 5408 583 5449 ea
627 5408 841 5452 summo
879 5400 1062 5456 labore
1104 5415 1316 5460 constet
1342 5411 1566 5477 acquiri,
1611 5422 1714 5467 tam
1756 5416 1913 5473 facile

328 5495 574 5551 pereant,
605 5496 663 5542 ut
687 5489 775 5544 vix
807 5494 975 5559 possit
1002 5494 1222 5567 intelligi
1254 5520 1266 5551 :
1293 5509 1349 5553 et
1381 5502 1503 5556 inde
1529 5514 1612 5558 est
1642 5508 1781 5575 quod
1814 5525 1909 5563 nos

327 5575 596 5633 interdum
622 5594 840 5639 sanctos
880 5594 1154 5656 putamus,
1187 5591 1308 5659 quia
1344 5593 1489 5647 lucra
1528 5596 1595 5650 de
1633 5599 1908 5657 laboribus

218 5644 245 5672 ι’
326 5668 693 5732 astimntnus,
726 5684 777 5727 et
803 5675 1120 5732 detrimenta
1172 5682 1555 5752 subsequentia
1598 5691 1904 5758 deprehen-

2088 1826 2176 1882 tia:
2205 1834 2507 1904 scrupulus,
2542 1839 2685 1893 nulla
2713 1848 3140 1909 compunctionis
3166 1854 3431 1912 medicina
3472 1862 3663 1919 subse-

2082 1922 2281 1992 quitur.
2333 1926 2437 1982 Sed
2481 1932 2606 1998 quid
2653 1933 2704 1987 in
2746 1938 2903 1991 nobis
2950 1943 3268 2000 medicinam
3328 1954 3658 2018 ptenitentiae

2081 2029 2263 2084 quaero
2292 2018 2407 2090 [AL
2437 2024 2764 2091 poenitentia:
2793 2034 3021 2099 gemitus
3052 2038 3304 2114 quem]?
3341 2047 3536 2102 utinam
3576 2051 3655 2107 in—

2084 2107 2291 2164 terdum
2320 2122 2442 2180 post
2482 2129 2749 2185 speratam
2779 2125 2990 2180 veniam
3020 2144 3126 2185 non
3156 2107 3497 2201 pmniteatur!
3544 2146 3649 2199 uti-

2080 2211 2201 2252 nam
2220 2216 2324 2255 non
2352 2205 2639 2270 paeniteret
2663 2212 2954 2282 humiliari,
2983 2236 3118 2289 quos
3142 2239 3248 2280 non
3275 2231 3486 2297 paenitet
3508 2250 3647 2302 prte-

2079 2290 2279 2345 veniri!
2312 2292 2655 2364 Respondeat
2693 2306 2824 2360 mihi
2865 2308 2953 2363 illa
2984 2313 3159 2369 anima
3200 2290 3319 2388 qua:
3374 2290 3651 2392 peccatum

2077 2394 2231 2435 suum
2277 2388 2589 2445 confusione
2618 2396 2890 2453 mortifera
2921 2402 2971 2455 in
2999 2418 3290 2476 conspectu
3313 2411 3537 2472 fratrum
3570 2422 3648 2476 sic

2076 2487 2369 2542 agnoscere
2399 2483 2631 2551 erubuit,
2666 2494 2933 2557 quomodo
2979 2496 3148 2553 vitare
3190 2501 3490 2574 debuisset,
3519 2514 3647 2581 quid

2078 2561 2100 2581 ρ
2165 2566 2174 2574 ι
2222 2576 2232 2581 -
2655 2579 2663 2581 ς

2076 2561 2238 2621 faciet
2278 2584 2397 2623 cum
2430 2583 2555 2629 ante
2584 2579 2815 2635 tribunal
2846 2584 3106 2655 divinum,
3138 2607 3414 2653 cum-ante
3446 2561 3559 2673 [Αί.
3597 2616 3654 2662 et

2073 2657 2229 2730 ante]
2258 2662 2496 2720 cmlestis
2525 2668 2727 2725 militia:
2760 2674 2915 2730 fuerit
2946 2694 3264 2747 prmsentata
3303 2657 3649 2752 consessum?

2072 2746 2205 2803 Cum
2241 2753 2363 2808 hinc
2390 2766 2551 2825 atque
2583 2762 2706 2818 inde
2737 2766 2887 2834 quasi
2917 2771 3233 2840 quibusdam
3287 2780 3647 2843 vehementis~

2070 2839 2219 2894 simis
2269 2846 2494 2901 testibus
2530 2854 2703 2921 urgeri
2746 2861 2991 2927 cmperit,
3021 2865 3289 2922 veteribus
3315 2871 3644 2934 circumdata

2072 2932 2244 2991 malis.
2291 2950 2410 3005 quae
2443 2954 2535 3007 per
2568 2942 2879 3002 humilitatis
2907 2960 2959 3006 et
2999 2961 3427 3024 compunctionis
3472 2982 3641 3024 reme-

2068 3020 2213 3077 dium
2257 3041 2447 3083 curare
2494 3033 2683 3101 noluit,
2727 3038 2851 3093 dum
2902 3020 3138 3113 licebat;
3171 3065 3291 3119 qua:
3341 3060 3638 3126 prazpositis

1988 3107 2031 3168 C
2064 3115 2430 3174 subtrahendo
2454 3136 2612 3193 atque
2638 3129 2865 3186 celando
2885 3143 3091 3192 aeterno
3121 3145 3355 3198 examini
3386 3159 3545 3219 atque
3574 3170 3641 3207 ze-

2068 3218 2223 3263 terno
2270 3212 2433 3279 judici
2496 3218 2698 3289 integra
2767 3231 3057 3283 reservavit
3107 3230 3221 3303 [ΑΙ.
3278 3243 3639 3311 reservabit].

2064 3297 2293 3371 Ideoque
2322 3307 2413 3374 qui
2435 3309 2618 3379 culpas
2649 3324 2700 3366 et
2723 3317 3094 3387 negligentias,
3124 3326 3286 3381 etiam
3310 3345 3428 3398 quae
3459 3348 3638 3401 parva:

2060 3394 2433 3465 aestimantur,
2483 3408 2731 3470 pracsenti
2771 3408 2934 3465 deﬂet
2985 3423 3147 3483 atque
3190 3422 3415 3489 exponit
3456 3440 3632 3495 reatu,

2059 3487 2267 3539 noverit
2296 3504 2356 3542 se
2383 3491 2450 3545 de
2480 3496 2745 3564 supplicio
2774 3510 2983 3557 aeterno
3011 3505 3158 3562 brevi
3188 3513 3467 3571 transiisse
3494 3533 3634 3574 com-

2057 3576 2270 3643 pendio.
2288 3578 2467 3650 Itaque
2485 3588 2529 3639 si
2556 3589 2802 3656 cupimus
2831 3604 2885 3647 ut
2913 3610 3008 3651 nos
3029 3614 3364 3671 nequaquam
3390 3606 3533 3662 fallat
3556 3622 3632 3665 at-

2054 3684 2157 3737 que
2182 3670 2411 3743 decipiat
2439 3680 2819 3737 sollicitissima
2853 3690 3030 3745 carnis
3058 3693 3291 3760 vanitas,
3323 3709 3375 3751 et
3407 3715 3629 3758 secreta»:

2052 3761 2457 3837 inhonestazque
2480 3774 2821 3841 cogitationis
2851 3780 3177 3849 obscenitas,
3207 3788 3385 3843 tacita:
3431 3796 3628 3848 mentis

2051 3854 2317 3926 voluptas,
2345 3864 2543 3917 incauti
2573 3867 2749 3920 cordis
2780 3869 3069 3939 impietas;
3105 3877 3251 3944 prius
3274 3894 3336 3933 ea
3368 3898 3487 3950 qua:
3516 3902 3627 3939 ma-

2048 3949 2235 4005 nifesta
2262 3966 2400 4019 sunt,
2437 3956 2613 4021 idest,
2650 3962 2784 4027 gulae
2816 3966 3106 4036 appetitus,
3157 3970 3253 4025 irae
3300 3986 3495 4044 motus,
3530 3994 3620 4033 su-

2048 4045 2245 4109 perbia:
2275 4048 2525 4115 impetus,
2557 4056 3015 4113 contradictiones
3053 4063 3301 4129 tumidas,
3349 4068 3625 4127 obtrecta-

2045 4134 2217 4191 tiones
2246 4139 2512 4207 improbas
2543 4160 2569 4196 a
2604 4148 2841 4204 moribus
2888 4156 3083 4208 nostris
3124 4159 3370 4216 excidere
3400 4162 3620 4223 festine-

2042 4240 2179 4281 mus.
2212 4230 2489 4296 Quomodo
2512 4236 2655 4291 enim
2684 4242 2978 4307 przevidere
3008 4250 3301 4315 poterimus
3330 4255 3381 4307 in
3410 4269 3619 4311 secreto

2041 4317 2272 4385 hoSIem,
2296 4322 2341 4376 si
2372 4324 2457 4379 hic
2484 4331 2652 4384 vitare
2681 4329 2799 4401 [ΑΙ.
2830 4336 2875 4389 si
2901 4338 3133 4412 evitare]
3165 4358 3269 4398 non
3293 4346 3615 4406 valuerimus

2037 4422 2221 4477 aperta
2242 4418 2623 4484 congressione
2642 4430 2997 4490 pugnantem?
3018 4429 3266 4503 ideoque,
3288 4435 3606 4505 charissimi,

2040 4501 2226 4556 militia
2259 4515 2438 4560 nostra
2469 4507 2568 4564 hoc
2596 4528 2621 4564 a
2662 4514 2818 4569 nobis
2857 4521 3113 4589 requirit,
3167 4533 3223 4578 ut
3277 4543 3379 4582 non
3423 4541 3607 4586 contra

2036 4592 2193 4659 alios,
2228 4598 2321 4651 sed
2368 4613 2552 4655 contra
2598 4611 2957 4678 nosmetipsos
3002 4617 3241 4683 quotidie
3270 4618 3605 4690 dimicemus,

2031 4695 2084 4737 et
2118 4686 2402 4743 universos
2432 4691 2616 4749 hostes
2649 4707 2861 4753 nostros
2890 4701 2940 4755 in
2972 4705 3373 4778 nobismetipsis
3404 4712 3611 4783 jugitcr

2036 4789 2440 4846 persequentes,
2476 4786 2707 4854 palmam
2742 4791 2999 4858 spiritalis
3029 4796 3288 4870 triumphi
3321 4817 3350 4855 a
3384 4803 3611 4861 Domino

2024 4879 2420 4938 consequamur
2452 4896 2462 4930 :
2487 4887 2542 4930 et
2570 4880 2789 4947 quidem
2814 4886 3071 4953 quamdiu
3095 4891 3159 4945 ad
3188 4894 3451 4951 mundum
3486 4914 3605 4966 per-

2026 4959 2362 5033 tinebamus,
2416 4969 2522 5023 illis
2570 4974 2777 5029 acubus
2817 4991 2880 5031 ac
2928 4982 3158 5050 negotiis
3205 4986 3504 5056 militante,
3554 4992 3606 5047 in

2020 5058 2213 5126 quibus
2267 5076 2405 5115 nunc
2456 5066 2849 5137 erubescimus,
2893 5080 3019 5128 tunc
3059 5076 3213 5132 nobis
3259 5079 3604 5139 adversarius

2021 5163 2125 5201 non
2150 5149 2416 5217 obstabat,
2453 5155 2615 5208 immo
2643 5160 2804 5215 etiam
2852 5169 3244 5239 consentiebat,
3291 5174 3414 5241 quia
3457 5176 3600 5231 circa

2020 5242 2380 5298 miserabilem
2408 5257 2461 5301 et
2485 5250 2739 5317 perditam
2765 5255 2927 5309 vitam
2961 5270 3198 5317 ucstram
3226 5280 3330 5320 non
3363 5267 3597 5324 invenie-

2018 5331 2108 5385 bat
2140 5335 2190 5387 in
2224 5352 2329 5405 quo
2357 5354 2506 5393 suam
2537 5357 2810 5400 exerceret
2842 5349 3115 5408 invidiam.
3150 5355 3497 5414 Delectabant
3527 5361 3593 5415 il-

2018 5424 2123 5477 lum
2159 5438 2339 5483 nostra
2371 5446 2557 5500 opera,
2592 5438 2929 5495 sufficiebant
2961 5444 3035 5497 illi
3067 5463 3162 5515 per
3194 5467 3251 5503 se
3280 5463 3461 5506 nostra
3490 5454 3597 5510 cri-

2015 5519 2179 5571 mina.
2225 5524 2355 5587 Quis
2399 5527 2541 5579 enim
2572 5530 2825 5600 suscipiat
2874 5536 3073 5590 bellum
3104 5554 3224 5594 cum
3256 5541 3426 5598 milite
3452 5560 3552 5601 suo
3573 5546 3599 5600 Γ

2013 5608 2144 5675 Quis
2176 5615 2304 5667 velit
2348 5616 2661 5687 impugnare
2695 5624 2993 5693 subjectum
3043 5633 3230 5686 suum?
3259 5635 3428 5703 Supra
3476 5652 3595 5693 om-

2013 5715 2134 5756 nem
2182 5705 2546 5764 infelicitatem
2594 5726 2705 5767 erat
2756 5718 2861 5771 vit'a
2912 5723 3058 5778 illius
3104 5728 3187 5780 cui
3242 5742 3435 5782 nocere
3478 5744 3590 5790 non

4039 2376 4042 2461 ἱ

4040 2528 4042 2589 l

4038 2974 4042 3061 1

4040 3114 4042 3197 i

4039 3584 4042 3683 4

4040 3736 4042 3799 l
