4042 6188
274 302 404 361 ’855

1763 311 2092 370 HOMILUE.

3433 284 3436 286 ’
3470 325 3576 382 854

283 417 620 490 dignabatur
643 417 910 474 inimicus.
930 421 1139 476 Atvero
1161 438 1303 478 nunc
1326 434 1608 496 postquam
1634 429 1876 498 volupta-
1906 439 1954 494 Α
1983 430 2222 487 dicentes
2256 433 2387 488 illud
2419 452 2431 486 :
2463 433 2738 489 Peccatum
2766 452 2930 489 meum
2965 454 3055 508 ego
3086 456 3330 510 agnosco,
3374 451 3420 494 et
3451 443 3578 496 deli.

287 511 445 568 tibus
487 511 632 567 illius
672 513 1118 582 renuntiavimus,
1167 516 1312 572 videt
1351 519 1590 575 cultores
1639 536 1768 576 suos
1815 523 1884 577 ad

286 603 536 661 auctoris
570 603 784 674 pristini
824 605 1031 661 redisse
1077 607 1414 676 famulatum,
1453 611 1598 667 videt
1640 612 1693 667 in
1724 613 1884 669 nobis

285 698 694 769 quodammodo
722 697 866 754 idola
909 701 1082 756 suain
1114 701 1211 758 Dei
1248 707 1448 774 templa
1490 708 1710 774 mutari,
1741 707 1886 762 fren-

286 789 451 856 dens,
480 800 535 845 et
555 798 828 860 tamquam
852 790 939 847 leo
963 792 1202 862 rugiens,
1226 809 1419 851 omnes
1450 797 1677 853 nocendi
1707 797 1884 853 aditus

282 882 520 954 pervigil
543 883 828 940 insidiator
855 885 1101 954 explorat
1130 884 1184 959 (l
1218 885 1466 959 Petr.‘v),
1491 889 1673 961 dirigit
1695 899 1884 946 contra

280 991 389 1032 nos
412 977 686 1033 visionum
716 980 886 1044 acies,
917 979 1184 1036 exhibens
1212 995 1397 1036 secum
1428 990 1635 1053 septem
1663 983 1884 1054 spiritus

279 1069 583 1138 nequiores
613 1085 691 1139 se,
720 1069 767 1125 si
795 1067 938 1126 forte
963 1069 1183 1126 domum
1228 1081 1468 1129 nostram
1514 1075 1885 1144 spiritualibus

269 1161 456 1218 "bonis
498 1165 734 1219 inveniat
762 1179 983 1220 vacuam
1017 1180 1082 1220 ac
1117 1176 1422 1234 vacantem,
1464 1178 1516 1223 et
1559 1184 1683 1223 cum
1715 1168 1884 1224 turbis

265 1255 399 1311 “suis
424 1269 554 1312 eam
581 1259 758 1312 valeat
784 1273 1078 1328 occupare;
1114 1267 1174 1313 ut
1198 1259 1300 1314 sibi
1331 1259 1453 1334 [AL
1480 1276 1545 1316 ac
1571 1257 1707 1334 sibi]
1733 1261 1786 1316 in
1819 1275 1881 1316 ea

268 1348 588 1416 praemissis
619 1350 769 1404 vitiis
803 1352 960 1420 quasi
987 1351 1313 1421 quibusdam
1351 1353 1705 1408 metatoribus
1748 1367 1884 1423 prae-

267 1440 438 1506 paret
493 1441 851 1497 mansionem.
903 1445 1077 1511 Atque
1126 1443 1282 1514 ideo,
1333 1444 1672 1514 cbarissimi,
1731 1446 1880 1502 mille

263 1540 481 1586 eontra
514 1547 615 1586 nos
643 1534 870 1588 nocendi
899 1545 1080 1590 versat
1107 1537 1342 1606 ingenia.
1369 1537 1623 1594 Juniores
1643 1555 1884 1609 quosque

259 1621 387 1695 [AL
429 1623 670 1696 quoque]
696 1637 750 1680 et
767 1625 1102 1696 insipientes,
1124 1629 1207 1684 vel
1243 1629 1511 1685 indecoris
1531 1630 1638 1704 [AL
1665 1632 1884 1688 indede-

272 1715 533 1788 corosis]
561 1719 698 1786 gulte
731 1719 1110 1775 blandimentis
1153 1730 1403 1792 attentat,
1434 1724 1520 1779 vel
1542 1724 1743 1780 aculeis
1774 1741 1879 1780 non

1987 529 2125 575 ctum
2150 540 2316 578 meum
2339 532 2521 578 contra
2547 543 2624 580 me
2649 537 2723 580 est
2753 541 2950 597 scalper
2977 529 2993 597 (
3018 528 3108 584 Ps.
3140 532 3223 600 ι).
3256 533 3446 588 Scelus
3474 544 3576 601 est,

1986 615 2126 682 quod
2162 617 2434 672 interdum
2464 617 2622 672 nobis
2654 619 2791 674 levia
2820 635 2882 674 ac
2925 621 3047 675 vilia
3078 621 3205 677 facit
3236 638 3453 693 peccata
3484 644 3581 682 no-

1987 720 2097 766 stra
2130 710 2244 779 ipsa
2276 709 2612 765 consuetudo
2646 711 2928 778 peccandi,
2962 727 3082 766 cum
3129 724 3336 769 certum
3378 718 3446 771 sit
3483 735 3581 773 nos

1986 806 2125 860 sicut
2151 804 2220 859 de
2252 804 2490 858 minimis
2517 803 2678 859 bonis
2704 805 2915 876 augeri,
2948 805 3017 859 ita
3042 806 3108 861 de
3132 808 3371 862 minimis
3402 812 3573 879 negli-

1985 897 2180 967 gentiis
2220 895 2418 950 debere
2459 896 2773 966 compungi.
2823 897 2936 951 Non
2981 907 3065 953 est
3095 901 3238 954 enim
3287 903 3570 958 minimum

1986 989 2112 1044 vitia
2153 988 2205 1042 in
2254 988 2365 1042 vita
2415 987 2693 1044 hominum
2728 987 2843 1061 [AL
2895 989 3036 1043 intra
3075 989 3201 1044 vitia
3253 991 3570 1065 hominum]

1985 1081 2261 1154 negligere
2290 1081 2534 1136 minima.
2569 1080 2763 1137 Nescio
2781 1081 2848 1136 de
2875 1083 3072 1151 quibus
3097 1083 3306 1139 delictis
3336 1087 3569 1140 debeant

1985 1175 2106 1231 esse
2133 1174 2331 1240 securi,
2356 1175 2518 1229 etiam
2543 1171 2611 1228 de
2641 1175 2875 1243 peccatis
2902 1174 3222 1244 ignorantiae
3264 1177 3564 1246 judicandi,
3612 1174 3614 1177 ’

1984 1283 2049 1324 ac
2082 1267 2351 1323 rationem
2385 1267 2452 1322 de
2481 1267 2672 1322 otiosis
2704 1268 3048 1323 sermonibus
3086 1283 3148 1323 ac
3176 1269 3242 1324 de
3281 1271 3565 1340 cogitatio-

1986 1359 2145 1414 nibus
2161 1358 2442 1414 reddituri.
2464 1357 2657 1413 Nescio
2674 1374 2794 1428 qua!
2815 1358 3047 1415 debeant
3063 1360 3252 1415 delicta
3272 1361 3563 1434 negligere,

1985 1442 2053 1506 de
2082 1451 2275 1521 quibus
2303 1461 2356 1505 et
2381 1450 2498 1520 ipse
2533 1448 2793 1504 Dominus
2837 1464 2958 1504 cum
2991 1450 3219 1520 quadam
3253 1451 3568 1507 definitione

1985 1543 2220 1598 declarat
2247 1560 2260 1595 :
2289 1541 2452 1597 Amen
2493 1542 2607 1595 dico
2645 1541 2806 1607 uobis,
2832 1543 2875 1595 si
2905 1541 3019 1613 quis
3048 1541 3235 1596 dixerit
3277 1545 3425 1612 fratri
3448 1559 3563 1609 suo,

1986 1634 2174 1704 Fatue,
2202 1652 2319 1689 rcus
2345 1636 2441 1689 erit
2469 1635 2600 1706 ignis
2629 1635 2854 1703 (Matth.
2885 1651 2939 1702 v,
2969 1634 3092 1706 2'2).
3125 1637 3255 1701 Quis
3282 1635 3423 1691 inter
3453 1638 3567 1693 lucc

1986 1727 2146 1783 ullam
2178 1743 2402 1799 sperare
2448 1727 2834 1796 indulgentiam
2872 1728 3092 1797 posset?
3120 1728 3221 1781 nisi
3253 1744 3411 1798 quam
3443 1746 3566 1799 pro-

279 1808 548 1864 edomitm
576 1813 754 1866 carnis
781 1813 1077 1884 impugnat,
1104 1816 1148 1870 si
1171 1818 1343 1885 possit
1363 1831 1548 1872 eorum
1575 1832 1766 1874 sensus
1794 1820 1876 1874 vel
1910 1822 1954 1881 Β
1983 1821 2138 1876 clivis
2162 1831 2246 1874 est
2275 1819 2435 1874 homo
2465 1820 2529 1873 ad
2565 1818 3007 1888 delinquendum,
3055 1830 3160 1873 tam
3190 1821 3565 1876 misericordia

269 1899 552 1957 ‘bonestas
590 1905 943 1974 cogitationes
998 1907 1261 1976 polluere,
1313 1917 1368 1965 et
1407 1910 1697 1981 ignobilem
1750 1911 1876 1985 [AL

278 1991 564 2066 nobilem]
589 1995 913 2066 triumphum
942 1997 1010 2053 de
1033 1999 1296 2055 castitatis
1325 2001 1546 2057 vulnere
1577 2013 1875 2073 reportare.

271 2083 542 2139 ‘lleliores
579 2101 707 2141 vero
739 2103 980 2158 quosque
1010 2104 1072 2145 ac
1099 2091 1365 2157 seniores,
1395 2107 1491 2160 per
1518 2092 1767 2147 elationis
1817 2107 1880 2147 ac

273 2177 561 2249 iactantia
605 2182 828 2247 malum,
885 2183 1129 2252 profectu
1159 2184 1277 2254 ipso
1304 2199 1368 2240 ac
1400 2185 1606 2240 meritis
1649 2185 1877 2255 propriis

275 2283 598 2343 exitugnare
618 2281 872 2333 conatur:
903 2287 960 2328 ut
979 2275 1105 2329 dum
1131 2285 1396 2345 tempora,
1420 2276 1549 2331 dum
1580 2278 1768 2332 merita
1797 2279 1877 2332 in-

267 2363 446 2432 gerit,
483 2379 577 2431 per
607 2365 1088 2420 immundissimam
1137 2368 1450 2435 vanitatem,
1503 2369 1870 2424 humilitatem

265 2456 470 2510 'cordis
493 2457 746 2523 excidat;
768 2467 841 2522 et,
876 2460 1015 2528 quod
1045 2459 1408 2528 periculosum
1430 2473 1534 2529 εει,
1568 2461 1620 2516 in
1645 2477 1875 2532 conspe-

277 2559 373 2606 ctu
406 2549 502 2604 Dei
537 2551 635 2604 sibi
679 2553 947 2605 hominem
980 2551 1192 2620 placere
1224 2553 1542 2620 persuadeat
1575 2553 1696 2627 [AL
1748 2571 1871 2624 per-

277 2640 543 2712 suadet].
567 2642 684 2698 Jam
717 2660 844 2699 vero
869 2645 999 2699 illud
1029 2661 1320 2701 commune
1360 2662 1422 2700 ac
1462 2646 1724 2702 familiare
1754 2664 1871 2702 ma-

275 2733 392 2788 lum
421 2747 527 2802 est,
565 2737 709 2805 quod
738 2746 911 2791 armat
947 2749 1133 2793 contra
1167 2754 1266 2794 nos
1289 2739 1485 2809 lingua:
1515 2749 1716 2795 nostra:
1761 2741 1873 2810 gla-

274 2825 403 2882 dios
431 2867 447 2894 ,
495 2827 636 2895 quod
688 2829 886 2882 irarum
922 2827 1219 2884 inflammat
1261 2832 1527 2885 stimulos.
1575 2830 1753 2901 Atque
1799 2832 1871 2885 ita

275 2916 517 2975 diversis
548 2923 888 2991 passionibus
917 2924 1149 2978 inebriat
1174 2936 1432 2994 mentem,
1459 2934 1515 2977 ut
1539 2925 1755 2995 quando
1779 2933 1873 2979 aut

275 3015 589 3080 irascimur,
621 3030 711 3072 aut
753 3020 1114 3072 obtrectamus
1135 3060 1150 3084 ,
1184 3025 1279 3071 aut
1307 3017 1700 3083 maledicimus,
1751 3015 1869 3069 aliis

278 3125 485 3165 nocere
511 3111 814 3165 credamus.
848 3112 952 3165 Sed
985 3128 1086 3165 non
1121 3111 1194 3163 ita
1229 3117 1336 3173 est,
1369 3109 1704 3172 cbarissimi;
1742 3123 1865 3162 nam

1987 1910 2192 1968 Domini
2235 1912 2406 1967 nostri
2435 1911 2590 1967 dives
2617 1919 2762 1966 esset
2790 1911 2858 1965 ad
2902 1913 3330 1968 remittendum?
3377 1914 3566 1984 Respi-

1982 2005 2185 2060 ciamus
2215 2019 2365 2074 ergo,
2399 2005 2612 2070 fratres,
2644 2002 2980 2057 vocationem
3029 2015 3290 2067 nostram,
3323 2005 3566 2060 ambule-

1983 2113 2103 2154 mus
2132 2099 2184 2154 in
2218 2097 2538 2166 humilitate,
2573 2097 2627 2150 in
2655 2096 2800 2150 omni
2832 2096 3119 2164 patientia,
3153 2097 3202 2150 in
3240 2100 3383 2152 omni
3415 2114 3563 2152 man-

1979 2189 2287 2244 suetudine.
2339 2188 2605 2242 Ponamus
2650 2187 2728 2240 ori
2781 2195 2968 2240 nostro
3019 2187 3352 2252 custodiam;
3404 2189 3564 2243 timor

1981 2280 2140 2336 futuri
2179 2278 2365 2348 judicii
2413 2277 2622 2347 mitiget
2667 2277 3028 2343 iracundiam;
3087 2278 3340 2347 cogitatio
3388 2279 3561 2334 ultimi

1977 2373 2081 2431 diei
2115 2373 2327 2444 frangat
2369 2371 2700 2443 superbiam.
2751 2370 3061 2440 Cogitemus
3097 2371 3188 2439 qui
3235 2372 3408 2426 luctus
3457 2373 3561 2427 erit

1979 2467 2266 2538 negligenti
2315 2465 2513 2520 animae
2557 2479 2622 2520 ex
2653 2463 2754 2517 hoc
2796 2478 3024 2532 corpore
3071 2463 3393 2530 discedenti,
3440 2479 3561 2531 quas

1976 2557 2256 2628 angustiae,
2287 2569 2407 2626 quat
2433 2554 2627 2624 caligo,
2656 2569 2776 2624 quae
2803 2553 3065 2616 tenebrae,
3091 2568 3210 2606 cum
3246 2569 3311 2606 ex
3345 2554 3434 2606 illo
3461 2552 3558 2607 ad-

1976 2647 2338 2704 versariorum
2384 2660 2609 2700 numero
2641 2645 2809 2714 prima
2851 2659 3138 2699 occurrere
3181 2648 3399 2710 coeperit
3431 2658 3563 2698 con-

1975 2739 2198 2796 scientia
2240 2739 2468 2795 diversis
2512 2738 2862 2807 circumjecta
2891 2738 3232 2792 criminibus.
3270 2739 3384 2806 Ipsa
3417 2738 3557 2792 enim

1975 2836 2198 2890 remotis
2228 2833 2472 2888 omnibus
2505 2831 2935 2902 probationibus,
2969 2831 3082 2899 ipsa
3115 2831 3400 2899 ingerenda
3431 2845 3559 2886 ocu-

1971 2924 2040 2978 lis
2073 2923 2291 2988 nostris,
2330 2932 2389 2977 ut
2433 2937 2530 2976 nos
2557 2932 2609 2976 et
2637 2921 2923 2975 convincat
2950 2921 3217 2990 probatio,
3251 2931 3303 2974 et
3331 2920 3560 2975 confun-

1972 3013 2064 3067 dat
2089 3013 2308 3082 agnitio.
2343 3010 2458 3065 Non
2507 3009 2602 3063 ulli
2627 3008 2742 3082 [AL
2783 3025 2886 3062 non
2922 3007 3024 3078 ibi]
3060 3008 3237 3061 licebit
3269 3009 3350 3062 vel
3382 3011 3560 3064 celare

1972 3103 2194 3172 aliquid,
2221 3103 2303 3156 vel
2329 3116 2548 3171 negare,
2580 3100 2670 3154 ubi
2703 3115 2808 3153 non
2835 3099 2901 3154 de
2931 3100 3087 3168 longe
3109 3099 3342 3166 aliunde,
3375 3101 3465 3154 sed
3493 3102 3559 3156 de

277 3200 709 3268 uniuscujusque
736 3201 848 3254 vitii
879 3202 1077 3254 malum
1110 3201 1163 3254 in
1187 3215 1343 3254 suum
1384 3200 1654 3254 redundat
1682 3209 1867 3252 aucto-
1897 3193 1942 3257 C
1975 3197 2116 3251 intus
2140 3208 2494 3266 processurus
2514 3203 2598 3248 est
2617 3201 2904 3246 accusator
2925 3201 2978 3245 et
3002 3192 3171 3244 testis.
3197 3192 3558 3258 Quamobrem

276 3308 420 3350 rem.
455 3293 618 3348 Suam
651 3291 887 3362 linguam
919 3293 1244 3361 maliloquus
1286 3291 1538 3357 maculat,
1582 3303 1737 3344 suum
1779 3304 1873 3345 cor

275 3389 619 3443 obtrectator
655 3387 956 3451 exulcerat,
993 3400 1105 3439 suae
1135 3386 1333 3438 mentis
1365 3383 1544 3438 lumen
1583 3382 1872 3438 iracundus

275 3480 540 3542 obcaecat,
566 3493 717 3532 suam
740 3478 972 3530 animam
999 3475 1212 3530 invidus
1235 3488 1448 3529 veneno
1475 3470 1663 3528 livoris
1686 3487 1872 3541 θενεῖ-

277 3571 374 3640 git.
415 3573 473 3627 ln
502 3585 604 3640 quo
641 3571 770 3623 illud
810 3582 1021 3638 quoque
1062 3566 1366 3622 Salomonis
1412 3565 1664 3634 impletur
1691 3581 1708 3618 :
1736 3561 1867 3632 Fili,

275 3665 322 3718 si
344 3665 513 3717 malus
543 3664 724 3734 fueris,
753 3661 892 3716 solus
916 3663 1121 3715 hauries
1143 3659 1564 3731 mala(Prov.|x,
1595 3657 1714 3728 ιε).
1743 3658 1870 3714 Inde

275 3773 412 3827 ergo
436 3760 634 3823 evenit,
664 3756 1024 3822 dilectissimi,
1057 3756 1198 3810 sicut
1229 3755 1368 3820 dixi,
1401 3755 1541 3823 quod
1574 3769 1669 3808 nos
1701 3754 1867 3807 inter-

274 3853 406 3905 dum
432 3849 729 3904 deteriores
753 3864 873 3904 esse
897 3849 1156 3903 sentimus
1179 3863 1336 3918 quam
1358 3846 1408 3900 in
1427 3846 1626 3900 sacculo
1647 3843 1867 3911 fuimus,

274 3941 402 4010 quia
446 3941 510 3994 ad
553 3941 748 3995 malum
783 3941 833 3994 in
869 3939 1250 3994 colluctatione
1302 3939 1610 3992 incentores
1657 3951 1864 4004 sumus,

273 4034 401 4103 quia
446 4031 608 4098 hosﬁ,
641 4047 800 4101 quem
834 4032 945 4102 ipsa
994 4030 1411 4086 conversatione
1458 4030 1867 4098 procuravimus

281 4126 408 4198 [ΑΙ.
438 4125 910 4196 provocavimus],
946 4127 996 4179 in
1023 4125 1200 4180 medio
1230 4125 1524 4179 certamine
1552 4137 1744 4178 manus
1771 4121 1868 4176 da-

275 4235 420 4275 mus.
467 4220 576 4274 Nec
621 4221 671 4273 in
706 4223 914 4276 fervore
946 4235 1051 4290 quo
1097 4219 1364 4288 cepimus
1412 4231 1863 4285 perseveramus,

273 4313 368 4367 sed
402 4311 708 4366 debellante
741 4321 930 4378 tepore
950 4312 1372 4366 succumbimus.
1397 4306 1626 4378 Ideoque
1657 4308 1866 4378 magnis

273 4405 483 4459 viribus
507 4404 900 4459 defendendum
925 4413 1008 4458 est
1035 4418 1242 4472 magna:
1265 4417 1462 4456 nomen
1487 4398 1860 4470 professionis.

273 4495 498 4552 Multum
529 4497 776 4565 estquod
817 4497 881 4548 ad
913 4510 1156 4550 ercmum
1201 4494 1467 4549 veniendo
1513 4494 1862 4561 promisimus

1977 3299 2032 3344 ut
2063 3290 2297 3343 futuram
2346 3288 2490 3341 illam
2520 3284 2893 3341 confusionem
2923 3299 2986 3338 ex
3020 3289 3288 3352 praesenti,
3319 3302 3436 3354 qua:
3476 3287 3558 3340 in-

1975 3393 2057 3438 ter
2105 3382 2355 3437 homines
2396 3381 2619 3435 evenire
2649 3378 2807 3442 solet,
2854 3376 3169 3432 confusione
3206 3379 3557 3447 conjiciamus

1974 3471 2092 3546 [Αι.
2120 3468 2540 3543 conjiciamur],
2570 3470 2868 3541 cogitemus
2894 3469 2938 3523 si
2967 3469 3127 3523 alicui
3153 3480 3391 3524 nostrum
3417 3471 3557 3527 inter

1976 3582 2072 3620 nos
2101 3565 2466 3634 obiicerentur
2496 3563 2693 3619 delicta
2721 3572 2776 3617 et
2805 3563 3020 3618 occulta
3048 3578 3164 3629 sua,
3211 3565 3556 3634 quemadmo-

1973 3657 2100 3710 dum
2129 3665 2184 3712 et
2209 3655 2358 3711 cordi
2385 3654 2715 3710 intrinsecus
2740 3665 2862 3708 nota
2893 3664 3038 3720 sunt,
3066 3670 3196 3708 vere
3224 3656 3368 3718 dico,
3403 3670 3554 3710 com-

1975 3764 2162 3805 munes
2191 3750 2430 3802 omnium
2460 3748 2641 3800 vultus
2679 3746 2818 3800 ferre
2863 3760 2968 3799 non
3002 3758 3212 3814 posset;
3243 3759 3294 3801 et
3325 3748 3449 3816 quid
3481 3747 3554 3802 fa-

1972 3840 2076 3896 ciet
2113 3839 2292 3894 infelix
2321 3842 2498 3894 anima
2531 3837 2745 3908 quando
2776 3851 2896 3890 cum
2929 3837 3232 3904 Opprobriis
3261 3847 3314 3890 et
3343 3838 3554 3891 foedita-

1973 3936 2113 3992 tibus
2137 3937 2249 3991 suis
2273 3936 2582 4006 angelorum
2609 3933 2767 3988 fuerit
2793 3931 3174 4000 conspectibus
3205 3931 3555 3999 pra-scutata?

1970 4031 2038 4086 At
2061 4047 2186 4084 vero
2220 4028 2305 4084 illa
2337 4028 2512 4082 anima
2535 4043 2651 4096 qum
2677 4026 2813 4081 bene
2833 4039 3050 4079 cursum
3077 4038 3230 4077 suum
3262 4023 3549 4086 direxerit,

1969 4139 2088 4194 qua:
2116 4121 2330 4177 Christo
2363 4122 2413 4174 in
2443 4118 2746 4173 senioribus
2789 4117 2900 4170 suis
2930 4115 3401 4183 obtemperaverit,
3433 4127 3552 4181 qua:

1971 4213 2359 4284 professionem
2385 4228 2536 4266 suam
2565 4228 2662 4280 per
2687 4209 2864 4264 omnia
2894 4207 3225 4270 custodierit,
3261 4222 3363 4259 non
3399 4207 3552 4261 time-

1968 4307 2048 4361 bit
2074 4309 2271 4360 ultimze
2298 4306 2443 4359 illius
2476 4306 2624 4360 horae
2656 4303 3072 4363 necessitatem;
3120 4302 3266 4352 exire
3297 4300 3361 4350 tle
3395 4298 3550 4365 hujus

1967 4399 2211 4468 corporis
2261 4396 2569 4452 habitaculo
2619 4397 2689 4448 ita
2746 4393 2847 4448 sibi
2891 4392 3188 4456 videbitur,
3238 4391 3386 4460 quasi
3430 4399 3550 4457 post

1968 4490 2156 4558 longas
2185 4488 2421 4542 carceris
2445 4487 2695 4541 tenebras
2727 4483 3051 4553 producatur
3076 4482 3140 4535 ad
3170 4482 3361 4546 lucem,
3395 4483 3546 4547 quasi

273 4587 409 4654 Deo,
457 4587 747 4658 quamlibet
780 4588 946 4639 multa
995 4590 1101 4639 sint
1149 4601 1268 4655 qua:
1319 4600 1602 4653 speramus
1647 4599 1674 4636 a
1729 4585 1856 4636 Deo.
1892 4575 1940 4632 D
1964 4583 2032 4636 de
2063 4583 2239 4650 aliquo
2265 4577 2651 4633 obscurissitno
2677 4589 2837 4640 Specu
2870 4574 2920 4625 in
2945 4573 3117 4625 aulam
3142 4575 3340 4640 regiam
3375 4574 3547 4628 intro-

263 4663 507 4747 'ldeoque
535 4676 882 4731 discutiamus
909 4689 1126 4729 omnem
1156 4675 1425 4737 inertiam,
1457 4690 1671 4729 omnem
1700 4673 1859 4728 lassi-

274 4770 513 4825 tudinem
541 4767 759 4828 mentis,
794 4778 847 4821 et
877 4768 1163 4835 pretiosam
1197 4766 1440 4820 militiam
1469 4765 1704 4832 pretioso
1731 4781 1859 4835 aga-

274 4877 394 4918 mus
434 4860 649 4916 aﬂ‘ectu.
690 4858 807 4914 Non
850 4869 1227 4928 exspectemus
1254 4857 1320 4912 ad
1350 4858 1611 4927 obsequia
1647 4859 1856 4912 Domini

274 4955 444 5007 nostri
495 4952 958 5007 mercenariorum
987 4965 1052 5004 ac
1075 4965 1354 5005 servorum
1389 4965 1540 5004 more
1566 4950 1816 5018 compelli
1842 4991 1855 5012 ,

276 5061 450 5116 neque
480 5046 718 5101 contenti
765 5046 933 5099 sitnus
966 5052 1024 5098 ut
1057 5043 1194 5098 alius
1224 5058 1254 5098 a
1284 5042 1442 5096 nobis
1473 5041 1649 5112 exigat
1698 5041 1860 5110 quid-

275 5140 401 5208 quid
431 5140 494 5194 ad
522 5140 749 5192 salutem
773 5148 826 5192 et
847 5136 1071 5207 gloriam
1097 5145 1336 5190 nostram
1365 5133 1639 5205 pertinere
1664 5148 1864 5203 cogno-

277 5236 497 5289 scimus.
538 5231 677 5288 Ante
709 5233 887 5285 omnia
939 5243 1228 5286 caveamus
1259 5228 1482 5297 utquod
1514 5228 1672 5282 nobis
1703 5242 1861 5297 agere

278 5343 499 5384 necesse
530 5335 632 5390 est,
665 5342 768 5380 non
809 5340 1030 5394 agamus
1062 5323 1238 5378 inviti.
1273 5321 1380 5377 Nec
1412 5330 1538 5376 ante
1566 5337 1701 5391 opus
1731 5335 1861 5374 con-

278 5418 624 5484 tradicamus,
655 5431 753 5472 nec
775 5418 825 5470 in
850 5431 1013 5485 opere
1041 5429 1457 5478 murmuremus,
1492 5428 1591 5466 nec
1615 5412 1767 5466 nobis
1792 5411 1860 5466 de

278 5516 647 5565 consummato
676 5525 838 5578 Opere
886 5510 1213 5578 placeamus,
1250 5507 1388 5560 male
1434 5504 1746 5559 blandiente
1771 5503 1854 5572 ja-

281 5602 498 5656 ctantia.
527 5600 668 5657 Ante
693 5604 897 5671 omnia,
953 5602 1165 5664 fratres,
1215 5599 1447 5654 sollicito
1486 5599 1667 5653 cordis
1707 5596 1861 5651 oculo

281 5693 625 5764 negligentias
653 5706 865 5749 nostras
891 5693 1130 5764 quotidie
1153 5693 1530 5754 discutiamus,
1547 5704 1742 5757 easque
1760 5703 1859 5741 no-

285 5785 364 5840 bis
385 5785 628 5842 discusso
651 5787 852 5854 teporis
874 5786 1058 5841 nubilo
1087 5793 1211 5839 ante
1235 5785 1416 5838 oculos
1443 5782 1853 5846 constituamus,

1962 4675 2208 4737 ducatur,
2241 4670 2391 4741 quasi
2432 4667 2498 4720 de
2525 4666 2642 4719 lacu
2671 4663 2901 4718 miserim
2929 4673 2982 4718 et
3010 4663 3076 4716 de
3109 4664 3219 4717 luto
3248 4664 3394 4717 fa-cis
3424 4665 3547 4720 abs-

1962 4772 2159 4828 tracta,
2213 4758 2472 4831 speciosis
2529 4774 2588 4812 ac
2646 4757 2941 4821 sulentlidis
2978 4757 3215 4810 vestibus
3260 4759 3545 4825 induatur,

1963 4864 2121 4922 atque
2169 4854 2309 4907 inter
2348 4851 2541 4905 florum
2585 4858 2635 4900 ct
2677 4847 2975 4900 aromatum
3028 4848 3344 4900 Ittatitztlcm
3395 4849 3545 4903 miris

1962 4945 2251 5001 reficienda
2298 4943 2554 4998 odoribus
2601 4941 2920 4995 collocetur.
2972 4941 3340 4995 Recordemur
3383 4959 3544 5010 quam

1959 5039 2195 5107 jucunda
2222 5039 2293 5092 sit
2316 5037 2488 5106 quies,
2521 5052 2676 5104 quam
2705 5034 3036 5088 delectabilis
3064 5039 3389 5103 repztusnio,
3424 5047 3546 5107 post

1964 5148 2025 5190 se
2045 5133 2342 5202 depositum
2367 5129 2594 5198 :tlianus
2609 5129 2906 5199 gravissimi
2927 5125 3105 5182 onvris
3127 5129 3345 5182 fascem.
3372 5131 3540 5196 Quam

1965 5225 2121 5279 dulce
2149 5223 2221 5277 sit
2262 5231 2381 5290 post
2410 5222 2582 5290 longae
2611 5218 2939 5282 captivitatis
2978 5231 3196 5272 catenas
3227 5220 3291 5272 ad
3321 5222 3539 5273 ('haratn

1967 5317 2190 5386 patriam
2221 5323 2534 5381 recuperata
2556 5312 2805 5365 libertate
2838 5325 3127 5364 remeasse.
3156 5312 3321 5375 Qoatn
3355 5313 3544 5380 pretio-

1966 5423 2084 5462 sum
2119 5409 2209 5474 sit,
2242 5417 2364 5475 post
2401 5406 2582 5458 multa:
2612 5402 2967 5470 navigationis
3018 5405 3258 5470 pericula
3302 5402 3366 5455 ad
3395 5407 3546 5469 opta-

1968 5515 2072 5556 tam
2108 5514 2327 5568 terram,
2362 5509 2521 5567 atque
2551 5497 2616 5551 ad
2650 5509 2860 5566 portum
2908 5496 3318 5550 desiderabilem
3351 5509 3543 5562 perve-

1966 5596 2129 5646 nisse.
2162 5593 2331 5661 Atque
2356 5607 2417 5644 ex
2446 5590 2531 5643 bis
2556 5589 2870 5658 colligamus
2899 5599 2949 5642 et
2973 5602 3362 5657 cognoscamus
3385 5602 3542 5654 quam

1960 5686 2254 5756 jucundum
2289 5684 2388 5738 erit
2437 5683 2635 5738 comite
2681 5683 2819 5735 bona
2861 5681 3191 5734 conscientia
3223 5679 3286 5733 ad
3319 5693 3442 5731 vera
3491 5686 3545 5729 et

1965 5779 2134 5831 solida
2167 5778 2380 5846 gaudia,
2413 5786 2572 5844 atque
2614 5775 2676 5827 ad
2709 5774 3022 5841 angelorum
3053 5772 3289 5825 transire
3317 5780 3546 5823 consor-
