4042 6188
481 271 588 329 853
1483 261 1540 316 5.
1585 257 1911 315 ΕυϐΗΕίὶΙΙ
1955 257 2435 314 LL'GDL'NENSIS
2474 254 2780 313 EPISCOPI
3669 253 3785 315 εκ

483 385 589 450 tla,
622 393 678 438 et
711 383 777 437 ad
803 382 947 438 illam
981 381 1147 434 vitam
1191 376 1560 432 conscendere
1608 377 1694 429 ubi
1742 376 1874 428 nulli
1920 387 2078 430 erunt
2108 383 2153 437 Α
2185 374 2391 443 (Prov.
2421 391 2496 438 rx,
2531 375 2664 443 19.);
2699 390 2849 430 suam
2897 376 3130 445 linguam
3162 374 3488 445 maliloquus
3515 376 3779 445 macu'at,

487 482 718 537 labores.
739 477 865 530 nnlli
886 475 1120 533 dolores.
1138 473 1281 525 nulta
1299 471 1513 534 damna,
1543 471 1683 523 nulla
1707 470 2069 534 incommoda,

483 583 534 625 et
560 570 702 641 quod
747 583 904 632 supra
936 581 1095 618 omne
1125 567 1321 616 bonum
1351 572 1455 624 est,
1485 563 1624 616 nulli
1680 573 1933 630 peccata;
1976 563 2071 616 sed

486 676 688 716 τειειηη
755 658 1096 722 innoccnlia,
1143 658 1393 710 imiolata
1454 656 1696 724 jtlslllla,
1750 655 2071 710 illCOllCUSSI

487 753 748 806 securitas
779 768 841 804 ac
872 749 1196 818 sempiterna
1232 749 1480 802 felicitas.

1071 881 1352 936 IIUMIUA
1397 879 1484 934 IX.

1085 999 1165 1050 At!
1198 995 1493 1050 monac/tos.

569 1117 748 1170 Videte
795 1116 1106 1168 romtioncm
1150 1125 1397 1175 restrain,
1446 1117 1635 1181 fratres
1675 1113 1976 1168 clrarissitni
2012 1113 2033 1184 (
2057 1113 2078 1168 Ι

492 1208 611 1264 Cor.
648 1225 683 1268 ι,
713 1209 781 1262 ‘26
804 1211 838 1269 ).
871 1206 1060 1259 Venire
1082 1208 1145 1256 ad
1176 1223 1416 1259 (:‘CItttttll
1445 1219 1652 1258 summa
1679 1207 1936 1274 perfectio
1959 1218 2076 1269 est;

494 1319 598 1354 non
635 1301 868 1368 perfecte
893 1300 943 1352 in
977 1315 1160 1351 eretno
1199 1302 1398 1360 vivere,
1432 1315 1640 1350 summa
1670 1301 1945 1352 damnatio
1968 1308 2073 1352 εει.

492 1393 628 1462 Quid
661 1393 900 1460 prodest,
925 1392 966 1443 si
993 1396 1041 1443 in
1069 1392 1185 1442 loco
1214 1391 1364 1454 quies
1395 1400 1663 1445 teneatur.
1690 1404 1744 1446 et
1767 1393 2081 1460 inquietudo

496 1487 546 1541 iu
579 1488 740 1542 corde
773 1498 1013 1540 versetur
1030 1488 1053 1537 2’
1081 1490 1132 1538 Si
1165 1488 1212 1538 in
1247 1487 1577 1539 habitatione
1606 1486 1669 1538 sil
1693 1487 1879 1538 'lllilllll
1911 1484 2002 1546 sit,
2029 1496 2083 1539 et

498 1581 548 1633 in
603 1581 992 1632 habitatoribus
1041 1580 1293 1631 vitiirunt
1339 1581 1619 1639 lttittllitlh,
1671 1587 1725 1631 et
1771 1578 2082 1632 roliuclatio

496 1687 620 1742 pass
645 1673 841 1722 onum?
870 1671 927 1725 Si
973 1673 1238 1724 ovtesiort
1274 1679 1455 1723 no-tra
1498 1671 1766 1724 serenitas
1798 1680 1994 1734 teneat,
2029 1680 2083 1725 et

2177 483 2333 523 suum
2363 485 2460 522 cor
2487 469 2824 523 obtrectator
2862 470 3163 529 exulcerat,
3207 482 3320 520 sua:
3359 466 3556 521 mentis
3594 467 3781 524 lumen

2177 561 2466 618 iracundus
2493 561 2761 625 obcarcat,
2791 575 2942 613 suam
2972 558 3191 614 invidus
3211 560 3449 613 animam
3473 560 3623 615 veiut
3644 575 3782 629 qua-

2178 653 2301 708 darn
2352 654 2600 720 rubigine
2643 651 2906 722 pestifero
2954 653 3127 707 livore
3173 652 3509 722 corrumpit,
3551 661 3607 706 et
3642 653 3788 711 sicut

2178 749 2507 804 exulceratis
2541 748 2856 816 parentibrrs
2900 755 3199 801 nascuntur
3239 745 3462 812 viperae,
3502 747 3665 808 sicut.
3699 749 3789 803 in-

2178 858 2364 910 quam,
2384 843 2530 894 nasci
2556 842 2758 909 viperei
2791 839 2931 894 fetus
2955 839 3216 906 disrtrptis
3238 846 3462 892 matrum
3479 839 3789 894 visceribus

2180 943 2532 993 asseruntur;
2583 933 2653 985 ita
2705 932 2937 986 humana
2999 930 3306 1000 pra-cordia
3347 928 3474 998 ipsis
3521 930 3795 996 primitus

2180 1039 2314 1092 quas
2344 1024 2696 1091 conci-perint
2732 1022 3073 1090 passionibns
3119 1021 3504 1076 dilaceranlnr.
3544 1019 3662 1086 Illa,
3695 1022 3797 1076 irr-

2180 1131 2364 1186 quatn,
2391 1115 2711 1186 prmcordia,
2737 1117 2805 1169 de
2838 1117 3038 1184 quibus
3059 1117 3310 1169 vitiorum
3339 1114 3619 1184 generatio
3657 1129 3794 1170 ser-

2183 1210 2400 1275 pentina
2435 1205 2723 1276 profertur,
2766 1207 2879 1275 ipsa
2914 1207 3160 1275 primitus
3206 1217 3551 1261 rnonstruoia
3583 1217 3786 1274 partus

2185 1298 2303 1373 [ΑΙ.
2330 1316 2358 1354 a
2384 1298 2572 1371 partu]
2598 1299 2927 1354 fecunditate
2951 1299 3240 1354 violantur.
3267 1298 3343 1353 De
3363 1300 3456 1352 tali
3477 1308 3632 1368 parttt
3651 1300 3792 1356 dicit

2186 1408 2367 1447 sermo
2389 1395 2602 1448 divinus
2633 1413 2644 1447 :
2675 1391 2808 1447 Ecce
2829 1394 3051 1462 parturit
3074 1393 3407 1461 injustitiam,
3432 1395 3660 1464 concepit
3683 1395 3790 1448 do-

2186 1486 2367 1546 lorem,
2400 1495 2446 1536 et
2489 1486 2681 1550 peperit
2714 1485 3059 1555 iniquitatem.
3087 1484 3422 1539 Conuertctur
3468 1486 3618 1539 dolor
3660 1489 3784 1558 εἷα

2187 1577 2238 1629 in
2283 1589 2437 1642 caput
2477 1580 2614 1647 (jus,
2647 1587 2694 1630 et
2725 1577 2777 1630 in
2807 1579 3045 1630 verticem
3075 1578 3234 1643 ipsius
3261 1578 3511 1648 iniquitas
3554 1581 3664 1650 (jus
3690 1578 3790 1631 de-

2187 1668 2394 1721 scrndet
2435 1668 2453 1737 (
2478 1667 2568 1720 l’s.
2605 1668 2732 1736 vn).
2763 1667 2856 1722 llis
2885 1670 3064 1737 itaque
3090 1669 3308 1730 auditis,
3336 1679 3537 1723 nostra
3556 1680 3791 1740 utopor-

499 1766 751 1818 interiora
786 1765 1110 1826 Ieiipestm?
1138 1763 1175 1816 S
1199 1765 1382 1815 denti;
1409 1778 1580 1812 antos
1606 1775 1842 1822 nostros,
1873 1772 1926 1813 et
1950 1773 2084 1815 tern-

2195 1771 2266 1816 tet
2292 1764 2430 1815 circo
2461 1777 2558 1816 vos
2596 1761 2858 1815 fer'ventis
2887 1763 3168 1817 elrarilatis
3197 1764 3411 1816 aninrns
3445 1779 3544 1832 pro
3569 1765 3783 1833 aliquo.

498 1869 690 1921 porum
746 1855 944 1919 Sp-tia,
999 1855 1195 1923 quibus
1250 1869 1390 1906 nunc
1451 1854 1707 1912 \‘lViJIIi,
1769 1866 2084 1920 suppurare.

499 1945 616 2000 Non
653 1964 702 2001 te
733 1949 904 2010 fallat,
946 1962 1272 2016 quicumque
1308 1947 1339 1996 il
1369 1963 1397 1997 (ι
1443 1962 1536 2006 es,
1575 1961 1833 1999 numerus
1879 1946 2086 1999 dierum

496 2056 633 2109 quos
672 2042 754 2096 bic
788 2042 917 2092 relic.
943 2059 975 2090 o
1020 2042 1376 2106 corporaliter
1423 2042 1625 2094 ειτοιιιυ
1670 2039 2078 2105 consumpsisti.

494 2135 652 2190 ,ltllutn
679 2145 880 2188 tantum
912 2135 1051 2187 diem
1088 2136 1286 2186 vixisse
1313 2143 1361 2186 te
1383 2142 1662 2201 computa,
1694 2135 1744 2186 in
1773 2150 1878 2203 quo
1902 2136 2089 2187 volun-

500 2237 636 2280 tates
668 2227 912 2294 proprias
940 2227 1241 2293 abnegastt,
1277 2226 1326 2276 in
1352 2241 1458 2291 quo
1494 2228 1647 2277 malis
1677 2225 1965 2279 desideriis
1997 2242 2087 2281 re-

497 2318 701 2370 Sililsll.
731 2323 896 2381 Quem
931 2319 1048 2370 sine
1088 2319 1186 2367 nlia
1221 2320 1416 2382 regali:
1452 2318 1883 2383 transgressione
1931 2318 2089 2372 duxi-

499 2411 586 2472 sti,
620 2412 769 2461 illurn
804 2411 945 2461 tlit'tu
979 2412 1177 2462 \‘ivisse
1210 2423 1260 2462 te
1290 2420 1566 2477 Contpula;
1600 2427 1759 2480 qucut
1794 2427 1901 2466 non
1936 2414 2090 2467 mali-

501 2501 595 2565 tia,
627 2517 731 2550 non
768 2501 990 2561 invidia,
1025 2517 1127 2550 non
1160 2502 1408 2562 superbia
1446 2502 1894 2568 eotntnacnlavit;
1927 2521 2086 2572 quem

502 2604 607 2641 IlOll
635 2590 793 2640 ntend
817 2592 924 2648 icii,
962 2608 1063 2642 non
1099 2592 1318 2657 perjurii
1349 2593 1504 2660 culpa
1538 2596 1822 2660 respersit;
1847 2599 1936 2665 qui
1969 2612 2094 2662 pec-

500 2695 622 2736 cato
655 2701 757 2736 rton
790 2685 973 2747 cessit,
1011 2688 1097 2754 qni
1129 2687 1342 2738 diabolo
1383 2689 1717 2756 repugnavit.
1762 2689 1912 2742 llltttrt
1947 2690 2088 2744 diem

505 2775 706 2828 vixisse
743 2789 791 2828 te
828 2791 1104 2842 computa,
1130 2780 1218 2845 qtti
1252 2778 1499 2846 puritatis
1529 2790 1584 2833 «ιι
1611 2789 1811 2834 Sancta:
1858 2782 2088 2835 lllt‘llll‘l-

504 2867 668 2920 tinnis
693 2868 877 2920 iltlitlltl
901 2867 1094 2926 lucem.
1121 2885 1276 2936 quem
1305 2885 1408 2922 non
1433 2873 1777 2925 conversatio
1804 2872 2092 2928 tenebrosa

505 2971 732 3015 ιιιιιι.ιγιι
769 2965 817 3012 in
855 2975 1085 3014 noetein.
1115 2960 1292 3026 illum,
1327 2963 1566 3026 ιιι-μιίιιιι,
1605 2965 1746 3017 diem
1782 2966 1991 3033 applica
2024 2966 2092 3020 ad

501 3056 668 3108 vitam
704 3067 869 3117 tuam,
902 3057 1056 3124 cttjus
1105 3071 1231 3107 usus
1267 3057 1508 3122 pervenit
1542 3058 1606 3108 ad
1647 3058 1882 3110 animant
1925 3066 2092 3111 tuam.

2195 1871 2313 1907 rum
2344 1855 2679 1921 negligi-otiis
2706 1856 2865 1920 longo
2888 1855 3230 1907 cruciabatur
3250 1855 3459 1908 dolore.
3483 1853 3622 1925 [Sed
3649 1870 3790 1923 pra-

2194 1946 2359 2001 tnisso
2389 1944 2692 2014 alfectrrjet
2727 1945 2997 2015 aliquibus
3028 1947 3309 2000 exonerati
3355 1946 3583 2014 pectoris
3626 1947 3787 2001 msti-

2195 2040 2295 2092 btts
2327 2039 2698 2108 prmcipitnns,
2730 2039 3106 2101 admonemus,
3138 2050 3300 2106 atque
3345 2038 3500 2092 etiam
3550 2055 3649 2093 vos
3683 2055 3792 2110 pro

2196 2132 2349 2185 vobis
2379 2133 2461 2198 (si
2509 2141 2687 2185 tamen
2737 2131 2988 2184 affectum
3039 2129 3400 2199 praecipientis
3440 2130 3624 2184 amlire
3673 2147 3792 2187 non

2194 2223 2597 2291 dedigncmini)
2621 2223 2992 2287 obsecramus,
3029 2231 3083 2276 ut
3121 2221 3190 2276 de
3218 2222 3423 2290 reliquo
3450 2221 3793 2289 corrigamus

2196 2334 2396 2379 mores.
2427 2317 2777 2386 negligentias
2803 2317 3181 2380 emendemus,
3214 2332 3282 2370 ne
3305 2316 3410 2371 ltuc
3441 2317 3786 2385 postmodum

2196 2426 2303 2464 non
2332 2425 2451 2462 cum
2480 2409 2672 2478 lingua!
2697 2423 2759 2462 ac
2785 2409 3052 2462 sermonis
3084 2409 3255 2474 virga,
3285 2407 3378 2460 sed
3402 2423 3526 2461 eum
3561 2407 3648 2461 bis
3670 2423 3790 2464 ver-

2196 2501 2417 2556 beribus
2468 2517 2588 2568 qua:
2645 2499 2905 2553 obdurata
2953 2497 3080 2571 [ΑΙ.
3138 2495 3434 2568 olrturata]
3483 2499 3789 2567 deposcunt

2199 2594 2385 2655 corda,
2414 2593 2714 2645 veniamus.
2753 2591 3040 2645 Elaborate
3065 2591 3245 2661 potius
3272 2590 3532 2660 deinceps
3561 2602 3620 2647 ιιι
3649 2595 3787 2650 inter

2195 2699 2293 2740 vos
2326 2684 2445 2756 με.
2478 2681 2608 2752 nos]
2649 2683 2999 2737 coiitentione
3033 2683 3284 2738 laudabili
3311 2699 3375 2738 ac
3405 2684 3635 2741 meliore
3669 2695 3788 2742 tan—

2198 2779 2320 2831 dem
2364 2778 2708 2831 aemulatione
2753 2776 2997 2831 Cettelis.
3026 2774 3108 2830 Sit
3145 2777 3516 2847 unusquisque
3548 2788 3789 2837 vestrum

2200 2869 2316 2943 {AL
2365 2871 2452 2941 qui
2493 2866 2763 2938 vestrum]
2793 2869 2844 2920 in
2876 2883 3040 2938 opere
3091 2868 3185 2923 Dei
3232 2869 3557 2938 promptior,
3587 2872 3642 2924 in
3669 2886 3791 2926 ora-

2200 2963 2348 3018 tione
2381 2961 2497 3033 [ΑΙ.
2539 2962 2659 3032 quis
2690 2961 2742 3014 in
2772 2958 3052 3032 oratione]
3090 2959 3404 3028 ferventior,
3455 2964 3507 3016 in
3557 2962 3792 3020 lecriono

2200 3055 2503 3119 soldcirinr,
2537 3055 2588 3106 in
2625 3055 2873 3109 castitate
2909 3055 2980 3108 sit
3010 3053 3219 3122 purior,
3248 3054 3299 3107 in
3339 3053 3637 3110 sobrietate
3667 3070 3792 3124 par-

502 3148 754 3202 S-ilernns
786 3149 950 3201 etiam
986 3149 1140 3200 nobis
1170 3149 1237 3202 de
1268 3149 1631 3217 (:nt'ptrrnlitttlt
1680 3150 2005 3217 jejuninrutn
2032 3165 2094 3204 ac
2124 3152 2169 3215 C
2200 3149 2333 3213 cior,
2370 3150 2421 3200 in
2456 3148 2811 3218 laerymarnnt
2857 3146 3103 3212 largitate
3145 3145 3443 3215 profusior,
3480 3147 3532 3200 in
3563 3161 3792 3216 corpore

503 3241 796 3294 visnhllintn
845 3242 1148 3309 vigiliarum
1198 3243 1515 3295 assiduitate
1566 3242 1818 3306 blandiri,
1856 3243 1942 3308 ιιιιί
1977 3251 2096 3310 post

504 3333 712 3400 vigilias
739 3347 801 3386 ac
830 3332 895 3384 di:
927 3334 1057 3398 ipsis
1090 3333 1225 3384 forte
1276 3333 1470 3402 vigiliis
1521 3333 1586 3385 ad
1636 3333 2092 3402 obtrectationis,

505 3426 571 3477 ad
594 3425 961 3485 verbosiaatis,
984 3425 1050 3476 ad
1075 3428 1514 3479 inurrnnratinnis
1539 3427 1738 3480 rnalnm
1764 3429 2093 3496 egredimur.

507 3515 528 3588 l
553 3514 680 3567 Nam
703 3512 714 3583 ]
737 3516 825 3581 qui
855 3528 916 3566 se
940 3515 1008 3568 de
1033 3514 1199 3567 choro
1230 3514 1346 3587 [ΑΙ.
1375 3518 1443 3570 de
1471 3517 1631 3589 cura]
1662 3521 2004 3584 psallentium
2027 3521 2095 3576 ad

507 3607 990 3661 eomtnessationcs
1027 3609 1368 3672 inhonestus,
1419 3610 1818 3682 bibitionesqne
1846 3613 2093 3682 furtivas,

509 3715 616 3755 non
649 3700 822 3752 solum
853 3701 1140 3754 damnabili
1184 3703 1634 3772 transgressione,
1683 3708 1777 3759 Sed
1812 3706 1971 3760 t‘lidtlt
2001 3707 2095 3760 ab-

508 3792 788 3846 ominabili
817 3791 1020 3846 vilitate
1050 3793 1323 3857 sailnlncit,
1344 3795 1511 3848 multo
1541 3806 1688 3850 esset
1721 3797 1908 3860 levius,
1936 3797 1977 3850 si
2007 3813 2098 3850 so-

508 3883 738 3938 brietate
759 3884 945 3939 dotnitt
966 3897 1074 3939 llllC
1102 3885 1383 3942 dormiret.
1411 3888 1511 3956 Qui
1538 3889 1791 3957 jejunans
1814 3903 2096 3946 oneratnrn

508 3990 564 4034 et
611 3995 996 4047 pra-gravatum
1030 3991 1212 4046 pectus
1260 3983 1571 4041 iractindize.
1609 3992 1664 4036 et
1715 3983 2097 4051 indignationis

509 4073 839 4127 distentione
884 4073 1225 4138 circumfert;
1275 4075 1363 4141 qui
1403 4089 1431 4126 a
1471 4075 1596 4125 vino
1645 4075 1903 4137 abstinet,
1949 4084 2005 4129 et
2045 4076 2096 4132 in

509 4165 763 4219 sensibus
804 4164 918 4217 suis
961 4178 1147 4216 amara
1199 4163 1486 4218 discordia:
1523 4164 1785 4219 ebrietate
1816 4168 2088 4233 tmbatnr;

507 4261 622 4329 qui,
658 4259 897 4327 inquam,
932 4258 983 4311 in
1015 4259 1288 4311 exteriore
1319 4256 1600 4311 salutifera
1633 4258 1944 4326 pocolornm
1979 4276 2100 4329 par-

506 4353 669 4405 citate
700 4367 761 4406 se
809 4360 1066 4424 macerat,
1099 4359 1154 4402 ct
1183 4350 1409 4402 interior
1454 4364 1550 4403 eor
1596 4350 1714 4415 ejus
1762 4351 2096 4406 mortiferum

510 4443 626 4517 [Αι.
652 4453 705 4496 et
737 4442 960 4496 interior
993 4439 1371 4513 mortiferum]
1401 4441 1548 4494 virus
1597 4443 1842 4496 odiorum
1875 4443 2099 4498 visceri-

2209 3243 2515 3309 honestinr,
2548 3242 2600 3294 in
2629 3240 2794 3296 corde
2824 3241 3123 3307 sincerior;
3154 3241 3277 3314 [ΑΙ.
3310 3240 3464 3313 quis]
3490 3241 3544 3295 in
3588 3242 3665 3296 ira
3693 3242 3794 3297 mi-

2202 3337 2329 3403 tior,
2364 3337 2414 3390 in
2449 3335 2863 3390 mansuetudine
2891 3336 3242 3400 moderatior,
3273 3335 3325 3391 in
3357 3339 3466 3390 risu
3495 3337 3695 3403 rarior,
3735 3337 3790 3393 in

2201 3429 2624 3496 cornpnnctione
2656 3427 2974 3491 ferventior,
3005 3429 3054 3479 in
3085 3429 3349 3497 gravitate
3397 3427 3696 3492 fundatior,
3735 3428 3789 3484 in

2201 3521 2465 3574 cluat-itare
2493 3519 2806 3587 jncniidior.
2852 3518 2916 3573 Et
2953 3520 3074 3573 ideo
3098 3520 3196 3588 ipsi
3239 3520 3602 3586 nosmetipsos
3629 3521 3789 3575 casti-

2201 3629 2410 3684 gemus,
2442 3613 2682 3683 quotidie
2731 3611 2830 3679 ipsi
2875 3613 3152 3665 nobiscum
3197 3612 3460 3666 rationem
3509 3611 3578 3665 de
3613 3613 3792 3681 qunti-

2202 3707 2358 3760 diana
2389 3706 2802 3759 conversatione
2845 3703 3124 3759 faciamus.
3172 3704 3493 3774 Alloqnatur
3530 3719 3592 3760 se
3624 3704 3676 3759 in
3707 3719 3793 3761 se-

2203 3796 2368 3852 cretis
2407 3795 2587 3850 cordis
2615 3810 2950 3864 unaqua-que
2984 3793 3164 3848 ani.na
3196 3805 3250 3848 et
3278 3795 3422 3849 dicat
3449 3810 3465 3850 :
3501 3794 3792 3852 Videamus

2203 3889 2247 3942 si
2281 3887 2424 3943 hunc
2452 3887 2593 3939 diem
2623 3885 2741 3939 sine
2773 3895 3017 3955 pet-cato,
3048 3887 3162 3940 sine
3197 3884 3396 3938 invidia
3416 3927 3431 3947 ,
3463 3885 3583 3941 sine
3613 3887 3791 3943 obtre-

2202 3983 2439 4036 ctatione
2459 3997 2521 4033 ac
2557 3982 2984 4034 murmuratione
3014 3980 3272 4048 transegi.
3302 3978 3596 4034 Videamus
3621 3981 3666 4035 si
3697 3980 3792 4033 Iro—

2204 4074 2288 4126 die
2319 4073 2518 4142 aliquid
2550 4090 2619 4142 qu
2643 4075 2690 4128 vd
2721 4074 2786 4128 ad
2821 4070 3119 4142 profectum
3152 4086 3355 4136 meum,
3383 4070 3528 4140 quod
3559 4071 3624 4125 ad
3662 4070 3794 4127 trdi-

2204 4165 2511 4221 ﬂcationem
2553 4168 2782 4220 aliorum
2824 4165 3140 4233 pertineret,
3180 4172 3435 4232 operatus
3469 4177 3613 4216 sum.
3659 4162 3794 4218 Puto

2203 4258 2345 4324 quod
2373 4256 2533 4310 hodie
2558 4257 2708 4310 illum
2735 4255 3080 4323 incipientem
3099 4254 3340 4310 tlcstrtlxi
3364 4269 3380 4318 ;
3408 4253 3569 4308 hodie
3591 4254 3793 4314 seniori

2205 4363 2326 4404 tneo
2374 4349 2689 4403 inobedieus
2735 4348 2837 4412 ftti,
2893 4348 3151 4401 rnentitrrs
3193 4361 3348 4412 sum,
3396 4345 3637 4414 pejuravi
3669 4346 3790 4417 [AL

2205 4441 2470 4510 perjuravi
2491 4439 2508 4512 ]
2528 4482 2542 4500 ,
2570 4441 2647 4492 ira
2669 4441 2752 4494 vel
2782 4441 2903 4509 gula
2933 4440 3105 4493 vit-tus
3124 4453 3278 4503 sum;
3314 4437 3430 4508 plus
3457 4437 3614 4490 hodie
3643 4438 3739 4493 risi
3763 4454 3783 4504 ;

507 4536 609 4590 bus
638 4533 849 4590 infectis
883 4533 894 4605 [
925 4534 1009 4587 Al.
1043 4535 1247 4588 viscera
1277 4534 1534 4607 infectus]
1563 4547 1791 4595 eructat.
1829 4553 2006 4590 nonne
2039 4539 2090 4592 in
2123 4543 2170 4602 D
2202 4535 2319 4600 plus
2359 4534 2480 4586 Cibo
2509 4547 2572 4585 ac
2614 4531 2783 4600 ροιιιί,
2818 4532 2933 4601 plus
2963 4531 3076 4585 οιίο
3117 4546 3181 4585 ac
3210 4547 3403 4586 sonum
3432 4543 3586 4597 quam
3614 4544 3782 4599 quem

505 4641 566 4681 se
604 4626 947 4694 propheticus
978 4641 1136 4679 voces
1180 4624 1338 4694 dirigi
1384 4625 1496 4694 jant
1536 4631 1698 4679 etiam
1743 4627 1794 4681 in
1839 4630 2096 4693 prtesvnti

509 4722 615 4775 vita
644 4717 1041 4786 prastlamnatus
1086 4717 1370 4785 intelligit:
1403 4716 1517 4770 Non
1542 4721 1642 4770 tale
1660 4720 1921 4787 jejunium
1945 4722 2094 4787 elegi,

507 4812 632 4864 dicit
686 4809 933 4863 Dominus
978 4807 1140 4879 (lsoi.
1192 4824 1340 4869 Lvut,
1380 4808 1478 4877 5);
1511 4810 1592 4862 vel
1627 4809 1753 4862 illud
1781 4828 1792 4863 :
1819 4808 1905 4864 Ea:
1954 4813 2098 4866 tinea

507 4907 641 4959 cnim
673 4904 1038 4967 Sodomorun,
1069 4902 1212 4955 vinea
1237 4919 1430 4963 eorum,
1476 4913 1521 4955 et
1557 4903 1676 4956 vites
1705 4919 1881 4958 eorum
1909 4922 1973 4959 ex
1993 4903 2100 4960 Go-

509 4999 738 5052 morrlta.
774 4997 882 5051 Uva
912 5011 1108 5058 eorum,
1141 5012 1235 5048 uva
1266 4996 1430 5063 fellis,
1459 5004 1504 5046 et
1529 4996 1703 5049 botrus
1730 4998 2098 5052 amaritudinis

507 5094 558 5142 in
591 5091 715 5160 ipsis
744 5088 762 5158 (
795 5087 950 5142 Dent.
985 5103 1061 5149 Ill,
1095 5085 1201 5155 9.)?
1236 5089 1305 5139 Ita
1338 5099 1516 5140 autem
1550 5087 1816 5140 interdum
1850 5088 2096 5142 diabolus

506 5197 631 5235 ('ttttt
659 5181 954 5234 adverterit
984 5179 1215 5232 animant
1247 5176 1348 5232 fide
1389 5194 1635 5238 \':tClI:rttl,
1669 5193 1721 5233 et
1753 5179 1850 5234 Dei
1902 5181 2097 5234 timore

508 5273 790 5333 nudatam.
817 5271 891 5324 ita
921 5269 1151 5325 diversis
1179 5270 1520 5339 passionihns
1553 5270 1781 5325 inebriat
1811 5280 2045 5327 mentem
2076 5314 2091 5338 ,

506 5377 561 5420 ut
594 5363 809 5434 quando
838 5375 932 5416 aut
959 5361 1331 5416 maledicimus
1354 5404 1370 5427 ,
1402 5372 1495 5416 aut
1542 5361 1847 5429 irascimur,
1881 5372 1972 5418 aut
2000 5363 2098 5419 ob-

504 5464 822 5518 trectamus,
847 5453 1063 5523 quando
1087 5453 1202 5507 lucc
1226 5453 1452 5522 agimus,
1485 5454 1604 5506 aliis
1629 5469 1726 5507 nos
1752 5468 1950 5509 nocere
1977 5468 2099 5510 cre-

507 5551 716 5603 damus.
771 5547 876 5602 Sed
912 5561 1016 5600 non
1063 5545 1133 5600 ita
1183 5554 1283 5600 cst.
1320 5544 1452 5599 Nam
1508 5545 1926 5614 nniusenjnsque
1979 5546 2092 5601 vitii

507 5641 707 5694 malum
739 5642 788 5694 in
818 5655 974 5694 suum
1000 5639 1233 5694 recurrit
1259 5646 1560 5705 auctorem,
1588 5640 1729 5692 sicut
1751 5641 1881 5694 dicit
1913 5656 2094 5695 sermo

508 5733 928 5793 dis'irrustili,
973 5734 1018 5785 si
1067 5732 1231 5782 malus
1278 5733 1468 5796 fueris,
1520 5731 1659 5785 salus
1705 5734 1908 5786 haurias
1955 5733 2094 5787 mola

2200 4625 2430 4679 decebat
2475 4625 2702 4688 indulsi;
2739 4625 2917 4676 minus
2959 4623 3083 4693 legi,
3115 4625 3293 4679 minus
3334 4625 3480 4680 oravi
3507 4639 3664 4692 quam
3695 4623 3791 4680 de-

2201 4717 2313 4772 bui.
2362 4717 2490 4786 Quis
2521 4717 2650 4771 milii
2685 4716 2874 4772 reddet
2905 4717 3048 4770 hunc
3092 4718 3259 4778 diem.
3291 4734 3450 4787 quem
3498 4719 3692 4775 labnlis
3733 4719 3786 4775 in

2201 4812 2355 4864 vanis
2387 4809 2593 4878 perdidi
2617 4809 2640 4862 ζ’
2671 4809 2749 4863 Ac
2775 4809 2871 4871 sic.
2905 4807 3122 4872 fratres.
3146 4810 3216 4864 de
3237 4811 3489 4865 omnibus
3511 4812 3788 4881 negligen-

2202 4900 2293 4954 tiis
2343 4901 2543 4956 nostris
2574 4915 3000 4970 compnngamur
3030 4902 3084 4956 in
3113 4903 3383 4958 cubilibus
3412 4903 3542 4975 (Ps.
3589 4903 3697 4973 tv),
3733 4903 3783 4959 id

2202 5003 2307 5057 est,
2340 4995 2390 5045 in
2422 4992 2676 5047 cordibus
2705 4993 2904 5047 nastris
2936 5010 2949 5046 :
2975 4994 3020 5048 si
3051 4993 3123 5049 ita
3150 4995 3394 5064 egeritis,
3442 5011 3542 5050 nos
3571 4997 3784 5066 quidem

2206 5086 2274 5139 de
2318 5084 2564 5154 profectu
2611 5096 2793 5140 vc5tro
2840 5085 3286 5160 laetabirnurUl.
3324 5085 3782 5160 la'tifieabirnur],

2207 5179 2300 5233 sed
2335 5194 2429 5232 vos
2451 5179 2517 5234 de.
2545 5179 2803 5249 aequisita
2826 5180 3000 5235 salute
3025 5181 3353 5251 gaudebitis,
3383 5197 3484 5238 nos
3511 5181 3668 5237 Vobis
3697 5197 3788 5247 pro

2206 5271 2398 5324 salutis
2429 5279 2626 5325 vestras
2664 5271 3024 5340 actptisitione
3066 5272 3331 5329 subdetis.
3392 5275 3563 5330 Donet
3611 5287 3788 5330 autem

2205 5365 2350 5419 illius
2377 5366 2570 5433 pietas,
2599 5375 2660 5420 ut
2689 5367 2759 5420 ita
2788 5365 2855 5420 de
2880 5381 3136 5423 sermone
3165 5375 3353 5421 nostro
3384 5367 3706 5433 proficiatis.
3736 5377 3792 5424 ut

2206 5472 2305 5510 nos
2333 5459 2571 5512 vieiss'm
2603 5459 2801 5513 vestris
2835 5460 3044 5514 meritis
3085 5459 3372 5528 adiuvetis,
3425 5461 3692 5530 nobisque
3739 5462 3791 5516 in

2205 5553 2457 5619 prmsenti
2491 5549 2665 5624 ivita]
2699 5563 3075 5608 ornamentum
3107 5554 3248 5621 sitis,
3277 5564 3331 5610 ct
3375 5555 3430 5610 in
3462 5554 3642 5613 futura
3675 5553 3788 5627 [ΑΙ.

2205 5645 2259 5700 in
2288 5643 2505 5716 futuro]
2539 5645 2869 5716 praesidium.
