4042 6188
267 312 378 371 857

873 424 1106 483 ilOMlLl
1119 425 1154 480 Α
1187 423 1255 481 Χ.

853 519 934 574 Ad
973 517 1268 572 monachos.

349 615 440 670 Ait
463 613 691 682 quodam
713 611 834 667 loco
863 627 1046 666 sermo
1072 611 1324 666 divinus:
1383 608 1448 664 In
1475 608 1654 664 diebus
1673 607 1861 663 solem.

274 710 498 761 uitatum
539 715 822 763 vestrarum
859 704 1063 775 aﬂligite
1099 706 1296 758 animas
1325 711 1516 756 vestras
1557 700 1704 768 (Lee.
1737 713 1858 764 va,

273 799 379 863 ‘29;
406 814 557 860 xxtn,
589 797 707 864 ετ).
737 797 914 864 Quare
939 801 1041 850 hoc
1068 796 1238 850 dixit?
1261 795 1394 862 Quia
1421 793 1622 860 jejunia
1652 802 1706 846 et
1727 791 1863 859 vigi.

274 888 364 942 lite
411 897 467 942 et
499 898 700 941 sanctae
744 885 834 941 :tlﬂ
857 888 1063 940 ctiones
1117 885 1339 939 humilia
1386 882 1512 956 [ΑΙ.
1565 876 1862 950 Itutniliata]

271 993 507 1044 corpora
557 986 872 1043 macerant,
920 976 1014 1031 sed
1057 975 1320 1030 maculata
1363 973 1524 1029 corda
1559 972 1861 1042 purlicmt.

273 1069 540 1126 Membris
567 1069 892 1123 subtrahunt
943 1067 1326 1132 fortitudinem,
1375 1065 1470 1119 sed
1519 1062 1866 1119 eouscientiis

274 1165 484 1218 addunt
511 1165 737 1218 nitorem
760 1179 774 1226 ;
804 1162 1155 1216 nihilominus
1177 1161 1322 1216 enim
1346 1159 1414 1214 de
1439 1155 1761 1212 contritione
1783 1168 1866 1209 te-

276 1256 562 1311 dimuntur
592 1257 816 1311 crimina
844 1257 1195 1325 voluptatum.
1228 1253 1329 1307 Per
1349 1253 1494 1306 dura:
1515 1250 1694 1304 crucis
1714 1263 1867 1303 exer-

277 1347 406 1403 citia
438 1351 681 1418 decepta:
703 1349 903 1402 dudum
927 1349 1108 1401 carnis
1131 1346 1320 1416 gaudia
1354 1344 1663 1412 puniuntur.
1693 1340 1769 1395 Ac
1789 1343 1868 1394 sic

279 1443 700 1496 mortilicttloue
733 1442 979 1508 prtcsenti
1011 1438 1202 1492 lutur:e
1226 1436 1412 1491 mortis
1439 1434 1703 1490 sententia
1734 1448 1870 1499 prte-

277 1536 534 1594 \'enitur;
563 1543 610 1587 et
637 1532 763 1585 dom
795 1532 967 1602 rulpa:
995 1541 1180 1584 auctor
1209 1530 1538 1591 hnmiliatnr,
1557 1528 1710 1595 culpa
1739 1540 1869 1578 con-

277 1624 551 1678 sumitur:
597 1625 832 1690 dumque
884 1622 1120 1676 exterior
1164 1620 1274 1691 ιειι.
1311 1615 1602 1689 exteriori]
1647 1613 1868 1670 amiciti

279 1713 608 1767 voluntarie
661 1709 1014 1767 districtioois
1067 1713 1315 1773 infertur,
1375 1708 1637 1763 tremendi
1680 1706 1865 1776 judirii

1726 304 2055 365 ιιοιιιιιιε.

1879 429 1930 484 Α
1961 420 2106 475 venit
2125 433 2289 490 super
2313 421 2525 477 unicam
2553 437 2706 477 suam
2735 463 2753 488 ,
2782 424 2877 480 sed
2905 439 3028 481 cum
3060 443 3158 498 spe
3182 435 3542 500 reparationis

3432 316 3542 380 858

1963 514 2145 583 allligi.
2183 515 2256 570 De
2276 531 2380 585 qua
2412 516 2565 571 unica
2596 532 2778 573 sermo
2802 519 3145 590 propheticus
3168 523 3301 580 dit-it
3341 544 3354 580 :
3391 527 3544 598 Eripe

1962 624 1994 662 α
2036 612 2229 678 [retusa
2274 610 2500 663 animam
2548 627 2746 673 meam,
2784 621 2835 667 et
2883 615 2947 668 de
2973 630 3129 669 manu
3159 620 3298 672 canis
3341 623 3542 675 sinit-am

1965 715 2127 753 meam
2153 698 2269 770 (Ps.
2305 716 2393 754 xxt
2415 742 2429 759 .
2459 699 2576 768 2|).
2608 703 2787 767 Quare
2827 705 3031 758 unicam
3057 706 3230 761 dixit?
3266 708 3391 765 Sive
3418 714 3541 780 quia

1967 800 2235 858 tamquam
2256 792 2410 847 unica
2426 791 2694 862 diligenda
2713 793 2936 856 t'st,sive
2950 801 3072 866 quia
3092 799 3202 866 ipsa
3222 801 3336 854 sola
3355 813 3409 854 et
3427 805 3509 856 sin
3525 832 3539 844 -

1964 885 2085 953 gula
2103 894 2228 937 ante
2252 887 2481 938 tribunal
2506 886 2728 942 caeleste
2750 887 3033 955 rationem,
3051 892 3273 947 remotis
3289 896 3544 950 omnibus

1965 975 2196 1039 solatiis,
2222 977 2492 1031 redditura
2517 989 2628 1044 est;
2653 980 2816 1046 ita,in
2837 997 3004 1046 piam.
3031 998 3253 1040 necesse
3278 995 3363 1041 est
3382 1004 3546 1057 super

1969 1066 2109 1124 hanc
2138 1069 2347 1123 unicam
2389 1071 2674 1126 criminum
2709 1088 2969 1130 mucrone
2996 1077 3299 1132 CottfoSSam
3325 1123 3340 1146 ,
3376 1089 3544 1136 totum

1971 1161 2179 1228 pondus
2214 1161 2417 1218 doloris
2443 1163 2644 1216 ell'untli
2670 1205 2685 1226 ,
2724 1167 2768 1218 si
2809 1166 2948 1221 forte
2985 1169 3153 1237 possit
3187 1170 3543 1242 Iacrymavttm

1969 1250 2230 1306 vivilieata
2256 1251 2490 1308 futilibus
2509 1255 2690 1309 calore
2718 1257 2840 1311 lidei
2873 1260 3138 1313 suscitari.
3187 1260 3545 1320 Acco-ndeuda

1971 1352 2055 1397 est
2078 1346 2442 1412 componetio.
2465 1347 2878 1402 corrobmambe
2908 1361 3032 1404 sunt
3055 1368 3239 1419 preces
3265 1353 3424 1410 futuri
3457 1372 3542 1412 re-

1970 1435 2282 1491 cordatione
2310 1436 2520 1505 jntlicii,
2561 1439 3047 1496 miserit-ordiarnm
3096 1445 3348 1512 operibus
3390 1437 3546 1517 adju-

1969 1527 2178 1581 vandm.
2199 1529 2472 1583 Audienda
2493 1540 2570 1584 est
2596 1531 2874 1598 prophetze
2889 1534 3272 1600 scntentia,ml
3287 1539 3548 1595 audienda

1971 1618 2292 1674 obedientite
2319 1637 2476 1678 aure.
2502 1621 2732 1676 dicentis
2760 1638 2772 1674 :
2801 1623 3004 1691 Accipe,
3034 1624 3224 1695 inquit.
3248 1645 3277 1679 ο
3299 1642 3550 1688 mamon-

1973 1711 2144 1763 silium
2173 1728 2361 1778 meum,
2382 1722 2427 1766 et
2453 1723 2661 1784 peccata
2687 1724 2772 1767 tua
2809 1717 3142 1786 elerntosynis
3169 1717 3358 1774 rrd.me
3385 1719 3549 1788 (Dan.

277 1804 490 1860 tim-ma
524 1806 781 1867 sedatur;
812 1814 865 1856 et
907 1804 1139 1870 iungentia
1165 1800 1344 1856 debita
1372 1800 1524 1853 labor
1564 1799 1723 1852 solvit
1750 1798 1868 1852 exi-
1899 1797 1946 1856 B
1975 1817 2048 1865 tv,
2077 1799 2189 1872 25).
2235 1804 2555 1873 Ευίιιιιιιιιιι
2579 1805 2738 1859 etiam
2767 1806 2906 1859 illitis
2932 1809 3226 1877 evangelici
3251 1810 3348 1865 tbi
3373 1813 3441 1866 ita
3470 1822 3552 1873 est

276 1911 420 1963 guns
447 1935 464 1959 ,
513 1911 634 1962 qua:
681 1900 767 1950 vix
810 1905 1226 1962 consumpturus
1261 1901 1377 1947 erat
1422 1892 1584 1945 ardor
1609 1903 1863 1945 atternus.

277 1988 604 2042 'l'ractantes
624 2003 752 2055 ergo
781 2001 995 2040 causam
1027 1986 1216 2040 Salutis
1248 1996 1474 2046 nostrae,
1511 1982 1765 2036 iaciamus
1794 1980 1869 2034 in-

278 2090 360 2134 tra
393 2094 494 2135 uos
516 2080 657 2150 quod
686 2078 827 2133 circa
852 2095 949 2133 nos
977 2077 1169 2131 medici
1191 2077 1461 2131 solent.Si
1480 2076 1668 2128 lzesura
1692 2073 1866 2139 aliqua

276 2173 362 2226 vel
393 2174 612 2242 querela
647 2172 699 2226 in
728 2173 897 2240 prima
928 2171 1171 2238 corporis
1208 2178 1330 2223 cute
1359 2168 1591 2222 sentitur
1614 2207 1630 2232 ,
1661 2169 1868 2220 curatio

277 2264 661 2317 medicamenti
691 2261 980 2315 ldandioris
1009 2260 1315 2329 apponitur.
1341 2259 1398 2314 Si
1426 2273 1554 2313 vero
1576 2259 1626 2311 in
1654 2257 1868 2312 ossibus

276 2355 480 2408 vuliins
511 2356 579 2409 ab
612 2355 886 2409 conditum
909 2395 926 2417 ,
959 2366 1052 2407 aut
1102 2353 1154 2406 in
1187 2353 1449 2406 viscerum
1482 2349 1743 2421 profunda
1774 2349 1870 2403 de-

277 2460 520 2500 mersum
549 2455 633 2498 est
662 2485 676 2508 ,
707 2446 1062 2499 ansteriorem
1092 2459 1154 2497 ac
1185 2442 1560 2497 violenti-irem
1589 2442 1760 2511 poscit
1788 2441 1867 2494 vis

275 2539 494 2594 occulta
541 2539 861 2594 medicinam
889 2581 904 2601 ,
955 2548 1013 2592 ut
1055 2537 1254 2592 ulceris
1283 2536 1589 2607 magnitudo
1619 2547 1709 2589 aut
1737 2552 1870 2590 esu-

278 2632 462 2687 stitme
492 2639 891 2699 supercuretur,
918 2641 971 2685 et
1001 2630 1154 2684 dolnr
1175 2629 1360 2683 dolore
1385 2629 1634 2699 pellatur.
1664 2627 1867 2683 Similis

276 2728 423 2783 ratio
442 2728 494 2780 itt
523 2724 848 2795 a'gritudine
875 2723 1142 2777 interioris
1172 2722 1401 2775 IIOIIIiIIis
1423 2720 1722 2775 adhibenda
1744 2729 1825 2774 est
1851 2736 1864 2774 :

277 2818 324 2874 si
351 2819 488 2874 levia
520 2820 886 2874 sntitl'ortasse
913 2817 1294 2880 delicta,verbi
1318 2817 1510 2885 gratia,
1530 2815 1574 2869 si
1601 2815 1760 2871 homo
1784 2817 1868 2872 vel

277 2910 333 2964 in
363 2925 616 2966 sermone
642 2951 657 2975 ,
696 2910 778 2964 vel
813 2912 862 2963 in
895 2911 1070 2977 aliqua
1104 2907 1515 2974 reprehensibili
1559 2910 1864 2971 voluntate,

276 3004 323 3058 si
356 3004 515 3060 oculo
546 3006 784 3071 peccavit
806 3045 819 3063 .
847 3014 938 3056 aut
966 3003 1160 3068 corde;
1192 3005 1479 3057 verborum
1508 3013 1558 3055 et
1589 3001 1868 3068 Cogitatio-

277 3108 410 3148 num
437 3097 660 3148 macnla:
680 3094 990 3162 quotidiana
1014 3093 1261 3146 oratione
1289 3092 1561 3156 curandzr,
1579 3102 1632 3145 et
1663 3095 1865 3159 privata

1971 1897 2318 1959 audiendum,
2351 1899 2499 1958 quasi
2531 1913 2656 1951 vere
2681 1914 2776 1965 pro
2803 1908 2985 1953 nostra
3011 1901 3380 1969 redemptione
3419 1919 3550 1962 con.-

1970 1989 2227 2054 srriptum
2254 2005 2268 2039 :
2302 1984 2435 2040 Erce
2459 1988 2728 2040 dimidium
2756 1988 3003 2042 tonorum
3031 2006 3277 2054 meorum,
3310 1990 3552 2060 Domine,

1972 2080 2041 2133 do
2070 2081 2376 2152 pauperibus
2407 2078 2557 2150 (Luc.
2591 2096 2702 2140 xIx.
2725 2085 2802 2146 δ).
2853 2081 2924 2134 De
2963 2082 3153 2150 quibus
3184 2085 3236 2136 in
3269 2085 3555 2156 Erattgelio

1971 2170 2276 2224 audivimus
2302 2171 2580 2224 Dominum
2607 2171 2862 2225 inell'abili
2890 2174 3200 2240 dignatione
3220 2184 3272 2228 et
3295 2177 3554 2233 charitan

1971 2261 2236 2314 tlic'entent
2271 2278 2284 2312 :
2322 2263 2422 2326 Qui
2462 2261 2581 2329 fecit
2621 2264 2709 2314 uni
2743 2278 2806 2316 ea:
2832 2263 3050 2316 minimis
3093 2264 3224 2327 istis,
3267 2265 3390 2318 mihi
3434 2267 3554 2335 fecit

1972 2353 2186 2426 (.llattlt.
2215 2360 2383 2423 xxiv).
2417 2356 2546 2420 anc
2578 2357 2737 2407 verI-a
2770 2354 3229 2426 t-leemosynarum
3255 2357 3407 2410 nobis
3426 2357 3554 2412 εἷται

1971 2455 2091 2498 ctus
2107 2445 2311 2497 caelesti
2330 2445 2649 2500 auctoritate
2661 2446 3172 2500 cmumendauLSed
3191 2449 3325 2501 forte
3340 2447 3555 2517 quando

1971 2539 2037 2592 de
2059 2538 2426 2607 eleemosynis
2450 2539 2740 2603 loquimur.
2763 2540 3066 2606 espaveseit
3093 2537 3295 2612 [Ρονιρκ
3325 2555 3555 2609 expavc-

1971 2627 2107 2698 st-atl
2134 2639 2355 2694 angusti
2394 2643 2700 2696 paupertas.
2732 2629 2846 2684 Non
2881 2631 2972 2692 ita,
3000 2631 3298 2686 charissimi
3325 2649 3338 2684 :
3364 2632 3554 2688 menti-

1971 2724 2112 2776 nerit
2136 2721 2309 2785 potius
2336 2737 2440 2775 :rra
2467 2722 2668 2775 tniuuta
2689 2722 2911 2775 divitum
2942 2722 3207 2776 thesauris
3234 2722 3399 2776 fuisse
3420 2739 3554 2790 pta:-

1973 2813 2097 2866 l.ita.
2131 2812 2264 2880 Quia
2299 2812 2440 2866 Deus
2470 2827 2565 2865 nos
2592 2827 2652 2864 er
2689 2825 2794 2863 non
2831 2812 3004 2864 solum
3048 2811 3201 2880 copia
3250 2811 3509 2880 largitatis
3532 2855 3551 2881 ,

1972 2907 2065 2959 scd
2093 2905 2464 2959 benevolentia
2489 2905 2724 2972 pascitur
2751 2903 3047 2973 largientis.
3070 2904 3180 2973 Ego
3199 2912 3374 2955 autem
3401 2913 3552 2973 puto,

1971 2996 2294 3061 citatissimi,
2329 2997 2467 3064 quod
2498 2997 2567 3048 ita
2597 2995 2853 3049 Dominus
2880 3007 3065 3049 uoster
3094 3011 3194 3062 pan
3233 3009 3353 3049 eres
3376 2997 3428 3048 in
3455 2997 3554 3054 hoc

1975 3090 2176 3142 mundo
2197 3104 2316 3143 esse
2349 3088 2666 3153 permiserit,
2712 3099 2768 3141 ιιι
2816 3091 2866 3142 in
2897 3088 3214 3156 pauperibus
3239 3088 3459 3143 divitum
3489 3091 3553 3144 li-

277 3189 697 3257 cotnpuuCIione
736 3187 1004 3256 tergend-e
1042 3195 1188 3240 sunt.
1234 3184 1291 3240 Si
1325 3201 1454 3238 vero
1484 3186 1710 3255 quisque
1739 3201 1866 3240 con-
1895 3160 1940 3221 ί)
1971 3182 2092 3234 dem
2120 3180 2405 3248 probaret;
2433 3179 2515 3233 vel
2537 3182 2588 3232 in
2611 3180 3281 3246 pauperummisericordia
3299 3180 3552 3235 divitibus

278 3281 565 3336 scientiam
609 3296 759 3333 suam
804 3281 948 3333 intus
989 3281 1363 3346 interrogans,
1417 3280 1624 3333 lacibus
1653 3279 1864 3347 aliquod

277 3373 512 3443 capitale
528 3373 818 3434 commisit,
845 3384 930 3424 aut
957 3371 1001 3425 si
1030 3373 1184 3424 lidetu
1214 3386 1363 3424 suam
1393 3371 1530 3424 falso
1560 3373 1867 3427 testium-nio

275 3465 614 3532 expugnavit
653 3480 715 3518 ac
748 3463 979 3532 prodidit
1008 3504 1023 3528 ,
1066 3478 1128 3517 ac
1159 3478 1371 3517 sacrum
1405 3463 1643 3517 veritatis
1672 3479 1862 3518 nomen

276 3559 503 3630 periurii
533 3559 834 3614 temeritate
852 3558 1088 3624 violavit,
1108 3557 1151 3611 si
1182 3559 1356 3611 velunt
1385 3558 1636 3624 baptismi
1670 3561 1752 3612 vel
1784 3569 1866 3613 tu-

276 3652 478 3713 nicam,
511 3660 636 3704 tunc
661 3653 821 3705 etiam
880 3649 989 3723 [AL
1017 3661 1141 3703 tunc
1167 3646 1312 3718 cant]
1357 3661 1407 3702 et
1433 3651 1731 3716 speciosam
1757 3653 1866 3705 vir-

273 3741 518 3809 ginitatis
567 3741 918 3795 bolosciicam
950 3755 1108 3794 caeno
1136 3740 1508 3794 comntztculati
1543 3741 1760 3808 pudoris
1789 3741 1867 3794 in-

274 3833 425 3897 l'erit,
459 3833 504 3887 si
535 3833 586 3886 in
619 3833 911 3902 semetipso
941 3847 1136 3887 novqu
1171 3832 1442 3887 hominem
1478 3849 1608 3887 nece
1637 3832 1866 3888 hominis

273 3923 494 3989 Occidit,
526 3926 569 3977 si
605 3941 698 3993 per
724 3940 975 3992 augures,
1000 3936 1052 3978 et
1074 3925 1289 3978 divinos
1317 3935 1476 3994 atque
1505 3925 1866 3980 incantatores

272 4017 546 4084 captivum
585 4031 644 4071 se
675 4016 891 4072 diabolo
933 4016 1182 4078 tradidit;
1226 4016 1339 4071 btet:
1369 4027 1534 4085 atque
1560 4017 1864 4084 hujusmodi

272 4108 558 4162 commissa
605 4109 811 4177 expiari
847 4109 1054 4178 penitus
1083 4111 1352 4163 comnmni
1377 4121 1432 4164 et
1464 4111 1746 4174 mediocri,
1781 4110 1864 4164 vel

271 4205 485 4254 secreta
516 4200 886 4254 satisfactione
910 4217 1015 4254 non
1051 4210 1295 4268 possunt,
1323 4200 1417 4254 sed
1445 4217 1636 4270 graves
1665 4216 1862 4267 canam,

271 4291 547 4358 graviores
592 4301 646 4345 et
686 4292 948 4356 acriores,
991 4299 1045 4344 et
1091 4293 1331 4360 publicas
1371 4307 1530 4347 curas
1562 4295 1862 4362 requirtmt.

274 4378 444 4452 thni
459 4397 576 4435 cmn
595 4383 946 4450 plurimorum
969 4382 1340 4437 deSIructione
1363 4399 1422 4437 se
1439 4384 1864 4450 perdidit,simili

271 4475 435 4528 modo
453 4488 574 4527 cum
600 4477 948 4542 plurimorum
975 4475 1330 4529 a-dilieatione
1353 4490 1412 4528 se
1436 4476 1865 4529 redimat.llomo

1971 3275 2230 3328 mi-rrt-re
2261 3288 2326 3327 ur
2349 3316 2364 3335 ,
2398 3283 2449 3325 ut
2481 3271 2877 3325 abundantibus
2914 3271 3068 3325 boni.-
3107 3273 3362 3339 ιιριινίἱιιιδ
3386 3313 3402 3338 ,
3439 3276 3552 3330 haec

1971 3367 2358 3435 redemptionis
2387 3381 2496 3420 sua:
2519 3365 2730 3419 occa~io
2755 3380 2860 3418 non
2885 3365 3116 3421 deesset.
3149 3376 3205 3419 ιιι
3234 3366 3551 3422 Ιοειιιινο-Ιιιιιι

1971 3461 2292 3527 locupletem
2321 3501 2335 3521 ,
2367 3459 2532 3512 etiam
2565 3457 2743 3524 inopia
2775 3457 2946 3510 ala-ua
2973 3457 3173 3512 ditaret
3196 3497 3211 3518 ,
3243 3469 3296 3512 et
3323 3459 3552 3524 opulen-

1970 3553 2074 3606 tinr
2097 3553 2324 3619 quisque
2354 3550 2584 3616 ingentia
2609 3551 2674 3602 de
2696 3558 2885 3616 egente
2901 3550 3044 3604 lucra
3061 3550 3319 3619 reciperet
3343 3548 3549 3622 lﬁ'orte,

1969 3644 2158 3697 lucrari
2189 3640 2434 3711 creperit]
2472 3657 2486 3696 :
2517 3653 2564 3692 et
2592 3643 2815 3695 mirilico
2845 3657 3160 3704 summo-pte
3183 3644 3507 3697 commercio
3531 3685 3548 3710 ,

1967 3737 2092 3790 dum
2142 3735 2284 3799 inopi
2315 3733 2510 3787 tuisetii
2529 3735 2676 3788 ordia
2709 3735 3032 3801 temporaria
3064 3735 3306 3805 Iarg-tate
3333 3735 3548 3791 rtmfer-

1969 3839 2053 3884 tur
2081 3869 2097 3887 .
2130 3826 2230 3882 sibi
2261 3837 2493 3880 aeternus
2523 3828 2808 3880 thesaurus
2838 3839 3303 3890 t-ompensatetur.
3337 3827 3379 3881 D
3405 3830 3546 3898 riga-

1969 3935 2089 3974 mus
2109 3929 2261 3974 actus
2291 3927 2528 3977 nostros.
2549 3931 2598 3972 et
2620 3916 2877 3986 quidquid
2893 3933 3198 3988 possumus,
3214 3929 3262 3970 et
3287 3901 3547 3988 quidquid

1967 4013 2243 4073 valetnus,
2278 4010 2329 4063 itt
2361 4009 2616 4064 exercitia
2647 4010 2803 4062 bonae
2835 4009 3124 4061 voluntitis
3145 4049 3158 4070 ,
3184 4010 3234 4060 in
3266 4009 3437 4062 studia
3463 4011 3548 4077 ju-

1967 4103 2133 4158 stititc
2161 4116 2224 4156 ac
2255 4100 2642 4154 nti-ericertlrte
2671 4114 2715 4154 ct
2740 4099 3032 4153 uret-anius.
3083 4099 3378 4152 Curramus
3420 4103 3545 4157 dum

1968 4194 2140 4250 lucem
2173 4194 2430 4247 habemus
2453 4234 2469 4255 ,
2501 4193 2648 4258 prius
2673 4208 2822 4260 quam
2853 4208 2945 4245 nos
2972 4191 3189 4245 tenebrae
3216 4191 3546 4246 τοιιι-ττΙιρηο

1966 4287 2091 4340 dant
2121 4284 2300 4355 (Joan.
2324 4301 2418 4349 xu,
2443 4285 2560 4352 55),
2594 4287 2714 4353 quia
2738 4286 2847 4351 jam
2877 4286 2927 4337 in
2956 4285 3047 4337 illo
3083 4285 3279 4336 sa-rulu
3299 4283 3548 4338 eluenda-

1968 4381 2098 4433 tinni
2131 4395 2192 4433 ac
2223 4378 2577 4445 tedc-mptioni
2629 4375 2941 4444 [)l‘tlSpiCt'l'c
2993 4391 3098 4429 non
3146 4375 3345 4428 li-ebit.
3396 4376 3546 4431 Sicut

1966 4471 2098 4523 dicit
2121 4484 2299 4523 sermo
2320 4468 2577 4521 divinus:
2618 4469 2872 4533 Quoniam
2922 4483 3020 4518 non
3062 4477 3136 4519 est
3177 4468 3227 4518 in
3255 4479 3414 4520 innrte
3455 4469 3544 4537 qui

270 4569 414 4620 enim
448 4567 562 4633 ipse
591 4580 650 4619 se
675 4566 895 4635 decipit,
929 4565 974 4619 si
1003 4580 1124 4616 cum
1158 4568 1209 4617 iu
1238 4565 1485 4619 medullis
1525 4565 1733 4618 fervere
1757 4565 1860 4619 sibi
1893 4533 1942 4592 θ
1968 4577 2160 4614 memor
2185 4563 2252 4614 sit
2276 4563 2348 4613 tui
2385 4560 2502 4629 (Ps.
2538 4563 2631 4627 ιι).
2652 4561 2794 4617 Sicut
2831 4576 2959 4627 ergo
2991 4561 3060 4611 ibi
3087 4559 3197 4627 jam
3229 4561 3374 4612 tmlla
3398 4533 3545 4615 time-

275 4659 472 4713 sentiat
498 4657 765 4718 morbum,
805 4673 897 4723 per
910 4672 1060 4723 Super
1075 4656 1246 4711 ﬁciem
1261 4656 1503 4725 corporis
1521 4658 1681 4710 molle
1694 4657 1864 4711 dedu-

270 4761 358 4806 cat
373 4751 860 4818 nnguentumJlaec
876 4751 1055 4818 itaque
1068 4750 1385 4818 principalia
1405 4750 1542 4803 mala
1561 4749 1760 4820 ingenti
1780 4765 1862 4803 ru-

268 4843 407 4912 gito,
428 4841 625 4909 gemitu
653 4852 704 4894 et
736 4840 882 4895 fonte
917 4841 1151 4910 indigent
1177 4842 1722 4911 lacrytuarum,ciqtte
1743 4847 1863 4906 post

272 4929 676 5002 lactymautlttm
711 4941 792 4985 est
824 4948 945 4985 cum
976 4935 1235 5000 propheta
1267 4947 1278 4982 :
1314 4930 1590 4999 liugicbam
1613 4948 1643 4983 a
1670 4931 1859 5001 gemitu

268 5024 439 5076 cordis
462 5023 590 5085 uici;
621 5021 798 5074 lavabo
814 5039 902 5090 per
923 5023 1148 5089 singulas
1166 5029 1332 5074 noctes
1355 5023 1538 5074 lectum
1553 5037 1715 5075 meum
1737 5021 1856 5089 (Ps.

268 5121 366 5182 vt).
389 5115 452 5169 Ει
475 5117 672 5168 iterum
706 5133 717 5166 :
755 5113 867 5187 Ego
893 5123 1060 5168 autem
1087 5117 1307 5166 cinerem
1336 5113 1466 5165 sicut
1491 5129 1675 5180 panem
1705 5128 1854 5166 man-

268 5206 544 5268 ducabam,
573 5214 619 5258 et
642 5214 818 5270 potum
846 5222 1008 5258 meum
1029 5222 1142 5258 cum
1165 5207 1288 5275 ﬂetu
1313 5203 1585 5257 miscebant
1610 5203 1726 5274 (Ps.
1751 5205 1850 5272 ct).

272 5301 435 5354 Nemo
458 5301 724 5368 despiciat
751 5301 888 5353 hanc
921 5299 1299 5354 humilitatem.
1322 5297 1574 5351 Summus
1595 5313 1689 5352 rex
1716 5307 1852 5366 erat,

271 5393 358 5459 qui
387 5393 489 5446 ista
519 5391 769 5454 dicebat;
798 5405 1042 5446 summus
1067 5407 1160 5445 rex
1189 5399 1326 5455 erat,
1359 5390 1447 5459 qui
1473 5390 1571 5443 ista
1604 5389 1851 5444 faciebat.

274 5486 498 5548 Oportet
527 5483 706 5553 itaque
735 5487 874 5538 sicut
900 5499 1062 5551 supra
1110 5493 1380 5537 mortuum
1415 5482 1809 5535 conclamatum
1834 5521 1851 5546 ,

279 5571 346 5622 ita
377 5587 595 5641 magnos
618 5589 777 5644 supra
807 5575 1128 5629 exstinctam
1155 5573 1384 5627 animam
1414 5572 1544 5627 dare
1573 5573 1812 5640 planctus
1836 5588 1851 5625 :

277 5674 329 5718 et
351 5667 618 5732 quomodo
649 5671 784 5722 solet
818 5680 990 5723 mater
1018 5669 1145 5722 orba
1177 5666 1381 5738 [Forte,
1439 5666 1649 5738 orbata]
1692 5681 1854 5736 super

276 5757 563 5814 amissione
585 5759 730 5816 unici
757 5761 838 5816 sui
869 5760 1036 5817 fracto
1059 5771 1278 5830 pectore
1300 5758 1606 5823 lamentari,
1632 5757 1702 5812 ita
1728 5773 1848 5813 con-

1969 4653 2112 4706 bitur
2139 4654 2458 4706 meritorum
2485 4653 2728 4712 amissio,
2751 4653 2817 4704 ita
2852 4651 2991 4703 nulla
3016 4652 3278 4705 tribuetur
3299 4653 3546 4707 remissio

1967 4757 2334 4814 peccatorum.
2383 4743 2534 4797 Nulla
2574 4743 2684 4812 jam
2732 4744 2802 4796 ibi
2843 4744 3128 4798 exercendi
3185 4743 3306 4796 boni
3365 4745 3548 4811 operis

1967 4836 2181 4890 licentia
2229 4836 2578 4889 concedetur.
2613 4834 2875 4903 Numquid
2927 4835 2978 4888 ill
3005 4848 3036 4887 c
3081 4850 3301 4902 pascete
3351 4836 3545 4902 aliquis

1965 4928 2294 4983 esurientem
2327 4932 2521 4995 poterit
2548 4967 2562 4990 ,
2597 4925 2682 4977 ubi
2709 4927 2901 4979 edendi
2931 4936 2984 4979 et
3007 4926 3219 4978 bibendi
3252 4931 3545 4978 necessitas

1965 5036 2071 5074 non
2114 5019 2249 5082 erit,
2282 5019 2370 5072 ubi
2399 5019 2521 5072 cibo
2550 5026 2605 5070 et
2650 5025 2774 5083 potu
2807 5033 2906 5069 nec
2953 5017 3148 5083 impius
3177 5017 3319 5069 inter
3351 5013 3543 5067 inferni

1963 5110 2240 5172 ﬂammas,
2286 5124 2382 5164 nec
2411 5109 2527 5175 pius
2555 5108 2694 5160 inter
2726 5109 2951 5173 paradisi
2982 5109 3202 5160 delicias
3242 5105 3546 5174 indigebit?

1965 5201 2231 5270 Numquid
2262 5200 2332 5253 ibi
2365 5202 2626 5266 algentem
2655 5199 2854 5252 vestire
2876 5199 3171 5266 continget,
3202 5199 3289 5250 ubi
3321 5199 3542 5251 omnino

1963 5292 2175 5362 tego-udi
2201 5292 2444 5359 corporis
2464 5305 2592 5344 cura
2633 5290 2894 5350 cessabit;
2934 5289 3021 5342 ubi
3057 5289 3158 5342 sub
3185 5290 3276 5342 illo
3305 5289 3418 5356 frigc
3443 5304 3500 5343 re
3525 5333 3537 5347 .

1959 5383 2028 5437 de
2053 5399 2160 5453 quo
2187 5384 2444 5452 propheta
2476 5381 2604 5434 dicit
2628 5399 2640 5434 :
2688 5382 2818 5434 Ante
2842 5381 3022 5450 faciem
3053 5381 3260 5450 [r:'goris
3289 5384 3399 5454 rjus
3425 5382 3540 5452 quis

1955 5476 2223 5530 sustinebit
2256 5473 2366 5547 [AL
2395 5473 2632 5526 subsistet
2664 5471 2780 5542 (Ps.
2811 5470 3034 5542 cvatt)_l
3060 5489 3075 5536 ;
3130 5473 3217 5526 tibi
3263 5471 3315 5526 iu
3349 5488 3540 5540 perpe-

1957 5579 2107 5625 tuum
2137 5571 2310 5623 nudus
2331 5569 2436 5622 erit
2462 5568 2551 5636 qni
2586 5567 2671 5619 hic
2704 5566 3072 5619 indumentum
3103 5564 3338 5635 nuptiale
3361 5565 3538 5634 perdi-

1955 5664 2125 5729 derit;
2174 5664 2260 5716 ubi
2321 5662 2493 5715 malus
2538 5662 2824 5712 macutosae
2863 5658 3205 5711 CttthiCﬂllic
3256 5656 3534 5722 tenebris,

1956 5756 2130 5811 bonus
2156 5770 2283 5810 vero
2315 5754 2473 5824 pallio
2505 5750 2926 5806 immortalitatis
2970 5758 3026 5805 et
3066 5750 3415 5807 beatitudinis
3441 5765 3536 5806 vo-
