4042 6188
502 306 659 365 4859

1543 304 1601 359 S.
1644 301 1963 359 EUCHERII
2004 298 2480 356 LUGDUNENSIS
2520 299 2821 357 EPISCOPI

3707 294 3827 351 860

538 424 774 488 leuetur;
805 421 1240 479 vubi‘indumenta
1267 422 1456 475 merita
1479 428 1657 481 erunt,
1680 418 1822 471 sicut
1842 416 1967 470 dicit
1991 414 2120 485 [Do-
2144 416 2199 473 Δ
2226 412 2434 469 Herode
2452 457 2467 480 ,
2509 416 2634 469 dum
2672 416 2942 470 Christum
2962 417 3319 484 persequitur,
3364 413 3529 467 millia
3572 412 3818 470 felicium

544 517 1413 591 minusdluucjuatiafulgebm;
1463 527 1517 570 et
1562 514 1752 568 iterum
1788 512 2129 567 :Sacerdotes

555 615 632 668 tui
654 614 929 668 induantur
949 612 1209 682 justitiam
1235 607 1353 676 (Ps.
1376 610 1595 677 cxxut);
1644 608 1727 662 vel
1759 607 1927 660 illud:
1960 606 2133 660 Astitit

555 707 735 770 uagina
758 720 804 755 ἀ
850 703 1041 757 lintris
1072 704 1183 755 fatuis
1204 703 1268 753 lin
1298 702 1479 754 vestitu
1498 700 1750 752 deaurato
1778 696 1895 770 (Pe.
1938 698 2131 766 Iuv)?

558 793 658 848 Ubi
678 806 817 861 ergo
844 806 943 860 pro
967 802 1587 857 sanctorumcorporum
1631 791 1807 843 tunica
1846 790 1933 843 lux
1965 787 2132 842 reful-

554 882 702 951 gebit
745 889 969 947 aeterna,
1018 883 1090 937 ibi
1135 890 1361 936 veStitus
1410 896 1698 949 numquam
1748 881 1871 934 ullis
1918 880 2133 934 smeulis

550 972 834 1029 emendus
862 983 1221 1028 convertatur
1272 974 1323 1025 in
1364 986 1590 1039 corpus,
1640 972 1712 1023 ibi
1756 970 2132 1024 indumentum

560 1066 809 1120 transibit
835 1066 889 1120 in
912 1064 1578 1135 praemium,ibiange|iea
1608 1063 1694 1115 illa
1724 1062 1859 1115 stola
1889 1076 1994 1115 non
2020 1062 2131 1131 jam

542 1160 660 1215 erit
682 1158 1062 1225 amictus,.non
1082 1158 1192 1227 jam
1211 1158 1315 1212 erit
1338 1157 1569 1223 habitus,
1604 1156 1697 1210 sed
1729 1164 1936 1208 natura.
1969 1154 2135 1207 Num-

540 1254 684 1325 quid
730 1254 938 1323 ibijam
980 1266 1173 1307 avarus
1219 1262 1310 1305 aut
1347 1259 1508 1305 tenax
1548 1250 1616 1304 de
1660 1249 1984 1303 abundantia
2032 1261 2133 1300 sua

554 1348 884 1404 benefacere
931 1347 1083 1400 alteri
1116 1349 1332 1414 poterit,
1365 1343 1552 1397 ubine
1584 1344 1683 1396 sibi
1718 1340 1934 1411 quidem
1968 1352 2131 1393 unam

551 1450 757 1511 guttam
784 1440 835 1493 in
866 1438 1042 1493 medio
1062 1439 1235 1507 stagni
1280 1437 1557 1491 aestuantis
1584 1436 1833 1488 voluntas
1856 1433 2134 1487 inveniet?

555 1534 694 1588 Nihil
736 1535 880 1588 enim
918 1546 1100 1587 secum
1126 1532 1194 1585 de
1217 1532 1298 1584 his
1323 1544 1445 1599 qum
1471 1528 1685 1598 propria
1712 1527 1911 1581 habere
1939 1540 1996 1579 se
2019 1539 2135 1579 cre—

550 1626 713 1695 didit,
735 1635 1042 1695 portaturus
1069 1634 1150 1678 est
1171 1624 1335 1694 (sicut
1364 1623 1497 1677 dixit
1514 1618 1827 1691 propheta):
1859 1618 1981 1671 Non
2000 1618 2133 1669 enim

546 1733 676 1771 om
720 1719 984 1781 morietur,
1016 1717 1231 1783 accipiet
1274 1716 1470 1781 omnia,
1497 1728 1659 1781 neque
1685 1712 1837 1765 simul
1866 1709 2135 1763 descendet

2234 507 2501 560 exstincta
2543 520 2666 561 esse
2698 522 3005 575 puerorum,
3038 507 3251 561 dicente
3282 505 3547 575 propheta
3574 524 3587 559 :
3615 507 3821 562 Rachel

2232 594 2445 667 plorans
2496 599 2630 666 ﬁlios
2685 614 2806 653 suos
2828 639 2845 665 ,
2903 607 2948 652 et
3001 599 3168 652 notuit
3222 599 3484 652 consolari
3532 601 3656 670 quia
3712 618 3821 653 non

2226 700 2348 742 ml
2385 689 2524 759 (Jer.
2566 705 2714 755 χιιι,
2756 691 2855 756 15ς
2897 689 3083 744 Matth.
3122 704 3184 758 Il,
3226 690 3341 760 18).
3382 690 3457 746 lta
3496 692 3616 748 haec
3653 693 3819 749 beata

2236 794 2452 847 parens,
2484 792 2540 834 et
2571 782 2976 851 triumphalium
3010 782 3238 837 illustris
3266 784 3438 852 patria
3466 785 3821 852 bellatorum,

2228 877 2500 923 tantorum
2539 872 2698 927 dives
2741 874 3026 940 pignorum
3067 874 3276 927 meritis
3300 914 3317 937 ,
3365 875 3463 929 etsi
3501 875 3565 929 ad
3609 890 3821 931 monu-

2234 969 2473 1013 mentum
2514 962 2685 1015 oculis
2726 963 3121 1032 inspicientium
3173 965 3351 1019 orbari
3401 967 3509 1020 visa
3550 975 3651 1033 est,
3709 982 3823 1024 ne-

2234 1066 2497 1122 quaquam
2540 1062 2718 1109 tamen
2759 1055 2960 1124 indiget
2998 1056 3288 1125 consolari,
3331 1072 3430 1113 nec
3464 1059 3641 1127 plorat
3662 1059 3818 1115 ﬁlios

2228 1161 2362 1201 suos
2392 1165 2405 1200 :
2439 1150 2562 1216 quia
2605 1149 2657 1201 in
2688 1148 2935 1203 videndis
2975 1149 3207 1205 luctibus
3245 1150 3370 1204 dum
3410 1152 3689 1221 perderet,
3722 1166 3816 1209 ac-

2224 1238 2474 1308 quisivit.
2505 1239 2857 1294 Fiducialiter
2897 1241 3038 1296 inter
3074 1242 3191 1296 haec
3231 1250 3432 1309 tecum,
3472 1243 3812 1300 ovBetbleem

2238 1338 2380 1383 terra
2429 1329 2565 1384 Juda
2614 1331 2771 1399 (quae
2817 1330 3048 1386 Herodis
3086 1332 3476 1386 immanitatem
3514 1347 3810 1402 puerorum

2237 1421 2598 1475 exstinctione
2649 1436 2906 1491 perpessa
2957 1438 3046 1488 es;
3100 1439 3219 1492 quea
3270 1424 3373 1478 sub
3424 1440 3531 1478 uno
3570 1436 3811 1495 tempore

2237 1513 2574 1567 candidatam
2628 1514 2841 1583 plebem
2878 1514 3123 1568 imbellis
3172 1514 3413 1569 infantiae
3463 1515 3572 1570 Deo
3620 1517 3813 1571 olierre

2241 1605 2548 1671 meruisti);
2574 1605 2756 1671 digne,
2792 1605 3031 1673 inquam,
3063 1615 3263 1670 tecum,
3296 1623 3327 1657 o
3350 1604 3810 1677 BethleemAmg-

2242 1696 2418 1749 duuus
2467 1707 2651 1750 noster
2689 1705 2946 1761 certaret,
2983 1704 3039 1751 et
3066 1710 3226 1763 super
3264 1696 3462 1750 divinis
3490 1698 3637 1751 circa
3664 1708 3810 1752 utra-

558 1824 675 1861 cum
702 1824 763 1863 eo
782 1808 949 1879 gloria
979 1808 1159 1860 domus
1180 1809 1290 1877 ejus
1320 1804 1435 1875 (Ps.
1472 1819 1659 1869 XLVIII,
1710 1801 1823 1873 18),
1853 1801 2133 1855 auditurus
2164 1787 2213 1848 B
2238 1807 2341 1860 que
2369 1792 2653 1846 beneficiis
2685 1790 2830 1844 velut
2858 1791 3058 1843 collato
3098 1800 3271 1844 tecum
3304 1803 3562 1845 sermone
3590 1801 3811 1845 conten-

562 1900 703 1953 inter
724 1900 932 1955 defessa
968 1898 1221 1966 supplicia
1246 1915 1260 1951 :
1296 1897 1498 1950 Esurivi
1522 1936 1535 1959 ,
1566 1907 1612 1949 et
1641 1910 1742 1948 non
1769 1893 1981 1948 dedistis
2008 1891 2136 1945 mihi

560 1991 904 2055 mandume;
928 1992 1082 2054 silici,
1112 2000 1284 2042 etnon
1314 1988 1526 2041 dedistis
1566 1987 1689 2039 mihi
1732 1985 1897 2038 bibere
1920 1982 2132 2049 (Matth.

560 2080 718 2152 xxv).
764 2081 1130 2151 lntelligamus
1167 2079 1293 2149 quid
1340 2078 1700 2133 damnationis
1744 2076 1850 2131 erit
1874 2076 2136 2145 spoliasse

560 2186 847 2241 pauperem
876 2212 890 2235 ,
921 2186 1077 2241 quem
1116 2185 1382 2225 summum
1423 2172 1628 2223 crimen
1657 2179 1740 2222 est
1766 2183 1873 2221 non
1903 2168 2133 2235 pavisse.

548 2263 695 2317 iluic
728 2277 858 2332 ergo
883 2264 970 2332 qui
1006 2271 1221 2317 tenuem
1252 2272 1411 2331 atque
1436 2276 1663 2331 egenum
1694 2262 1811 2313 sine
1840 2260 1942 2313 ulla
1972 2258 2136 2312 futuri

556 2357 740 2426 iudicii
764 2357 1195 2411 consideratione
1222 2370 1361 2408 nunc
1382 2352 1713 2421 comprimit,
1749 2351 1894 2417 huic,
1918 2352 2135 2420 inquam

557 2449 719 2515 (sicut
744 2448 958 2517 quidam
983 2448 1161 2517 dixit),
1187 2446 1427 2499 Adveniet
1453 2455 1670 2510 tempus,
1692 2458 1810 2495 cum
1830 2444 2082 2509 optaverit
2104 2457 2136 2493 a

552 2556 608 2593 se
637 2540 792 2608 fuisse
832 2542 1079 2593 intactum
1103 2553 1391 2609 pauperem,
1444 2544 1490 2588 et
1535 2550 1637 2587 non
1676 2534 1954 2603 spoliatum
1990 2549 2137 2602 quem

558 2633 774 2694 oderat;
803 2640 859 2685 et
878 2644 1037 2699 quam
1057 2628 1167 2698 jam
1194 2626 1542 2681 intolerabilis
1570 2625 1724 2679 dolor
1751 2625 1854 2678 erit
1876 2664 1892 2688 ,
1937 2626 1981 2677 si
2014 2622 2136 2677 inde

560 2723 840 2792 quisquam
864 2734 1054 2776 causas
1083 2720 1273 2774 mortis
1303 2720 1547 2771 incurrat
1571 2756 1585 2782 ,
1619 2714 1763 2768 unde
1793 2713 1917 2766 vitae
1944 2712 2136 2782 gaudia

556 2828 875 2882 comparare
896 2810 1197 2881 potuisset?
1232 2808 1355 2863 Noli
1393 2822 1521 2877 ergo
1560 2806 1843 2873 despicere
1884 2807 2131 2872 inopem,

556 2906 645 2977 qui
666 2920 787 2961 cum
810 2906 916 2961 sibi
946 2918 1148 2972 pauper
1166 2904 1259 2967 sit,
1292 2900 1469 2956 facere
1498 2910 1547 2953 te
1568 2899 1785 2953 divitem
1813 2904 2021 2966 potest:
2051 2910 2138 2949 ra-

559 2997 765 3067 piamus
794 3011 922 3067 ergo
941 2996 1009 3050 de
1032 2994 1285 3065 praesenti
1307 2992 1506 3047 saeculo
1526 3031 1541 3058 ,
1568 2989 1798 3045 ferventi
1824 2988 2131 3054 devotione,

557 3089 701 3158 quod
733 3102 1036 3157 possumus.
1068 3086 1188 3142 Cito
1233 3093 1520 3140 transeunt
1546 3083 1663 3138 dies
1689 3082 1881 3148 nostri,
1934 3081 2135 3135 utinam

2239 1886 2415 1951 deret,
2448 1886 2519 1939 ita
2544 1886 2730 1939 dicens
2756 1884 2836 1938 :0
2860 1884 3164 1949 Bethleem,
3198 1886 3249 1938 in
3278 1893 3568 1954 martyrum
3594 1895 3816 1939 nostro-

2239 1994 2355 2033 rum
2384 1978 2551 2032 titulis
2578 1989 2631 2032 tu
2660 1992 2887 2032 numero
2915 1978 3142 2032 fortasse
3169 1978 3468 2046 praecedas;
3492 1991 3592 2047 ego
3619 1978 3814 2033 merito

2242 2072 2294 2125 in
2338 2072 2445 2125 tuis
2488 2071 2792 2125 interiectio
2833 2070 2934 2136 fui,
2977 2069 3251 2124 confessio
3287 2084 3388 2123 non
3426 2070 3529 2133 fui;
3574 2069 3630 2123 in
3674 2071 3817 2125 meis

2241 2162 2552 2216 colluctatio
2593 2162 2881 2229 passionis,
2926 2161 2977 2215 in
3018 2162 3123 2214 tuis
3158 2162 3276 2214 sola
3306 2160 3404 2214 fuit
3431 2161 3815 2229 opportunitas

2238 2261 2293 2306 et
2329 2253 2541 2306 occasio
2572 2252 2881 2315 felicitatis;
2922 2262 2975 2306 te
2998 2250 3175 2306 exitus
3202 2252 3391 2306 ditavit
3419 2251 3812 2320 benedictione,

2234 2360 2327 2399 me
2367 2348 2565 2409 virtus;
2619 2354 2672 2398 tu
2710 2346 2761 2397 in
2787 2346 3046 2413 sanguine
3084 2345 3428 2413 parvulorum
3477 2345 3699 2414 potuisti
3740 2347 3816 2400 rio

2238 2436 2366 2491 dere
2397 2445 2706 2505 pereuntes,
2740 2450 2845 2489 non
2896 2436 3114 2504 potuisti
3160 2445 3479 2505 exspectare
3511 2445 3810 2505 certantes;

2238 2536 2292 2581 te
2349 2529 2633 2581 coronavit
2698 2528 2999 2581 innocentia
3063 2528 3445 2597 morientium,
3505 2545 3595 2585 me
3646 2532 3814 2601 gloria

2240 2620 2704 2688 triumphantum;
2772 2622 2845 2676 tui
2896 2623 2947 2675 in
2996 2622 3277 2689 premium
3326 2624 3476 2692 regni
3525 2625 3645 2678 sine
3687 2638 3812 2679 con-

2236 2713 2462 2766 scientia
2506 2727 2803 2782 pervenere
2850 2714 3113 2783 martyrii,
3154 2714 3261 2768 mei
3288 2723 3462 2769 autem
3492 2716 3815 2772 cruciatibus

2230 2801 2456 2867 afﬂicti,
2501 2803 2782 2872 suppliciis
2827 2805 3301 2872 explorati,~szevis
3331 2805 3540 2876 ignibus
3571 2806 3816 2863 sacrificii

2228 2910 2390 2950 «more
2415 2895 2643 2961 decocti,
2670 2906 2894 2966 quantas
2940 2907 3298 2968 susceperunt
3336 2900 3388 2953 in
3438 2914 3669 2970 corpore
3707 2914 3818 2972 pte-

2240 3001 2358 3051 nas,
2392 2996 2570 3042 tantas
2601 2988 2653 3040 in
2689 2987 2884 3057 Spiritu
2931 3000 3291 3059 perceperunt
3338 3005 3598 3058 coronas;
3648 3007 3713 3048 ac
3742 2994 3819 3049 sic

2241 3093 2337 3146 per
2391 3086 2785 3134 tormentorum
2847 3081 3029 3148 plagas
3080 3090 3134 3135 et
3197 3083 3569 3151 torquentium
3638 3097 3819 3138 moras

562 3183 703 3238 bene
740 3182 1055 3237 transeant!
1089 3180 1377 3250 Rapiamus
1420 3193 1549 3247 ergo
1586 3175 1728 3245 quod
1760 3188 2045 3244 possumus
2074 3174 2140 3229 de
2166 3159 2213 3223 C
2242 3173 2396 3242 prius
2434 3174 2735 3229 consecrati
2774 3183 2900 3226 sunt
2935 3188 3094 3243 quam
3136 3175 3427 3242 perempti;
3478 3182 3535 3229 tu
3581 3176 3819 3231 obtulisti

560 3276 664 3331 hoc
693 3277 914 3341 saeculo,
962 3277 1161 3345 gratias
1205 3284 1427 3345 agentes
1456 3271 1536 3327 illi
1567 3273 1656 3340 qui
1689 3272 1758 3325 ita
1804 3270 2142 3338 dispensavit

560 3376 844 3434 utramque
872 3369 1034 3420 vitam
1053 3404 1070 3431 ,
1099 3376 1156 3419 ut
1176 3366 1415 3420 laborum
1435 3373 1491 3419 et
1516 3378 1747 3433 agonum
1774 3372 2011 3432 tempora
2033 3362 2141 3416 cito

562 3456 865 3521 finirentur,
893 3456 1155 3509 honorum
1198 3470 1328 3509 vero
1357 3464 1413 3510 et
1439 3455 1780 3524 praemiorum
1806 3454 1997 3523 gaudia
2024 3452 2140 3509 sine

561 3546 667 3600 line
695 3544 970 3601 durarent.

1198 3635 1500 3693 HOMILIA.

882 3726 961 3782 De
978 3736 1153 3783 sancta
1177 3724 1438 3783 Blandina
1463 3726 1817 3797 Lugdunemi.

634 3821 856 3877 Etiamsi
894 3822 1228 3892 martyribus
1258 3823 1507 3893 regionis
1544 3834 1817 3878 extranea:
1859 3822 1944 3891 pia
1984 3829 2140 3876 voto-

559 3924 677 3971 rum
713 3913 902 3970 debita
929 3914 1303 3981 redderemus,
1338 3915 1573 3985 propriis
1606 3912 1895 3969 consulere
1924 3910 2133 3966 utilita-

546 4009 701 4061 rtibus
736 4014 794 4061 et
827 4007 1129 4062 commodis
1174 4007 1553 4077 probaremur,
1603 4015 1822 4060 nostros
1869 4018 1964 4057 eos
2005 4003 2139 4059 fides

558 4101 782 4167 faceret,
814 4112 867 4156 et
904 4102 1133 4157 remotis
1157 4100 1454 4169 quamlibet
1478 4098 1706 4164 ﬁnibus,
1736 4108 1953 4166 sperata
1981 4098 2140 4154 nobis

550 4193 857 4261 patrocinia
900 4202 1277 4261 corrogarant.
1329 4190 1639 4246 Studiorum
1688 4190 1957 4260 siquidem
2013 4201 2140 4247 sunt

542 4282 865 4354 .«hujusmodi
902 4281 1193 4351 sudragia,
1241 4296 1348 4336 non
1387 4282 1626 4335 locorum
1670 4300 1684 4335 :
1718 4282 1953 4351 proinde
1994 4285 2134 4353 apud

559 4377 887 4433 domesticos
928 4375 1022 4430 Dei
1060 4382 1268 4429 tantum
1314 4372 1722 4428 intercessionis
1772 4376 2135 4442 promereris,

556 4478 813 4537 quantum
857 4466 1227 4523 venerationis
1272 4464 1625 4533 impenderis.
1676 4466 1905 4534 Oportet
1954 4467 2139 4538 itaque

2244 3267 2402 3321 annis
2441 3267 2717 3335 parvulos,
2767 3281 2868 3335 ego
2914 3266 3075 3320 etiam
3126 3269 3339 3321 meritis
3365 3279 3818 3325 consummatos:

2242 3374 2343 3428 ego
2367 3358 2540 3413 obtuli
2565 3361 2654 3429 qui
2686 3374 2780 3428 per
2826 3366 3091 3412 tormenta
3121 3374 3217 3413 sua
3251 3361 3548 3425 vincerent,
3579 3374 3706 3414 cum
3732 3376 3823 3430 pe-

2243 3454 2470 3507 riclitari
2515 3454 2568 3506 in
2600 3453 2705 3508 lide
2737 3454 3064 3521 potuissent;
3114 3461 3169 3507 tu
3194 3454 3435 3508 obtulisti
3466 3455 3555 3523 qui
3588 3455 3819 3509 fructum

2246 3547 2520 3601 moriendi
2555 3547 2753 3603 habere
2783 3556 3024 3615 possent,
3055 3548 3347 3616 periculum
3377 3548 3603 3619 negandi
3636 3549 3825 3604 timere

2244 3655 2349 3695 non
2396 3649 2645 3710 possent;
2693 3650 2747 3695 tu
2795 3640 3035 3694 obtulisti
3074 3640 3352 3694 inﬁrmum
3398 3640 3650 3709 populum
3677 3681 3692 3705 ,
3750 3656 3815 3696 ne

2242 3733 2521 3790 Christum
2561 3736 2854 3803 sacrilegus
2881 3734 3149 3789 inveniret
3174 3752 3187 3788 :
3219 3750 3319 3805 ego
3346 3735 3513 3789 obtuli
3544 3736 3822 3791 robustum

2245 3844 2530 3884 numerum
2557 3869 2572 3893 ,
2624 3828 2776 3897 cujus
2818 3826 3071 3894 exemplo
3109 3827 3273 3881 etiam
3315 3827 3610 3896 sacrilegos
3637 3828 3691 3882 in
3721 3828 3824 3883 sal-

2244 3922 2437 3976 vandis
2479 3929 2882 3991 persecutorum
2912 3920 3170 3974 ministris
3198 3919 3449 3975 Christus
3487 3921 3813 3988 acquireret.

2242 4013 2526 4067 Postremo
2575 4013 2728 4066 beata
2781 4013 2867 4065 illa
2915 4022 3090 4067 morte
3131 4025 3235 4081 qua
3288 4009 3531 4065 Herodes
3579 4012 3708 4066 dum
3730 4025 3823 4066 ‘sa-

2240 4120 2395 4159 crum
2439 4119 2664 4174 puerum
2710 4103 2903 4172 quaerit
2932 4102 3131 4167 solum,
3170 4109 3375 4155 tantum
3406 4116 3604 4171 pueros
3635 4103 3826 4158 immo-

2242 4198 2406 4264 lavit;
2461 4197 2793 4266 triumphum
2830 4206 2976 4250 tuum
3005 4209 3171 4251 sexus
3200 4208 3359 4261 unus,
3393 4209 3572 4250 meum
3604 4205 3827 4266 uterque

2234 4289 2543 4358 mromeruit
2589 4305 2602 4341 :
2652 4303 2767 4342 mea
2797 4302 2974 4357 pugna
3011 4286 3241 4357 palmam
3262 4284 3342 4341 de
3372 4286 3557 4341 mundi
3583 4287 3828 4356 principe

2242 4383 2406 4437 etiam
2446 4382 2499 4435 in
2530 4380 2747 4435 feminis
2777 4381 3087 4449 reportavit.
3116 4379 3329 4434 Chorus
3369 4394 3515 4433 meus
3556 4379 3609 4433 in
3640 4381 3827 4448 pueris

2242 4474 2561 4530 innocentes
2596 4482 2716 4528 tuos
2752 4473 2954 4528 habere
2996 4472 3191 4542 potuit,
3226 4473 3422 4527 chorus
3452 4482 3570 4526 tuus
3601 4472 3828 4527 Blandi-

556 4568 614 4612 ut
651 4560 855 4615 alienos
892 4559 1075 4628 potius
1112 4558 1273 4615 nobis
1309 4558 1526 4613 devotio
1552 4558 1806 4628 religiosa
1847 4562 2129 4624 conciliet,
2156 4532 2216 4592 θ
2242 4580 2365 4619 nam
2414 4579 2587 4618 meam
2636 4566 2835 4619 habere
2882 4532 3209 4633 non'potuit.
3243 4563 3501 4619 Prmstitit
3539 4565 3685 4619 inter
3722 4566 3826 4621 ista

555 4662 716 4717 quam
753 4649 893 4705 forte
933 4650 1234 4720 propriosa
1274 4649 1431 4704 nobis
1471 4649 1801 4719 negligentia
1842 4650 2131 4720 irreligiosi

555 4742 760 4810 teporis
798 4741 1017 4796 alienet.
1068 4739 1459 4811 Agnoscamus,
1508 4741 1841 4808 charissimi,
1871 4743 2013 4797 circa
2039 4743 2132 4797 Ec-

554 4833 776 4889 clesiam
825 4840 1067 4888 nostram
1111 4831 1418 4887 uberiorem
1479 4831 1793 4887 divinorum
1847 4847 2130 4888 munerum

555 4930 891 4999 largitatem;
942 4927 1215 4983 exsultant
1266 4925 1599 4996 singularum
1657 4928 1867 4981 urbium
1923 4928 2129 4997 populi,

546 5021 656 5076 etsi
684 5018 849 5074 unius
874 5018 1068 5074 saltem
1094 5017 1351 5088 martyris
1372 5017 1614 5087 reliquiis
1645 5019 1987 5073 muniantur:
2010 5033 2140 5075 eeee

553 5127 650 5167 nos
686 5111 930 5181 :populos
968 5120 1266 5181 martyrum
1298 5109 1659 5178 possidemus.
1706 5108 1950 5166 Gaudeat
1998 5122 2141 5167 terra

548 5213 763 5271 air-atra,
790 5207 971 5260 nutrix
1009 5205 1314 5260 calestium
1356 5202 1609 5269 militum,
1649 5216 1703 5260 et
1742 5215 2009 5259 tantarum
2040 5219 2138 5273 pa-

552 5312 677 5351 rens
722 5297 951 5352 fecunda
990 5298 1267 5350 virtutum.
1324 5297 1462 5350 Ecce
1514 5293 1770 5364 profanus
1809 5296 1980 5351 hostis
2030 5312 2132 5351 ne-

550 5403 821 5461 quaquam
861 5389 908 5443 ei
950 5396 1156 5444 tantum
1207 5388 1466 5457 prodesse
1519 5389 1782 5457 potuisset
1831 5389 2132 5458 obsequio,

532 5495 809 5556 quantum
838 5482 1047 5553 profuit
1067 5481 1261 5550 gladio.
1289 5480 1425 5535 Nam
1454 5481 1597 5535 sicut
1625 5482 1982 5535 sacratissimi
2006 5496 2136 5549 prae-

550 5577 725 5634 sentis
760 5575 869 5630 diei
909 5574 1257 5629 manifestant
1293 5573 1455 5640 festa,
1493 5584 1753 5644 quantum
1788 5582 1977 5628 contra
2014 5588 2132 5629 eam

470 5660 471 5663 “
550 5667 812 5733 iniquitas
849 5666 1183 5729 abundavit,
1232 5673 1441 5720 tantum
1484 5665 1537 5717 in
1577 5680 1637 5720 ea
1675 5666 1860 5735 gratia:
1902 5682 2040 5720 nunc
2080 5678 2134 5722 et

550 5754 947 5812 benedictionis
992 5755 1273 5810 exuberat.
1321 5755 1575 5823 Legimus
1630 5756 1686 5810 in
1739 5755 2017 5811 Bethleem
2066 5759 2133 5814 ab

2234 4658 2421 4712 divina
2473 4656 2815 4726 providentia
2844 4697 2859 4719 ,
2910 4666 2968 4709 ut
3017 4655 3070 4709 in
3116 4656 3279 4709 tantis
3325 4657 3511 4725 patria:
3540 4655 3826 4712 sacrificiis

2232 4753 2401 4806 etiam
2426 4748 2676 4820 pontifex
2703 4764 2812 4804 non
2835 4748 3073 4803 deesset.
3102 4747 3327 4818 Rapitur
3348 4748 3415 4803 ad
3441 4748 3665 4815 impiam
3687 4760 3825 4818 qua:-

2238 4845 2471 4897 stionem
2511 4841 2830 4911 grandaevus
2871 4851 2926 4894 et
2964 4840 3159 4909 plenus
3186 4840 3393 4895 dierum
3440 4840 3637 4894 beatus
3668 4839 3827 4896 Pater

2234 4944 2425 4989 noster
2452 4933 2686 4988 Focinus
2714 4931 2970 4987 Ecclesiae
3008 4932 3168 5001 hujus
3200 4932 3450 4997 antistes,
3486 4941 3545 4987 et
3572 4945 3673 5001 pro
3698 4947 3823 4987 eru-

2238 5025 2480 5089 ditionis,
2533 5034 2593 5079 ut
2639 5023 2934 5090 credimus,
2985 5024 3182 5078 merito
3229 5022 3382 5093 gregi
3419 5036 3519 5077 suo
3543 5020 3823 5094 jungitur;

2242 5132 2304 5173 ac
2332 5128 2449 5187 post
2477 5118 2743 5173 Dominici
2782 5116 3029 5187 corporis
3064 5116 3411 5182 sacriﬁcium,
3457 5115 3697 5184 profanis
3732 5116 3827 5169 tri.

2240 5209 2526 5265 bunalibus
2576 5223 2768 5262 novam
2820 5208 2888 5263 de
2934 5223 2994 5263 se
3031 5206 3259 5262 hostiam
3290 5206 3506 5263 Christo
3543 5206 3826 5263 oblaturus

2224 5297 2490 5352 infertur.
2545 5299 2743 5352 Senilis
2790 5297 3074 5351 infirmitas
3101 5312 3200 5367 per
3228 5297 3452 5366 injurias
3478 5305 3535 5352 et
3572 5296 3822 5353 afﬂictio-

2240 5405 2337 5445 nes
2368 5391 2655 5444 furentium
2692 5392 3059 5444 ministrorum
3084 5390 3159 5444 ita
3190 5392 3422 5446 celerem
3452 5390 3680 5448 sortitur
3707 5391 3822 5445 exi—

2240 5490 2373 5549 tum,
2406 5491 2464 5535 ut
2497 5495 2621 5535 eum
2660 5482 2984 5551 intelligeres
3023 5482 3089 5537 ad
3122 5492 3333 5553 tempus
3365 5483 3493 5537 illud
3534 5482 3637 5537 soli
3673 5496 3819 5537 mar-

2239 5574 2379 5643 tyrio
2407 5584 2763 5628 reservatum.
2794 5574 2941 5629 Felix
2970 5576 3053 5628 cui
3088 5576 3139 5629 in
3171 5577 3287 5645 ipso
3313 5576 3441 5629 vitae
3469 5574 3659 5630 limine
3688 5590 3817 5630 con-

2238 5668 2446 5732 stituto,
2482 5666 2643 5720 finem
2677 5683 2825 5720 suum
2857 5682 2964 5721 non
2994 5680 3100 5722 tam
3134 5679 3336 5723 natura:
3366 5669 3590 5737 contigit
3620 5668 3816 5724 debere

2239 5775 2400 5829 quam
2446 5760 2656 5827 gloriae.
2686 5759 3117 5814 Corroborautur
3166 5763 3253 5815 hic
3302 5762 3403 5829 pia:
3444 5770 3656 5817 mentes
3686 5760 3813 5816 tanti
