  <div class='ocr_page' id='page_1' title='image "/cluster/home/n/w/nwhite01/storage/ocr_20150623/50/uva.x000827094/440.png"; bbox 0 0 4042 6188; ppageno 0'>
   <div class='ocr_carea' id='block_1_1' title="bbox 142 221 234 280">
    <p class='ocr_par' dir='ltr' id='par_1_1' title="bbox 142 221 234 280">
     <span class='ocr_line' id='line_1_1' title="bbox 142 221 234 280; baseline -0.033 0"><span class='ocrx_word' id='word_1_1' title='bbox 142 221 234 280; x_wconf 84' lang='lat' dir='ltr'><strong>86f</strong></span> 
     </span>
    </p>
   </div>
   <div class='ocr_carea' id='block_1_2' title="bbox 1555 211 1876 273">
    <p class='ocr_par' dir='ltr' id='par_1_2' title="bbox 1555 211 1876 273">
     <span class='ocr_line' id='line_1_2' title="bbox 1555 211 1876 273; baseline 0.022 -8"><span class='ocrx_word' id='word_1_2' title='bbox 1555 211 1876 273; x_wconf 67' lang='lat' dir='ltr'><strong>HOMILIE.</strong></span> 
     </span>
    </p>
   </div>
   <div class='ocr_carea' id='block_1_3' title="bbox 3299 219 3404 277">
    <p class='ocr_par' dir='ltr' id='par_1_3' title="bbox 3299 219 3404 277">
     <span class='ocr_line' id='line_1_3' title="bbox 3299 219 3404 277; baseline -0.029 0"><span class='ocrx_word' id='word_1_3' title='bbox 3299 219 3404 277; x_wconf 77' lang='lat'><strong>862</strong></span> 
     </span>
    </p>
   </div>
   <div class='ocr_carea' id='block_1_4' title="bbox 140 321 3405 404">
    <p class='ocr_par' dir='ltr' id='par_1_4' title="bbox 140 321 3405 404">
     <span class='ocr_line' id='line_1_4' title="bbox 140 321 3405 404; baseline 0.001 -18"><span class='ocrx_word' id='word_1_4' title='bbox 140 328 371 404; x_wconf 87' lang='lat' dir='ltr'><strong>parentis</strong></span> <span class='ocrx_word' id='word_1_5' title='bbox 397 325 682 395; x_wconf 83' lang='lat' dir='ltr'><strong>exemplo,</strong></span> <span class='ocrx_word' id='word_1_6' title='bbox 715 334 768 380; x_wconf 90' lang='lat' dir='ltr'><strong>et</strong></span> <span class='ocrx_word' id='word_1_7' title='bbox 808 330 987 393; x_wconf 88' lang='lat' dir='ltr'><strong>parata</strong></span> <span class='ocrx_word' id='word_1_8' title='bbox 1027 321 1288 393; x_wconf 85' lang='lat' dir='ltr'><strong>supplicia</strong></span> <span class='ocrx_word' id='word_1_9' title='bbox 1324 335 1429 376; x_wconf 94' lang='lat' dir='ltr'><strong>non</strong></span> <span class='ocrx_word' id='word_1_10' title='bbox 1465 330 1575 375; x_wconf 89' lang='lat' dir='ltr'><strong>tam</strong></span> <span class='ocrx_word' id='word_1_11' title='bbox 1617 337 1713 377; x_wconf 87' lang='lat' dir='ltr'><strong>ex-</strong></span> <span class='ocrx_word' id='word_1_12' title='bbox 1747 325 1800 384; x_wconf 74' lang='grc' dir='ltr'><strong>Δ</strong></span> <span class='ocrx_word' id='word_1_13' title='bbox 1825 326 2036 395; x_wconf 81' lang='lat' dir='ltr'><strong>palmas</strong></span> <span class='ocrx_word' id='word_1_14' title='bbox 2076 337 2469 398; x_wconf 83' lang='lat' dir='ltr'><strong>extraneasque</strong></span> <span class='ocrx_word' id='word_1_15' title='bbox 2504 329 2756 385; x_wconf 79' lang='lat' dir='ltr'><strong>victorias</strong></span> <span class='ocrx_word' id='word_1_16' title='bbox 2807 339 2863 387; x_wconf 89' lang='lat' dir='ltr'><strong>et</strong></span> <span class='ocrx_word' id='word_1_17' title='bbox 2891 346 3121 388; x_wconf 84' lang='lat' dir='ltr'><strong>coronas</strong></span> <span class='ocrx_word' id='word_1_18' title='bbox 3145 347 3208 389; x_wconf 89' lang='lat' dir='ltr'><strong>ac</strong></span> <span class='ocrx_word' id='word_1_19' title='bbox 3229 340 3405 389; x_wconf 85' lang='lat' dir='ltr'><strong>trans-</strong></span> 
     </span>
    </p>
   </div>
   <div class='ocr_carea' id='block_1_5' title="bbox 141 414 1716 494">
    <p class='ocr_par' dir='ltr' id='par_1_5' title="bbox 141 414 1716 494">
     <span class='ocr_line' id='line_1_5' title="bbox 141 414 1716 494; baseline -0.008 -15"><span class='ocrx_word' id='word_1_20' title='bbox 141 425 340 494; x_wconf 76' lang='lat' dir='ltr'><strong>cipiunt</strong></span> <span class='ocrx_word' id='word_1_21' title='bbox 367 433 522 490; x_wconf 90' lang='lat' dir='ltr'><strong>quam</strong></span> <span class='ocrx_word' id='word_1_22' title='bbox 550 416 834 472; x_wconf 87' lang='lat' dir='ltr'><strong>invadunt.</strong></span> <span class='ocrx_word' id='word_1_23' title='bbox 859 414 1089 470; x_wconf 88' lang='lat' dir='ltr'><strong>Diversa</strong></span> <span class='ocrx_word' id='word_1_24' title='bbox 1115 414 1452 470; x_wconf 64' lang='lat' dir='ltr'><strong>multimoda</strong></span> <span class='ocrx_word' id='word_1_25' title='bbox 1480 414 1716 468; x_wconf 87' lang='lat' dir='ltr'><strong>crudeli-</strong></span> 
     </span>
    </p>
   </div>
   <div class='ocr_carea' id='block_1_6' title="bbox 144 509 1720 585">
    <p class='ocr_par' dir='ltr' id='par_1_6' title="bbox 144 509 1720 585">
     <span class='ocr_line' id='line_1_6' title="bbox 144 509 1720 585; baseline -0.007 -13"><span class='ocrx_word' id='word_1_26' title='bbox 144 518 263 573; x_wconf 86' lang='lat' dir='ltr'><strong>tatis</strong></span> <span class='ocrx_word' id='word_1_27' title='bbox 295 515 524 585; x_wconf 89' lang='lat' dir='ltr'><strong>ingenia,</strong></span> <span class='ocrx_word' id='word_1_28' title='bbox 567 525 842 581; x_wconf 87' lang='lat' dir='ltr'><strong>novosque</strong></span> <span class='ocrx_word' id='word_1_29' title='bbox 885 511 1155 564; x_wconf 74' lang='lat' dir='ltr'><strong>cruciatus</strong></span> <span class='ocrx_word' id='word_1_30' title='bbox 1195 509 1249 564; x_wconf 90' lang='lat' dir='ltr'><strong>in</strong></span> <span class='ocrx_word' id='word_1_31' title='bbox 1293 519 1467 564; x_wconf 89' lang='lat' dir='ltr'><strong>semet</strong></span> <span class='ocrx_word' id='word_1_32' title='bbox 1505 518 1720 563; x_wconf 85' lang='lat' dir='ltr'><strong>sancto-</strong></span> 
     </span>
    </p>
   </div>
   <div class='ocr_carea' id='block_1_7' title="bbox 143 603 1716 678">
    <p class='ocr_par' dir='ltr' id='par_1_7' title="bbox 143 603 1716 678">
     <span class='ocr_line' id='line_1_7' title="bbox 143 603 1716 678; baseline -0.006 -13"><span class='ocrx_word' id='word_1_33' title='bbox 143 625 258 666; x_wconf 86' lang='lat' dir='ltr'><strong>rum</strong></span> <span class='ocrx_word' id='word_1_34' title='bbox 308 617 520 678; x_wconf 87' lang='lat' dir='ltr'><strong>pectora</strong></span> <span class='ocrx_word' id='word_1_35' title='bbox 559 607 761 660; x_wconf 82' lang='lat' dir='ltr'><strong>invicta</strong></span> <span class='ocrx_word' id='word_1_36' title='bbox 809 613 1166 670; x_wconf 87' lang='lat' dir='ltr'><strong>consumunt,</strong></span> <span class='ocrx_word' id='word_1_37' title='bbox 1218 613 1274 658; x_wconf 90' lang='lat' dir='ltr'><strong>et</strong></span> <span class='ocrx_word' id='word_1_38' title='bbox 1319 603 1716 658; x_wconf 85' lang='lat' dir='ltr'><strong>intolerandum</strong></span> 
     </span>
    </p>
   </div>
   <div class='ocr_carea' id='block_1_8' title="bbox 142 694 1719 769">
    <p class='ocr_par' dir='ltr' id='par_1_8' title="bbox 142 694 1719 769">
     <span class='ocr_line' id='line_1_8' title="bbox 142 694 1719 769; baseline -0.006 -15"><span class='ocrx_word' id='word_1_39' title='bbox 142 701 348 769; x_wconf 92' lang='lat' dir='ltr'><strong>pondus</strong></span> <span class='ocrx_word' id='word_1_40' title='bbox 377 699 633 752; x_wconf 88' lang='lat' dir='ltr'><strong>malorum</strong></span> <span class='ocrx_word' id='word_1_41' title='bbox 659 694 1063 751; x_wconf 80' lang='lat' dir='ltr'><strong>contemnendo</strong></span> <span class='ocrx_word' id='word_1_42' title='bbox 1085 697 1335 759; x_wconf 80' lang='lat' dir='ltr'><strong>vincunt,</strong></span> <span class='ocrx_word' id='word_1_43' title='bbox 1355 704 1410 748; x_wconf 87' lang='lat' dir='ltr'><strong>et</strong></span> <span class='ocrx_word' id='word_1_44' title='bbox 1435 694 1719 748; x_wconf 89' lang='lat' dir='ltr'><strong>sentiendo</strong></span> 
     </span>
    </p>
   </div>
   <div class='ocr_carea' id='block_1_9' title="bbox 139 785 1716 856">
    <p class='ocr_par' dir='ltr' id='par_1_9' title="bbox 139 785 1716 856">
     <span class='ocr_line' id='line_1_9' title="bbox 139 785 1716 856; baseline -0.006 -8"><span class='ocrx_word' id='word_1_45' title='bbox 139 792 379 848; x_wconf 79' lang='lat' dir='ltr'><strong>obtinent</strong></span> <span class='ocrx_word' id='word_1_46' title='bbox 406 799 462 843; x_wconf 91' lang='lat' dir='ltr'><strong>ut</strong></span> <span class='ocrx_word' id='word_1_47' title='bbox 499 789 704 843; x_wconf 83' lang='lat' dir='ltr'><strong>semire</strong></span> <span class='ocrx_word' id='word_1_48' title='bbox 729 801 838 842; x_wconf 86' lang='lat' dir='ltr'><strong>non</strong></span> <span class='ocrx_word' id='word_1_49' title='bbox 869 786 1111 856; x_wconf 77' lang='lat' dir='ltr'><strong>possint;</strong></span> <span class='ocrx_word' id='word_1_50' title='bbox 1155 785 1518 854; x_wconf 71' lang='lat' dir='ltr'><strong>subjiciuntur</strong></span> <span class='ocrx_word' id='word_1_51' title='bbox 1543 786 1716 854; x_wconf 81' lang='lat' dir='ltr'><strong>ignes,</strong></span> 
     </span>
    </p>
   </div>
   <div class='ocr_carea' id='block_1_10' title="bbox 139 879 1722 947">
    <p class='ocr_par' dir='ltr' id='par_1_10' title="bbox 139 879 1722 947">
     <span class='ocr_line' id='line_1_10' title="bbox 139 879 1722 947; baseline -0.004 -10"><span class='ocrx_word' id='word_1_52' title='bbox 139 883 232 939; x_wconf 86' lang='lat' dir='ltr'><strong>sed</strong></span> <span class='ocrx_word' id='word_1_53' title='bbox 271 883 336 936; x_wconf 90' lang='lat' dir='ltr'><strong>ad</strong></span> <span class='ocrx_word' id='word_1_54' title='bbox 375 882 482 935; x_wconf 88' lang='lat' dir='ltr'><strong>hoc</strong></span> <span class='ocrx_word' id='word_1_55' title='bbox 513 888 698 934; x_wconf 75' lang='lat' dir='ltr'><strong>tamen</strong></span> <span class='ocrx_word' id='word_1_56' title='bbox 749 879 927 934; x_wconf 88' lang='lat' dir='ltr'><strong>valere</strong></span> <span class='ocrx_word' id='word_1_57' title='bbox 975 887 1376 947; x_wconf 82' lang='lat' dir='ltr'><strong>cognoscuntur</strong></span> <span class='ocrx_word' id='word_1_58' title='bbox 1429 887 1486 930; x_wconf 92' lang='lat' dir='ltr'><strong>ut</strong></span> <span class='ocrx_word' id='word_1_59' title='bbox 1529 890 1722 930; x_wconf 80' lang='lat' dir='ltr'><strong>conse-</strong></span> 
     </span>
    </p>
   </div>
   <div class='ocr_carea' id='block_1_11' title="bbox 139 967 1720 1041">
    <p class='ocr_par' dir='ltr' id='par_1_11' title="bbox 139 967 1720 1041">
     <span class='ocr_line' id='line_1_11' title="bbox 139 967 1720 1041; baseline -0.003 -16"><span class='ocrx_word' id='word_1_60' title='bbox 139 980 288 1028; x_wconf 89' lang='lat' dir='ltr'><strong>crent</strong></span> <span class='ocrx_word' id='word_1_61' title='bbox 320 991 333 1026; x_wconf 93' lang='lat'>:</span> <span class='ocrx_word' id='word_1_62' title='bbox 375 971 706 1041; x_wconf 77' lang='lat' dir='ltr'><strong>instigantur</strong></span> <span class='ocrx_word' id='word_1_63' title='bbox 739 969 946 1037; x_wconf 80' lang='lat' dir='ltr'><strong>bestiae,</strong></span> <span class='ocrx_word' id='word_1_64' title='bbox 975 968 1072 1023; x_wconf 78' lang='lat' dir='ltr'><strong>sed</strong></span> <span class='ocrx_word' id='word_1_65' title='bbox 1103 969 1170 1023; x_wconf 89' lang='lat' dir='ltr'><strong>ad</strong></span> <span class='ocrx_word' id='word_1_66' title='bbox 1200 967 1434 1036; x_wconf 69' lang='lat' dir='ltr'><strong>praedam</strong></span> <span class='ocrx_word' id='word_1_67' title='bbox 1463 982 1615 1022; x_wconf 88' lang='lat' dir='ltr'><strong>suam</strong></span> <span class='ocrx_word' id='word_1_68' title='bbox 1647 967 1720 1021; x_wconf 91' lang='lat' dir='ltr'><strong>fe-</strong></span> 
     </span>
    </p>
   </div>
   <div class='ocr_carea' id='block_1_12' title="bbox 137 1057 1720 1135">
    <p class='ocr_par' dir='ltr' id='par_1_12' title="bbox 137 1057 1720 1135">
     <span class='ocr_line' id='line_1_12' title="bbox 137 1057 1720 1135; baseline -0.006 -16"><span class='ocrx_word' id='word_1_69' title='bbox 137 1066 262 1119; x_wconf 86' lang='lat' dir='ltr'><strong>ritas</strong></span> <span class='ocrx_word' id='word_1_70' title='bbox 295 1065 526 1133; x_wconf 88' lang='lat' dir='ltr'><strong>impasta</strong></span> <span class='ocrx_word' id='word_1_71' title='bbox 557 1063 790 1117; x_wconf 82' lang='lat' dir='ltr'><strong>miratur</strong></span> <span class='ocrx_word' id='word_1_72' title='bbox 817 1061 940 1135; x_wconf 76' lang='grc' dir='ltr'><strong>[Αι.</strong></span> <span class='ocrx_word' id='word_1_73' title='bbox 969 1057 1264 1130; x_wconf 78' lang='lat' dir='ltr'><strong>minatur].</strong></span> <span class='ocrx_word' id='word_1_74' title='bbox 1294 1059 1600 1113; x_wconf 87' lang='lat' dir='ltr'><strong>Dilacerata</strong></span> <span class='ocrx_word' id='word_1_75' title='bbox 1626 1072 1720 1110; x_wconf 85' lang='lat' dir='ltr'><strong>va-</strong></span> 
     </span>
    </p>
   </div>
   <div class='ocr_carea' id='block_1_13' title="bbox 136 1147 1720 1224">
    <p class='ocr_par' dir='ltr' id='par_1_13' title="bbox 136 1147 1720 1224">
     <span class='ocr_line' id='line_1_13' title="bbox 136 1147 1720 1224; baseline -0.006 -14"><span class='ocrx_word' id='word_1_76' title='bbox 136 1157 216 1211; x_wconf 91' lang='lat' dir='ltr'><strong>rio</strong></span> <span class='ocrx_word' id='word_1_77' title='bbox 245 1163 644 1210; x_wconf 75' lang='lat' dir='ltr'><strong>tormentorum</strong></span> <span class='ocrx_word' id='word_1_78' title='bbox 679 1168 884 1224; x_wconf 89' lang='lat' dir='ltr'><strong>genere</strong></span> <span class='ocrx_word' id='word_1_79' title='bbox 912 1151 1157 1207; x_wconf 87' lang='lat' dir='ltr'><strong>membra</strong></span> <span class='ocrx_word' id='word_1_80' title='bbox 1203 1151 1543 1205; x_wconf 77' lang='lat' dir='ltr'><strong>sanctificant</strong></span> <span class='ocrx_word' id='word_1_81' title='bbox 1570 1147 1720 1202; x_wconf 87' lang='lat' dir='ltr'><strong>flam-</strong></span> 
     </span>
    </p>
   </div>
   <div class='ocr_carea' id='block_1_14' title="bbox 135 1241 1720 1316">
    <p class='ocr_par' dir='ltr' id='par_1_14' title="bbox 135 1241 1720 1316">
     <span class='ocr_line' id='line_1_14' title="bbox 135 1241 1720 1316; baseline -0.006 -14"><span class='ocrx_word' id='word_1_82' title='bbox 135 1261 239 1303; x_wconf 73' lang='lat' dir='ltr'><strong>mae</strong></span> <span class='ocrx_word' id='word_1_83' title='bbox 283 1248 410 1301; x_wconf 87' lang='lat' dir='ltr'><strong>dum</strong></span> <span class='ocrx_word' id='word_1_84' title='bbox 457 1261 690 1316; x_wconf 82' lang='lat' dir='ltr'><strong>pascere</strong></span> <span class='ocrx_word' id='word_1_85' title='bbox 733 1245 1003 1308; x_wconf 88' lang='lat' dir='ltr'><strong>nesciunt,</strong></span> <span class='ocrx_word' id='word_1_86' title='bbox 1057 1244 1329 1296; x_wconf 85' lang='lat' dir='ltr'><strong>honorant</strong></span> <span class='ocrx_word' id='word_1_87' title='bbox 1360 1241 1547 1295; x_wconf 63' lang='lat' dir='ltr'><strong>bestiae</strong></span> <span class='ocrx_word' id='word_1_88' title='bbox 1592 1241 1720 1293; x_wconf 89' lang='lat' dir='ltr'><strong>dum</strong></span> 
     </span>
    </p>
   </div>
   <div class='ocr_carea' id='block_1_15' title="bbox 138 1330 1723 1402">
    <p class='ocr_par' dir='ltr' id='par_1_15' title="bbox 138 1330 1723 1402">
     <span class='ocr_line' id='line_1_15' title="bbox 138 1330 1723 1402; baseline -0.007 -8"><span class='ocrx_word' id='word_1_89' title='bbox 138 1340 327 1394; x_wconf 70' lang='lat' dir='ltr'><strong>saevire</strong></span> <span class='ocrx_word' id='word_1_90' title='bbox 373 1352 482 1391; x_wconf 89' lang='lat' dir='ltr'><strong>non</strong></span> <span class='ocrx_word' id='word_1_91' title='bbox 528 1345 746 1391; x_wconf 86' lang='lat' dir='ltr'><strong>norunt.</strong></span> <span class='ocrx_word' id='word_1_92' title='bbox 780 1336 881 1390; x_wconf 87' lang='lat' dir='ltr'><strong>Ubi</strong></span> <span class='ocrx_word' id='word_1_93' title='bbox 911 1343 1036 1389; x_wconf 88' lang='lat' dir='ltr'><strong>sunt</strong></span> <span class='ocrx_word' id='word_1_94' title='bbox 1061 1334 1152 1402; x_wconf 87' lang='lat' dir='ltr'><strong>qui</strong></span> <span class='ocrx_word' id='word_1_95' title='bbox 1185 1332 1373 1386; x_wconf 88' lang='lat' dir='ltr'><strong>dicunt</strong></span> <span class='ocrx_word' id='word_1_96' title='bbox 1415 1330 1723 1385; x_wconf 88' lang='lat' dir='ltr'><strong>veneratio—</strong></span> 
     </span>
    </p>
   </div>
   <div class='ocr_carea' id='block_1_16' title="bbox 136 1427 1723 1501">
    <p class='ocr_par' dir='ltr' id='par_1_16' title="bbox 136 1427 1723 1501">
     <span class='ocr_line' id='line_1_16' title="bbox 136 1427 1723 1501; baseline -0.006 -13"><span class='ocrx_word' id='word_1_97' title='bbox 136 1447 256 1488; x_wconf 86' lang='lat' dir='ltr'><strong>nem</strong></span> <span class='ocrx_word' id='word_1_98' title='bbox 289 1433 462 1486; x_wconf 87' lang='lat' dir='ltr'><strong>sacris</strong></span> <span class='ocrx_word' id='word_1_99' title='bbox 511 1440 812 1501; x_wconf 83' lang='lat' dir='ltr'><strong>martyrum</strong></span> <span class='ocrx_word' id='word_1_100' title='bbox 853 1427 1203 1482; x_wconf 78' lang='lat' dir='ltr'><strong>deferendam</strong></span> <span class='ocrx_word' id='word_1_101' title='bbox 1237 1439 1342 1478; x_wconf 92' lang='lat' dir='ltr'><strong>non</strong></span> <span class='ocrx_word' id='word_1_102' title='bbox 1375 1439 1495 1479; x_wconf 86' lang='lat' dir='ltr'><strong>esse</strong></span> <span class='ocrx_word' id='word_1_103' title='bbox 1529 1437 1723 1492; x_wconf 90' lang='lat' dir='ltr'><strong>corpo-</strong></span> 
     </span>
    </p>
   </div>
   <div class='ocr_carea' id='block_1_17' title="bbox 136 1515 1722 1586">
    <p class='ocr_par' dir='ltr' id='par_1_17' title="bbox 136 1515 1722 1586">
     <span class='ocr_line' id='line_1_17' title="bbox 136 1515 1722 1586; baseline -0.006 -8"><span class='ocrx_word' id='word_1_104' title='bbox 136 1524 314 1578; x_wconf 82' lang='lat' dir='ltr'><strong>ribus?</strong></span> <span class='ocrx_word' id='word_1_105' title='bbox 363 1524 506 1578; x_wconf 85' lang='lat' dir='ltr'><strong>Ecce</strong></span> <span class='ocrx_word' id='word_1_106' title='bbox 539 1529 782 1578; x_wconf 76' lang='lat' dir='ltr'><strong>cruentae</strong></span> <span class='ocrx_word' id='word_1_107' title='bbox 827 1520 1060 1574; x_wconf 74' lang='lat' dir='ltr'><strong>feritatis</strong></span> <span class='ocrx_word' id='word_1_108' title='bbox 1107 1518 1414 1572; x_wconf 86' lang='lat' dir='ltr'><strong>immanitas</strong></span> <span class='ocrx_word' id='word_1_109' title='bbox 1447 1530 1568 1586; x_wconf 67' lang='lat' dir='ltr'><strong>quae</strong></span> <span class='ocrx_word' id='word_1_110' title='bbox 1596 1515 1722 1570; x_wconf 83' lang='lat' dir='ltr'><strong>reti-</strong></span> 
     </span>
    </p>
   </div>
   <div class='ocr_carea' id='block_1_18' title="bbox 135 1606 1723 1684">
    <p class='ocr_par' dir='ltr' id='par_1_18' title="bbox 135 1606 1723 1684">
     <span class='ocr_line' id='line_1_18' title="bbox 135 1606 1723 1684; baseline -0.005 -15"><span class='ocrx_word' id='word_1_111' title='bbox 135 1615 307 1684; x_wconf 91' lang='lat' dir='ltr'><strong>gionis</strong></span> <span class='ocrx_word' id='word_1_112' title='bbox 336 1629 443 1669; x_wconf 90' lang='lat' dir='ltr'><strong>non</strong></span> <span class='ocrx_word' id='word_1_113' title='bbox 499 1615 694 1681; x_wconf 86' lang='lat' dir='ltr'><strong>recipit</strong></span> <span class='ocrx_word' id='word_1_114' title='bbox 720 1625 961 1676; x_wconf 84' lang='lat' dir='ltr'><strong>sensum,</strong></span> <span class='ocrx_word' id='word_1_115' title='bbox 1011 1611 1184 1665; x_wconf 89' lang='lat' dir='ltr'><strong>defert</strong></span> <span class='ocrx_word' id='word_1_116' title='bbox 1213 1607 1583 1664; x_wconf 82' lang='lat' dir='ltr'><strong>venerationis</strong></span> <span class='ocrx_word' id='word_1_117' title='bbox 1625 1606 1723 1661; x_wconf 88' lang='lat' dir='ltr'><strong>ob-</strong></span> 
     </span>
    </p>
   </div>
   <div class='ocr_carea' id='block_1_19' title="bbox 1821 419 3407 492">
    <p class='ocr_par' dir='ltr' id='par_1_19' title="bbox 1821 419 3407 492">
     <span class='ocr_line' id='line_1_19' title="bbox 1821 419 3407 492; baseline 0.005 -18"><span class='ocrx_word' id='word_1_118' title='bbox 1821 419 2061 474; x_wconf 88' lang='lat' dir='ltr'><strong>marios</strong></span> <span class='ocrx_word' id='word_1_119' title='bbox 2092 421 2397 489; x_wconf 79' lang='lat' dir='ltr'><strong>triumphos</strong></span> <span class='ocrx_word' id='word_1_120' title='bbox 2426 431 2576 476; x_wconf 88' lang='lat' dir='ltr'><strong>tanta</strong></span> <span class='ocrx_word' id='word_1_121' title='bbox 2620 437 2718 477; x_wconf 90' lang='lat' dir='ltr'><strong>nos</strong></span> <span class='ocrx_word' id='word_1_122' title='bbox 2759 432 2974 492; x_wconf 80' lang='lat' dir='ltr'><strong>Oportet</strong></span> <span class='ocrx_word' id='word_1_123' title='bbox 3001 425 3285 483; x_wconf 74' lang='lat' dir='ltr'><strong>sedulitate</strong></span> <span class='ocrx_word' id='word_1_124' title='bbox 3312 442 3407 482; x_wconf 89' lang='lat' dir='ltr'><strong>ve-</strong></span> 
     </span>
    </p>
   </div>
   <div class='ocr_carea' id='block_1_20' title="bbox 1823 512 3406 581">
    <p class='ocr_par' dir='ltr' id='par_1_20' title="bbox 1823 512 3406 581">
     <span class='ocr_line' id='line_1_20' title="bbox 1823 512 3406 581; baseline 0.005 -16"><span class='ocrx_word' id='word_1_125' title='bbox 1823 512 2004 566; x_wconf 87' lang='lat' dir='ltr'><strong>nerari</strong></span> <span class='ocrx_word' id='word_1_126' title='bbox 2029 521 2086 566; x_wconf 92' lang='lat' dir='ltr'><strong>ut</strong></span> <span class='ocrx_word' id='word_1_127' title='bbox 2119 512 2266 581; x_wconf 87' lang='lat' dir='ltr'><strong>quod</strong></span> <span class='ocrx_word' id='word_1_128' title='bbox 2293 512 2527 567; x_wconf 81' lang='lat' dir='ltr'><strong>alienum</strong></span> <span class='ocrx_word' id='word_1_129' title='bbox 2561 523 2645 569; x_wconf 87' lang='lat' dir='ltr'><strong>est</strong></span> <span class='ocrx_word' id='word_1_130' title='bbox 2685 514 2819 569; x_wconf 84' lang='lat' dir='ltr'><strong>locis</strong></span> <span class='ocrx_word' id='word_1_131' title='bbox 2857 524 3104 570; x_wconf 89' lang='lat' dir='ltr'><strong>nostrum</strong></span> <span class='ocrx_word' id='word_1_132' title='bbox 3142 518 3406 573; x_wconf 78' lang='lat' dir='ltr'><strong>faciamus</strong></span> 
     </span>
    </p>
   </div>
   <div class='ocr_carea' id='block_1_21' title="bbox 1824 605 3408 680">
    <p class='ocr_par' dir='ltr' id='par_1_21' title="bbox 1824 605 3408 680">
     <span class='ocr_line' id='line_1_21' title="bbox 1824 605 3408 680; baseline 0.004 -21"><span class='ocrx_word' id='word_1_133' title='bbox 1824 605 2038 672; x_wconf 88' lang='lat' dir='ltr'><strong>officiis,</strong></span> <span class='ocrx_word' id='word_1_134' title='bbox 2072 615 2127 661; x_wconf 85' lang='lat' dir='ltr'><strong>et</strong></span> <span class='ocrx_word' id='word_1_135' title='bbox 2157 606 2292 661; x_wconf 89' lang='lat' dir='ltr'><strong>illud</strong></span> <span class='ocrx_word' id='word_1_136' title='bbox 2349 608 2492 677; x_wconf 88' lang='lat' dir='ltr'><strong>quod</strong></span> <span class='ocrx_word' id='word_1_137' title='bbox 2536 623 2643 662; x_wconf 90' lang='lat' dir='ltr'><strong>non</strong></span> <span class='ocrx_word' id='word_1_138' title='bbox 2674 608 2970 664; x_wconf 83' lang='lat' dir='ltr'><strong>includitur</strong></span> <span class='ocrx_word' id='word_1_139' title='bbox 2996 610 3258 679; x_wconf 72' lang='lat' dir='ltr'><strong>sepulcris</strong></span> <span class='ocrx_word' id='word_1_140' title='bbox 3282 655 3298 680; x_wconf 92' lang='lat'><strong>,</strong></span> <span class='ocrx_word' id='word_1_141' title='bbox 3339 613 3408 667; x_wconf 87' lang='lat' dir='ltr'><strong>sit</strong></span> 
     </span>
    </p>
   </div>
   <div class='ocr_carea' id='block_1_22' title="bbox 1824 698 3409 772">
    <p class='ocr_par' dir='ltr' id='par_1_22' title="bbox 1824 698 3409 772">
     <span class='ocr_line' id='line_1_22' title="bbox 1824 698 3409 772; baseline 0.004 -20"><span class='ocrx_word' id='word_1_142' title='bbox 1824 712 2112 752; x_wconf 86' lang='lat' dir='ltr'><strong>commune</strong></span> <span class='ocrx_word' id='word_1_143' title='bbox 2143 698 2447 769; x_wconf 69' lang='lat' dir='ltr'><strong>suﬁragiis;</strong></span> <span class='ocrx_word' id='word_1_144' title='bbox 2479 708 2680 770; x_wconf 88' lang='lat' dir='ltr'><strong>quanto</strong></span> <span class='ocrx_word' id='word_1_145' title='bbox 2704 715 2808 756; x_wconf 80' lang='lat' dir='ltr'><strong>nos</strong></span> <span class='ocrx_word' id='word_1_146' title='bbox 2825 703 3132 772; x_wconf 83' lang='lat' dir='ltr'><strong>impensius</strong></span> <span class='ocrx_word' id='word_1_147' title='bbox 3146 704 3409 759; x_wconf 84' lang='lat' dir='ltr'><strong>convenit</strong></span> 
     </span>
    </p>
   </div>
   <div class='ocr_carea' id='block_1_23' title="bbox 1825 790 3407 859">
    <p class='ocr_par' dir='ltr' id='par_1_23' title="bbox 1825 790 3407 859">
     <span class='ocr_line' id='line_1_23' title="bbox 1825 790 3407 859; baseline 0.004 -17"><span class='ocrx_word' id='word_1_148' title='bbox 1825 790 1877 843; x_wconf 92' lang='lat' dir='ltr'><strong>in</strong></span> <span class='ocrx_word' id='word_1_149' title='bbox 1908 804 2097 843; x_wconf 85' lang='lat' dir='ltr'><strong>eorum</strong></span> <span class='ocrx_word' id='word_1_150' title='bbox 2131 790 2449 845; x_wconf 84' lang='lat' dir='ltr'><strong>celebritate</strong></span> <span class='ocrx_word' id='word_1_151' title='bbox 2471 792 2680 846; x_wconf 81' lang='lat' dir='ltr'><strong>fervere</strong></span> <span class='ocrx_word' id='word_1_152' title='bbox 2705 792 2906 859; x_wconf 80' lang='lat' dir='ltr'><strong>studio,</strong></span> <span class='ocrx_word' id='word_1_153' title='bbox 2927 793 3207 849; x_wconf 59' lang='lat' dir='ltr'><strong>excubare</strong></span> <span class='ocrx_word' id='word_1_154' title='bbox 3233 793 3407 849; x_wconf 87' lang='lat' dir='ltr'><strong>famu-</strong></span> 
     </span>
    </p>
   </div>
   <div class='ocr_carea' id='block_1_24' title="bbox 1825 880 3404 956">
    <p class='ocr_par' dir='ltr' id='par_1_24' title="bbox 1825 880 3404 956">
     <span class='ocr_line' id='line_1_24' title="bbox 1825 880 3404 956; baseline 0.006 -23"><span class='ocrx_word' id='word_1_155' title='bbox 1825 880 1957 946; x_wconf 89' lang='lat' dir='ltr'><strong>latu,</strong></span> <span class='ocrx_word' id='word_1_156' title='bbox 1987 882 2182 949; x_wconf 82' lang='lat' dir='ltr'><strong>quibus</strong></span> <span class='ocrx_word' id='word_1_157' title='bbox 2211 882 2564 952; x_wconf 87' lang='lat' dir='ltr'><strong>multiplicem</strong></span> <span class='ocrx_word' id='word_1_158' title='bbox 2617 884 2781 940; x_wconf 85' lang='lat' dir='ltr'><strong>debet</strong></span> <span class='ocrx_word' id='word_1_159' title='bbox 2808 886 2999 955; x_wconf 79' lang='lat' dir='ltr'><strong>religio</strong></span> <span class='ocrx_word' id='word_1_160' title='bbox 3034 885 3404 956; x_wconf 86' lang='lat' dir='ltr'><strong>devotionem,</strong></span> 
     </span>
    </p>
   </div>
   <div class='ocr_carea' id='block_1_25' title="bbox 1826 975 3408 1048">
    <p class='ocr_par' dir='ltr' id='par_1_25' title="bbox 1826 975 3408 1048">
     <span class='ocr_line' id='line_1_25' title="bbox 1826 975 3408 1048; baseline 0.004 -18"><span class='ocrx_word' id='word_1_161' title='bbox 1826 975 2070 1031; x_wconf 83' lang='lat' dir='ltr'><strong>Ecclesia</strong></span> <span class='ocrx_word' id='word_1_162' title='bbox 2100 977 2382 1046; x_wconf 84' lang='lat' dir='ltr'><strong>honorem,</strong></span> <span class='ocrx_word' id='word_1_163' title='bbox 2438 980 2608 1048; x_wconf 84' lang='lat' dir='ltr'><strong>patria</strong></span> <span class='ocrx_word' id='word_1_164' title='bbox 2637 981 2995 1037; x_wconf 64' lang='lat' dir='ltr'><strong>charitatem?</strong></span> <span class='ocrx_word' id='word_1_165' title='bbox 3021 981 3098 1039; x_wconf 69' lang='lat' dir='ltr'><strong>lUt</strong></span> <span class='ocrx_word' id='word_1_166' title='bbox 3128 985 3270 1038; x_wconf 82' lang='lat' dir='ltr'><strong>sicut</strong></span> <span class='ocrx_word' id='word_1_167' title='bbox 3315 999 3408 1039; x_wconf 90' lang='lat' dir='ltr'><strong>eo-</strong></span> 
     </span>
    </p>
   </div>
   <div class='ocr_carea' id='block_1_26' title="bbox 1825 1071 3406 1143">
    <p class='ocr_par' dir='ltr' id='par_1_26' title="bbox 1825 1071 3406 1143">
     <span class='ocr_line' id='line_1_26' title="bbox 1825 1071 3406 1143; baseline 0.006 -23"><span class='ocrx_word' id='word_1_168' title='bbox 1825 1082 1943 1121; x_wconf 89' lang='lat' dir='ltr'><strong>rum</strong></span> <span class='ocrx_word' id='word_1_169' title='bbox 1976 1082 2071 1136; x_wconf 87' lang='lat' dir='ltr'><strong>per</strong></span> <span class='ocrx_word' id='word_1_170' title='bbox 2099 1073 2258 1123; x_wconf 89' lang='lat' dir='ltr'><strong>unius</strong></span> <span class='ocrx_word' id='word_1_171' title='bbox 2289 1071 2528 1139; x_wconf 73' lang='lat' dir='ltr'><strong>parentis</strong></span> <span class='ocrx_word' id='word_1_172' title='bbox 2579 1074 2844 1142; x_wconf 75' lang='lat' dir='ltr'><strong>gremium</strong></span> <span class='ocrx_word' id='word_1_173' title='bbox 2870 1075 2991 1143; x_wconf 87' lang='lat' dir='ltr'><strong>jure</strong></span> <span class='ocrx_word' id='word_1_174' title='bbox 3019 1076 3278 1130; x_wconf 88' lang='lat' dir='ltr'><strong>nascendi</strong></span> <span class='ocrx_word' id='word_1_175' title='bbox 3307 1091 3406 1130; x_wconf 85' lang='lat' dir='ltr'><strong>co-</strong></span> 
     </span>
    </p>
   </div>
   <div class='ocr_carea' id='block_1_27' title="bbox 1825 1159 3407 1237">
    <p class='ocr_par' dir='ltr' id='par_1_27' title="bbox 1825 1159 3407 1237">
     <span class='ocr_line' id='line_1_27' title="bbox 1825 1159 3407 1237; baseline 0.006 -27"><span class='ocrx_word' id='word_1_176' title='bbox 1825 1159 1971 1227; x_wconf 86' lang='lat' dir='ltr'><strong>gnati</strong></span> <span class='ocrx_word' id='word_1_177' title='bbox 2020 1173 2207 1213; x_wconf 88' lang='lat' dir='ltr'><strong>sumus</strong></span> <span class='ocrx_word' id='word_1_178' title='bbox 2230 1201 2243 1223; x_wconf 91' lang='lat'><strong>,</strong></span> <span class='ocrx_word' id='word_1_179' title='bbox 2289 1160 2359 1214; x_wconf 87' lang='lat' dir='ltr'><strong>ita</strong></span> <span class='ocrx_word' id='word_1_180' title='bbox 2393 1161 2548 1215; x_wconf 81' lang='lat' dir='ltr'><strong>nobis</strong></span> <span class='ocrx_word' id='word_1_181' title='bbox 2594 1177 2726 1232; x_wconf 87' lang='lat' dir='ltr'><strong>erga</strong></span> <span class='ocrx_word' id='word_1_182' title='bbox 2757 1179 2853 1219; x_wconf 89' lang='lat' dir='ltr'><strong>eos</strong></span> <span class='ocrx_word' id='word_1_183' title='bbox 2898 1165 3112 1234; x_wconf 87' lang='lat' dir='ltr'><strong>pietatis</strong></span> <span class='ocrx_word' id='word_1_184' title='bbox 3135 1176 3189 1222; x_wconf 91' lang='lat' dir='ltr'><strong>et</strong></span> <span class='ocrx_word' id='word_1_185' title='bbox 3217 1167 3407 1237; x_wconf 65' lang='lat' dir='ltr'><strong>gratiae</strong></span> 
     </span>
    </p>
   </div>
   <div class='ocr_carea' id='block_1_28' title="bbox 1826 1249 3407 1323">
    <p class='ocr_par' dir='ltr' id='par_1_28' title="bbox 1826 1249 3407 1323">
     <span class='ocr_line' id='line_1_28' title="bbox 1826 1249 3407 1323; baseline 0.006 -21"><span class='ocrx_word' id='word_1_186' title='bbox 1826 1249 2164 1319; x_wconf 88' lang='lat' dir='ltr'><strong>privilegium</strong></span> <span class='ocrx_word' id='word_1_187' title='bbox 2198 1251 2554 1318; x_wconf 87' lang='lat' dir='ltr'><strong>vindicemus,</strong></span> <span class='ocrx_word' id='word_1_188' title='bbox 2583 1264 2743 1323; x_wconf 83' lang='lat' dir='ltr'><strong>atque</strong></span> <span class='ocrx_word' id='word_1_189' title='bbox 2766 1256 2833 1309; x_wconf 88' lang='lat' dir='ltr'><strong>ad</strong></span> <span class='ocrx_word' id='word_1_190' title='bbox 2852 1270 2946 1310; x_wconf 86' lang='lat' dir='ltr'><strong>eos</strong></span> <span class='ocrx_word' id='word_1_191' title='bbox 2967 1256 3092 1311; x_wconf 83' lang='lat' dir='ltr'><strong>ﬁdei</strong></span> <span class='ocrx_word' id='word_1_192' title='bbox 3114 1257 3407 1313; x_wconf 85' lang='lat' dir='ltr'><strong>devotione</strong></span> 
     </span>
    </p>
   </div>
   <div class='ocr_carea' id='block_1_29' title="bbox 1827 1341 3409 1416">
    <p class='ocr_par' dir='ltr' id='par_1_29' title="bbox 1827 1341 3409 1416">
     <span class='ocr_line' id='line_1_29' title="bbox 1827 1341 3409 1416; baseline 0.006 -23"><span class='ocrx_word' id='word_1_193' title='bbox 1827 1342 1978 1409; x_wconf 88' lang='lat' dir='ltr'><strong>prius</strong></span> <span class='ocrx_word' id='word_1_194' title='bbox 2007 1341 2351 1405; x_wconf 82' lang='lat' dir='ltr'><strong>accedamus,</strong></span> <span class='ocrx_word' id='word_1_195' title='bbox 2385 1353 2446 1397; x_wconf 92' lang='lat' dir='ltr'><strong>ut</strong></span> <span class='ocrx_word' id='word_1_196' title='bbox 2474 1359 2698 1412; x_wconf 88' lang='lat' dir='ltr'><strong>quorum</strong></span> <span class='ocrx_word' id='word_1_197' title='bbox 2746 1359 2868 1400; x_wconf 82' lang='lat' dir='ltr'><strong>esse</strong></span> <span class='ocrx_word' id='word_1_198' title='bbox 2895 1348 3045 1402; x_wconf 83' lang='lat' dir='ltr'><strong>cives</strong></span> <span class='ocrx_word' id='word_1_199' title='bbox 3075 1349 3409 1416; x_wconf 86' lang='lat' dir='ltr'><strong>gratulamur</strong></span> 
     </span>
    </p>
   </div>
   <div class='ocr_carea' id='block_1_30' title="bbox 1826 1433 3404 1510">
    <p class='ocr_par' dir='ltr' id='par_1_30' title="bbox 1826 1433 3404 1510">
     <span class='ocr_line' id='line_1_30' title="bbox 1826 1433 3404 1510; baseline 0.004 -24"><span class='ocrx_word' id='word_1_200' title='bbox 1826 1433 1880 1487; x_wconf 85' lang='lat' dir='ltr'><strong>in</strong></span> <span class='ocrx_word' id='word_1_201' title='bbox 1930 1433 2113 1494; x_wconf 89' lang='lat' dir='ltr'><strong>terris,</strong></span> <span class='ocrx_word' id='word_1_202' title='bbox 2158 1448 2281 1488; x_wconf 87' lang='lat' dir='ltr'><strong>cum</strong></span> <span class='ocrx_word' id='word_1_203' title='bbox 2326 1435 2410 1488; x_wconf 89' lang='lat' dir='ltr'><strong>his</strong></span> <span class='ocrx_word' id='word_1_204' title='bbox 2456 1437 2842 1504; x_wconf 84' lang='lat' dir='ltr'><strong>municipatum</strong></span> <span class='ocrx_word' id='word_1_205' title='bbox 2895 1436 3195 1510; x_wconf 69' lang='grc' dir='ltr'><strong>[πηλίτωμα.</strong></span> <span class='ocrx_word' id='word_1_206' title='bbox 3259 1438 3404 1492; x_wconf 80' lang='lat' dir='ltr'><strong>Phil.</strong></span> 
     </span>
    </p>
   </div>
   <div class='ocr_carea' id='block_1_31' title="bbox 1827 1521 3404 1598">
    <p class='ocr_par' dir='ltr' id='par_1_31' title="bbox 1827 1521 3404 1598">
     <span class='ocr_line' id='line_1_31' title="bbox 1827 1521 3404 1598; baseline 0.006 -23"><span class='ocrx_word' id='word_1_207' title='bbox 1827 1536 1904 1587; x_wconf 85' lang='lat' dir='ltr'><strong>Ill,</strong></span> <span class='ocrx_word' id='word_1_208' title='bbox 1926 1522 2016 1576; x_wconf 69' lang='lat'><strong>20.</strong></span> <span class='ocrx_word' id='word_1_209' title='bbox 2044 1521 2251 1593; x_wconf 81' lang='lat' dir='ltr'><strong>Vulgat.</strong></span> <span class='ocrx_word' id='word_1_210' title='bbox 2271 1527 2761 1598; x_wconf 86' lang='lat' dir='ltr'><strong>conversationem]</strong></span> <span class='ocrx_word' id='word_1_211' title='bbox 2792 1527 2990 1583; x_wconf 87' lang='lat' dir='ltr'><strong>habere</strong></span> <span class='ocrx_word' id='word_1_212' title='bbox 3011 1544 3324 1584; x_wconf 90' lang='lat' dir='ltr'><strong>mereamur</strong></span> <span class='ocrx_word' id='word_1_213' title='bbox 3349 1530 3404 1584; x_wconf 89' lang='lat' dir='ltr'><strong>in</strong></span> 
     </span>
    </p>
   </div>
   <div class='ocr_carea' id='block_1_32' title="bbox 1826 1615 3410 1690">
    <p class='ocr_par' dir='ltr' id='par_1_32' title="bbox 1826 1615 3410 1690">
     <span class='ocr_line' id='line_1_32' title="bbox 1826 1615 3410 1690; baseline 0.006 -22"><span class='ocrx_word' id='word_1_214' title='bbox 1826 1615 2018 1669; x_wconf 66' lang='lat' dir='ltr'><strong>cretis:</strong></span> <span class='ocrx_word' id='word_1_215' title='bbox 2051 1615 2285 1684; x_wconf 90' lang='lat' dir='ltr'><strong>duplicia</strong></span> <span class='ocrx_word' id='word_1_216' title='bbox 2336 1619 2515 1687; x_wconf 88' lang='lat' dir='ltr'><strong>itaque</strong></span> <span class='ocrx_word' id='word_1_217' title='bbox 2561 1619 2850 1690; x_wconf 88' lang='lat' dir='ltr'><strong>Ephipodii</strong></span> <span class='ocrx_word' id='word_1_218' title='bbox 2892 1630 2947 1674; x_wconf 88' lang='lat' dir='ltr'><strong>et</strong></span> <span class='ocrx_word' id='word_1_219' title='bbox 2975 1622 3273 1677; x_wconf 80' lang='lat' dir='ltr'><strong>Alexandri</strong></span> <span class='ocrx_word' id='word_1_220' title='bbox 3301 1632 3410 1678; x_wconf 81' lang='lat' dir='ltr'><strong>tro-</strong></span> 
     </span>
    </p>
   </div>
   <div class='ocr_carea' id='block_1_33' title="bbox 135 1701 3408 1780">
    <p class='ocr_par' dir='ltr' id='par_1_33' title="bbox 135 1701 3408 1780">
     <span class='ocr_line' id='line_1_33' title="bbox 135 1701 3408 1780; baseline -0.002 -6"><span class='ocrx_word' id='word_1_221' title='bbox 135 1707 415 1774; x_wconf 67' lang='grc' dir='ltr'><strong>εθίῐυίιιῐηὶ</strong></span> <span class='ocrx_word' id='word_1_222' title='bbox 472 1713 531 1758; x_wconf 75' lang='grc' dir='ltr'><strong>ει</strong></span> <span class='ocrx_word' id='word_1_223' title='bbox 560 1718 682 1773; x_wconf 53' lang='lat' dir='ltr'><strong>quira</strong></span> <span class='ocrx_word' id='word_1_224' title='bbox 708 1702 1093 1757; x_wconf 58' lang='lat' dir='ltr'><strong>discretionem</strong></span> <span class='ocrx_word' id='word_1_225' title='bbox 1131 1701 1360 1755; x_wconf 68' lang='grc' dir='ltr'><strong>νδιίοηίε</strong></span> <span class='ocrx_word' id='word_1_226' title='bbox 1398 1703 1582 1770; x_wconf 64' lang='grc'><strong>⁵8081³³</strong></span> <span class='ocrx_word' id='word_1_227' title='bbox 1614 1715 1719 1753; x_wconf 79' lang='grc' dir='ltr'><strong>ηοη</strong></span> <span class='ocrx_word' id='word_1_228' title='bbox 1755 1710 1799 1768; x_wconf 86' lang='grc' dir='ltr'><strong><em>Β</em></strong></span> <span class='ocrx_word' id='word_1_229' title='bbox 1828 1719 1942 1774; x_wconf 64' lang='lat' dir='ltr'><strong>pm</strong></span> <span class='ocrx_word' id='word_1_230' title='bbox 1975 1706 2232 1761; x_wconf 75' lang='lat' dir='ltr'><strong>Ecclesia:</strong></span> <span class='ocrx_word' id='word_1_231' title='bbox 2258 1719 2456 1762; x_wconf 74' lang='lat' dir='ltr'><strong>nostra:</strong></span> <span class='ocrx_word' id='word_1_232' title='bbox 2485 1710 2618 1764; x_wconf 89' lang='lat' dir='ltr'><strong>fides</strong></span> <span class='ocrx_word' id='word_1_233' title='bbox 2641 1711 2923 1780; x_wconf 89' lang='lat' dir='ltr'><strong>interjecta</strong></span> <span class='ocrx_word' id='word_1_234' title='bbox 2955 1713 3106 1768; x_wconf 87' lang='lat' dir='ltr'><strong>bidui</strong></span> <span class='ocrx_word' id='word_1_235' title='bbox 3131 1715 3214 1768; x_wconf 91' lang='lat' dir='ltr'><strong>vel</strong></span> <span class='ocrx_word' id='word_1_236' title='bbox 3245 1714 3408 1769; x_wconf 86' lang='lat' dir='ltr'><strong>tridui</strong></span> 
     </span>
    </p>
   </div>
   <div class='ocr_carea' id='block_1_34' title="bbox 137 1790 1724 1866">
    <p class='ocr_par' dir='ltr' id='par_1_34' title="bbox 137 1790 1724 1866">
     <span class='ocr_line' id='line_1_34' title="bbox 137 1790 1724 1866; baseline -0.005 -14"><span class='ocrx_word' id='word_1_237' title='bbox 137 1799 350 1866; x_wconf 87' lang='lat' dir='ltr'><strong>recipit,</strong></span> <span class='ocrx_word' id='word_1_238' title='bbox 387 1797 456 1851; x_wconf 90' lang='lat' dir='ltr'><strong>ad</strong></span> <span class='ocrx_word' id='word_1_239' title='bbox 489 1796 754 1850; x_wconf 88' lang='lat' dir='ltr'><strong>malorum</strong></span> <span class='ocrx_word' id='word_1_240' title='bbox 792 1805 971 1848; x_wconf 89' lang='lat' dir='ltr'><strong>tamen</strong></span> <span class='ocrx_word' id='word_1_241' title='bbox 1003 1793 1431 1860; x_wconf 90' lang='lat' dir='ltr'><strong>damnationem,</strong></span> <span class='ocrx_word' id='word_1_242' title='bbox 1467 1790 1596 1860; x_wconf 89' lang='lat' dir='ltr'><strong>quid</strong></span> <span class='ocrx_word' id='word_1_243' title='bbox 1625 1790 1724 1845; x_wconf 91' lang='lat' dir='ltr'><strong>ho-</strong></span> 
     </span>
    </p>
   </div>
   <div class='ocr_carea' id='block_1_35' title="bbox 134 1881 1724 1954">
    <p class='ocr_par' dir='ltr' id='par_1_35' title="bbox 134 1881 1724 1954">
     <span class='ocr_line' id='line_1_35' title="bbox 134 1881 1724 1954; baseline -0.006 -10"><span class='ocrx_word' id='word_1_244' title='bbox 134 1891 282 1944; x_wconf 90' lang='lat' dir='ltr'><strong>noris</strong></span> <span class='ocrx_word' id='word_1_245' title='bbox 331 1889 541 1943; x_wconf 85' lang='lat' dir='ltr'><strong>sanctis</strong></span> <span class='ocrx_word' id='word_1_246' title='bbox 589 1886 859 1941; x_wconf 82' lang='lat' dir='ltr'><strong>debeatur-</strong></span> <span class='ocrx_word' id='word_1_247' title='bbox 900 1885 1176 1954; x_wconf 87' lang='lat' dir='ltr'><strong>agnoscit;</strong></span> <span class='ocrx_word' id='word_1_248' title='bbox 1220 1898 1285 1938; x_wconf 89' lang='lat' dir='ltr'><strong>ac</strong></span> <span class='ocrx_word' id='word_1_249' title='bbox 1349 1883 1429 1937; x_wconf 87' lang='lat' dir='ltr'><strong>sic</strong></span> <span class='ocrx_word' id='word_1_250' title='bbox 1474 1881 1724 1951; x_wconf 85' lang='lat' dir='ltr'><strong>supplicii</strong></span> 
     </span>
    </p>
   </div>
   <div class='ocr_carea' id='block_1_36' title="bbox 134 1974 1722 2035">
    <p class='ocr_par' dir='ltr' id='par_1_36' title="bbox 134 1974 1722 2035">
     <span class='ocr_line' id='line_1_36' title="bbox 134 1974 1722 2035; baseline -0.006 0"><span class='ocrx_word' id='word_1_251' title='bbox 134 1981 496 2035; x_wconf 86' lang='lat' dir='ltr'><strong>ministerium</strong></span> <span class='ocrx_word' id='word_1_252' title='bbox 542 1979 629 2034; x_wconf 89' lang='lat' dir='ltr'><strong>vel</strong></span> <span class='ocrx_word' id='word_1_253' title='bbox 674 1978 1096 2031; x_wconf 86' lang='lat' dir='ltr'><strong>instrumentum</strong></span> <span class='ocrx_word' id='word_1_254' title='bbox 1142 1976 1282 2030; x_wconf 90' lang='lat' dir='ltr'><strong>miro</strong></span> <span class='ocrx_word' id='word_1_255' title='bbox 1312 1975 1472 2030; x_wconf 91' lang='lat' dir='ltr'><strong>modo</strong></span> <span class='ocrx_word' id='word_1_256' title='bbox 1500 1974 1722 2031; x_wconf 87' lang='lat' dir='ltr'><strong>merito-</strong></span> 
     </span>
    </p>
   </div>
   <div class='ocr_carea' id='block_1_37' title="bbox 133 2070 1728 2139">
    <p class='ocr_par' dir='ltr' id='par_1_37' title="bbox 133 2070 1728 2139">
     <span class='ocr_line' id='line_1_37' title="bbox 133 2070 1728 2139; baseline -0.005 -10"><span class='ocrx_word' id='word_1_257' title='bbox 133 2089 245 2129; x_wconf 90' lang='lat' dir='ltr'><strong>rum</strong></span> <span class='ocrx_word' id='word_1_258' title='bbox 278 2073 519 2128; x_wconf 82' lang='lat' dir='ltr'><strong>efficitur</strong></span> <span class='ocrx_word' id='word_1_259' title='bbox 545 2073 951 2136; x_wconf 89' lang='lat' dir='ltr'><strong>testimonium;</strong></span> <span class='ocrx_word' id='word_1_260' title='bbox 1005 2081 1060 2126; x_wconf 92' lang='lat' dir='ltr'><strong>et</strong></span> <span class='ocrx_word' id='word_1_261' title='bbox 1088 2071 1215 2125; x_wconf 93' lang='lat' dir='ltr'><strong>dum</strong></span> <span class='ocrx_word' id='word_1_262' title='bbox 1247 2070 1436 2139; x_wconf 89' lang='lat' dir='ltr'><strong>pietati</strong></span> <span class='ocrx_word' id='word_1_263' title='bbox 1471 2085 1728 2124; x_wconf 89' lang='lat' dir='ltr'><strong>reveren-</strong></span> 
     </span>
    </p>
   </div>
   <div class='ocr_carea' id='block_1_38' title="bbox 133 2164 1727 2235">
    <p class='ocr_par' dir='ltr' id='par_1_38' title="bbox 133 2164 1727 2235">
     <span class='ocr_line' id='line_1_38' title="bbox 133 2164 1727 2235; baseline -0.005 -13"><span class='ocrx_word' id='word_1_264' title='bbox 133 2170 259 2222; x_wconf 90' lang='lat' dir='ltr'><strong>tiam</strong></span> <span class='ocrx_word' id='word_1_265' title='bbox 292 2177 541 2235; x_wconf 69' lang='lat' dir='ltr'><strong>prmstat,</strong></span> <span class='ocrx_word' id='word_1_266' title='bbox 587 2166 799 2235; x_wconf 87' lang='lat' dir='ltr'><strong>profert</strong></span> <span class='ocrx_word' id='word_1_267' title='bbox 845 2166 1064 2219; x_wconf 88' lang='lat' dir='ltr'><strong>tacitam</strong></span> <span class='ocrx_word' id='word_1_268' title='bbox 1107 2164 1173 2217; x_wconf 88' lang='lat' dir='ltr'><strong>de</strong></span> <span class='ocrx_word' id='word_1_269' title='bbox 1200 2164 1480 2232; x_wconf 87' lang='lat' dir='ltr'><strong>impietate</strong></span> <span class='ocrx_word' id='word_1_270' title='bbox 1508 2171 1727 2218; x_wconf 88' lang='lat' dir='ltr'><strong>sentcn-</strong></span> 
     </span>
    </p>
   </div>
   <div class='ocr_carea' id='block_1_39' title="bbox 135 2255 1728 2328">
    <p class='ocr_par' dir='ltr' id='par_1_39' title="bbox 135 2255 1728 2328">
     <span class='ocr_line' id='line_1_39' title="bbox 135 2255 1728 2328; baseline -0.004 -13"><span class='ocrx_word' id='word_1_271' title='bbox 135 2262 282 2315; x_wconf 90' lang='lat' dir='ltr'><strong>tiam.</strong></span> <span class='ocrx_word' id='word_1_272' title='bbox 314 2260 453 2315; x_wconf 89' lang='lat' dir='ltr'><strong>Cum</strong></span> <span class='ocrx_word' id='word_1_273' title='bbox 501 2273 663 2328; x_wconf 89' lang='lat' dir='ltr'><strong>ergo,</strong></span> <span class='ocrx_word' id='word_1_274' title='bbox 709 2257 1040 2323; x_wconf 89' lang='lat' dir='ltr'><strong>charissimi,</strong></span> <span class='ocrx_word' id='word_1_275' title='bbox 1077 2256 1316 2311; x_wconf 87' lang='lat' dir='ltr'><strong>Ecclesia</strong></span> <span class='ocrx_word' id='word_1_276' title='bbox 1348 2267 1531 2311; x_wconf 89' lang='lat' dir='ltr'><strong>nostra</strong></span> <span class='ocrx_word' id='word_1_277' title='bbox 1567 2255 1728 2309; x_wconf 83' lang='lat' dir='ltr'><strong>tantis</strong></span> 
     </span>
    </p>
   </div>
   <div class='ocr_carea' id='block_1_40' title="bbox 132 2346 1729 2417">
    <p class='ocr_par' dir='ltr' id='par_1_40' title="bbox 132 2346 1729 2417">
     <span class='ocr_line' id='line_1_40' title="bbox 132 2346 1729 2417; baseline -0.004 -12"><span class='ocrx_word' id='word_1_278' title='bbox 132 2351 256 2406; x_wconf 88' lang='lat' dir='ltr'><strong>fidei</strong></span> <span class='ocrx_word' id='word_1_279' title='bbox 287 2352 596 2405; x_wconf 87' lang='lat' dir='ltr'><strong>adornetur</strong></span> <span class='ocrx_word' id='word_1_280' title='bbox 645 2349 888 2417; x_wconf 61' lang='lat' dir='ltr'><strong>trOpmis,</strong></span> <span class='ocrx_word' id='word_1_281' title='bbox 919 2348 971 2402; x_wconf 90' lang='lat' dir='ltr'><strong>id</strong></span> <span class='ocrx_word' id='word_1_282' title='bbox 1016 2349 1329 2403; x_wconf 88' lang='lat' dir='ltr'><strong>elaborabat</strong></span> <span class='ocrx_word' id='word_1_283' title='bbox 1354 2347 1445 2416; x_wconf 90' lang='lat' dir='ltr'><strong>jus</strong></span> <span class='ocrx_word' id='word_1_284' title='bbox 1476 2346 1729 2415; x_wconf 89' lang='lat' dir='ltr'><strong>iniquita-</strong></span> 
     </span>
    </p>
   </div>
   <div class='ocr_carea' id='block_1_41' title="bbox 131 2442 1726 2515">
    <p class='ocr_par' dir='ltr' id='par_1_41' title="bbox 131 2442 1726 2515">
     <span class='ocr_line' id='line_1_41' title="bbox 131 2442 1726 2515; baseline -0.005 -14"><span class='ocrx_word' id='word_1_285' title='bbox 131 2448 218 2513; x_wconf 89' lang='lat' dir='ltr'><strong>tis,</strong></span> <span class='ocrx_word' id='word_1_286' title='bbox 249 2457 312 2502; x_wconf 91' lang='lat' dir='ltr'><strong>ut</strong></span> <span class='ocrx_word' id='word_1_287' title='bbox 358 2446 596 2515; x_wconf 88' lang='lat' dir='ltr'><strong>seipsam</strong></span> <span class='ocrx_word' id='word_1_288' title='bbox 643 2445 909 2499; x_wconf 88' lang='lat' dir='ltr'><strong>scelerum</strong></span> <span class='ocrx_word' id='word_1_289' title='bbox 953 2444 1197 2498; x_wconf 88' lang='lat' dir='ltr'><strong>novitate</strong></span> <span class='ocrx_word' id='word_1_290' title='bbox 1226 2451 1526 2511; x_wconf 85' lang='lat' dir='ltr'><strong>superaret-</strong></span> <span class='ocrx_word' id='word_1_291' title='bbox 1562 2442 1726 2494; x_wconf 88' lang='lat' dir='ltr'><strong>Sacra</strong></span> 
     </span>
    </p>
   </div>
   <div class='ocr_carea' id='block_1_42' title="bbox 130 2533 1729 2609">
    <p class='ocr_par' dir='ltr' id='par_1_42' title="bbox 130 2533 1729 2609">
     <span class='ocr_line' id='line_1_42' title="bbox 130 2533 1729 2609; baseline -0.005 -16"><span class='ocrx_word' id='word_1_292' title='bbox 130 2553 362 2609; x_wconf 90' lang='lat' dir='ltr'><strong>corpora</strong></span> <span class='ocrx_word' id='word_1_293' title='bbox 395 2538 606 2591; x_wconf 86' lang='lat' dir='ltr'><strong>funeris</strong></span> <span class='ocrx_word' id='word_1_294' title='bbox 639 2541 850 2590; x_wconf 88' lang='lat' dir='ltr'><strong>honore</strong></span> <span class='ocrx_word' id='word_1_295' title='bbox 877 2535 1152 2604; x_wconf 89' lang='lat' dir='ltr'><strong>privantes</strong></span> <span class='ocrx_word' id='word_1_296' title='bbox 1181 2533 1394 2602; x_wconf 86' lang='lat' dir='ltr'><strong>ignibus</strong></span> <span class='ocrx_word' id='word_1_297' title='bbox 1423 2533 1644 2597; x_wconf 90' lang='lat' dir='ltr'><strong>dabant,</strong></span> <span class='ocrx_word' id='word_1_298' title='bbox 1673 2540 1729 2586; x_wconf 92' lang='lat' dir='ltr'><strong>et</strong></span> 
     </span>
    </p>
   </div>
   <div class='ocr_carea' id='block_1_43' title="bbox 130 2624 1727 2699">
    <p class='ocr_par' dir='ltr' id='par_1_43' title="bbox 130 2624 1727 2699">
     <span class='ocr_line' id='line_1_43' title="bbox 130 2624 1727 2699; baseline -0.004 -15"><span class='ocrx_word' id='word_1_299' title='bbox 130 2640 251 2699; x_wconf 91' lang='lat' dir='ltr'><strong>post</strong></span> <span class='ocrx_word' id='word_1_300' title='bbox 280 2629 567 2684; x_wconf 90' lang='lat' dir='ltr'><strong>hominum</strong></span> <span class='ocrx_word' id='word_1_301' title='bbox 599 2637 829 2681; x_wconf 90' lang='lat' dir='ltr'><strong>mortem</strong></span> <span class='ocrx_word' id='word_1_302' title='bbox 868 2636 1056 2680; x_wconf 87' lang='lat' dir='ltr'><strong>contra</strong></span> <span class='ocrx_word' id='word_1_303' title='bbox 1085 2625 1254 2694; x_wconf 89' lang='lat' dir='ltr'><strong>ipsam</strong></span> <span class='ocrx_word' id='word_1_304' title='bbox 1286 2625 1598 2693; x_wconf 77' lang='lat' dir='ltr'><strong>pugnabant</strong></span> <span class='ocrx_word' id='word_1_305' title='bbox 1629 2624 1727 2677; x_wconf 88' lang='lat' dir='ltr'><strong>hu-</strong></span> 
     </span>
    </p>
   </div>
   <div class='ocr_carea' id='block_1_44' title="bbox 131 2718 1725 2791">
    <p class='ocr_par' dir='ltr' id='par_1_44' title="bbox 131 2718 1725 2791">
     <span class='ocr_line' id='line_1_44' title="bbox 131 2718 1725 2791; baseline -0.005 -11"><span class='ocrx_word' id='word_1_306' title='bbox 131 2726 475 2780; x_wconf 90' lang='lat' dir='ltr'><strong>manitatem.</strong></span> <span class='ocrx_word' id='word_1_307' title='bbox 507 2723 716 2778; x_wconf 88' lang='lat' dir='ltr'><strong>Etcum</strong></span> <span class='ocrx_word' id='word_1_308' title='bbox 739 2721 849 2791; x_wconf 88' lang='lat' dir='ltr'><strong>jam</strong></span> <span class='ocrx_word' id='word_1_309' title='bbox 873 2735 1032 2775; x_wconf 89' lang='lat' dir='ltr'><strong>causa</strong></span> <span class='ocrx_word' id='word_1_310' title='bbox 1059 2721 1296 2789; x_wconf 87' lang='lat' dir='ltr'><strong>perisset</strong></span> <span class='ocrx_word' id='word_1_311' title='bbox 1322 2721 1541 2783; x_wconf 88' lang='lat' dir='ltr'><strong>furoris,</strong></span> <span class='ocrx_word' id='word_1_312' title='bbox 1565 2718 1725 2772; x_wconf 90' lang='lat' dir='ltr'><strong>finem</strong></span> 
     </span>
    </p>
   </div>
   <div class='ocr_carea' id='block_1_45' title="bbox 130 2811 1730 2885">
    <p class='ocr_par' dir='ltr' id='par_1_45' title="bbox 130 2811 1730 2885">
     <span class='ocr_line' id='line_1_45' title="bbox 130 2811 1730 2885; baseline -0.004 -15"><span class='ocrx_word' id='word_1_313' title='bbox 130 2833 236 2871; x_wconf 93' lang='lat' dir='ltr'><strong>non</strong></span> <span class='ocrx_word' id='word_1_314' title='bbox 289 2815 647 2885; x_wconf 85' lang='lat' dir='ltr'><strong>imponebant</strong></span> <span class='ocrx_word' id='word_1_315' title='bbox 695 2813 1038 2878; x_wconf 88' lang='lat' dir='ltr'><strong>crudelitati;</strong></span> <span class='ocrx_word' id='word_1_316' title='bbox 1102 2812 1197 2866; x_wconf 90' lang='lat' dir='ltr'><strong>sed</strong></span> <span class='ocrx_word' id='word_1_317' title='bbox 1257 2822 1474 2875; x_wconf 88' lang='lat' dir='ltr'><strong>tamen,</strong></span> <span class='ocrx_word' id='word_1_318' title='bbox 1527 2811 1730 2866; x_wconf 90' lang='lat' dir='ltr'><strong>vellent</strong></span> 
     </span>
    </p>
   </div>
   <div class='ocr_carea' id='block_1_46' title="bbox 129 2906 1729 2978">
    <p class='ocr_par' dir='ltr' id='par_1_46' title="bbox 129 2906 1729 2978">
     <span class='ocr_line' id='line_1_46' title="bbox 129 2906 1729 2978; baseline -0.004 -14"><span class='ocrx_word' id='word_1_319' title='bbox 129 2911 361 2978; x_wconf 89' lang='lat' dir='ltr'><strong>nollent,</strong></span> <span class='ocrx_word' id='word_1_320' title='bbox 419 2907 770 2964; x_wconf 89' lang='lat' dir='ltr'><strong>beatitudinis</strong></span> <span class='ocrx_word' id='word_1_321' title='bbox 825 2921 1015 2962; x_wconf 91' lang='lat' dir='ltr'><strong>eorum</strong></span> <span class='ocrx_word' id='word_1_322' title='bbox 1068 2915 1232 2961; x_wconf 88' lang='lat' dir='ltr'><strong>testes</strong></span> <span class='ocrx_word' id='word_1_323' title='bbox 1283 2914 1478 2971; x_wconf 92' lang='lat' dir='ltr'><strong>erant,</strong></span> <span class='ocrx_word' id='word_1_324' title='bbox 1532 2906 1729 2974; x_wconf 87' lang='lat' dir='ltr'><strong>quibus</strong></span> 
     </span>
    </p>
   </div>
   <div class='ocr_carea' id='block_1_47' title="bbox 127 2997 1725 3066">
    <p class='ocr_par' dir='ltr' id='par_1_47' title="bbox 127 2997 1725 3066">
     <span class='ocr_line' id='line_1_47' title="bbox 127 2997 1725 3066; baseline -0.006 -7"><span class='ocrx_word' id='word_1_325' title='bbox 127 3006 291 3059; x_wconf 89' lang='lat' dir='ltr'><strong>etiam</strong></span> <span class='ocrx_word' id='word_1_326' title='bbox 319 3005 560 3059; x_wconf 89' lang='lat' dir='ltr'><strong>mortuis</strong></span> <span class='ocrx_word' id='word_1_327' title='bbox 593 3000 924 3056; x_wconf 82' lang='lat' dir='ltr'><strong>invidebant.</strong></span> <span class='ocrx_word' id='word_1_328' title='bbox 956 2999 1238 3064; x_wconf 86' lang='lat' dir='ltr'><strong>Quomodo</strong></span> <span class='ocrx_word' id='word_1_329' title='bbox 1279 3013 1494 3066; x_wconf 86' lang='lat' dir='ltr'><strong>semper</strong></span> <span class='ocrx_word' id='word_1_330' title='bbox 1523 2997 1725 3050; x_wconf 85' lang='lat' dir='ltr'><strong>malitia</strong></span> 
     </span>
    </p>
   </div>
   <div class='ocr_carea' id='block_1_48' title="bbox 1827 1796 3410 1864">
    <p class='ocr_par' dir='ltr' id='par_1_48' title="bbox 1827 1796 3410 1864">
     <span class='ocr_line' id='line_1_48' title="bbox 1827 1796 3410 1864; baseline 0.006 -15"><span class='ocrx_word' id='word_1_331' title='bbox 1827 1796 2177 1853; x_wconf 90' lang='lat' dir='ltr'><strong>distinctione</strong></span> <span class='ocrx_word' id='word_1_332' title='bbox 2216 1800 2577 1864; x_wconf 87' lang='lat' dir='ltr'><strong>concelebrat,</strong></span> <span class='ocrx_word' id='word_1_333' title='bbox 2609 1815 2714 1855; x_wconf 92' lang='lat' dir='ltr'><strong>non</strong></span> <span class='ocrx_word' id='word_1_334' title='bbox 2757 1803 3068 1858; x_wconf 90' lang='lat' dir='ltr'><strong>adventitiis</strong></span> <span class='ocrx_word' id='word_1_335' title='bbox 3111 1804 3248 1859; x_wconf 87' lang='lat' dir='ltr'><strong>festa</strong></span> <span class='ocrx_word' id='word_1_336' title='bbox 3279 1804 3410 1859; x_wconf 87' lang='lat' dir='ltr'><strong>reli-</strong></span> 
     </span>
    </p>
   </div>
   <div class='ocr_carea' id='block_1_49' title="bbox 1832 1889 3408 1959">
    <p class='ocr_par' dir='ltr' id='par_1_49' title="bbox 1832 1889 3408 1959">
     <span class='ocr_line' id='line_1_49' title="bbox 1832 1889 3408 1959; baseline 0.006 -18"><span class='ocrx_word' id='word_1_337' title='bbox 1832 1889 1997 1957; x_wconf 81' lang='lat' dir='ltr'><strong>quiis,</strong></span> <span class='ocrx_word' id='word_1_338' title='bbox 2030 1890 2125 1943; x_wconf 90' lang='lat' dir='ltr'><strong>sed</strong></span> <span class='ocrx_word' id='word_1_339' title='bbox 2159 1891 2494 1944; x_wconf 84' lang='lat' dir='ltr'><strong>intemeratis</strong></span> <span class='ocrx_word' id='word_1_340' title='bbox 2525 1892 2680 1959; x_wconf 84' lang='lat' dir='ltr'><strong>patrii</strong></span> <span class='ocrx_word' id='word_1_341' title='bbox 2731 1893 2882 1948; x_wconf 88' lang='lat' dir='ltr'><strong>sinus</strong></span> <span class='ocrx_word' id='word_1_342' title='bbox 2914 1893 3052 1950; x_wconf 81' lang='lat' dir='ltr'><strong>festa</strong></span> <span class='ocrx_word' id='word_1_343' title='bbox 3085 1910 3408 1951; x_wconf 89' lang='lat' dir='ltr'><strong>monumen-</strong></span> 
     </span>
    </p>
   </div>
   <div class='ocr_carea' id='block_1_50' title="bbox 1828 1978 3409 2049">
    <p class='ocr_par' dir='ltr' id='par_1_50' title="bbox 1828 1978 3409 2049">
     <span class='ocr_line' id='line_1_50' title="bbox 1828 1978 3409 2049; baseline 0.006 -17"><span class='ocrx_word' id='word_1_344' title='bbox 1828 1980 1918 2033; x_wconf 85' lang='lat' dir='ltr'><strong>tis.</strong></span> <span class='ocrx_word' id='word_1_345' title='bbox 1953 1978 2202 2033; x_wconf 85' lang='lat' dir='ltr'><strong>Plurimae</strong></span> <span class='ocrx_word' id='word_1_346' title='bbox 2233 1988 2412 2034; x_wconf 89' lang='lat' dir='ltr'><strong>autem</strong></span> <span class='ocrx_word' id='word_1_347' title='bbox 2461 1982 2776 2049; x_wconf 92' lang='lat' dir='ltr'><strong>populorum</strong></span> <span class='ocrx_word' id='word_1_348' title='bbox 2829 1984 3085 2039; x_wconf 66' lang='lat' dir='ltr'><strong>Ecclesiae</strong></span> <span class='ocrx_word' id='word_1_349' title='bbox 3126 1987 3288 2040; x_wconf 84' lang='lat' dir='ltr'><strong>etiam</strong></span> <span class='ocrx_word' id='word_1_350' title='bbox 3321 1987 3409 2041; x_wconf 89' lang='lat' dir='ltr'><strong>illa</strong></span> 
     </span>
    </p>
   </div>
   <div class='ocr_carea' id='block_1_51' title="bbox 1827 2073 3405 2148">
    <p class='ocr_par' dir='ltr' id='par_1_51' title="bbox 1827 2073 3405 2148">
     <span class='ocr_line' id='line_1_51' title="bbox 1827 2073 3405 2148; baseline 0.004 -21"><span class='ocrx_word' id='word_1_351' title='bbox 1827 2073 2257 2128; x_wconf 88' lang='lat' dir='ltr'><strong>sanctificatione</strong></span> <span class='ocrx_word' id='word_1_352' title='bbox 2304 2083 2576 2128; x_wconf 69' lang='lat' dir='ltr'><strong>contentae</strong></span> <span class='ocrx_word' id='word_1_353' title='bbox 2621 2085 2765 2139; x_wconf 89' lang='lat' dir='ltr'><strong>sunt,</strong></span> <span class='ocrx_word' id='word_1_354' title='bbox 2816 2092 2976 2144; x_wconf 81' lang='lat' dir='ltr'><strong>quam</strong></span> <span class='ocrx_word' id='word_1_355' title='bbox 3029 2078 3100 2132; x_wconf 90' lang='lat' dir='ltr'><strong>de</strong></span> <span class='ocrx_word' id='word_1_356' title='bbox 3147 2079 3405 2148; x_wconf 86' lang='lat' dir='ltr'><strong>angelicis</strong></span> 
     </span>
    </p>
   </div>
   <div class='ocr_carea' id='block_1_52' title="bbox 1829 2165 3410 2234">
    <p class='ocr_par' dir='ltr' id='par_1_52' title="bbox 1829 2165 3410 2234">
     <span class='ocr_line' id='line_1_52' title="bbox 1829 2165 3410 2234; baseline 0.004 -15"><span class='ocrx_word' id='word_1_357' title='bbox 1829 2165 2087 2219; x_wconf 89' lang='lat' dir='ltr'><strong>membris</strong></span> <span class='ocrx_word' id='word_1_358' title='bbox 2133 2166 2274 2220; x_wconf 87' lang='lat' dir='ltr'><strong>sacri</strong></span> <span class='ocrx_word' id='word_1_359' title='bbox 2327 2166 2575 2234; x_wconf 90' lang='lat' dir='ltr'><strong>amictus,</strong></span> <span class='ocrx_word' id='word_1_360' title='bbox 2618 2168 2700 2222; x_wconf 88' lang='lat' dir='ltr'><strong>vel</strong></span> <span class='ocrx_word' id='word_1_361' title='bbox 2731 2168 2854 2222; x_wconf 88' lang='lat' dir='ltr'><strong>duri</strong></span> <span class='ocrx_word' id='word_1_362' title='bbox 2895 2178 3206 2223; x_wconf 85' lang='lat' dir='ltr'><strong>catenarum</strong></span> <span class='ocrx_word' id='word_1_363' title='bbox 3239 2184 3410 2226; x_wconf 82' lang='lat' dir='ltr'><strong>nexus</strong></span> 
     </span>
    </p>
   </div>
   <div class='ocr_carea' id='block_1_53' title="bbox 1829 2258 3411 2328">
    <p class='ocr_par' dir='ltr' id='par_1_53' title="bbox 1829 2258 3411 2328">
     <span class='ocr_line' id='line_1_53' title="bbox 1829 2258 3411 2328; baseline 0.002 -17"><span class='ocrx_word' id='word_1_364' title='bbox 1829 2259 2194 2328; x_wconf 87' lang='lat' dir='ltr'><strong>contingendo</strong></span> <span class='ocrx_word' id='word_1_365' title='bbox 2226 2258 2536 2325; x_wconf 90' lang='lat' dir='ltr'><strong>rapuerint;</strong></span> <span class='ocrx_word' id='word_1_366' title='bbox 2570 2269 2627 2312; x_wconf 92' lang='lat' dir='ltr'><strong>ut</strong></span> <span class='ocrx_word' id='word_1_367' title='bbox 2665 2261 2806 2326; x_wconf 89' lang='lat' dir='ltr'><strong>quod</strong></span> <span class='ocrx_word' id='word_1_368' title='bbox 2841 2259 2940 2313; x_wconf 89' lang='lat' dir='ltr'><strong>fuit</strong></span> <span class='ocrx_word' id='word_1_369' title='bbox 2993 2261 3411 2316; x_wconf 87' lang='lat' dir='ltr'><strong>instrumentum</strong></span> 
     </span>
    </p>
   </div>
   <div class='ocr_carea' id='block_1_54' title="bbox 1830 2349 3411 2420">
    <p class='ocr_par' dir='ltr' id='par_1_54' title="bbox 1830 2349 3411 2420">
     <span class='ocr_line' id='line_1_54' title="bbox 1830 2349 3411 2420; baseline 0.003 -18"><span class='ocrx_word' id='word_1_370' title='bbox 1830 2363 2024 2417; x_wconf 64' lang='lat' dir='ltr'><strong>pinum,</strong></span> <span class='ocrx_word' id='word_1_371' title='bbox 2068 2351 2136 2403; x_wconf 87' lang='lat' dir='ltr'><strong>sit</strong></span> <span class='ocrx_word' id='word_1_372' title='bbox 2163 2349 2348 2420; x_wconf 74' lang='lat' dir='ltr'><strong>gloriae</strong></span> <span class='ocrx_word' id='word_1_373' title='bbox 2379 2350 2767 2413; x_wconf 88' lang='lat' dir='ltr'><strong>testimonium,</strong></span> <span class='ocrx_word' id='word_1_374' title='bbox 2809 2359 2866 2405; x_wconf 90' lang='lat' dir='ltr'><strong>et</strong></span> <span class='ocrx_word' id='word_1_375' title='bbox 2907 2351 3154 2406; x_wconf 85' lang='lat' dir='ltr'><strong>dolorum</strong></span> <span class='ocrx_word' id='word_1_376' title='bbox 3185 2352 3411 2407; x_wconf 88' lang='lat' dir='ltr'><strong>materia</strong></span> 
     </span>
    </p>
   </div>
   <div class='ocr_carea' id='block_1_55' title="bbox 1832 2444 3413 2513">
    <p class='ocr_par' dir='ltr' id='par_1_55' title="bbox 1832 2444 3413 2513">
     <span class='ocr_line' id='line_1_55' title="bbox 1832 2444 3413 2513; baseline 0.003 -17"><span class='ocrx_word' id='word_1_377' title='bbox 1832 2452 2075 2497; x_wconf 79' lang='lat' dir='ltr'><strong>transeat</strong></span> <span class='ocrx_word' id='word_1_378' title='bbox 2102 2445 2168 2497; x_wconf 87' lang='lat' dir='ltr'><strong>ad</strong></span> <span class='ocrx_word' id='word_1_379' title='bbox 2211 2444 2424 2513; x_wconf 89' lang='lat' dir='ltr'><strong>insigne</strong></span> <span class='ocrx_word' id='word_1_380' title='bbox 2458 2446 2772 2498; x_wconf 88' lang='lat' dir='ltr'><strong>meritorum</strong></span> <span class='ocrx_word' id='word_1_381' title='bbox 2804 2462 2817 2508; x_wconf 88' lang='lat'><strong>;</strong></span> <span class='ocrx_word' id='word_1_382' title='bbox 2848 2461 2947 2500; x_wconf 88' lang='lat' dir='ltr'><strong>nos</strong></span> <span class='ocrx_word' id='word_1_383' title='bbox 2973 2460 3100 2500; x_wconf 89' lang='lat' dir='ltr'><strong>vero</strong></span> <span class='ocrx_word' id='word_1_384' title='bbox 3131 2447 3413 2501; x_wconf 87' lang='lat' dir='ltr'><strong>beatorum</strong></span> 
     </span>
    </p>
   </div>
   <div class='ocr_carea' id='block_1_56' title="bbox 1830 2533 3418 2606">
    <p class='ocr_par' dir='ltr' id='par_1_56' title="bbox 1830 2533 3418 2606">
     <span class='ocr_line' id='line_1_56' title="bbox 1830 2533 3418 2606; baseline 0.003 -18"><span class='ocrx_word' id='word_1_385' title='bbox 1830 2533 2039 2589; x_wconf 87' lang='lat' dir='ltr'><strong>illustre</strong></span> <span class='ocrx_word' id='word_1_386' title='bbox 2063 2550 2262 2589; x_wconf 92' lang='lat' dir='ltr'><strong>munus</strong></span> <span class='ocrx_word' id='word_1_387' title='bbox 2292 2544 2459 2589; x_wconf 90' lang='lat' dir='ltr'><strong>totum</strong></span> <span class='ocrx_word' id='word_1_388' title='bbox 2486 2544 2644 2605; x_wconf 91' lang='lat' dir='ltr'><strong>atquc</strong></span> <span class='ocrx_word' id='word_1_389' title='bbox 2665 2537 2933 2605; x_wconf 88' lang='lat' dir='ltr'><strong>integrum</strong></span> <span class='ocrx_word' id='word_1_390' title='bbox 2959 2538 3333 2606; x_wconf 83' lang='lat' dir='ltr'><strong>possidemus;</strong></span> <span class='ocrx_word' id='word_1_391' title='bbox 3359 2545 3418 2592; x_wconf 88' lang='lat' dir='ltr'><strong>et</strong></span> 
     </span>
    </p>
   </div>
   <div class='ocr_carea' id='block_1_57' title="bbox 1829 2627 3414 2698">
    <p class='ocr_par' dir='ltr' id='par_1_57' title="bbox 1829 2627 3414 2698">
     <span class='ocr_line' id='line_1_57' title="bbox 1829 2627 3414 2698; baseline 0.003 -19"><span class='ocrx_word' id='word_1_392' title='bbox 1829 2628 1975 2698; x_wconf 91' lang='lat' dir='ltr'><strong>quod</strong></span> <span class='ocrx_word' id='word_1_393' title='bbox 2006 2629 2260 2682; x_wconf 86' lang='lat' dir='ltr'><strong>universo</strong></span> <span class='ocrx_word' id='word_1_394' title='bbox 2308 2627 2509 2683; x_wconf 89' lang='lat' dir='ltr'><strong>mundo</strong></span> <span class='ocrx_word' id='word_1_395' title='bbox 2552 2630 2723 2697; x_wconf 81' lang='lat' dir='ltr'><strong>possit</strong></span> <span class='ocrx_word' id='word_1_396' title='bbox 2769 2629 3058 2696; x_wconf 84' lang='lat' dir='ltr'><strong>sufficere,</strong></span> <span class='ocrx_word' id='word_1_397' title='bbox 3105 2630 3244 2684; x_wconf 90' lang='lat' dir='ltr'><strong>intra</strong></span> <span class='ocrx_word' id='word_1_398' title='bbox 3287 2645 3414 2698; x_wconf 86' lang='lat' dir='ltr'><strong>grc-</strong></span> 
     </span>
    </p>
   </div>
   <div class='ocr_carea' id='block_1_58' title="bbox 1831 2718 3409 2788">
    <p class='ocr_par' dir='ltr' id='par_1_58' title="bbox 1831 2718 3409 2788">
     <span class='ocr_line' id='line_1_58' title="bbox 1831 2718 3409 2788; baseline 0 -16"><span class='ocrx_word' id='word_1_399' title='bbox 1831 2720 1995 2772; x_wconf 90' lang='lat' dir='ltr'><strong>mium</strong></span> <span class='ocrx_word' id='word_1_400' title='bbox 2020 2718 2253 2773; x_wconf 84' lang='lat' dir='ltr'><strong>civitatis</strong></span> <span class='ocrx_word' id='word_1_401' title='bbox 2277 2719 2435 2788; x_wconf 92' lang='lat' dir='ltr'><strong>hujus</strong></span> <span class='ocrx_word' id='word_1_402' title='bbox 2457 2720 2770 2788; x_wconf 88' lang='lat' dir='ltr'><strong>specialiter</strong></span> <span class='ocrx_word' id='word_1_403' title='bbox 2795 2721 3113 2775; x_wconf 84' lang='lat' dir='ltr'><strong>conclusum</strong></span> <span class='ocrx_word' id='word_1_404' title='bbox 3137 2729 3409 2785; x_wconf 71' lang='lat' dir='ltr'><strong>tenemus,</strong></span> 
     </span>
    </p>
   </div>
   <div class='ocr_carea' id='block_1_59' title="bbox 1828 2811 3408 2883">
    <p class='ocr_par' dir='ltr' id='par_1_59' title="bbox 1828 2811 3408 2883">
     <span class='ocr_line' id='line_1_59' title="bbox 1828 2811 3408 2883; baseline -0.001 -17"><span class='ocrx_word' id='word_1_405' title='bbox 1828 2822 1881 2866; x_wconf 90' lang='lat' dir='ltr'><strong>et</strong></span> <span class='ocrx_word' id='word_1_406' title='bbox 1911 2814 2150 2883; x_wconf 88' lang='lat' dir='ltr'><strong>geminas</strong></span> <span class='ocrx_word' id='word_1_407' title='bbox 2182 2813 2386 2880; x_wconf 87' lang='lat' dir='ltr'><strong>palmas</strong></span> <span class='ocrx_word' id='word_1_408' title='bbox 2410 2813 2668 2881; x_wconf 89' lang='lat' dir='ltr'><strong>triumphi</strong></span> <span class='ocrx_word' id='word_1_409' title='bbox 2698 2814 2924 2867; x_wconf 66' lang='lat' dir='ltr'><strong>aemulas</strong></span> <span class='ocrx_word' id='word_1_410' title='bbox 2951 2813 3254 2881; x_wconf 84' lang='lat' dir='ltr'><strong>apostolici,</strong></span> <span class='ocrx_word' id='word_1_411' title='bbox 3277 2811 3408 2865; x_wconf 88' lang='lat' dir='ltr'><strong>Urbi</strong></span> 
     </span>
    </p>
   </div>
   <div class='ocr_carea' id='block_1_60' title="bbox 1829 2903 3412 2971">
    <p class='ocr_par' dir='ltr' id='par_1_60' title="bbox 1829 2903 3412 2971">
     <span class='ocr_line' id='line_1_60' title="bbox 1829 2903 3412 2971; baseline -0.001 -16"><span class='ocrx_word' id='word_1_412' title='bbox 1829 2904 2150 2968; x_wconf 86' lang='lat' dir='ltr'><strong>attollimus,</strong></span> <span class='ocrx_word' id='word_1_413' title='bbox 2196 2913 2357 2971; x_wconf 90' lang='lat' dir='ltr'><strong>atque</strong></span> <span class='ocrx_word' id='word_1_414' title='bbox 2389 2904 2654 2958; x_wconf 86' lang='lat' dir='ltr'><strong>habentes</strong></span> <span class='ocrx_word' id='word_1_415' title='bbox 2679 2913 2739 2958; x_wconf 89' lang='lat' dir='ltr'><strong>et</strong></span> <span class='ocrx_word' id='word_1_416' title='bbox 2769 2920 2867 2957; x_wconf 88' lang='lat' dir='ltr'><strong>nos</strong></span> <span class='ocrx_word' id='word_1_417' title='bbox 2895 2903 3112 2958; x_wconf 86' lang='lat' dir='ltr'><strong>Petrum</strong></span> <span class='ocrx_word' id='word_1_418' title='bbox 3154 2903 3412 2957; x_wconf 87' lang='lat' dir='ltr'><strong>Paulum-</strong></span> 
     </span>
    </p>
   </div>
   <div class='ocr_carea' id='block_1_61' title="bbox 1829 2994 3415 3062">
    <p class='ocr_par' dir='ltr' id='par_1_61' title="bbox 1829 2994 3415 3062">
     <span class='ocr_line' id='line_1_61' title="bbox 1829 2994 3415 3062; baseline 0.003 -17"><span class='ocrx_word' id='word_1_419' title='bbox 1829 3008 1933 3062; x_wconf 87' lang='lat' dir='ltr'><strong>que</strong></span> <span class='ocrx_word' id='word_1_420' title='bbox 1983 3002 2250 3057; x_wconf 83' lang='lat' dir='ltr'><strong>nostrum,</strong></span> <span class='ocrx_word' id='word_1_421' title='bbox 2301 2996 2456 3048; x_wconf 88' lang='lat' dir='ltr'><strong>binos</strong></span> <span class='ocrx_word' id='word_1_422' title='bbox 2487 2994 2870 3061; x_wconf 81' lang='lat' dir='ltr'><strong>suffragatores</strong></span> <span class='ocrx_word' id='word_1_423' title='bbox 2901 3010 3022 3049; x_wconf 89' lang='lat' dir='ltr'><strong>cum</strong></span> <span class='ocrx_word' id='word_1_424' title='bbox 3074 2995 3287 3049; x_wconf 88' lang='lat' dir='ltr'><strong>sublimi</strong></span> <span class='ocrx_word' id='word_1_425' title='bbox 3325 2995 3415 3049; x_wconf 89' lang='lat' dir='ltr'><strong>illa</strong></span> 
     </span>
    </p>
   </div>
   <div class='ocr_carea' id='block_1_62' title="bbox 127 3076 3416 3160">
    <p class='ocr_par' dir='ltr' id='par_1_62' title="bbox 127 3076 3416 3160">
     <span class='ocr_line' id='line_1_62' title="bbox 127 3076 3416 3160; baseline -0.003 -9"><span class='ocrx_word' id='word_1_426' title='bbox 127 3111 252 3151; x_wconf 88' lang='lat' dir='ltr'><strong>cum</strong></span> <span class='ocrx_word' id='word_1_427' title='bbox 304 3094 543 3148; x_wconf 85' lang='lat' dir='ltr'><strong>stultitia</strong></span> <span class='ocrx_word' id='word_1_428' title='bbox 587 3093 876 3160; x_wconf 88' lang='lat' dir='ltr'><strong>conjuncta</strong></span> <span class='ocrx_word' id='word_1_429' title='bbox 910 3091 1030 3144; x_wconf 88' lang='lat' dir='ltr'><strong>est?</strong></span> <span class='ocrx_word' id='word_1_430' title='bbox 1077 3089 1382 3145; x_wconf 87' lang='lat' dir='ltr'><strong>veneranda</strong></span> <span class='ocrx_word' id='word_1_431' title='bbox 1421 3103 1543 3142; x_wconf 90' lang='lat' dir='ltr'><strong>ossa</strong></span> <span class='ocrx_word' id='word_1_432' title='bbox 1571 3089 1625 3140; x_wconf 92' lang='lat' dir='ltr'><strong>in</strong></span> <span class='ocrx_word' id='word_1_433' title='bbox 1653 3088 1726 3140; x_wconf 85' lang='lat' dir='ltr'><strong>ci-</strong></span> <span class='ocrx_word' id='word_1_434' title='bbox 1756 3076 1801 3139; x_wconf 90' lang='lat' dir='ltr'><strong>C</strong></span> <span class='ocrx_word' id='word_1_435' title='bbox 1832 3083 1960 3137; x_wconf 80' lang='lat' dir='ltr'><strong>sede</strong></span> <span class='ocrx_word' id='word_1_436' title='bbox 1989 3094 2280 3139; x_wconf 85' lang='lat' dir='ltr'><strong>certamus.</strong></span> <span class='ocrx_word' id='word_1_437' title='bbox 2313 3085 2382 3138; x_wconf 87' lang='lat' dir='ltr'><strong>Et</strong></span> <span class='ocrx_word' id='word_1_438' title='bbox 2405 3085 2622 3153; x_wconf 86' lang='lat' dir='ltr'><strong>quidem</strong></span> <span class='ocrx_word' id='word_1_439' title='bbox 2667 3086 2810 3140; x_wconf 84' lang='lat' dir='ltr'><strong>beati</strong></span> <span class='ocrx_word' id='word_1_440' title='bbox 2863 3094 3148 3157; x_wconf 75' lang='lat' dir='ltr'><strong>martyres,</strong></span> <span class='ocrx_word' id='word_1_441' title='bbox 3189 3101 3416 3156; x_wconf 85' lang='lat' dir='ltr'><strong>quorum</strong></span> 
     </span>
    </p>
   </div>
   <div class='ocr_carea' id='block_1_63' title="bbox 126 3179 1729 3253">
    <p class='ocr_par' dir='ltr' id='par_1_63' title="bbox 126 3179 1729 3253">
     <span class='ocr_line' id='line_1_63' title="bbox 126 3179 1729 3253; baseline -0.007 -10"><span class='ocrx_word' id='word_1_442' title='bbox 126 3202 294 3243; x_wconf 89' lang='lat' dir='ltr'><strong>neres</strong></span> <span class='ocrx_word' id='word_1_443' title='bbox 322 3185 675 3253; x_wconf 87' lang='lat' dir='ltr'><strong>redigebant,</strong></span> <span class='ocrx_word' id='word_1_444' title='bbox 699 3183 854 3250; x_wconf 88' lang='lat' dir='ltr'><strong>quasi</strong></span> <span class='ocrx_word' id='word_1_445' title='bbox 883 3196 1012 3235; x_wconf 91' lang='lat' dir='ltr'><strong>vero</strong></span> <span class='ocrx_word' id='word_1_446' title='bbox 1036 3189 1259 3249; x_wconf 88' lang='lat' dir='ltr'><strong>possent</strong></span> <span class='ocrx_word' id='word_1_447' title='bbox 1283 3179 1514 3233; x_wconf 88' lang='lat' dir='ltr'><strong>flammis</strong></span> <span class='ocrx_word' id='word_1_448' title='bbox 1539 3179 1729 3232; x_wconf 82' lang='lat' dir='ltr'><strong>merita</strong></span> 
     </span>
    </p>
   </div>
   <div class='ocr_carea' id='block_1_64' title="bbox 126 3270 1729 3340">
    <p class='ocr_par' dir='ltr' id='par_1_64' title="bbox 126 3270 1729 3340">
     <span class='ocr_line' id='line_1_64' title="bbox 126 3270 1729 3340; baseline -0.006 -7"><span class='ocrx_word' id='word_1_449' title='bbox 126 3276 409 3340; x_wconf 88' lang='lat' dir='ltr'><strong>consumi,</strong></span> <span class='ocrx_word' id='word_1_450' title='bbox 427 3282 485 3329; x_wconf 89' lang='lat' dir='ltr'><strong>et</strong></span> <span class='ocrx_word' id='word_1_451' title='bbox 502 3274 730 3327; x_wconf 89' lang='lat' dir='ltr'><strong>virtutes</strong></span> <span class='ocrx_word' id='word_1_452' title='bbox 750 3287 872 3326; x_wconf 88' lang='lat' dir='ltr'><strong>cum</strong></span> <span class='ocrx_word' id='word_1_453' title='bbox 886 3270 1164 3326; x_wconf 90' lang='lat' dir='ltr'><strong>cineribus</strong></span> <span class='ocrx_word' id='word_1_454' title='bbox 1183 3271 1541 3325; x_wconf 89' lang='lat' dir='ltr'><strong>concremari.</strong></span> <span class='ocrx_word' id='word_1_455' title='bbox 1561 3271 1729 3336; x_wconf 88' lang='lat' dir='ltr'><strong>Quam</strong></span> 
     </span>
    </p>
   </div>
   <div class='ocr_carea' id='block_1_65' title="bbox 125 3362 1732 3431">
    <p class='ocr_par' dir='ltr' id='par_1_65' title="bbox 125 3362 1732 3431">
     <span class='ocr_line' id='line_1_65' title="bbox 125 3362 1732 3431; baseline -0.006 -5"><span class='ocrx_word' id='word_1_456' title='bbox 125 3371 358 3426; x_wconf 88' lang='lat' dir='ltr'><strong>confusa</strong></span> <span class='ocrx_word' id='word_1_457' title='bbox 403 3366 712 3421; x_wconf 87' lang='lat' dir='ltr'><strong>dementia!</strong></span> <span class='ocrx_word' id='word_1_458' title='bbox 765 3365 961 3431; x_wconf 88' lang='lat' dir='ltr'><strong>quibus</strong></span> <span class='ocrx_word' id='word_1_459' title='bbox 988 3364 1189 3418; x_wconf 73' lang='lat' dir='ltr'><strong>ccelum</strong></span> <span class='ocrx_word' id='word_1_460' title='bbox 1235 3362 1607 3431; x_wconf 89' lang='lat' dir='ltr'><strong>acquirebant,</strong></span> <span class='ocrx_word' id='word_1_461' title='bbox 1650 3362 1732 3416; x_wconf 86' lang='lat' dir='ltr'><strong>his</strong></span> 
     </span>
    </p>
   </div>
   <div class='ocr_carea' id='block_1_66' title="bbox 128 3456 1728 3528">
    <p class='ocr_par' dir='ltr' id='par_1_66' title="bbox 128 3456 1728 3528">
     <span class='ocr_line' id='line_1_66' title="bbox 128 3456 1728 3528; baseline -0.003 -12"><span class='ocrx_word' id='word_1_462' title='bbox 128 3474 334 3518; x_wconf 91' lang='lat' dir='ltr'><strong>terram</strong></span> <span class='ocrx_word' id='word_1_463' title='bbox 389 3460 681 3528; x_wconf 84' lang='lat' dir='ltr'><strong>negabant.</strong></span> <span class='ocrx_word' id='word_1_464' title='bbox 718 3458 804 3512; x_wconf 86' lang='lat' dir='ltr'><strong>Nil</strong></span> <span class='ocrx_word' id='word_1_465' title='bbox 834 3473 963 3527; x_wconf 89' lang='lat' dir='ltr'><strong>ergo</strong></span> <span class='ocrx_word' id='word_1_466' title='bbox 997 3457 1169 3511; x_wconf 89' lang='lat' dir='ltr'><strong>fecisti</strong></span> <span class='ocrx_word' id='word_1_467' title='bbox 1201 3456 1441 3511; x_wconf 83' lang='lat' dir='ltr'><strong>inaudita</strong></span> <span class='ocrx_word' id='word_1_468' title='bbox 1480 3457 1685 3511; x_wconf 64' lang='lat' dir='ltr'><strong>saevitia</strong></span> <span class='ocrx_word' id='word_1_469' title='bbox 1715 3474 1728 3510; x_wconf 90' lang='lat'>:</span> 
     </span>
    </p>
   </div>
   <div class='ocr_carea' id='block_1_67' title="bbox 128 3547 1732 3619">
    <p class='ocr_par' dir='ltr' id='par_1_67' title="bbox 128 3547 1732 3619">
     <span class='ocr_line' id='line_1_67' title="bbox 128 3547 1732 3619; baseline -0.006 -10"><span class='ocrx_word' id='word_1_470' title='bbox 128 3555 408 3610; x_wconf 90' lang='lat' dir='ltr'><strong>incassum</strong></span> <span class='ocrx_word' id='word_1_471' title='bbox 459 3559 513 3604; x_wconf 90' lang='lat' dir='ltr'><strong>te</strong></span> <span class='ocrx_word' id='word_1_472' title='bbox 542 3551 888 3619; x_wconf 79' lang='lat' dir='ltr'><strong>exstinguere</strong></span> <span class='ocrx_word' id='word_1_473' title='bbox 914 3563 1102 3601; x_wconf 88' lang='lat' dir='ltr'><strong>eorum</strong></span> <span class='ocrx_word' id='word_1_474' title='bbox 1151 3549 1466 3602; x_wconf 88' lang='lat' dir='ltr'><strong>memoriam</strong></span> <span class='ocrx_word' id='word_1_475' title='bbox 1497 3547 1732 3602; x_wconf 85' lang='lat' dir='ltr'><strong>credidi-</strong></span> 
     </span>
    </p>
   </div>
   <div class='ocr_carea' id='block_1_68' title="bbox 127 3638 1733 3713">
    <p class='ocr_par' dir='ltr' id='par_1_68' title="bbox 127 3638 1733 3713">
     <span class='ocr_line' id='line_1_68' title="bbox 127 3638 1733 3713; baseline -0.004 -14"><span class='ocrx_word' id='word_1_476' title='bbox 127 3645 232 3708; x_wconf 89' lang='lat' dir='ltr'><strong>sti,</strong></span> <span class='ocrx_word' id='word_1_477' title='bbox 284 3656 525 3713; x_wconf 89' lang='lat' dir='ltr'><strong>quorum</strong></span> <span class='ocrx_word' id='word_1_478' title='bbox 557 3640 784 3710; x_wconf 86' lang='lat' dir='ltr'><strong>gloriam</strong></span> <span class='ocrx_word' id='word_1_479' title='bbox 814 3638 1153 3709; x_wconf 82' lang='lat' dir='ltr'><strong>prepagasti.</strong></span> <span class='ocrx_word' id='word_1_480' title='bbox 1192 3639 1475 3707; x_wconf 87' lang='lat' dir='ltr'><strong>Dispergis</strong></span> <span class='ocrx_word' id='word_1_481' title='bbox 1518 3649 1733 3693; x_wconf 80' lang='lat' dir='ltr'><strong>sancto-</strong></span> 
     </span>
    </p>
   </div>
   <div class='ocr_carea' id='block_1_69' title="bbox 128 3728 1732 3804">
    <p class='ocr_par' dir='ltr' id='par_1_69' title="bbox 128 3728 1732 3804">
     <span class='ocr_line' id='line_1_69' title="bbox 128 3728 1732 3804; baseline -0.004 -15"><span class='ocrx_word' id='word_1_482' title='bbox 128 3751 247 3789; x_wconf 90' lang='lat' dir='ltr'><strong>rum</strong></span> <span class='ocrx_word' id='word_1_483' title='bbox 294 3735 581 3804; x_wconf 87' lang='lat' dir='ltr'><strong>pulverem</strong></span> <span class='ocrx_word' id='word_1_484' title='bbox 630 3730 850 3784; x_wconf 89' lang='lat' dir='ltr'><strong>fluentis</strong></span> <span class='ocrx_word' id='word_1_485' title='bbox 903 3728 1152 3782; x_wconf 80' lang='lat' dir='ltr'><strong>Rhodani</strong></span> <span class='ocrx_word' id='word_1_486' title='bbox 1209 3744 1277 3782; x_wconf 91' lang='lat' dir='ltr'><strong>ne</strong></span> <span class='ocrx_word' id='word_1_487' title='bbox 1324 3738 1590 3798; x_wconf 88' lang='lat' dir='ltr'><strong>resurgat,</strong></span> <span class='ocrx_word' id='word_1_488' title='bbox 1637 3729 1732 3782; x_wconf 87' lang='lat' dir='ltr'><strong>sed</strong></span> 
     </span>
    </p>
   </div>
   <div class='ocr_carea' id='block_1_70' title="bbox 128 3823 1731 3899">
    <p class='ocr_par' dir='ltr' id='par_1_70' title="bbox 128 3823 1731 3899">
     <span class='ocr_line' id='line_1_70' title="bbox 128 3823 1731 3899; baseline -0.004 -17"><span class='ocrx_word' id='word_1_489' title='bbox 128 3828 281 3899; x_wconf 86' lang='lat' dir='ltr'><strong>aquis</strong></span> <span class='ocrx_word' id='word_1_490' title='bbox 313 3825 656 3882; x_wconf 89' lang='lat' dir='ltr'><strong>resurrectio</strong></span> <span class='ocrx_word' id='word_1_491' title='bbox 686 3838 792 3877; x_wconf 90' lang='lat' dir='ltr'><strong>non</strong></span> <span class='ocrx_word' id='word_1_492' title='bbox 820 3823 1179 3887; x_wconf 87' lang='lat' dir='ltr'><strong>consumitur,</strong></span> <span class='ocrx_word' id='word_1_493' title='bbox 1211 3837 1332 3891; x_wconf 71' lang='lat' dir='ltr'><strong>quae</strong></span> <span class='ocrx_word' id='word_1_494' title='bbox 1369 3837 1465 3890; x_wconf 92' lang='lat' dir='ltr'><strong>per</strong></span> <span class='ocrx_word' id='word_1_495' title='bbox 1504 3824 1731 3890; x_wconf 87' lang='lat' dir='ltr'><strong>gratiam</strong></span> 
     </span>
    </p>
   </div>
   <div class='ocr_carea' id='block_1_71' title="bbox 130 3912 1729 3990">
    <p class='ocr_par' dir='ltr' id='par_1_71' title="bbox 130 3912 1729 3990">
     <span class='ocr_line' id='line_1_71' title="bbox 130 3912 1729 3990; baseline -0.006 -15"><span class='ocrx_word' id='word_1_496' title='bbox 130 3915 578 3990; x_wconf 89' lang='lat' dir='ltr'><strong>regenerationis</strong></span> <span class='ocrx_word' id='word_1_497' title='bbox 624 3914 786 3967; x_wconf 88' lang='lat' dir='ltr'><strong>etiam</strong></span> <span class='ocrx_word' id='word_1_498' title='bbox 833 3927 1091 3982; x_wconf 89' lang='lat' dir='ltr'><strong>aquarum</strong></span> <span class='ocrx_word' id='word_1_499' title='bbox 1142 3927 1366 3966; x_wconf 90' lang='lat' dir='ltr'><strong>munere</strong></span> <span class='ocrx_word' id='word_1_500' title='bbox 1406 3912 1729 3966; x_wconf 88' lang='lat' dir='ltr'><strong>celebratur.</strong></span> 
     </span>
    </p>
   </div>
   <div class='ocr_carea' id='block_1_72' title="bbox 131 4003 1732 4075">
    <p class='ocr_par' dir='ltr' id='par_1_72' title="bbox 131 4003 1732 4075">
     <span class='ocr_line' id='line_1_72' title="bbox 131 4003 1732 4075; baseline -0.005 -9"><span class='ocrx_word' id='word_1_501' title='bbox 131 4009 460 4066; x_wconf 80' lang='lat' dir='ltr'><strong>Adorandas</strong></span> <span class='ocrx_word' id='word_1_502' title='bbox 511 4005 772 4075; x_wconf 81' lang='lat' dir='ltr'><strong>reliquias</strong></span> <span class='ocrx_word' id='word_1_503' title='bbox 797 4003 1065 4059; x_wconf 79' lang='lat' dir='ltr'><strong>Rhodano</strong></span> <span class='ocrx_word' id='word_1_504' title='bbox 1097 4004 1266 4058; x_wconf 88' lang='lat' dir='ltr'><strong>tradis</strong></span> <span class='ocrx_word' id='word_1_505' title='bbox 1312 4019 1328 4059; x_wconf 86' lang='lat'><strong>:</strong></span> <span class='ocrx_word' id='word_1_506' title='bbox 1363 4005 1465 4058; x_wconf 91' lang='lat' dir='ltr'><strong>hoc</strong></span> <span class='ocrx_word' id='word_1_507' title='bbox 1493 4003 1623 4058; x_wconf 91' lang='lat' dir='ltr'><strong>facit</strong></span> <span class='ocrx_word' id='word_1_508' title='bbox 1652 4005 1732 4058; x_wconf 87' lang='lat' dir='ltr'><strong>vis</strong></span> 
     </span>
    </p>
   </div>
   <div class='ocr_carea' id='block_1_73' title="bbox 131 4095 1730 4166">
    <p class='ocr_par' dir='ltr' id='par_1_73' title="bbox 131 4095 1730 4166">
     <span class='ocr_line' id='line_1_73' title="bbox 131 4095 1730 4166; baseline -0.007 -9"><span class='ocrx_word' id='word_1_509' title='bbox 131 4101 371 4157; x_wconf 78' lang='lat' dir='ltr'><strong>ﬂuminis</strong></span> <span class='ocrx_word' id='word_1_510' title='bbox 423 4101 479 4154; x_wconf 91' lang='lat' dir='ltr'><strong>in</strong></span> <span class='ocrx_word' id='word_1_511' title='bbox 530 4097 778 4166; x_wconf 92' lang='lat' dir='ltr'><strong>corporis</strong></span> <span class='ocrx_word' id='word_1_512' title='bbox 827 4095 1201 4162; x_wconf 87' lang='lat' dir='ltr'><strong>resolutione,</strong></span> <span class='ocrx_word' id='word_1_513' title='bbox 1248 4095 1390 4164; x_wconf 90' lang='lat' dir='ltr'><strong>quod</strong></span> <span class='ocrx_word' id='word_1_514' title='bbox 1451 4095 1730 4163; x_wconf 89' lang='lat' dir='ltr'><strong>temporis.</strong></span> 
     </span>
    </p>
   </div>
   <div class='ocr_carea' id='block_1_74' title="bbox 131 4188 1728 4263">
    <p class='ocr_par' dir='ltr' id='par_1_74' title="bbox 131 4188 1728 4263">
     <span class='ocr_line' id='line_1_74' title="bbox 131 4188 1728 4263; baseline -0.006 -14"><span class='ocrx_word' id='word_1_515' title='bbox 131 4192 406 4263; x_wconf 84' lang='lat' dir='ltr'><strong>Quidquid</strong></span> <span class='ocrx_word' id='word_1_516' title='bbox 439 4193 622 4259; x_wconf 88' lang='lat' dir='ltr'><strong>itaque</strong></span> <span class='ocrx_word' id='word_1_517' title='bbox 646 4204 710 4244; x_wconf 81' lang='lat' dir='ltr'><strong>ex</strong></span> <span class='ocrx_word' id='word_1_518' title='bbox 737 4188 968 4243; x_wconf 85' lang='lat' dir='ltr'><strong>humana</strong></span> <span class='ocrx_word' id='word_1_519' title='bbox 997 4189 1300 4243; x_wconf 87' lang='lat' dir='ltr'><strong>substantia</strong></span> <span class='ocrx_word' id='word_1_520' title='bbox 1326 4188 1441 4241; x_wconf 91' lang='lat' dir='ltr'><strong>avis</strong></span> <span class='ocrx_word' id='word_1_521' title='bbox 1469 4189 1728 4256; x_wconf 80' lang='lat' dir='ltr'><strong>rapuerit,</strong></span> 
     </span>
    </p>
   </div>
   <div class='ocr_carea' id='block_1_75' title="bbox 133 4279 1731 4349">
    <p class='ocr_par' dir='ltr' id='par_1_75' title="bbox 133 4279 1731 4349">
     <span class='ocr_line' id='line_1_75' title="bbox 133 4279 1731 4349; baseline -0.006 -9"><span class='ocrx_word' id='word_1_522' title='bbox 133 4285 302 4341; x_wconf 89' lang='lat' dir='ltr'><strong>bestia</strong></span> <span class='ocrx_word' id='word_1_523' title='bbox 334 4281 711 4349; x_wconf 87' lang='lat' dir='ltr'><strong>devoraverit,</strong></span> <span class='ocrx_word' id='word_1_524' title='bbox 747 4281 888 4336; x_wconf 89' lang='lat' dir='ltr'><strong>unda</strong></span> <span class='ocrx_word' id='word_1_525' title='bbox 934 4281 1238 4344; x_wconf 84' lang='lat' dir='ltr'><strong>sorbuerit,</strong></span> <span class='ocrx_word' id='word_1_526' title='bbox 1283 4281 1494 4334; x_wconf 85' lang='lat' dir='ltr'><strong>etiamsi</strong></span> <span class='ocrx_word' id='word_1_527' title='bbox 1526 4279 1731 4333; x_wconf 87' lang='lat' dir='ltr'><strong>tumulo</strong></span> 
     </span>
    </p>
   </div>
   <div class='ocr_carea' id='block_1_76' title="bbox 133 4372 1727 4442">
    <p class='ocr_par' dir='ltr' id='par_1_76' title="bbox 133 4372 1727 4442">
     <span class='ocr_line' id='line_1_76' title="bbox 133 4372 1727 4442; baseline -0.006 -11"><span class='ocrx_word' id='word_1_528' title='bbox 133 4393 236 4433; x_wconf 91' lang='lat' dir='ltr'><strong>non</strong></span> <span class='ocrx_word' id='word_1_529' title='bbox 288 4375 597 4439; x_wconf 90' lang='lat' dir='ltr'><strong>clauditur,</strong></span> <span class='ocrx_word' id='word_1_530' title='bbox 651 4375 789 4426; x_wconf 89' lang='lat' dir='ltr'><strong>intra</strong></span> <span class='ocrx_word' id='word_1_531' title='bbox 841 4373 1032 4426; x_wconf 88' lang='lat' dir='ltr'><strong>mundi</strong></span> <span class='ocrx_word' id='word_1_532' title='bbox 1080 4372 1341 4442; x_wconf 90' lang='lat' dir='ltr'><strong>gremium</strong></span> <span class='ocrx_word' id='word_1_533' title='bbox 1397 4372 1727 4425; x_wconf 90' lang='lat' dir='ltr'><strong>continetur.</strong></span> 
     </span>
    </p>
   </div>
   <div class='ocr_carea' id='block_1_77' title="bbox 1838 3175 3416 3247">
    <p class='ocr_par' dir='ltr' id='par_1_77' title="bbox 1838 3175 3416 3247">
     <span class='ocr_line' id='line_1_77' title="bbox 1838 3175 3416 3247; baseline 0.002 -19"><span class='ocrx_word' id='word_1_534' title='bbox 1838 3176 2109 3242; x_wconf 87' lang='lat' dir='ltr'><strong>pretiosus</strong></span> <span class='ocrx_word' id='word_1_535' title='bbox 2150 3175 2326 3244; x_wconf 89' lang='lat' dir='ltr'><strong>pulvis</strong></span> <span class='ocrx_word' id='word_1_536' title='bbox 2353 3191 2450 3244; x_wconf 91' lang='lat' dir='ltr'><strong>per</strong></span> <span class='ocrx_word' id='word_1_537' title='bbox 2474 3175 2716 3230; x_wconf 87' lang='lat' dir='ltr'><strong>diversas</strong></span> <span class='ocrx_word' id='word_1_538' title='bbox 2755 3191 3140 3246; x_wconf 86' lang='lat' dir='ltr'><strong>usquequaque</strong></span> <span class='ocrx_word' id='word_1_539' title='bbox 3168 3176 3416 3247; x_wconf 81' lang='lat' dir='ltr'><strong>regiones</strong></span> 
     </span>
    </p>
   </div>
   <div class='ocr_carea' id='block_1_78' title="bbox 1834 3266 3418 3338">
    <p class='ocr_par' dir='ltr' id='par_1_78' title="bbox 1834 3266 3418 3338">
     <span class='ocr_line' id='line_1_78' title="bbox 1834 3266 3418 3338; baseline 0.001 -17"><span class='ocrx_word' id='word_1_540' title='bbox 1834 3266 1887 3321; x_wconf 92' lang='lat' dir='ltr'><strong>in</strong></span> <span class='ocrx_word' id='word_1_541' title='bbox 1929 3267 2254 3335; x_wconf 89' lang='lat' dir='ltr'><strong>populorum</strong></span> <span class='ocrx_word' id='word_1_542' title='bbox 2305 3266 2695 3321; x_wconf 87' lang='lat' dir='ltr'><strong>disseminatur</strong></span> <span class='ocrx_word' id='word_1_543' title='bbox 2724 3269 2979 3332; x_wconf 88' lang='lat' dir='ltr'><strong>salutem,</strong></span> <span class='ocrx_word' id='word_1_544' title='bbox 3035 3268 3252 3337; x_wconf 90' lang='lat' dir='ltr'><strong>plenum</strong></span> <span class='ocrx_word' id='word_1_545' title='bbox 3285 3283 3418 3338; x_wconf 78' lang='lat' dir='ltr'><strong>quo-</strong></span> 
     </span>
    </p>
   </div>
   <div class='ocr_carea' id='block_1_79' title="bbox 1833 3351 3419 3428">
    <p class='ocr_par' dir='ltr' id='par_1_79' title="bbox 1833 3351 3419 3428">
     <span class='ocr_line' id='line_1_79' title="bbox 1833 3351 3419 3428; baseline 0.001 -16"><span class='ocrx_word' id='word_1_546' title='bbox 1833 3373 2070 3426; x_wconf 88' lang='lat' dir='ltr'><strong>cumque</strong></span> <span class='ocrx_word' id='word_1_547' title='bbox 2096 3357 2198 3411; x_wconf 92' lang='lat' dir='ltr'><strong>loci</strong></span> <span class='ocrx_word' id='word_1_548' title='bbox 2227 3358 2431 3412; x_wconf 90' lang='lat' dir='ltr'><strong>cultum</strong></span> <span class='ocrx_word' id='word_1_549' title='bbox 2472 3358 2542 3413; x_wconf 90' lang='lat' dir='ltr'><strong>de</strong></span> <span class='ocrx_word' id='word_1_550' title='bbox 2574 3359 2781 3413; x_wconf 86' lang='lat' dir='ltr'><strong>honore</strong></span> <span class='ocrx_word' id='word_1_551' title='bbox 2811 3359 2902 3414; x_wconf 91' lang='lat' dir='ltr'><strong>Dei</strong></span> <span class='ocrx_word' id='word_1_552' title='bbox 2939 3351 3177 3428; x_wconf 88' lang='lat' dir='ltr'><strong>impensa</strong></span> <span class='ocrx_word' id='word_1_553' title='bbox 3205 3359 3307 3416; x_wconf 88' lang='lat' dir='ltr'><strong>sibi</strong></span> <span class='ocrx_word' id='word_1_554' title='bbox 3331 3374 3419 3414; x_wconf 63' lang='lat' dir='ltr'><strong>re.</strong></span> 
     </span>
    </p>
   </div>
   <div class='ocr_carea' id='block_1_80' title="bbox 1838 3451 3417 3522">
    <p class='ocr_par' dir='ltr' id='par_1_80' title="bbox 1838 3451 3417 3522">
     <span class='ocr_line' id='line_1_80' title="bbox 1838 3451 3417 3522; baseline 0.003 -18"><span class='ocrx_word' id='word_1_555' title='bbox 1838 3451 2035 3522; x_wconf 88' lang='lat' dir='ltr'><strong>ligione</strong></span> <span class='ocrx_word' id='word_1_556' title='bbox 2061 3451 2387 3521; x_wconf 81' lang='lat' dir='ltr'><strong>suscipiunt,</strong></span> <span class='ocrx_word' id='word_1_557' title='bbox 2419 3462 2473 3507; x_wconf 89' lang='lat' dir='ltr'><strong>et</strong></span> <span class='ocrx_word' id='word_1_558' title='bbox 2502 3462 2702 3522; x_wconf 90' lang='lat' dir='ltr'><strong>quanto</strong></span> <span class='ocrx_word' id='word_1_559' title='bbox 2747 3455 3080 3509; x_wconf 89' lang='lat' dir='ltr'><strong>celebratum</strong></span> <span class='ocrx_word' id='word_1_560' title='bbox 3103 3455 3270 3509; x_wconf 66' lang='lat' dir='ltr'><strong>fuerit</strong></span> <span class='ocrx_word' id='word_1_561' title='bbox 3313 3455 3417 3509; x_wconf 91' lang='lat' dir='ltr'><strong>fide</strong></span> 
     </span>
    </p>
   </div>
   <div class='ocr_carea' id='block_1_81' title="bbox 1836 3544 3412 3616">
    <p class='ocr_par' dir='ltr' id='par_1_81' title="bbox 1836 3544 3412 3616">
     <span class='ocr_line' id='line_1_81' title="bbox 1836 3544 3412 3616; baseline 0.001 -17"><span class='ocrx_word' id='word_1_562' title='bbox 1836 3544 2044 3607; x_wconf 88' lang='lat' dir='ltr'><strong>ditiori,</strong></span> <span class='ocrx_word' id='word_1_563' title='bbox 2079 3552 2228 3597; x_wconf 87' lang='lat' dir='ltr'><strong>tanto</strong></span> <span class='ocrx_word' id='word_1_564' title='bbox 2274 3544 2377 3598; x_wconf 89' lang='lat' dir='ltr'><strong>erit</strong></span> <span class='ocrx_word' id='word_1_565' title='bbox 2419 3546 2500 3598; x_wconf 89' lang='lat' dir='ltr'><strong>eis</strong></span> <span class='ocrx_word' id='word_1_566' title='bbox 2533 3547 2704 3614; x_wconf 85' lang='lat' dir='ltr'><strong>gratia</strong></span> <span class='ocrx_word' id='word_1_567' title='bbox 2728 3546 3067 3602; x_wconf 76' lang='lat' dir='ltr'><strong>celebritatis</strong></span> <span class='ocrx_word' id='word_1_568' title='bbox 3120 3547 3412 3616; x_wconf 83' lang='lat' dir='ltr'><strong>acceptior.</strong></span> 
     </span>
    </p>
   </div>
   <div class='ocr_carea' id='block_1_82' title="bbox 1834 3638 3418 3709">
    <p class='ocr_par' dir='ltr' id='par_1_82' title="bbox 1834 3638 3418 3709">
     <span class='ocr_line' id='line_1_82' title="bbox 1834 3638 3418 3709; baseline 0.001 -15"><span class='ocrx_word' id='word_1_569' title='bbox 1834 3639 1939 3694; x_wconf 82' lang='lat' dir='ltr'><strong>Sed</strong></span> <span class='ocrx_word' id='word_1_570' title='bbox 1968 3641 2170 3706; x_wconf 87' lang='lat' dir='ltr'><strong>absque</strong></span> <span class='ocrx_word' id='word_1_571' title='bbox 2191 3638 2356 3692; x_wconf 91' lang='lat' dir='ltr'><strong>dubio</strong></span> <span class='ocrx_word' id='word_1_572' title='bbox 2383 3639 2559 3692; x_wconf 88' lang='lat' dir='ltr'><strong>multo</strong></span> <span class='ocrx_word' id='word_1_573' title='bbox 2579 3640 2657 3692; x_wconf 87' lang='lat' dir='ltr'><strong>eis</strong></span> <span class='ocrx_word' id='word_1_574' title='bbox 2680 3641 2903 3707; x_wconf 84' lang='lat' dir='ltr'><strong>gratius,</strong></span> <span class='ocrx_word' id='word_1_575' title='bbox 2935 3642 3102 3695; x_wconf 92' lang='lat' dir='ltr'><strong>multo</strong></span> <span class='ocrx_word' id='word_1_576' title='bbox 3131 3641 3418 3709; x_wconf 82' lang='lat' dir='ltr'><strong>jucundius</strong></span> 
     </span>
    </p>
   </div>
   <div class='ocr_carea' id='block_1_83' title="bbox 1835 3730 3416 3800">
    <p class='ocr_par' dir='ltr' id='par_1_83' title="bbox 1835 3730 3416 3800">
     <span class='ocr_line' id='line_1_83' title="bbox 1835 3730 3416 3800; baseline 0.002 -16"><span class='ocrx_word' id='word_1_577' title='bbox 1835 3740 1938 3796; x_wconf 87' lang='lat' dir='ltr'><strong>est,</strong></span> <span class='ocrx_word' id='word_1_578' title='bbox 1967 3731 2012 3785; x_wconf 87' lang='lat' dir='ltr'><strong>si</strong></span> <span class='ocrx_word' id='word_1_579' title='bbox 2056 3745 2150 3784; x_wconf 89' lang='lat' dir='ltr'><strong>eos</strong></span> <span class='ocrx_word' id='word_1_580' title='bbox 2181 3730 2253 3783; x_wconf 91' lang='lat' dir='ltr'><strong>ibi</strong></span> <span class='ocrx_word' id='word_1_581' title='bbox 2289 3730 2629 3798; x_wconf 88' lang='lat' dir='ltr'><strong>potissimum</strong></span> <span class='ocrx_word' id='word_1_582' title='bbox 2685 3731 2862 3785; x_wconf 89' lang='lat' dir='ltr'><strong>fervor</strong></span> <span class='ocrx_word' id='word_1_583' title='bbox 2911 3733 3129 3786; x_wconf 72' lang='lat' dir='ltr'><strong>excolat</strong></span> <span class='ocrx_word' id='word_1_584' title='bbox 3180 3733 3416 3800; x_wconf 83' lang='lat' dir='ltr'><strong>pietatis,</strong></span> 
     </span>
    </p>
   </div>
   <div class='ocr_carea' id='block_1_84' title="bbox 1837 3820 3419 3890">
    <p class='ocr_par' dir='ltr' id='par_1_84' title="bbox 1837 3820 3419 3890">
     <span class='ocr_line' id='line_1_84' title="bbox 1837 3820 3419 3890; baseline 0 -13"><span class='ocrx_word' id='word_1_585' title='bbox 1837 3821 1928 3877; x_wconf 85' lang='lat' dir='ltr'><strong>tibi</strong></span> <span class='ocrx_word' id='word_1_586' title='bbox 1958 3836 2123 3888; x_wconf 87' lang='lat' dir='ltr'><strong>super</strong></span> <span class='ocrx_word' id='word_1_587' title='bbox 2152 3835 2250 3876; x_wconf 88' lang='lat' dir='ltr'><strong>eos</strong></span> <span class='ocrx_word' id='word_1_588' title='bbox 2277 3820 2430 3874; x_wconf 88' lang='lat' dir='ltr'><strong>furor</strong></span> <span class='ocrx_word' id='word_1_589' title='bbox 2483 3821 2718 3875; x_wconf 89' lang='lat' dir='ltr'><strong>incubuit</strong></span> <span class='ocrx_word' id='word_1_590' title='bbox 2753 3822 3051 3890; x_wconf 86' lang='lat' dir='ltr'><strong>passionis;</strong></span> <span class='ocrx_word' id='word_1_591' title='bbox 3091 3823 3144 3875; x_wconf 84' lang='lat' dir='ltr'><strong>si</strong></span> <span class='ocrx_word' id='word_1_592' title='bbox 3193 3823 3302 3877; x_wconf 91' lang='lat' dir='ltr'><strong>illic</strong></span> <span class='ocrx_word' id='word_1_593' title='bbox 3337 3824 3419 3878; x_wconf 90' lang='lat' dir='ltr'><strong>eis</strong></span> 
     </span>
    </p>
   </div>
   <div class='ocr_carea' id='block_1_85' title="bbox 1835 3911 3418 3982">
    <p class='ocr_par' dir='ltr' id='par_1_85' title="bbox 1835 3911 3418 3982">
     <span class='ocr_line' id='line_1_85' title="bbox 1835 3911 3418 3982; baseline 0.001 -15"><span class='ocrx_word' id='word_1_594' title='bbox 1835 3914 2290 3982; x_wconf 82' lang='lat' dir='ltr'><strong>supplicationum</strong></span> <span class='ocrx_word' id='word_1_595' title='bbox 2323 3913 2590 3968; x_wconf 87' lang='lat' dir='ltr'><strong>sacrificia</strong></span> <span class='ocrx_word' id='word_1_596' title='bbox 2620 3911 2954 3977; x_wconf 83' lang='lat' dir='ltr'><strong>deferantur,</strong></span> <span class='ocrx_word' id='word_1_597' title='bbox 2978 3913 3078 3967; x_wconf 45' lang='lat' dir='ltr'><strong>rubi</strong></span> <span class='ocrx_word' id='word_1_598' title='bbox 3112 3913 3176 3966; x_wconf 89' lang='lat' dir='ltr'><strong>in</strong></span> <span class='ocrx_word' id='word_1_599' title='bbox 3197 3914 3299 3967; x_wconf 57' lang='lat' dir='ltr'><strong>:Dei</strong></span> <span class='ocrx_word' id='word_1_600' title='bbox 3329 3929 3418 3968; x_wconf 77' lang='lat' dir='ltr'><strong>sa-</strong></span> 
     </span>
    </p>
   </div>
   <div class='ocr_carea' id='block_1_86' title="bbox 1835 4004 3410 4074">
    <p class='ocr_par' dir='ltr' id='par_1_86' title="bbox 1835 4004 3410 4074">
     <span class='ocr_line' id='line_1_86' title="bbox 1835 4004 3410 4074; baseline -0.002 -13"><span class='ocrx_word' id='word_1_601' title='bbox 1835 4007 2099 4061; x_wconf 87' lang='lat' dir='ltr'><strong>crificium</strong></span> <span class='ocrx_word' id='word_1_602' title='bbox 2125 4006 2557 4074; x_wconf 87' lang='lat' dir='ltr'><strong>procubuerunt;</strong></span> <span class='ocrx_word' id='word_1_603' title='bbox 2589 4005 2633 4059; x_wconf 89' lang='lat' dir='ltr'><strong>si</strong></span> <span class='ocrx_word' id='word_1_604' title='bbox 2670 4005 2782 4059; x_wconf 88' lang='lat' dir='ltr'><strong>illic</strong></span> <span class='ocrx_word' id='word_1_605' title='bbox 2811 4006 2890 4060; x_wconf 90' lang='lat' dir='ltr'><strong>eis</strong></span> <span class='ocrx_word' id='word_1_606' title='bbox 2913 4014 3032 4058; x_wconf 86' lang='lat' dir='ltr'><strong>vota</strong></span> <span class='ocrx_word' id='word_1_607' title='bbox 3065 4004 3252 4057; x_wconf 69' lang='lat' dir='ltr'><strong>fundat</strong></span> <span class='ocrx_word' id='word_1_608' title='bbox 3283 4020 3410 4072; x_wconf 71' lang='lat' dir='ltr'><strong>prae-</strong></span> 
     </span>
    </p>
   </div>
   <div class='ocr_carea' id='block_1_87' title="bbox 1834 4096 3417 4165">
    <p class='ocr_par' dir='ltr' id='par_1_87' title="bbox 1834 4096 3417 4165">
     <span class='ocr_line' id='line_1_87' title="bbox 1834 4096 3417 4165; baseline -0.001 -13"><span class='ocrx_word' id='word_1_609' title='bbox 1834 4096 2063 4152; x_wconf 87' lang='lat' dir='ltr'><strong>dicanda</strong></span> <span class='ocrx_word' id='word_1_610' title='bbox 2101 4097 2425 4162; x_wconf 87' lang='lat' dir='ltr'><strong>posteritas,</strong></span> <span class='ocrx_word' id='word_1_611' title='bbox 2460 4097 2547 4150; x_wconf 89' lang='lat' dir='ltr'><strong>ubi</strong></span> <span class='ocrx_word' id='word_1_612' title='bbox 2595 4096 2937 4151; x_wconf 86' lang='lat' dir='ltr'><strong>innocentem</strong></span> <span class='ocrx_word' id='word_1_613' title='bbox 2983 4097 3302 4165; x_wconf 75' lang='lat' dir='ltr'><strong>sanguinem</strong></span> <span class='ocrx_word' id='word_1_614' title='bbox 3335 4096 3417 4150; x_wconf 84' lang='lat' dir='ltr'><strong>fe-</strong></span> 
     </span>
    </p>
   </div>
   <div class='ocr_carea' id='block_1_88' title="bbox 1834 4189 3416 4258">
    <p class='ocr_par' dir='ltr' id='par_1_88' title="bbox 1834 4189 3416 4258">
     <span class='ocr_line' id='line_1_88' title="bbox 1834 4189 3416 4258; baseline -0.001 -14"><span class='ocrx_word' id='word_1_615' title='bbox 1834 4191 1964 4244; x_wconf 88' lang='lat' dir='ltr'><strong>ralis</strong></span> <span class='ocrx_word' id='word_1_616' title='bbox 1997 4189 2234 4257; x_wconf 89' lang='lat' dir='ltr'><strong>profudit</strong></span> <span class='ocrx_word' id='word_1_617' title='bbox 2265 4190 2603 4254; x_wconf 83' lang='lat' dir='ltr'><strong>immanitas;</strong></span> <span class='ocrx_word' id='word_1_618' title='bbox 2651 4190 2698 4243; x_wconf 90' lang='lat' dir='ltr'><strong>si</strong></span> <span class='ocrx_word' id='word_1_619' title='bbox 2727 4190 2962 4258; x_wconf 86' lang='lat' dir='ltr'><strong>deniqne</strong></span> <span class='ocrx_word' id='word_1_620' title='bbox 3013 4203 3109 4244; x_wconf 90' lang='lat' dir='ltr'><strong>eos</strong></span> <span class='ocrx_word' id='word_1_621' title='bbox 3137 4190 3227 4242; x_wconf 88' lang='lat' dir='ltr'><strong>ille</strong></span> <span class='ocrx_word' id='word_1_622' title='bbox 3253 4189 3416 4243; x_wconf 67' lang='lat' dir='ltr'><strong>(ibri-</strong></span> 
     </span>
    </p>
   </div>
   <div class='ocr_carea' id='block_1_89' title="bbox 1835 4280 3418 4350">
    <p class='ocr_par' dir='ltr' id='par_1_89' title="bbox 1835 4280 3418 4350">
     <span class='ocr_line' id='line_1_89' title="bbox 1835 4280 3418 4350; baseline 0.001 -16"><span class='ocrx_word' id='word_1_623' title='bbox 1835 4281 1994 4335; x_wconf 84' lang='lat' dir='ltr'><strong>stiani</strong></span> <span class='ocrx_word' id='word_1_624' title='bbox 2018 4282 2249 4336; x_wconf 82' lang='lat' dir='ltr'><strong>nominis</strong></span> <span class='ocrx_word' id='word_1_625' title='bbox 2285 4283 2530 4336; x_wconf 85' lang='lat' dir='ltr'><strong>inimicus</strong></span> <span class='ocrx_word' id='word_1_626' title='bbox 2552 4281 2646 4336; x_wconf 84' lang='lat' dir='ltr'><strong>ubi</strong></span> <span class='ocrx_word' id='word_1_627' title='bbox 2663 4280 3418 4350; x_wconf 75' lang='lat' dir='ltr'><strong>crediditinteremptos,.illic</strong></span> 
     </span>
    </p>
   </div>
   <div class='ocr_carea' id='block_1_90' title="bbox 1837 4371 3418 4442">
    <p class='ocr_par' dir='ltr' id='par_1_90' title="bbox 1837 4371 3418 4442">
     <span class='ocr_line' id='line_1_90' title="bbox 1837 4371 3418 4442; baseline 0 -16"><span class='ocrx_word' id='word_1_628' title='bbox 1837 4375 2018 4427; x_wconf 84' lang='lat' dir='ltr'><strong>videat</strong></span> <span class='ocrx_word' id='word_1_629' title='bbox 2045 4381 2414 4427; x_wconf 87' lang='lat' dir='ltr'><strong>consecratos.</strong></span> <span class='ocrx_word' id='word_1_630' title='bbox 2467 4373 2716 4437; x_wconf 75' lang='lat' dir='ltr'><strong>Dulcius,</strong></span> <span class='ocrx_word' id='word_1_631' title='bbox 2751 4375 2988 4442; x_wconf 86' lang='lat' dir='ltr'><strong>inquam,</strong></span> <span class='ocrx_word' id='word_1_632' title='bbox 3033 4373 3119 4426; x_wconf 76' lang='lat' dir='ltr'><strong>eis</strong></span> <span class='ocrx_word' id='word_1_633' title='bbox 3165 4371 3418 4437; x_wconf 80' lang='lat' dir='ltr'><strong>probatur</strong></span> 
     </span>
    </p>
   </div>
   <div class='ocr_carea' id='block_1_91' title="bbox 131 4451 3416 4540">
    <p class='ocr_par' dir='ltr' id='par_1_91' title="bbox 131 4451 3416 4540">
     <span class='ocr_line' id='line_1_91' title="bbox 131 4451 3416 4540; baseline -0.003 -15"><span class='ocrx_word' id='word_1_634' title='bbox 131 4469 316 4540; x_wconf 84' lang='lat' dir='ltr'><strong>Neque</strong></span> <span class='ocrx_word' id='word_1_635' title='bbox 345 4469 499 4524; x_wconf 91' lang='lat' dir='ltr'><strong>enim</strong></span> <span class='ocrx_word' id='word_1_636' title='bbox 532 4466 804 4534; x_wconf 87' lang='lat' dir='ltr'><strong>reparatio</strong></span> <span class='ocrx_word' id='word_1_637' title='bbox 835 4465 1068 4519; x_wconf 89' lang='lat' dir='ltr'><strong>hominis</strong></span> <span class='ocrx_word' id='word_1_638' title='bbox 1097 4466 1150 4516; x_wconf 93' lang='lat' dir='ltr'><strong>in</strong></span> <span class='ocrx_word' id='word_1_639' title='bbox 1183 4463 1394 4517; x_wconf 89' lang='lat' dir='ltr'><strong>ratione</strong></span> <span class='ocrx_word' id='word_1_640' title='bbox 1423 4471 1605 4527; x_wconf 73' lang='lat' dir='ltr'><strong>terrae,</strong></span> <span class='ocrx_word' id='word_1_641' title='bbox 1635 4461 1727 4514; x_wconf 91' lang='lat' dir='ltr'><strong>sed</strong></span> <span class='ocrx_word' id='word_1_642' title='bbox 1758 4451 1805 4506; x_wconf 78' lang='grc'><strong>1)</strong></span> <span class='ocrx_word' id='word_1_643' title='bbox 1833 4463 2243 4532; x_wconf 87' lang='lat' dir='ltr'><strong>obsequium,si</strong></span> <span class='ocrx_word' id='word_1_644' title='bbox 2268 4463 2338 4517; x_wconf 88' lang='lat' dir='ltr'><strong>ibi</strong></span> <span class='ocrx_word' id='word_1_645' title='bbox 2363 4477 2458 4518; x_wconf 85' lang='lat' dir='ltr'><strong>eos</strong></span> <span class='ocrx_word' id='word_1_646' title='bbox 2480 4463 2695 4516; x_wconf 87' lang='lat' dir='ltr'><strong>laudum</strong></span> <span class='ocrx_word' id='word_1_647' title='bbox 2717 4463 3068 4517; x_wconf 87' lang='lat' dir='ltr'><strong>concelebret</strong></span> <span class='ocrx_word' id='word_1_648' title='bbox 3088 4462 3416 4531; x_wconf 82' lang='lat' dir='ltr'><strong>benedictio,</strong></span> 
     </span>
    </p>
   </div>
   <div class='ocr_carea' id='block_1_92' title="bbox 132 4554 1723 4632">
    <p class='ocr_par' dir='ltr' id='par_1_92' title="bbox 132 4554 1723 4632">
     <span class='ocr_line' id='line_1_92' title="bbox 132 4554 1723 4632; baseline -0.006 -18"><span class='ocrx_word' id='word_1_649' title='bbox 132 4561 182 4616; x_wconf 91' lang='lat' dir='ltr'><strong>in</strong></span> <span class='ocrx_word' id='word_1_650' title='bbox 231 4563 373 4632; x_wconf 84' lang='lat' dir='ltr'><strong>legis</strong></span> <span class='ocrx_word' id='word_1_651' title='bbox 413 4567 606 4614; x_wconf 87' lang='lat' dir='ltr'><strong>natura</strong></span> <span class='ocrx_word' id='word_1_652' title='bbox 636 4565 692 4610; x_wconf 91' lang='lat' dir='ltr'><strong>et</strong></span> <span class='ocrx_word' id='word_1_653' title='bbox 733 4557 784 4609; x_wconf 92' lang='lat' dir='ltr'><strong>in</strong></span> <span class='ocrx_word' id='word_1_654' title='bbox 832 4555 1158 4622; x_wconf 83' lang='lat' dir='ltr'><strong>reparatoris</strong></span> <span class='ocrx_word' id='word_1_655' title='bbox 1205 4558 1406 4608; x_wconf 86' lang='lat' dir='ltr'><strong>virtute</strong></span> <span class='ocrx_word' id='word_1_656' title='bbox 1453 4554 1723 4607; x_wconf 87' lang='lat' dir='ltr'><strong>consistit.</strong></span> 
     </span>
    </p>
   </div>
   <div class='ocr_carea' id='block_1_93' title="bbox 133 4645 1725 4725">
    <p class='ocr_par' dir='ltr' id='par_1_93' title="bbox 133 4645 1725 4725">
     <span class='ocr_line' id='line_1_93' title="bbox 133 4645 1725 4725; baseline -0.008 -16"><span class='ocrx_word' id='word_1_657' title='bbox 133 4655 247 4725; x_wconf 89' lang='lat' dir='ltr'><strong>Ipse</strong></span> <span class='ocrx_word' id='word_1_658' title='bbox 273 4656 427 4711; x_wconf 89' lang='lat' dir='ltr'><strong>enim</strong></span> <span class='ocrx_word' id='word_1_659' title='bbox 456 4649 698 4704; x_wconf 91' lang='lat' dir='ltr'><strong>veridico</strong></span> <span class='ocrx_word' id='word_1_660' title='bbox 724 4663 821 4702; x_wconf 91' lang='lat' dir='ltr'><strong>ore</strong></span> <span class='ocrx_word' id='word_1_661' title='bbox 849 4656 1084 4701; x_wconf 88' lang='lat' dir='ltr'><strong>testatus</strong></span> <span class='ocrx_word' id='word_1_662' title='bbox 1107 4657 1190 4700; x_wconf 86' lang='lat' dir='ltr'><strong>est</strong></span> <span class='ocrx_word' id='word_1_663' title='bbox 1223 4662 1239 4700; x_wconf 90' lang='lat'><strong>:</strong></span> <span class='ocrx_word' id='word_1_664' title='bbox 1273 4645 1387 4716; x_wconf 85' lang='lat' dir='ltr'><strong>Ego</strong></span> <span class='ocrx_word' id='word_1_665' title='bbox 1415 4662 1530 4698; x_wconf 67' lang='grc' dir='ltr'><strong>ωιτη</strong></span> <span class='ocrx_word' id='word_1_666' title='bbox 1555 4661 1725 4698; x_wconf 79' lang='lat' dir='ltr'><strong>resur-</strong></span> 
     </span>
    </p>
   </div>
   <div class='ocr_carea' id='block_1_94' title="bbox 130 4737 1733 4809">
    <p class='ocr_par' dir='ltr' id='par_1_94' title="bbox 130 4737 1733 4809">
     <span class='ocr_line' id='line_1_94' title="bbox 130 4737 1733 4809; baseline -0.006 -10"><span class='ocrx_word' id='word_1_667' title='bbox 130 4749 284 4801; x_wconf 83' lang='lat' dir='ltr'><strong>rectio</strong></span> <span class='ocrx_word' id='word_1_668' title='bbox 306 4754 357 4799; x_wconf 82' lang='lat' dir='ltr'><strong>et</strong></span> <span class='ocrx_word' id='word_1_669' title='bbox 389 4743 503 4795; x_wconf 72' lang='lat' dir='ltr'><strong>vita</strong></span> <span class='ocrx_word' id='word_1_670' title='bbox 523 4739 704 4805; x_wconf 81' lang='lat' dir='ltr'><strong>(Joan.</strong></span> <span class='ocrx_word' id='word_1_671' title='bbox 731 4753 804 4803; x_wconf 84' lang='lat' dir='ltr'><strong>xi,</strong></span> <span class='ocrx_word' id='word_1_672' title='bbox 827 4737 921 4809; x_wconf 68' lang='lat'><strong>25)</strong></span> <span class='ocrx_word' id='word_1_673' title='bbox 940 4780 955 4804; x_wconf 94' lang='lat'><strong>,</strong></span> <span class='ocrx_word' id='word_1_674' title='bbox 984 4738 1074 4805; x_wconf 88' lang='lat' dir='ltr'><strong>qui</strong></span> <span class='ocrx_word' id='word_1_675' title='bbox 1103 4737 1236 4790; x_wconf 87' lang='lat' dir='ltr'><strong>vivit</strong></span> <span class='ocrx_word' id='word_1_676' title='bbox 1267 4738 1318 4790; x_wconf 91' lang='lat' dir='ltr'><strong>in</strong></span> <span class='ocrx_word' id='word_1_677' title='bbox 1345 4738 1538 4790; x_wconf 65' lang='lat' dir='ltr'><strong>saecula</strong></span> <span class='ocrx_word' id='word_1_678' title='bbox 1570 4750 1733 4790; x_wconf 67' lang='lat' dir='ltr'><strong>sacu—</strong></span> 
     </span>
    </p>
   </div>
   <div class='ocr_carea' id='block_1_95' title="bbox 130 4833 571 4893">
    <p class='ocr_par' dir='ltr' id='par_1_95' title="bbox 130 4833 571 4893">
     <span class='ocr_line' id='line_1_95' title="bbox 130 4833 571 4893; baseline -0.029 1"><span class='ocrx_word' id='word_1_679' title='bbox 130 4838 328 4893; x_wconf 87' lang='lat' dir='ltr'><strong>lorum.</strong></span> <span class='ocrx_word' id='word_1_680' title='bbox 369 4833 571 4887; x_wconf 80' lang='lat' dir='ltr'><strong>Amen.</strong></span> 
     </span>
    </p>
   </div>
   <div class='ocr_carea' id='block_1_96' title="bbox 787 4917 1102 4974">
    <p class='ocr_par' dir='ltr' id='par_1_96' title="bbox 787 4917 1102 4974">
     <span class='ocr_line' id='line_1_96' title="bbox 787 4917 1102 4974; baseline 0 -2"><span class='ocrx_word' id='word_1_681' title='bbox 787 4917 925 4974; x_wconf 79' lang='lat' dir='ltr'><strong>HOM</strong></span> <span class='ocrx_word' id='word_1_682' title='bbox 944 4918 1102 4972; x_wconf 78' lang='lat' dir='ltr'><strong>ILIA.</strong></span> 
     </span>
    </p>
   </div>
   <div class='ocr_carea' id='block_1_97' title="bbox 132 5008 1732 5082">
    <p class='ocr_par' dir='ltr' id='par_1_97' title="bbox 132 5008 1732 5082">
     <span class='ocr_line' id='line_1_97' title="bbox 132 5008 1732 5082; baseline -0.009 -7"><span class='ocrx_word' id='word_1_683' title='bbox 132 5020 204 5078; x_wconf 88' lang='lat' dir='ltr'><strong>De</strong></span> <span class='ocrx_word' id='word_1_684' title='bbox 237 5017 442 5077; x_wconf 78' lang='lat' dir='ltr'><strong>sanctis</strong></span> <span class='ocrx_word' id='word_1_685' title='bbox 471 5010 782 5082; x_wconf 79' lang='lat' dir='ltr'><strong>martyribus</strong></span> <span class='ocrx_word' id='word_1_686' title='bbox 809 5008 1120 5082; x_wconf 73' lang='lat' dir='ltr'><strong>Ephipodio</strong></span> <span class='ocrx_word' id='word_1_687' title='bbox 1149 5008 1490 5082; x_wconf 81' lang='lat' dir='ltr'><strong>[Epiphodio,</strong></span> <span class='ocrx_word' id='word_1_688' title='bbox 1534 5009 1732 5078; x_wconf 82' lang='lat' dir='ltr'><strong>Marty-</strong></span> 
     </span>
    </p>
   </div>
   <div class='ocr_carea' id='block_1_98' title="bbox 505 5080 1372 5154">
    <p class='ocr_par' dir='ltr' id='par_1_98' title="bbox 505 5080 1372 5154">
     <span class='ocr_line' id='line_1_98' title="bbox 505 5080 1372 5154; baseline -0.006 -16"><span class='ocrx_word' id='word_1_689' title='bbox 505 5080 709 5138; x_wconf 57' lang='grc' dir='ltr'><strong>ωιξῆ</strong></span> <span class='ocrx_word' id='word_1_690' title='bbox 741 5080 935 5154; x_wconf 79' lang='lat' dir='ltr'><strong>April.]</strong></span> <span class='ocrx_word' id='word_1_691' title='bbox 970 5091 1019 5135; x_wconf 81' lang='lat' dir='ltr'><strong>et</strong></span> <span class='ocrx_word' id='word_1_692' title='bbox 1058 5081 1372 5135; x_wconf 67' lang='lat' dir='ltr'><strong>Alexandro.</strong></span> 
     </span>
    </p>
   </div>
   <div class='ocr_carea' id='block_1_99' title="bbox 201 5193 1729 5275">
    <p class='ocr_par' dir='ltr' id='par_1_99' title="bbox 201 5193 1729 5275">
     <span class='ocr_line' id='line_1_99' title="bbox 201 5193 1729 5275; baseline -0.007 -16"><span class='ocrx_word' id='word_1_693' title='bbox 201 5206 465 5275; x_wconf 82' lang='lat' dir='ltr'><strong>Magnum</strong></span> <span class='ocrx_word' id='word_1_694' title='bbox 497 5196 714 5268; x_wconf 91' lang='lat' dir='ltr'><strong>quidem</strong></span> <span class='ocrx_word' id='word_1_695' title='bbox 745 5206 829 5250; x_wconf 89' lang='lat' dir='ltr'><strong>est</strong></span> <span class='ocrx_word' id='word_1_696' title='bbox 869 5195 1102 5265; x_wconf 82' lang='lat' dir='ltr'><strong>publicis</strong></span> <span class='ocrx_word' id='word_1_697' title='bbox 1147 5203 1312 5263; x_wconf 88' lang='lat' dir='ltr'><strong>atque</strong></span> <span class='ocrx_word' id='word_1_698' title='bbox 1352 5193 1729 5248; x_wconf 88' lang='lat' dir='ltr'><strong>communibus</strong></span> 
     </span>
    </p>
   </div>
   <div class='ocr_carea' id='block_1_100' title="bbox 130 5284 1726 5353">
    <p class='ocr_par' dir='ltr' id='par_1_100' title="bbox 130 5284 1726 5353">
     <span class='ocr_line' id='line_1_100' title="bbox 130 5284 1726 5353; baseline -0.006 -7"><span class='ocrx_word' id='word_1_699' title='bbox 130 5296 263 5350; x_wconf 87' lang='lat' dir='ltr'><strong>dare</strong></span> <span class='ocrx_word' id='word_1_700' title='bbox 290 5304 419 5348; x_wconf 78' lang='lat' dir='ltr'><strong>vota</strong></span> <span class='ocrx_word' id='word_1_701' title='bbox 446 5286 911 5350; x_wconf 89' lang='lat' dir='ltr'><strong>solemnitatibus,</strong></span> <span class='ocrx_word' id='word_1_702' title='bbox 958 5285 1056 5340; x_wconf 88' lang='lat' dir='ltr'><strong>sed</strong></span> <span class='ocrx_word' id='word_1_703' title='bbox 1098 5285 1453 5340; x_wconf 81' lang='lat' dir='ltr'><strong>excellentior</strong></span> <span class='ocrx_word' id='word_1_704' title='bbox 1480 5284 1726 5353; x_wconf 65' lang='lat' dir='ltr'><strong>quaedam</strong></span> 
     </span>
    </p>
   </div>
   <div class='ocr_carea' id='block_1_101' title="bbox 134 5377 1725 5451">
    <p class='ocr_par' dir='ltr' id='par_1_101' title="bbox 134 5377 1725 5451">
     <span class='ocr_line' id='line_1_101' title="bbox 134 5377 1725 5451; baseline -0.005 -13"><span class='ocrx_word' id='word_1_705' title='bbox 134 5386 407 5441; x_wconf 89' lang='lat' dir='ltr'><strong>festivitas</strong></span> <span class='ocrx_word' id='word_1_706' title='bbox 433 5379 728 5451; x_wconf 87' lang='lat' dir='ltr'><strong>judicanda</strong></span> <span class='ocrx_word' id='word_1_707' title='bbox 756 5391 838 5433; x_wconf 90' lang='lat' dir='ltr'><strong>est</strong></span> <span class='ocrx_word' id='word_1_708' title='bbox 859 5377 1096 5434; x_wconf 90' lang='lat' dir='ltr'><strong>alumnis</strong></span> <span class='ocrx_word' id='word_1_709' title='bbox 1117 5379 1390 5433; x_wconf 85' lang='lat' dir='ltr'><strong>exsultare</strong></span> <span class='ocrx_word' id='word_1_710' title='bbox 1416 5377 1725 5432; x_wconf 89' lang='lat' dir='ltr'><strong>virtutibus.</strong></span> 
     </span>
    </p>
   </div>
   <div class='ocr_carea' id='block_1_102' title="bbox 133 5471 1728 5545">
    <p class='ocr_par' dir='ltr' id='par_1_102' title="bbox 133 5471 1728 5545">
     <span class='ocr_line' id='line_1_102' title="bbox 133 5471 1728 5545; baseline -0.006 -12"><span class='ocrx_word' id='word_1_711' title='bbox 133 5479 199 5533; x_wconf 83' lang='lat' dir='ltr'><strong>Et</strong></span> <span class='ocrx_word' id='word_1_712' title='bbox 246 5479 378 5532; x_wconf 90' lang='lat' dir='ltr'><strong>ideo</strong></span> <span class='ocrx_word' id='word_1_713' title='bbox 408 5472 784 5541; x_wconf 83' lang='lat' dir='ltr'><strong>indigenarum</strong></span> <span class='ocrx_word' id='word_1_714' title='bbox 810 5482 1104 5545; x_wconf 77' lang='lat' dir='ltr'><strong>martyrum</strong></span> <span class='ocrx_word' id='word_1_715' title='bbox 1129 5471 1306 5526; x_wconf 86' lang='lat' dir='ltr'><strong>cultus</strong></span> <span class='ocrx_word' id='word_1_716' title='bbox 1328 5480 1381 5526; x_wconf 91' lang='lat' dir='ltr'><strong>et</strong></span> <span class='ocrx_word' id='word_1_717' title='bbox 1411 5471 1582 5524; x_wconf 91' lang='lat' dir='ltr'><strong>honor</strong></span> <span class='ocrx_word' id='word_1_718' title='bbox 1603 5485 1728 5538; x_wconf 89' lang='lat' dir='ltr'><strong>spe-</strong></span> 
     </span>
    </p>
   </div>
   <div class='ocr_carea' id='block_1_103' title="bbox 139 5563 1727 5633">
    <p class='ocr_par' dir='ltr' id='par_1_103' title="bbox 139 5563 1727 5633">
     <span class='ocr_line' id='line_1_103' title="bbox 139 5563 1727 5633; baseline -0.005 -10"><span class='ocrx_word' id='word_1_719' title='bbox 139 5570 368 5623; x_wconf 87' lang='lat' dir='ltr'><strong>cialium</strong></span> <span class='ocrx_word' id='word_1_720' title='bbox 391 5571 750 5633; x_wconf 86' lang='lat' dir='ltr'><strong>patronorum</strong></span> <span class='ocrx_word' id='word_1_721' title='bbox 782 5565 924 5618; x_wconf 90' lang='lat' dir='ltr'><strong>sicut</strong></span> <span class='ocrx_word' id='word_1_722' title='bbox 953 5565 1226 5630; x_wconf 90' lang='lat' dir='ltr'><strong>peculiare</strong></span> <span class='ocrx_word' id='word_1_723' title='bbox 1247 5564 1330 5615; x_wconf 89' lang='lat' dir='ltr'><strong>dat</strong></span> <span class='ocrx_word' id='word_1_724' title='bbox 1363 5563 1727 5630; x_wconf 82' lang='lat' dir='ltr'><strong>gaudium,ita</strong></span> 
     </span>
    </p>
   </div>
   <div class='ocr_carea' id='block_1_104' title="bbox 131 5655 1729 5732">
    <p class='ocr_par' dir='ltr' id='par_1_104' title="bbox 131 5655 1729 5732">
     <span class='ocr_line' id='line_1_104' title="bbox 131 5655 1729 5732; baseline -0.005 -15"><span class='ocrx_word' id='word_1_725' title='bbox 131 5660 426 5732; x_wconf 86' lang='lat' dir='ltr'><strong>proprium</strong></span> <span class='ocrx_word' id='word_1_726' title='bbox 473 5655 695 5724; x_wconf 85' lang='lat' dir='ltr'><strong>requirit</strong></span> <span class='ocrx_word' id='word_1_727' title='bbox 747 5656 1020 5712; x_wconf 75' lang='lat' dir='ltr'><strong>affectum.</strong></span> <span class='ocrx_word' id='word_1_728' title='bbox 1067 5656 1278 5711; x_wconf 89' lang='lat' dir='ltr'><strong>Etenim</strong></span> <span class='ocrx_word' id='word_1_729' title='bbox 1327 5658 1372 5712; x_wconf 89' lang='lat' dir='ltr'><strong>si</strong></span> <span class='ocrx_word' id='word_1_730' title='bbox 1419 5656 1729 5726; x_wconf 86' lang='lat' dir='ltr'><strong>peregrinas</strong></span> 
     </span>
    </p>
   </div>
   <div class='ocr_carea' id='block_1_105' title="bbox 1839 4555 3417 4623">
    <p class='ocr_par' dir='ltr' id='par_1_105' title="bbox 1839 4555 3417 4623">
     <span class='ocr_line' id='line_1_105' title="bbox 1839 4555 3417 4623; baseline 0.001 -15"><span class='ocrx_word' id='word_1_731' title='bbox 1839 4555 1927 4610; x_wconf 90' lang='lat' dir='ltr'><strong>ubi</strong></span> <span class='ocrx_word' id='word_1_732' title='bbox 1961 4569 2128 4623; x_wconf 89' lang='lat' dir='ltr'><strong>super</strong></span> <span class='ocrx_word' id='word_1_733' title='bbox 2165 4569 2261 4609; x_wconf 87' lang='lat' dir='ltr'><strong>eos</strong></span> <span class='ocrx_word' id='word_1_734' title='bbox 2303 4555 2710 4610; x_wconf 75' lang='lat' dir='ltr'><strong>tribulationum</strong></span> <span class='ocrx_word' id='word_1_735' title='bbox 2743 4555 3339 4623; x_wconf 46' lang='lat' dir='ltr'><strong>desaevitemagnitudo;</strong></span> <span class='ocrx_word' id='word_1_736' title='bbox 3362 4557 3417 4610; x_wconf 78' lang='lat' dir='ltr'><strong>si</strong></span> 
     </span>
    </p>
   </div>
   <div class='ocr_carea' id='block_1_106' title="bbox 1838 4645 3415 4715">
    <p class='ocr_par' dir='ltr' id='par_1_106' title="bbox 1838 4645 3415 4715">
     <span class='ocr_line' id='line_1_106' title="bbox 1838 4645 3415 4715; baseline 0.001 -15"><span class='ocrx_word' id='word_1_737' title='bbox 1838 4646 1964 4700; x_wconf 88' lang='lat' dir='ltr'><strong>inde</strong></span> <span class='ocrx_word' id='word_1_738' title='bbox 2006 4646 2326 4700; x_wconf 60' lang='lat' dir='ltr'><strong>invocentur</strong></span> <span class='ocrx_word' id='word_1_739' title='bbox 2347 4646 2418 4699; x_wconf 86' lang='lat' dir='ltr'><strong>ad</strong></span> <span class='ocrx_word' id='word_1_740' title='bbox 2447 4645 2755 4714; x_wconf 76' lang='lat' dir='ltr'><strong>suffragium</strong></span> <span class='ocrx_word' id='word_1_741' title='bbox 2782 4688 2796 4711; x_wconf 97' lang='lat'><strong>,</strong></span> <span class='ocrx_word' id='word_1_742' title='bbox 2850 4646 2993 4701; x_wconf 71' lang='lat' dir='ltr'><strong>unde</strong></span> <span class='ocrx_word' id='word_1_743' title='bbox 3028 4648 3415 4715; x_wconf 81' lang='lat' dir='ltr'><strong>primo-resur-</strong></span> 
     </span>
    </p>
   </div>
   <div class='ocr_carea' id='block_1_107' title="bbox 1842 4737 3414 4808">
    <p class='ocr_par' dir='ltr' id='par_1_107' title="bbox 1842 4737 3414 4808">
     <span class='ocr_line' id='line_1_107' title="bbox 1842 4737 3414 4808; baseline 0.002 -17"><span class='ocrx_word' id='word_1_744' title='bbox 1842 4739 2099 4794; x_wconf 86' lang='lat' dir='ltr'><strong>rectionis</strong></span> <span class='ocrx_word' id='word_1_745' title='bbox 2118 4740 2274 4807; x_wconf 85' lang='lat' dir='ltr'><strong>signo</strong></span> <span class='ocrx_word' id='word_1_746' title='bbox 2300 4737 2670 4792; x_wconf 82' lang='lat' dir='ltr'><strong>evocabuntur</strong></span> <span class='ocrx_word' id='word_1_747' title='bbox 2704 4737 2769 4792; x_wconf 88' lang='lat' dir='ltr'><strong>ad</strong></span> <span class='ocrx_word' id='word_1_748' title='bbox 2803 4739 3103 4808; x_wconf 63' lang='lat' dir='ltr'><strong>praemium.</strong></span> <span class='ocrx_word' id='word_1_749' title='bbox 3137 4738 3269 4806; x_wconf 74' lang='lat' dir='ltr'><strong>Quae</strong></span> <span class='ocrx_word' id='word_1_750' title='bbox 3295 4754 3414 4796; x_wconf 87' lang='lat' dir='ltr'><strong>cum</strong></span> 
     </span>
    </p>
   </div>
   <div class='ocr_carea' id='block_1_108' title="bbox 1841 4828 3418 4896">
    <p class='ocr_par' dir='ltr' id='par_1_108' title="bbox 1841 4828 3418 4896">
     <span class='ocr_line' id='line_1_108' title="bbox 1841 4828 3418 4896; baseline 0.001 -14"><span class='ocrx_word' id='word_1_751' title='bbox 1841 4831 1914 4884; x_wconf 82' lang='lat' dir='ltr'><strong>ita</strong></span> <span class='ocrx_word' id='word_1_752' title='bbox 1946 4828 2074 4892; x_wconf 88' lang='lat' dir='ltr'><strong>sint,</strong></span> <span class='ocrx_word' id='word_1_753' title='bbox 2104 4829 2515 4896; x_wconf 85' lang='lat' dir='ltr'><strong>charissimi,ad</strong></span> <span class='ocrx_word' id='word_1_754' title='bbox 2535 4829 2832 4884; x_wconf 27' lang='lat' dir='ltr'><strong>[tenendam</strong></span> <span class='ocrx_word' id='word_1_755' title='bbox 2864 4829 3048 4893; x_wconf 84' lang='lat' dir='ltr'><strong>fidem,</strong></span> <span class='ocrx_word' id='word_1_756' title='bbox 3073 4829 3418 4884; x_wconf 66' lang='lat' dir='ltr'><strong>vid-excolen—</strong></span> 
     </span>
    </p>
   </div>
   <div class='ocr_carea' id='block_1_109' title="bbox 1841 4921 3418 4992">
    <p class='ocr_par' dir='ltr' id='par_1_109' title="bbox 1841 4921 3418 4992">
     <span class='ocr_line' id='line_1_109' title="bbox 1841 4921 3418 4992; baseline 0.002 -18"><span class='ocrx_word' id='word_1_757' title='bbox 1841 4922 1964 4974; x_wconf 90' lang='lat' dir='ltr'><strong>dam</strong></span> <span class='ocrx_word' id='word_1_758' title='bbox 1994 4921 2326 4991; x_wconf 83' lang='lat' dir='ltr'><strong>religionem,</strong></span> <span class='ocrx_word' id='word_1_759' title='bbox 2365 4937 2469 4975; x_wconf 91' lang='lat' dir='ltr'><strong>non</strong></span> <span class='ocrx_word' id='word_1_760' title='bbox 2494 4922 2649 4976; x_wconf 88' lang='lat' dir='ltr'><strong>nobis</strong></span> <span class='ocrx_word' id='word_1_761' title='bbox 2679 4922 2858 4991; x_wconf 89' lang='lat' dir='ltr'><strong>aliqua</strong></span> <span class='ocrx_word' id='word_1_762' title='bbox 2885 4923 2950 4976; x_wconf 87' lang='lat' dir='ltr'><strong>de</strong></span> <span class='ocrx_word' id='word_1_763' title='bbox 2980 4923 3270 4992; x_wconf 89' lang='lat' dir='ltr'><strong>longinquo</strong></span> <span class='ocrx_word' id='word_1_764' title='bbox 3293 4933 3418 4978; x_wconf 84' lang='lat' dir='ltr'><strong>sunt</strong></span> 
     </span>
    </p>
   </div>
   <div class='ocr_carea' id='block_1_110' title="bbox 1837 5013 3421 5084">
    <p class='ocr_par' dir='ltr' id='par_1_110' title="bbox 1837 5013 3421 5084">
     <span class='ocr_line' id='line_1_110' title="bbox 1837 5013 3421 5084; baseline 0.003 -19"><span class='ocrx_word' id='word_1_765' title='bbox 1837 5013 2199 5078; x_wconf 83' lang='lat' dir='ltr'><strong>exspectanda</strong></span> <span class='ocrx_word' id='word_1_766' title='bbox 2243 5013 2588 5078; x_wconf 85' lang='lat' dir='ltr'><strong>documenta,</strong></span> <span class='ocrx_word' id='word_1_767' title='bbox 2641 5014 2878 5082; x_wconf 88' lang='lat' dir='ltr'><strong>paternis</strong></span> <span class='ocrx_word' id='word_1_768' title='bbox 2907 5015 3225 5069; x_wconf 88' lang='lat' dir='ltr'><strong>instrnimur</strong></span> <span class='ocrx_word' id='word_1_769' title='bbox 3253 5018 3421 5084; x_wconf 85' lang='lat' dir='ltr'><strong>magi-</strong></span> 
     </span>
    </p>
   </div>
   <div class='ocr_carea' id='block_1_111' title="bbox 1835 5105 3416 5177">
    <p class='ocr_par' dir='ltr' id='par_1_111' title="bbox 1835 5105 3416 5177">
     <span class='ocr_line' id='line_1_111' title="bbox 1835 5105 3416 5177; baseline 0.001 -18"><span class='ocrx_word' id='word_1_770' title='bbox 1835 5105 2040 5168; x_wconf 87' lang='lat' dir='ltr'><strong>steriis,</strong></span> <span class='ocrx_word' id='word_1_771' title='bbox 2087 5119 2150 5159; x_wconf 91' lang='lat' dir='ltr'><strong>ac</strong></span> <span class='ocrx_word' id='word_1_772' title='bbox 2202 5105 2514 5160; x_wconf 85' lang='lat' dir='ltr'><strong>domesticis</strong></span> <span class='ocrx_word' id='word_1_773' title='bbox 2565 5106 2918 5161; x_wconf 88' lang='lat' dir='ltr'><strong>admonemur</strong></span> <span class='ocrx_word' id='word_1_774' title='bbox 2964 5108 3244 5177; x_wconf 80' lang='lat' dir='ltr'><strong>exemplis.</strong></span> <span class='ocrx_word' id='word_1_775' title='bbox 3279 5108 3416 5162; x_wconf 86' lang='lat' dir='ltr'><strong>Num</strong></span> 
     </span>
    </p>
   </div>
   <div class='ocr_carea' id='block_1_112' title="bbox 1834 5195 3416 5267">
    <p class='ocr_par' dir='ltr' id='par_1_112' title="bbox 1834 5195 3416 5267">
     <span class='ocr_line' id='line_1_112' title="bbox 1834 5195 3416 5267; baseline 0.001 -18"><span class='ocrx_word' id='word_1_776' title='bbox 1834 5196 1943 5266; x_wconf 73' lang='lat' dir='ltr'><strong>{AL</strong></span> <span class='ocrx_word' id='word_1_777' title='bbox 1977 5195 2196 5267; x_wconf 84' lang='lat' dir='ltr'><strong>Nonne]</strong></span> <span class='ocrx_word' id='word_1_778' title='bbox 2241 5196 2398 5250; x_wconf 90' lang='lat' dir='ltr'><strong>nobis</strong></span> <span class='ocrx_word' id='word_1_779' title='bbox 2430 5197 2494 5250; x_wconf 90' lang='lat' dir='ltr'><strong>ad</strong></span> <span class='ocrx_word' id='word_1_780' title='bbox 2544 5205 2905 5252; x_wconf 88' lang='lat' dir='ltr'><strong>cor-nostrum</strong></span> <span class='ocrx_word' id='word_1_781' title='bbox 2951 5196 3159 5252; x_wconf 87' lang='lat' dir='ltr'><strong>clamat</strong></span> <span class='ocrx_word' id='word_1_782' title='bbox 3203 5199 3416 5267; x_wconf 78' lang='lat' dir='ltr'><strong>cognati</strong></span> 
     </span>
    </p>
   </div>
   <div class='ocr_carea' id='block_1_113' title="bbox 1837 5289 3414 5360">
    <p class='ocr_par' dir='ltr' id='par_1_113' title="bbox 1837 5289 3414 5360">
     <span class='ocr_line' id='line_1_113' title="bbox 1837 5289 3414 5360; baseline 0.001 -20"><span class='ocrx_word' id='word_1_783' title='bbox 1837 5289 1952 5342; x_wconf 87' lang='lat' dir='ltr'><strong>viva</strong></span> <span class='ocrx_word' id='word_1_784' title='bbox 1982 5304 2084 5342; x_wconf 85' lang='lat' dir='ltr'><strong>vox</strong></span> <span class='ocrx_word' id='word_1_785' title='bbox 2132 5289 2442 5360; x_wconf 86' lang='lat' dir='ltr'><strong>sanguinis?</strong></span> <span class='ocrx_word' id='word_1_786' title='bbox 2476 5289 2694 5355; x_wconf 86' lang='lat' dir='ltr'><strong>Discite,</strong></span> <span class='ocrx_word' id='word_1_787' title='bbox 2744 5290 2934 5358; x_wconf 87' lang='lat' dir='ltr'><strong>inquit.</strong></span> <span class='ocrx_word' id='word_1_788' title='bbox 2967 5304 3034 5344; x_wconf 82' lang='lat' dir='ltr'><strong>ex</strong></span> <span class='ocrx_word' id='word_1_789' title='bbox 3063 5289 3227 5344; x_wconf 76' lang='lat' dir='ltr'><strong>aiobis</strong></span> <span class='ocrx_word' id='word_1_790' title='bbox 3258 5290 3414 5342; x_wconf 65' lang='lat' dir='ltr'><strong>fidem</strong></span> 
     </span>
    </p>
   </div>
   <div class='ocr_carea' id='block_1_114' title="bbox 1833 5379 3414 5448">
    <p class='ocr_par' dir='ltr' id='par_1_114' title="bbox 1833 5379 3414 5448">
     <span class='ocr_line' id='line_1_114' title="bbox 1833 5379 3414 5448; baseline 0.001 -16"><span class='ocrx_word' id='word_1_791' title='bbox 1833 5379 2128 5447; x_wconf 62' lang='lat' dir='ltr'><strong>quaerendo</strong></span> <span class='ocrx_word' id='word_1_792' title='bbox 2180 5380 2486 5448; x_wconf 86' lang='lat' dir='ltr'><strong>acquirere,</strong></span> <span class='ocrx_word' id='word_1_793' title='bbox 2534 5379 2761 5434; x_wconf 89' lang='lat' dir='ltr'><strong>vivendo</strong></span> <span class='ocrx_word' id='word_1_794' title='bbox 2806 5381 3079 5447; x_wconf 84' lang='lat' dir='ltr'><strong>excolere,</strong></span> <span class='ocrx_word' id='word_1_795' title='bbox 3132 5379 3414 5435; x_wconf 89' lang='lat' dir='ltr'><strong>moriendo</strong></span> 
     </span>
    </p>
   </div>
   <div class='ocr_carea' id='block_1_115' title="bbox 1833 5471 3410 5542">
    <p class='ocr_par' dir='ltr' id='par_1_115' title="bbox 1833 5471 3410 5542">
     <span class='ocr_line' id='line_1_115' title="bbox 1833 5471 3410 5542; baseline -0.001 -16"><span class='ocrx_word' id='word_1_796' title='bbox 1833 5486 2078 5534; x_wconf 81' lang='lat' dir='ltr'><strong>servare;</strong></span> <span class='ocrx_word' id='word_1_797' title='bbox 2106 5472 2299 5527; x_wconf 87' lang='lat' dir='ltr'><strong>discite</strong></span> <span class='ocrx_word' id='word_1_798' title='bbox 2313 5471 2434 5540; x_wconf 88' lang='lat' dir='ltr'><strong>plus</strong></span> <span class='ocrx_word' id='word_1_799' title='bbox 2460 5478 2737 5540; x_wconf 73' lang='lat' dir='ltr'><strong>peccatum</strong></span> <span class='ocrx_word' id='word_1_800' title='bbox 2769 5471 2957 5527; x_wconf 86' lang='lat' dir='ltr'><strong>timere</strong></span> <span class='ocrx_word' id='word_1_801' title='bbox 2975 5486 3133 5540; x_wconf 79' lang='lat' dir='ltr'><strong>quam</strong></span> <span class='ocrx_word' id='word_1_802' title='bbox 3155 5472 3410 5542; x_wconf 81' lang='lat' dir='ltr'><strong>gladium,</strong></span> 
     </span>
    </p>
   </div>
   <div class='ocr_carea' id='block_1_116' title="bbox 1833 5562 3412 5634">
    <p class='ocr_par' dir='ltr' id='par_1_116' title="bbox 1833 5562 3412 5634">
     <span class='ocr_line' id='line_1_116' title="bbox 1833 5562 3412 5634; baseline 0 -16"><span class='ocrx_word' id='word_1_803' title='bbox 1833 5564 2024 5618; x_wconf 90' lang='lat' dir='ltr'><strong>discite</strong></span> <span class='ocrx_word' id='word_1_804' title='bbox 2054 5575 2271 5632; x_wconf 89' lang='lat' dir='ltr'><strong>propter</strong></span> <span class='ocrx_word' id='word_1_805' title='bbox 2313 5564 2478 5618; x_wconf 88' lang='lat' dir='ltr'><strong>vitam</strong></span> <span class='ocrx_word' id='word_1_806' title='bbox 2513 5562 2682 5632; x_wconf 89' lang='lat' dir='ltr'><strong>magis</strong></span> <span class='ocrx_word' id='word_1_807' title='bbox 2732 5562 2998 5631; x_wconf 87' lang='lat' dir='ltr'><strong>justitiam</strong></span> <span class='ocrx_word' id='word_1_808' title='bbox 3027 5579 3212 5619; x_wconf 85' lang='lat' dir='ltr'><strong>amare</strong></span> <span class='ocrx_word' id='word_1_809' title='bbox 3252 5579 3412 5634; x_wconf 89' lang='lat' dir='ltr'><strong>quam</strong></span> 
     </span>
    </p>
   </div>
   <div class='ocr_carea' id='block_1_117' title="bbox 1835 5655 3410 5725">
    <p class='ocr_par' dir='ltr' id='par_1_117' title="bbox 1835 5655 3410 5725">
     <span class='ocr_line' id='line_1_117' title="bbox 1835 5655 3410 5725; baseline 0.003 -17"><span class='ocrx_word' id='word_1_810' title='bbox 1835 5659 2020 5722; x_wconf 88' lang='lat' dir='ltr'><strong>vitam,</strong></span> <span class='ocrx_word' id='word_1_811' title='bbox 2051 5656 2317 5725; x_wconf 81' lang='lat' dir='ltr'><strong>fidemque</strong></span> <span class='ocrx_word' id='word_1_812' title='bbox 2344 5662 2400 5711; x_wconf 85' lang='lat' dir='ltr'><strong>et</strong></span> <span class='ocrx_word' id='word_1_813' title='bbox 2423 5658 2671 5711; x_wconf 87' lang='lat' dir='ltr'><strong>timorem</strong></span> <span class='ocrx_word' id='word_1_814' title='bbox 2692 5655 2810 5710; x_wconf 89' lang='lat' dir='ltr'><strong>Dei.</strong></span> <span class='ocrx_word' id='word_1_815' title='bbox 2831 5656 3003 5721; x_wconf 81' lang='lat' dir='ltr'><strong>Quem</strong></span> <span class='ocrx_word' id='word_1_816' title='bbox 3023 5672 3131 5712; x_wconf 59' lang='lat' dir='ltr'><strong>.nos</strong></span> <span class='ocrx_word' id='word_1_817' title='bbox 3153 5658 3208 5711; x_wconf 88' lang='lat' dir='ltr'><strong>in</strong></span> <span class='ocrx_word' id='word_1_818' title='bbox 3237 5657 3410 5713; x_wconf 86' lang='lat' dir='ltr'><strong>media</strong></span> 
     </span>
    </p>
   </div>
  </div>
