4042 6188
613 280 722 340 863

1590 279 1648 334 S.
1692 276 2011 335 EDCIIERII
2053 272 2536 332 LUCDUNENSIS
2577 271 2878 328 EPISCOPI

3769 275 3878 335 ιιι

616 397 749 456 belli
803 397 1146 454 tribulatione
1195 395 1549 462 servavimus,
1595 394 1882 450 observate
1911 409 1977 450 ne
2010 409 2106 448 vos
2137 395 2188 448 in
2219 393 2268 453 Α
2295 393 2530 447 sinistra:
2552 391 2835 446 latitudine
2861 391 3176 456 delectatus,
3199 388 3414 460 ﬂagitiis
3433 389 3743 455 involvitur,
3766 409 3873 449 see

616 504 752 560 pace
773 490 857 544 vel
887 487 1032 557 pacis
1057 486 1345 542 securitate
1374 487 1636 557 perdatis.
1660 485 1860 541 Cavete
1887 501 1954 540 ne
1981 487 2186 540 ancho-

616 597 731 637 ram
760 581 874 650 spei
896 593 960 634 ae
983 578 1258 648 religionis
1278 594 1437 648 quam
1461 594 1560 633 nos
1588 579 1984 634 custodtvitnus
2007 578 2060 630 itt
2092 577 2191 631 flu-

613 683 720 735 ctu,
750 685 850 724 vos
875 671 1135 725 amittatis
1157 673 1210 726 in
1243 681 1424 742 portu.
1453 671 1654 727 Cavete
1682 688 1750 726 ne
1781 674 1944 725 vitam
1966 671 2187 737 bonam,

613 766 656 816 si
687 763 902 832 quando
923 763 1310 818 afflictionibus
1335 763 1600 818 subditam
1642 763 1905 828 videritis,
1932 763 2184 817 miseram

613 853 888 922 indicetis.
919 853 1116 910 Cavete
1147 871 1215 910 ne
1244 856 1296 910 in
1322 870 1486 909 arena
1513 855 1720 919 mundi,
1756 856 1807 910 in
1835 869 1943 924 qua
1970 854 2035 908 ad
2063 853 2192 908 sub-

615 948 823 1000 cundos
877 961 1078 1018 agones
1142 947 1293 1002 missi
1353 962 1560 1012 sumus,
1596 948 1828 1016 aliquam
1882 945 2190 1001 felicitatem

614 1041 1031 1108 exspectandam
1061 1042 1281 1109 putetis.
1315 1041 1602 1096 Beatitudo
1633 1042 1808 1110 parari
1862 1041 1950 1095 liic
1990 1050 2186 1110 potest,

615 1149 718 1184 non
763 1141 939 1201 potest
961 1133 1189 1202 acquiri.
1223 1132 1338 1187 Non
1373 1133 1458 1187 Itic
1487 1149 1698 1203 quaeras
1728 1133 1870 1202 qttod
1899 1134 1986 1186 ltic
2012 1133 2191 1187 nullus

613 1235 923 1277 sanctorum
968 1237 1376 1280 consummatus
1413 1226 1520 1296 [ΑΙ.
1554 1223 1952 1299 consummato]
1987 1227 2189 1288 labore,

615 1317 793 1370 nullus
821 1315 1100 1371 confessor
1129 1317 1398 1380 obtinttit;
1439 1332 1544 1372 non
1575 1319 1659 1372 Itic
1697 1334 1909 1388 qna'ras
1930 1317 2074 1387 quod
2108 1318 2194 1371 hic

617 1421 716 1460 nec
745 1406 995 1462 Christus
1044 1410 1274 1463 invertit.
1305 1408 1360 1464 Si
1407 1408 1640 1463 mundus
1692 1424 1878 1477 pacem
1935 1409 2188 1474 baberct,

615 1498 837 1567 gloriam
867 1511 1130 1570 martyres
1161 1517 1268 1555 tton
1324 1502 1614 1564 baberent;
1658 1503 1702 1556 si
1732 1503 2058 1556 examinatio
2085 1518 2192 1557 non

619 1589 981 1658 praecederet,
1033 1592 1392 1646 tribulationis
1433 1593 1634 1662 periret
1676 1596 1915 1649 occasio.
1968 1595 2030 1648 Ili
2064 1610 2193 1664 ergo

617 1696 762 1752 sunt,
793 1686 1128 1742 dilectissimi
1180 1689 1395 1751 fratres,
1450 1687 1540 1756 qtti
1597 1688 1929 1742 transierunt
1957 1703 2051 1757 per
2081 1703 2195 1740 tua-

2298 482 2500 538 leribns
2531 483 2786 547 inticitnr,
2817 483 3003 552 spoliis
3027 482 3459 547 contaminatur,
3487 491 3543 536 et
3591 481 3730 537 inter
3760 482 3874 540 ba-c

2293 591 2353 632 se
2389 577 2757 632 beatissimum
2811 584 2982 644 potat,
3033 590 3100 630 ex
3153 573 3256 628 hoc
3299 587 3513 644 quoque
3572 574 3869 642 infelicior,

2292 670 2435 741 quod
2461 685 2521 725 se
2543 686 2649 724 non
2677 670 2928 737 intelligit
2957 667 3395 735 ἰηιοιίοιιιιι.ρ.ιὶιι
3415 669 3496 723 bis
3521 666 3675 723 faciat
3704 671 3870 724 medi.

2292 763 2411 816 cina
2435 763 2734 817 cmlestiunt
2763 761 3166 824 mandatorum.
3189 775 3307 830 qua:
3332 775 3438 814 non
3469 770 3626 815 sanat
3655 761 3756 815 nisi
3782 777 3872 817 vo-

2292 854 2506 910 lentes?
2548 855 2687 924 Pigri
2745 855 2926 922 itaque
2971 855 3036 908 ad
3065 869 3250 908 curam
3299 853 3514 920 salutis,
3564 855 3780 909 alacres
3805 853 3872 908 ad

2292 947 2538 1001 militiam
2565 946 2756 1000 mortis
2801 955 2856 1001 et
2880 944 3231 1013 captivitatis,
3260 953 3317 997 ιιι
3345 944 3539 998 dictum
3561 954 3667 1008 est,
3695 944 3875 998 exsul-

2293 1047 2401 1092 tant
2433 1038 2486 1090 in
2510 1037 2658 1090 rebus
2690 1039 2920 1106 pessimis
2947 1036 3130 1104 (Prov.
3158 1052 3218 1104 tt,
3243 1035 3356 1104 M),
3385 1047 3441 1092 ct
3464 1035 3532 1091 de
3562 1036 3644 1090 sui
3687 1036 3875 1106 perdi-

2295 1131 2438 1184 tione
2466 1131 2742 1194 lietantur;
2775 1131 2982 1185 similes
3013 1130 3119 1183 illis
3146 1131 3235 1196 qui
3279 1129 3416 1184 forte
3449 1140 3724 1183 sumentes
3751 1131 3872 1184 exi-

2295 1223 2506 1279 tiabiles
2534 1223 2820 1277 herbarum
2845 1236 3057 1286 succos,
3104 1237 3225 1276 cum
3251 1222 3360 1275 risu
3388 1223 3566 1291 perire
3594 1223 3864 1276 dicuntur.

2295 1315 2401 1370 Sed
2423 1316 2560 1369 inter
2591 1314 2704 1368 lucc
2730 1314 2927 1382 aliquis
2951 1328 3133 1368 secum
3157 1313 3379 1382 cogitat,
3416 1321 3473 1367 et
3502 1312 3634 1367 dit-it
3659 1310 3765 1385 [ΑΙ.
3788 1311 3874 1367 ιΙίο

2296 1406 2403 1478 cat]
2430 1426 2441 1459 :
2471 1407 2615 1461 Deus
2642 1408 2914 1476 potentias,
2951 1406 3092 1462 Dens
3114 1406 3363 1460 habitans
3394 1405 3447 1460 itt
3470 1420 3596 1461 arce
3620 1405 3867 1476 justitiae,

2297 1512 2389 1556 attt
2419 1513 2637 1570 peccata
2659 1502 2701 1555 si
2733 1519 2837 1555 non
2860 1501 3104 1566 damnat,
3134 1501 3366 1570 ignorat,
3398 1509 3491 1554 aut
3520 1500 3656 1553 favet
3681 1515 3872 1568 pecca-

2296 1594 2366 1648 tis
2391 1597 2435 1650 si
2464 1595 2721 1649 damnare
2770 1595 3096 1649 dissimulat.
3150 1593 3385 1648 l’timum
3415 1593 3559 1648 scire
3587 1592 3732 1646 illum
3759 1589 3874 1644 uni-

2298 1700 2451 1739 versa
2488 1702 2592 1740 non
2621 1685 2844 1739 dubium
2866 1696 2969 1749 est,
2992 1687 3080 1752 qui
3107 1683 3272 1738 intrat
3291 1693 3350 1739 et
3375 1685 3555 1753 implet
3579 1694 3633 1738 et
3662 1683 3872 1738 cxeedit

617 1793 748 1846 gnas
787 1777 1183 1839 tribulatiOnes.
1214 1780 1305 1847 qui
1340 1779 1587 1833 laverunt
1631 1781 1796 1833 stolas
1820 1795 1966 1846 snas,
1989 1789 2044 1834 et
2067 1796 2195 1834 can-
2226 1771 2273 1832 B
2299 1779 2571 1842 universa,
2601 1777 2756 1846 cnjns
2788 1778 2960 1831 oculis
2981 1776 3226 1843 exposita
3251 1785 3307 1830 et
3347 1777 3487 1830 nuda
3518 1785 3643 1828 sunt
3665 1772 3869 1838 omnia,

619 1868 775 1922 didas
803 1883 895 1924 cas
922 1870 1167 1925 fecerunt
1201 1871 1252 1924 itt
1283 1871 1541 1941 sanguine
1571 1871 1706 1940 Agni
1734 1871 1918 1941 (Apoc.
1951 1887 2045 1938 vti,
2077 1871 2190 1943 ll).

622 1961 686 2016 lli
719 1972 843 2016 sunt
887 1963 1284 2018 commilitones
1339 1965 1552 2018 illorum
1579 1967 1690 2034 qui,
1725 1965 2018 2020 secundum
2052 1971 2196 2036 Apo-

617 2052 846 2118 stoltttn,
899 2055 1117 2124 lapidati
1163 2064 1300 2119 sunt,
1327 2057 1451 2108 serti
1491 2067 1633 2122 sunt,
1663 2067 1713 2109 et
1752 2059 1931 2110 lentati
1972 2068 2111 2125 sunt,
2140 2060 2194 2111 in

619 2145 871 2198 occisione
897 2146 1059 2216 gladii
1081 2147 1268 2200 mortui
1293 2157 1444 2210 sunt;
1489 2159 1709 2219 egentes,
1738 2150 2040 2219 angustiati,
2067 2152 2196 2221 omi-

615 2239 707 2303 cti,
731 2239 913 2306 quibus
927 2241 1116 2309 dignus
1133 2256 1233 2294 non
1254 2249 1363 2294 erat
1393 2242 1614 2294 mundus
1638 2241 1824 2312 (Hebr.
1851 2258 1926 2305 xt,
1953 2244 2068 2313 57).
2088 2243 2193 2299 Sed

618 2328 760 2384 inter
792 2329 906 2384 haec
933 2331 1184 2397 fortasse,
1209 2332 1540 2399 citarissitni,
1559 2335 1774 2401 quando
1799 2336 1920 2388 boni
1939 2347 1992 2390 et
2022 2337 2193 2391 sancti

622 2430 767 2474 tanta
802 2421 886 2475 bic
909 2423 1048 2477 mala
1083 2424 1380 2492 patiuntur,
1430 2425 1622 2494 aliquis
1653 2427 1790 2480 intra
1823 2442 1882 2481 se
1910 2428 2111 2497 cogitet
2139 2436 2193 2483 et

622 2511 805 2568 dicat:
855 2513 1074 2570 Certum
1116 2527 1198 2570 est
1240 2532 1419 2571 rerum
1452 2518 1732 2573 Dominum
1773 2537 1877 2575 non
1927 2523 2193 2590 respicere

617 2620 737 2673 qua:
765 2615 946 2660 nostra
978 2618 1123 2675 sunt,
1161 2609 1430 2681 negligere
1459 2614 1712 2678 humana,
1735 2630 1838 2668 non
1870 2629 2059 2669 curare
2087 2625 2194 2669 ter-

615 2712 766 2754 rena.
794 2699 840 2755 0
869 2701 1192 2772 quicumque
1229 2703 1317 2758 ille
1343 2720 1424 2770 es,
1461 2707 1734 2775 quomodo
1779 2707 2008 2775 respicis
2067 2722 2192 2762 san-

614 2799 822 2846 rtornm
874 2791 1116 2864 labores}.
1149 2809 1247 2848 cur
1277 2811 1381 2850 non
1413 2797 1637 2865 reSpieis
1681 2799 2192 2853 remunerationes?

615 2879 756 2938 Ecce
785 2897 881 2953 per
905 2892 1072 2938 totttm
1101 2887 1382 2951 tumulum,
1418 2888 1468 2940 itt
1509 2889 1710 2942 sanctis
1742 2889 2001 2958 apostolis
2030 2898 2192 2959 atque

613 2975 938 3044 martyribus
997 2976 1237 3032 fe'icitati
1285 2977 1580 3033 adversitas
1619 2979 1756 3033 viam
1816 2979 1981 3046 fecit,
2034 2980 2190 3033 saluti

612 3065 843 3134 perditio
871 3066 1136 3130 militavit,
1158 3078 1212 3122 et
1233 3069 1430 3122 ostium
1456 3070 1582 3122 dum
1611 3069 1735 3122 vita:
1756 3070 1979 3133 claudit,
2003 3070 2190 3140 gloria:

611 3155 894 3226 patefecit;
929 3165 979 3211 et
1013 3157 1063 3211 itt
1103 3157 1268 3214 Deum
1315 3158 1564 3214 fiduciam
1620 3160 2013 3215 collocantibus
2061 3161 2187 3215 dum
2216 3149 2260 3206 (ἒ

611 3256 811 3302 terram
864 3248 1066 3303 invidet
1091 3251 1110 3321 ι
1134 3250 1219 3302 ΑΙ.
1250 3249 1542 3321 despicit],
1572 3253 1770 3306 cuzlunt
1813 3251 2039 3322 paravit.
2074 3253 2188 3308 lloc

608 3354 740 3409 ergo
768 3339 820 3394 itt
863 3341 1172 3410 exemplum
1205 3342 1475 3408 ratientite
1509 3346 1743 3395 humano
1769 3345 1954 3413 generi
2012 3345 2189 3412 ptovi—

609 3430 788 3484 dentia
815 3430 996 3483 divina
1019 3433 1319 3501 proposuit.
1351 3437 1480 3499 Qua:
1511 3448 1631 3486 cum
1660 3434 1730 3488 ita
1759 3438 1890 3498 sint,
1923 3435 2056 3490 lalso
2082 3436 2186 3490 tui-

609 3537 698 3576 ser
725 3532 937 3591 putatur
967 3525 1130 3594 quiin
1159 3528 1355 3582 virtute
1382 3544 1489 3582 tton
1522 3529 1750 3584 laeditur.
1785 3532 1952 3585 Nemo
1975 3546 2105 3600 ergo
2131 3532 2184 3586 in

609 3612 915 3669 Christiano
944 3631 1006 3672 ac
1037 3618 1179 3673 lidcli
1221 3631 1594 3687 paupertatem
1627 3633 1681 3677 et
1711 3624 2054 3679 alflictionetu
2108 3626 2186 3680 la-

609 3708 753 3764 boris
773 3717 828 3763 et
852 3709 1141 3778 injustitias
1173 3712 1560 3779 tribulationis,
1587 3715 1956 3772 infelicitatem
1983 3733 2048 3775 ac
2078 3719 2182 3773 tni-

607 3800 804 3856 seriatn
835 3813 1012 3859 vocet.
1044 3803 1109 3858 Et
1158 3803 1273 3860 ba'c
1305 3806 1520 3875 quando
1571 3809 1725 3863 bonis
1771 3811 2043 3874 accidunt,
2077 3827 2184 3867 non

610 3894 949 3951 incommoda
981 3913 1367 3964 aerumnarum,
1390 3901 1483 3954 sed
1516 3903 1771 3954 exercitia
1795 3915 1916 3954 esse
1965 3905 2183 3957 noveri-

615 3999 737 4039 mus
761 3989 1038 4043 vit-tutttm.
1063 3988 1291 4055 Quando
1314 3990 1488 4046 cultor
1517 3992 1608 4045 Dei
1656 3991 1899 4046 adversis
1937 3993 2185 4051 laborare

611 4079 960 4147 permittitur,
1009 4097 1114 4135 non
1144 4084 1431 4149 deseritur,
1480 4084 1573 4138 sed
1620 4085 1903 4150 proluttnr;
1952 4097 2007 4140 et
2061 4087 2184 4144 ideo

605 4169 735 4226 dicit
759 4186 940 4226 sermo
960 4172 1206 4229 divinus:
1255 4174 1446 4229 Beatus
1475 4177 1562 4244 qui
1588 4176 1766 4242 suffert
1817 4181 2183 4247 lentationem,‘

604 4264 846 4334 quoniam
873 4280 988 4318 cum
1032 4265 1275 4336 probatus
1305 4267 1482 4337 fuerit,
1514 4269 1730 4339 accipiet
1777 4286 2015 4324 coronam
2044 4275 2180 4339 vitw,

605 4371 761 4426 quant
805 4357 1091 4426 repromisit
1127 4354 1262 4411 Deus
1301 4358 1633 4429 diligentibus
1673 4377 1727 4415 se
1765 4363 1785 4430 (
1807 4360 1989 4417 Iacob.
2017 4363 2092 4434 t).
2127 4365 2182 4419 ltt

605 4444 709 4502 hoc
737 4446 918 4517 itaque
941 4448 1145 4502 mundo
1168 4449 1490 4517 praevalente
1520 4451 1747 4517 malitia,
1782 4453 2061 4524 iniquitate
2086 4453 2185 4509 do-

606 4539 882 4604 minante.
926 4554 1130 4610 panper
1173 4540 1449 4613 affligitur,
1484 4542 1635 4598 dives
1666 4546 2078 4612 tnnltip'icatur:
2112 4562 2179 4600 an

607 4639 662 4684 ιιι
695 4630 837 4686 bttnc
867 4643 1138 4702 potentem
1169 4649 1350 4694 Vocas.
1377 4636 1465 4704 qui
1499 4634 1553 4689 in
1585 4647 1814 4691 mortem
1841 4654 1993 4692 suam
2029 4637 2183 4694 fortis

603 4732 709 4788 cst,
738 4723 823 4776 cui
849 4723 1194 4793 pra'seutinm
1225 4725 1384 4779 fallax
1412 4729 1601 4780 umbra
1624 4738 2001 4797 proventmnn,
2026 4739 2182 4784 mter-

604 4828 797 4870 norutn
856 4825 1148 4884 congregat
1199 4830 1391 4870 caussis
1436 4820 1743 4871 malotum?
1782 4818 1916 4886 Quis
1969 4820 2180 4874 beatam

600 4905 797 4961 dixerit
828 4906 1058 4962 validam
1108 4907 1161 4962 itt
1187 4907 1430 4978 jugulum
1485 4923 1640 4962 suum
1689 4909 2010 4964 dexteram?
2049 4909 2182 4978 Quis

602 4997 958 5068 probabiliter
999 4999 1184 5052 laudat
1232 5000 1470 5054 velocem
1501 5000 1565 5053 ad
1592 5000 1758 5054 ardua
1788 5001 2080 5071 praecipitia
2107 5003 2184 5056 fe.-

602 5092 938 5146 stinanlcm?
967 5090 1096 5157 Quis
1145 5090 1265 5160 ejus
1310 5091 1537 5147 miretur
1578 5107 1885 5160 ascensum,
1923 5109 2082 5164 quem
2114 5096 2184 5152 de

601 5197 815 5238 summo
857 5183 1115 5252 prospicit
1134 5198 1254 5238 esse
1283 5198 1530 5238 casurum
1554 5186 1578 5239 ?
1609 5185 1839 5241 Perinde
1867 5198 1989 5252 est,
2017 5188 2061 5241 si
2085 5188 2184 5242 ali-

601 5289 762 5344 quem
797 5274 1014 5328 miraris
1062 5275 1223 5346 impia
1256 5283 1313 5330 et
1354 5275 1530 5347 iniqua
1581 5291 1679 5347 per
1725 5293 1856 5347 opes
1885 5288 1941 5334 et
1967 5279 2184 5336 divitias

602 5379 943 5438 operantem,
975 5383 1038 5424 ac
1085 5368 1130 5422 si
1157 5370 1463 5439 quempiam
1508 5371 1696 5427 videas
1735 5371 1978 5427 inaurato
2021 5381 2184 5444 atque

603 5469 875 5529 gemmato
895 5459 997 5513 sibi
1025 5460 1218 5529 poculo
1243 5476 1446 5517 venena
1469 5466 1821 5518 miscentem:
1853 5479 1920 5517 an
1945 5473 2002 5518 tu
2033 5463 2183 5519 illum

603 5551 815 5608 felicem
845 5564 1009 5605 vocas
1056 5551 1148 5621 qui
1200 5552 1461 5616 infidelis,
1505 5554 1806 5619 obscenus,
1837 5555 2094 5624 cupidus,
2129 5563 2184 5609 et

601 5654 882 5710 cruentus,
916 5657 1013 5711 pro
1042 5657 1109 5697 eo
1133 5643 1278 5711 quod
1300 5643 1416 5696 vias
1447 5644 1660 5698 Domini
1706 5658 2048 5714 aspernatur,
2088 5661 2184 5715 per

605 5743 729 5783 suas
753 5732 830 5784 ire
857 5731 1207 5799 permittitur,
1253 5733 1492 5787 dextera:
1543 5734 1808 5801 angustiis
1839 5735 2093 5803 offensus,
2128 5748 2184 5793 et

2298 1869 2365 1923 de
2387 1883 2493 1940 quo
2520 1869 2754 1922 dicitur:
2795 1868 3050 1934 Quoniam
3075 1868 3182 1921 mal
3204 1884 3235 1919 a
3259 1866 3511 1934 sapientia
3541 1862 3658 1929 Dei,
3689 1874 3736 1918 et
3764 1866 3872 1931 {or-

2299 1965 2361 2018 tis
2389 1965 2633 2029 potentia,
2660 1963 2849 2018 videns
2870 1976 3057 2016 omnes
3087 1961 3204 2014 sine
3254 1960 3670 2014 ἰιιιετιιιίεμὶοηρ.
3717 1957 3874 2014 Scire

2297 2056 2478 2125 itaque
2512 2055 2657 2108 ιΙΙιιιιι
2679 2054 2880 2118 omnia,
2919 2063 2975 2108 et
3002 2053 3302 2122 proximum
3329 2065 3469 2115 esse,
3503 2065 3606 2102 non
3638 2049 3871 2102 dubium

2296 2157 2399 2213 est,
2425 2147 2515 2216 qni
2544 2155 2595 2200 te
2622 2153 2865 2200 orantem
2923 2145 2974 2198 in
3015 2144 3319 2198 cubiculum
3355 2141 3700 2195 conscientia:
3730 2154 3876 2208 pra:-

2295 2239 2438 2309 cepit
2493 2241 2720 2303 intrare;
2770 2237 2860 2306 qui
2892 2236 3040 2290 aud;t
3080 2235 3132 2290 in
3177 2234 3519 2302 cogitatione,
3549 2243 3604 2287 et
3631 2231 3787 2285 audit
3819 2230 3871 2285 in

2295 2333 2488 2387 corde:
2523 2331 2780 2385 damnare
2817 2344 2948 2384 vero
2989 2328 3140 2383 illum
3167 2326 3362 2382 delicta
3395 2340 3458 2379 ac
3502 2320 3872 2385 scelera,evi-

2294 2424 2486 2479 denter
2509 2423 2888 2494 pr0pltetarum
2914 2418 3516 2490 monita.apostolorum
3539 2415 3868 2484 magisteria,

2294 2517 2742 2584 evangelistarutn
2776 2523 3038 2568 testantur
3087 2512 3326 2565 oracula.
3385 2509 3530 2563 Inter
3580 2507 3695 2560 ltzec
3740 2505 3868 2558 dum

2295 2609 2543 2680 proponit
2601 2609 2757 2662 triste
2803 2606 3123 2675 supplicium
3155 2644 3170 2669 ,
3220 2603 3347 2657 dum
3407 2603 3586 2670 ignem
3636 2598 3870 2653 minatur

2295 2715 2578 2764 atternum,
2619 2700 2704 2753 hic
2733 2699 2823 2754 dat
2854 2699 3198 2760 sententiam,
3255 2695 3353 2750 sed
3384 2693 3495 2748 illic
3536 2697 3776 2747 reservat
3800 2687 3869 2743 ad

2299 2811 2536 2866 pinnam.
2557 2795 2652 2848 llic
2666 2793 2835 2847 vibrat
2857 2792 3112 2862 gladium,
3137 2789 3265 2844 illuc
3289 2786 3597 2854 itnportabit
3621 2785 3867 2839 exitium.

2292 2887 2424 2952 Cur,
2457 2885 2647 2956 inquit,
2681 2900 2784 2939 non
2811 2885 2986 2937 statim
3017 2890 3322 2950 peccantem
3352 2894 3503 2933 reum
3528 2876 3713 2944 punit?
3735 2873 3866 2940 Quis

2296 2979 2436 3032 lmuc
2471 2978 2609 3031 ferre
2645 2976 2817 3044 possit
2847 2973 3044 3028 tuentis
3070 2986 3308 3026 errorem
3333 2969 3357 3023 ἲ
3394 2968 3465 3022 de
3493 2966 3745 3036 patientia
3776 2963 3867 3018 Dei

2294 3072 2557 3140 queritur,
2593 3069 2682 3137 qui
2723 3065 3109 3134 indulgentiam
3141 3079 3246 3117 non
3292 3069 3554 3122 tueretur;
3587 3073 3695 3111 non
3726 3064 3872 3111 esset

2288 3162 2495 3233 justitia
2530 3160 2763 3231 perfecta
2793 3156 3118 3222 damnantis,
3149 3155 3246 3209 nisi
3277 3153 3561 3208 clementia
3591 3146 3870 3220 praecede-

2289 3268 2370 3310 ret
2410 3253 2703 3325 argnentis.
2731 3253 2874 3306 Deus
2903 3249 3057 3304 nobis
3115 3264 3209 3316 per
3234 3261 3448 3300 omnem
3496 3245 3693 3298 seriem
3723 3240 3872 3296 Scri-

2288 3357 2566 3416 pturarutn
2621 3345 2933 3413 patientiam
2987 3342 3251 3411 benignus
3304 3341 3567 3402 insinuat;
3621 3345 3678 3390 et
3723 3334 3868 3406 quod

2290 3441 2548 3496 Dominus
2571 3438 2821 3508 praedicat
2855 3436 2907 3490 itt
2938 3451 3115 3499 servo,
3149 3431 3422 3502 quomodo
3464 3445 3652 3484 servus
3683 3441 3873 3496 ret-reo

2290 3533 2475 3588 bendit
2518 3536 2570 3586 itt
2604 3529 2863 3584 Domitio?
2903 3528 3090 3582 Nonne
3123 3526 3368 3579 videmus
3406 3521 3674 3577 intetdntn
3701 3521 3869 3573 etiam

2288 3628 2642 3681 humanarum
2669 3626 2841 3694 legum
2872 3621 3362 3686 adtninistratores,
3397 3632 3502 3670 non
3531 3619 3706 3670 minus
3750 3629 3871 3668 tuo-

2286 3719 2567 3774 dcratione
2615 3731 2774 3785 quam
2835 3712 3175 3767 districtione
3225 3709 3631 3780 pra-dicendos.
3682 3704 3870 3760 multis

2287 3812 2612 3882 prarjndiciis
2653 3809 2954 3878 edictisque
2991 3805 3237 3873 repetitis
3271 3803 3516 3868 deposita
3568 3798 3868 3868 pr.nvenire

2279 3904 2485 3974 judicia
2508 3903 2530 3956 ?
2557 3901 2673 3956 .latn
2705 3900 2858 3967 culpa
2884 3897 3239 3961 convincitur,
3284 3905 3335 3949 et
3365 3894 3540 3948 adhuc
3571 3894 3642 3946 ira
3675 3889 3868 3944 differ-

2287 4006 2393 4049 tur.
2425 3995 2516 4050 Sic
2547 3993 2890 4064 prmtendnot
2919 3992 2969 4044 in
2998 3990 3285 4044 severitate
3307 3999 3529 4052 mounn,
3557 3995 3608 4038 nt
3635 3999 3736 4037 non
3761 3998 3865 4036 nc-

2285 4087 2487 4158 gligant
2521 4086 2572 4138 in
2601 4084 3030 4138 dissitnulatiOne
3078 4080 3390 4135 consilium.
3421 4079 3494 4133 Ita
3523 4089 3577 4133 et
3605 4075 3647 4131 D
3669 4075 3869 4130 nuious

2289 4189 2468 4231 noster
2491 4176 2608 4229 lucc
2635 4191 2753 4244 qua:
2781 4184 3040 4245 gerantur
3070 4173 3122 4226 in
3155 4171 3335 4237 terris,
3378 4187 3483 4223 non
3531 4168 3870 4238 negligenter

2287 4271 2514 4340 ignorat,
2543 4267 2638 4323 sed
2665 4269 2925 4336 patienter
2965 4274 3261 4334 exspectat.
3292 4267 3468 4332 Opera
3486 4274 3538 4316 et
3562 4264 3870 4318 voluntates

2290 4360 2566 4414 hominum
2590 4359 2836 4425 explorat
2864 4366 3012 4421 ante,
3057 4357 3137 4411 sic
3160 4355 3387 4424 jmlic-I'.
3411 4362 3616 4421 l'ensat,
3652 4354 3706 4405 in
3733 4366 3869 4406 con-

2289 4452 2594 4504 versatione
2624 4449 2730 4522 [vel
2762 4443 3137 4515 conversione]
3180 4447 3449 4506 meritum,
3499 4451 3766 4510 temperat
3813 4443 3869 4496 in

2290 4543 2546 4598 dilatione
2572 4541 2852 4608 indicium.
2877 4539 3085 4594 Sensim
3107 4536 3320 4592 ordinat
3341 4538 3593 4589 lnunanas
3623 4548 3720 4600 per
3749 4547 3869 4588 tuo.

2290 4653 2376 4693 ras
2407 4649 2707 4704 temporum
2728 4675 2744 4699 ,
2775 4633 3118 4702 dispensator
3145 4649 3173 4683 ιι
3194 4632 3521 4685 ternitattnn.
3558 4626 3656 4682 llic
3693 4625 3871 4681 ruina-

2290 4739 2376 4783 tnr
2399 4729 2585 4790 ictum,
2621 4729 2732 4781 illic
2755 4725 3122 4792 completurus
3144 4721 3445 4777 interitum.
3473 4719 3627 4786 Quod
3655 4718 3698 4771 si
3724 4717 3874 4773 Deus

2291 4821 2519 4875 bumana
2545 4818 2802 4880 neseiret,
2828 4816 2946 4883 quis
2972 4815 3143 4869 beatis
3168 4812 3499 4883 martyribus
3527 4807 3740 4864 instanti
3764 4813 3873 4862 ad-

2293 4910 2685 4968 ministratione
2731 4909 2855 4962 btlli
2901 4917 3048 4961 esset
3099 4904 3344 4974 adjutor?
3392 4914 3483 4956 ant
3513 4899 3783 4972 quomodo
3814 4899 3872 4953 ira

2285 5011 2559 5069 conspectu
2589 5001 2684 5053 Dei
2704 5009 2994 5053 sanctorum
3023 4998 3244 5068 pretiosa
3266 5011 3401 5048 mors
3429 5001 3594 5064 esset(
3618 4990 3710 5046 Pa.
3733 5005 3870 5056 ειν,

2289 5093 2420 5165 15)⁴ἒ
2451 5099 2556 5148 Λιιι
2578 5091 2719 5147 ttude
2759 5092 2900 5145 salus
2922 5092 3181 5161 juslorum
3210 5105 3242 5140 a
3277 5087 3516 5148 Domino.
3547 5085 3648 5140 uisi
3680 5093 3869 5149 prote-

2285 5190 2518 5244 ctionem
2554 5186 2609 5241 in
2642 5196 2892 5254 tempore
2942 5179 3304 5237 tribulationis
3356 5175 3705 5245 acciperent?
3733 5174 3870 5243 Qua

2286 5280 2462 5335 omnia
2509 5293 2607 5348 pro
2653 5276 2909 5345 religione
2937 5283 3099 5341 atque
3123 5272 3326 5341 justitia
3375 5268 3499 5324 tidei
3542 5268 3680 5323 bella
3729 5281 3870 5333 pra:-

2287 5371 2559 5433 liantibus,
2588 5367 2928 5439 praesentiam
2959 5364 3169 5420 Domini
3197 5361 3561 5431 exspectantis
3591 5367 3648 5413 ct
3678 5367 3871 5426 proto-

2286 5465 2462 5533 gentis
2488 5460 2743 5516 ostendit.
2798 5458 2951 5513 Unde
2999 5471 3096 5511 nos
3125 5469 3338 5525 quoque
3382 5449 3760 5506 auxiliatorem
3802 5447 3870 5500 ﬁ-

2289 5557 2440 5623 lium,
2470 5569 2531 5609 ac
2564 5561 2859 5622 martyrum
2903 5558 3263 5620 protectorem
3310 5544 3634 5599 fiducialitet'
3673 5552 3871 5594 exore-

2289 5661 2428 5709 tnus,
2454 5656 2512 5699 ut
2535 5655 2744 5700 nostras
2772 5655 2982 5711 quoque
3003 5654 3190 5693 manus
3219 5638 3286 5691 ad
3316 5647 3590 5691 certamen
3623 5628 3871 5702 spiritale

2287 5741 2603 5795 corroboret
2633 5745 2820 5791 contra
2853 5737 3059 5789 hostem
3091 5733 3262 5795 illurn,
3295 5731 3384 5798 qui
3428 5729 3473 5781 si
3506 5724 3870 5791 borrcscittar,
