4042 6188
564 265 670 324 867

1556 267 1613 321 S.
1657 263 1981 320 EUCIlERIl
2020 260 2502 320 LUGDUNENSIS
2542 258 2843 317 EPISCOPI

3733 259 3840 317 868

566 382 661 453 qui
685 381 1042 451 obtemperat.
1060 377 1417 445 dilectissimi,
1437 378 1554 432 sine
1575 376 1732 431 laude
1748 375 1887 431 erit?
1916 375 2012 429 llle
2042 390 2153 430 me—
2179 375 2233 435 Α
2258 374 2348 427 alii
2379 387 2607 427 coronas
2633 381 2842 426 nostras
2861 369 3145 441 accipiant.
3190 367 3518 424 Manendum
3543 376 3603 425 et
3628 383 3842 439 perma-

567 483 725 530 retur
749 472 986 543 regendo
1014 470 1265 540 gloriam,
1292 470 1378 525 hic
1405 469 1779 540 obsequendo.
1796 468 1876 524 Ad
1896 483 2146 539 magnum

570 579 700 635 ergo
724 563 892 618 decus
921 569 975 617 et
1006 560 1309 616 mercedem
1340 560 1409 615 ab
1448 570 1683 632 utroque
1720 560 1981 627 tenditur,
2020 560 2148 614 dum

570 656 708 710 alius
742 653 878 707 bene
917 650 1173 715 consulit,
1205 661 1259 705 et
1301 652 1437 707 alius
1466 652 1605 707 bene
1640 653 1900 707 consultis
1936 652 2149 708 obtem-

571 750 743 813 perat.
797 740 945 795 llanc
993 740 1354 795 obedientiam
1402 742 1635 797 maxime
1665 741 1919 797 Salvator
1965 751 2153 797 noster

568 831 858 887 inculcavit
886 832 1063 898 nobis,
1106 833 1201 905 qui
1249 846 1353 887 non
1383 833 1555 886 solum
1584 833 1709 888 dum
1754 848 1852 889 nos
1883 834 2151 906 redemit,

567 924 663 979 sed
692 922 854 978 etiam
886 923 1010 977 dum
1043 922 1411 978 obedientiam
1452 923 1629 991 docet,
1686 924 1894 980 salvare
1932 940 2032 980 nos
2060 941 2152 980 vo-

572 1020 705 1073 luit:
737 1017 960 1088 mqualis
990 1018 1132 1072 enim
1155 1016 1300 1072 Patri
1322 1018 1559 1073 obedivit
1578 1018 1749 1074 Patri.
1781 1017 1850 1073 Et
1880 1019 2153 1089 quomodo

569 1109 844 1167 obedivit?
872 1108 1138 1179 Numquid
1166 1111 1218 1164 in
1266 1124 1326 1165 re
1365 1109 1505 1165 facili
1548 1109 1824 1165 obedivit?
1872 1110 2040 1181 Usque
2083 1108 2153 1163 ad

572 1210 809 1256 mortem.
840 1202 907 1257 Et
934 1201 1147 1271 qualem
1180 1202 1455 1256 mortem?
1502 1211 1715 1256 mortem
1765 1214 1939 1256 autem
1985 1204 2153 1257 crucis

575 1292 741 1363 (Phil.
774 1309 831 1357 ll,
864 1290 943 1364 8).
989 1290 1097 1346 Nec
1127 1292 1301 1346 solum
1346 1292 1778 1362 obtemperavit,
1832 1293 1928 1348 sed
1988 1293 2151 1348 etiam

571 1385 906 1439 voluntatem
948 1384 1122 1438 Patris
1173 1384 1507 1439 voluntatem
1561 1399 1713 1438 suam
1763 1384 1908 1439 fecit.
1952 1383 2155 1440 Facere

574 1477 716 1532 enim
747 1491 864 1546 quae
890 1475 1145 1545 iubemur
1174 1477 1334 1531 etiam
1366 1475 1517 1531 inviti
1545 1490 1833 1544 possumus
1864 1494 1876 1527 :
1903 1475 1991 1531 illa
2024 1491 2152 1530 vera

573 1567 879 1622 obedientia
906 1576 1008 1632 est,
1036 1580 1156 1621 cum
1185 1580 1247 1621 ea
1274 1582 1392 1635 qua:
1418 1567 1529 1620 vult
1559 1566 1649 1621 ille
1677 1568 1766 1636 qui
1794 1567 2057 1635 prmcipit,
2089 1582 2159 1621 ea

576 1660 766 1728 incipit
792 1659 935 1713 velle
962 1660 1051 1726 qui
1086 1667 1255 1727 paret.
1286 1657 1559 1728 Scriptura
1592 1674 1745 1713 sacra
1796 1661 1901 1713 ait:
1950 1658 2153 1712 Bonum

2258 463 2487 517 nendum
2512 471 2623 530 est,
2657 470 2715 516 ut
2736 462 2822 517 hic
2849 461 3238 532 gloriosissime
3260 469 3588 530 pugnantes,
3619 462 3842 530 quietis-

2254 559 2389 611 sime
2412 557 2744 627 navigantes,
2763 554 3085 610 tutissimam
3112 556 3279 608 vitam
3311 555 3363 608 in
3391 553 3591 609 studiis
3621 553 3838 624 spirita-

2254 649 2395 704 libus
2428 650 2806 720 transigamus,
2853 656 2909 702 et
2953 644 3429 717 apprehendamus
3470 647 3640 701 vitam
3684 656 3844 702 aiter-

2256 756 2403 810 nam,
2423 743 2476 795 in
2504 755 2608 810 qua
2637 738 2814 795 vocati
2833 751 3039 793 sumus.

2326 835 2379 890 5.
2411 835 2657 891 Salvator
2685 843 2869 888 noster
2892 831 3161 901 loquitur:
3194 827 3319 884 Non
3337 839 3497 901 potest
3522 832 3713 885 civitas
3732 832 3850 885 abs-

2254 925 2407 981 condi
2434 941 2591 998 supra
2631 934 2854 977 montem
2880 923 3046 994 posita
3074 936 3093 976 :
3124 937 3285 990 neque
3329 923 3615 975 accendunt
3668 921 3846 975 tuter.

2257 1034 2397 1082 nam,
2426 1026 2473 1071 et
2502 1024 2703 1087 ponunt
2732 1031 2843 1068 eam
2888 1012 2981 1067 sub
3012 1011 3219 1076 modio,
3269 1012 3358 1067 sed
3404 1028 3550 1083 super
3595 1013 3850 1066 candela-

2258 1109 2425 1174 brum,
2453 1117 2508 1161 ut
2535 1108 2698 1160 luceat
2725 1104 2959 1159 omnibus
2988 1104 3075 1174 qui
3103 1105 3157 1157 in
3188 1104 3339 1157 doma
3383 1113 3507 1158 sunt
3537 1101 3760 1174 (Matth.
3796 1120 3849 1165 v,

2260 1200 2373 1273 M).
2402 1202 2566 1255 Recte
2593 1213 2724 1269 ergo
2754 1206 2861 1253 tam
2887 1196 3116 1252 illustris
3148 1197 3365 1251 lucerna
3396 1195 3498 1251 sub
3531 1197 3851 1251 monasterii

2259 1294 2439 1349 modio
2465 1293 2760 1347 constituta
2802 1291 2868 1345 ad
2904 1290 3161 1345 Ecclesia:
3192 1290 3449 1344 translata
3476 1299 3561 1345 est
3588 1290 3845 1345 candela-

2258 1385 2435 1440 brum.
2468 1383 2535 1437 Et
2565 1398 2696 1438 sane
2729 1382 2941 1437 modius
2985 1382 3086 1435 iste
3114 1380 3461 1450 evangelicus
3489 1382 3623 1435 bene
3650 1396 3845 1435 mona-

2258 1477 2424 1532 sterio
2452 1484 2752 1544 coaptatur,
2786 1474 2875 1527 ubi
2926 1472 3058 1526 nihil
3114 1473 3291 1541 agitur
3322 1471 3530 1541 absque
3562 1486 3841 1526 mensura.

2257 1569 2469 1624 Habent
2494 1568 2636 1621 enim
2671 1566 2782 1621 illic
2810 1566 3058 1620 universa
3084 1563 3354 1627 dimensa,
3387 1564 3565 1618 omnia
3594 1564 3729 1617 facta
3750 1577 3848 1617 aut

2260 1658 2400 1712 dicta
2433 1658 2738 1728 aequissima
2770 1658 2977 1712 ratione
3000 1656 3206 1725 prolata
3228 1665 3420 1711 tenent
3440 1655 3506 1709 ad
3530 1655 3697 1710 vicem
3727 1672 3848 1709 nio-

572 1761 646 1804 est
675 1750 867 1803 homini
894 1766 1008 1803 cum
1039 1751 1314 1816 portaverit
1332 1754 1522 1822 jugum
1544 1753 1864 1822 ajuventute
1897 1768 2023 1816 sua;
2068 1769 2148 1805 se-
2182 1754 2231 1813 Β
2259 1751 2334 1805 dii
2360 1752 2601 1806 modum.
2635 1750 2781 1806 Bene
2809 1766 2939 1820 ergo
2984 1749 3210 1820 spiritali
3262 1749 3540 1804 intellectu
3579 1765 3671 1817 per
3703 1749 3849 1802 hanc

574 1842 711 1896 debit
739 1841 1072 1910 singulariter
1099 1850 1147 1895 et
1176 1842 1355 1895 tacebit
1387 1840 1601 1911 (Thren.
1631 1858 1705 1909 tv,
1734 1842 1849 1912 27).
1882 1842 2154 1896 Ponamus

574 1948 703 2001 ergo
728 1931 1015 2000 adiuvante
1047 1948 1147 1987 nos
1174 1933 1395 1989 Christo
1422 1935 1503 1989 orl
1534 1943 1720 1989 nostro
1748 1936 1948 1990 ostium
1980 1946 2032 1991 et
2062 1950 2151 1990 se-

575 2038 686 2089 ras,
715 2033 768 2079 et
792 2026 975 2080 verbis
1021 2026 1220 2080 nostris
1271 2036 1546 2080 stateram.
1594 2028 1884 2095 Apostolus
1922 2042 2155 2097 namque

574 2117 685 2169 ait:
720 2118 819 2183 Qui
849 2116 972 2171 bene
1015 2119 1406 2183 ministraverit,
1448 2119 1664 2188 gradum
1712 2121 1900 2174 bonum
1940 2119 2037 2174 sibi
2066 2136 2155 2174 ac-

572 2209 729 2279 quirit
756 2207 798 2280 (l
828 2208 959 2261 Tim.
1006 2225 1085 2272 nt,
1123 2209 1231 2279 l5).

640 2303 693 2356 4.
732 2300 805 2354 Et
826 2300 941 2355 haec
972 2300 1209 2375 quidem,
1241 2302 1599 2367 dilectissimi,
1626 2316 1734 2356 non
1782 2303 1848 2358 ad
1878 2301 2157 2361 instrucm—

572 2394 669 2447 dos
696 2408 793 2447 vos
813 2394 1035 2463 loquor;
1069 2393 1171 2448 sed
1195 2403 1254 2448 ut
1280 2395 1596 2449 humilitatis
1626 2405 1682 2450 et
1708 2397 2029 2453 obedientire
2060 2400 2157 2453 bo-

572 2498 640 2538 na
662 2499 780 2553 quae
802 2485 1088 2551 exercetis,
1122 2486 1172 2537 in
1203 2487 1384 2540 verbis
1407 2487 1540 2540 meis
1569 2491 2003 2559 recognoscatis:
2034 2507 2157 2559 qum

574 2576 736 2641 bona,
769 2590 886 2644 qua:
927 2576 993 2630 ad
1035 2586 1297 2629 aeternum
1350 2577 1443 2632 Dei
1493 2593 1719 2647 regnum
1768 2596 1860 2633 vos
1893 2581 2157 2650 trahunt,

573 2665 817 2735 cupimus
862 2678 917 2720 ut
965 2667 1333 2721 indesinenter
1362 2670 1712 2737 possideatis.
1767 2670 1951 2741 Neque
2006 2674 2152 2727 enim

575 2759 664 2827 qui
706 2758 962 2827 ceperit,
1004 2757 1098 2812 sed
1146 2759 1235 2827 qui
1278 2761 1705 2829 perseveraverit,
1741 2760 1827 2815 hic
1859 2763 2028 2817 salvus
2058 2764 2161 2817 erit

584 2848 777 2920 (Marc.
812 2848 899 2913 £0,
934 2848 1047 2921 12).
1091 2849 1149 2903 Ei
1180 2858 1356 2904 autem
1394 2853 1484 2919 qui
1530 2852 1646 2906 vult
1673 2854 1855 2908 salvus
1893 2868 2033 2919 esse,
2068 2854 2159 2910 hic

577 2945 889 2999 certandum
922 2954 1025 3000 est.
1052 2945 1106 3002 Si
1137 2947 1258 3016 quis
1290 2948 1340 2999 in
1374 2962 1570 3017 pugna,
1593 2951 1811 3019 quando
1834 2949 1982 3006 acies
2007 2953 2155 3007 ordi-

572 3045 755 3102 natur,
780 3044 834 3091 et
862 3045 1050 3091 contra
1080 3038 1421 3094 adversarios
1448 3047 1644 3107 statur,
1693 3041 1812 3096 loco
1846 3058 1944 3099 suo
1968 3060 2152 3100 reces-

2263 1844 2485 1914 liguram
2518 1843 2830 1899 monasterii
2874 1845 3307 1911 interpretamur,
3340 1857 3459 1910 qua:
3490 1843 3555 1894 ad
3592 1841 3850 1895 similitu-

2258 1934 2438 1990 dinem
2468 1934 2635 1988 modii
2683 1934 2815 1989 nihil
2858 1935 3029 1988 soleat
3058 1933 3110 1987 in
3144 1948 3204 1987 se
3245 1934 3443 1987 habere
3488 1932 3847 2002 permixtum.

2260 2030 2392 2086 Nam
2422 2031 2562 2085 sicut
2590 2031 2822 2084 triticum
2854 2044 2883 2082 a
2914 2029 3084 2098 paleis
3131 2038 3488 2098 segregatum,
3531 2029 3601 2081 ita
3629 2028 3700 2082 de
3732 2045 3847 2081 sa?-

2259 2124 2381 2178 culo
2410 2130 2688 2189 separatos
2722 2122 2961 2192 recipere
3012 2122 3318 2185 consuevit;
3364 2130 3419 2174 et
3467 2132 3587 2191 post
3618 2121 3851 2175 Domini

2261 2214 2645 2277 ventilabrum,
2678 2215 2769 2283 qui
2799 2214 3020 2268 mundat
3055 2228 3235 2268 aream
3265 2228 3438 2279 suam,
3470 2213 3662 2280 ejectis
3693 2214 3851 2267 foras

2259 2308 2620 2363 excrementis
2652 2314 2921 2375 tamquam
2972 2306 3187 2375 puriora
3229 2306 3341 2375 jam
3390 2321 3554 2375 grana
3594 2306 3739 2360 intra
3780 2322 3847 2361 se

2259 2400 2461 2454 electos
2505 2413 2631 2453 suos
2663 2398 2921 2453 continet.
2949 2396 3185 2453 Proinde
3221 2397 3362 2452 sicut
3389 2398 3603 2453 modius
3650 2415 3848 2452 mona—

2260 2490 2449 2554 sterio,
2486 2490 2557 2542 isa
2586 2490 2971 2544 candelabrum
3016 2488 3270 2545 Ecclesiae
3306 2501 3680 2558 comparatur:
3712 2491 3847 2559 quia

2260 2597 2381 2637 cum
2409 2581 2481 2636 sit
2509 2580 2563 2635 in
2591 2580 2738 2635 edito
2766 2581 2852 2635 Vel
2877 2583 2928 2634 in
2966 2583 3256 2650 conspicuo
3302 2580 3620 2648 constituta,
3660 2582 3849 2651 splen-

2260 2674 2447 2728 dorem
2476 2673 2541 2727 ad
2571 2688 2631 2729 se
2670 2676 2986 2729 translatum
3027 2674 3197 2728 oculis
3226 2673 3481 2741 eﬂ‘erens,
3516 2676 3692 2729 lumen
3740 2676 3847 2728 sibi

2261 2764 2571 2833 impositum
2603 2766 2813 2819 cunctis
2843 2765 3099 2819 ostendit.
3131 2765 3405 2821 Accensus
3444 2765 3579 2835 ignis
3606 2767 3847 2819 rationa-

2259 2856 2442 2911 biliter
2467 2855 2739 2926 profertur
2765 2865 2821 2911 ut
2852 2856 3062 2924 luceat;
3099 2873 3285 2927 parum
3333 2860 3479 2914 enim
3512 2858 3738 2928 prodest
3772 2860 3853 2911 la-

2260 2958 2381 3004 tens
2411 2951 2633 3016 bonum,
2656 2967 2844 3020 parum
2876 2951 3018 3005 lucet
3048 2952 3224 3005 lumen
3256 2952 3648 3006 absconditum.
3681 2950 3853 3005 Exal~

2260 3050 2337 3107 ta,
2398 3040 2712 3096 beatissime
2744 3040 3003 3111 pontifex,
3044 3042 3183 3095 sicut
3236 3041 3361 3095 tuba
3410 3057 3596 3096 vocem
3654 3051 3801 3096 tuam
3832 3060 3844 3071 ·

571 3130 718 3196 serit,
762 3128 1024 3199 deinceps
1076 3130 1298 3199 ignavus
1342 3147 1405 3187 ac
1450 3124 1637 3203 refuga
1672 3134 1915 3191 habetur.
1958 3137 2015 3191 lu
2047 3138 2148 3195 hoc
2176 3126 2224 3190 C
2255 3134 2470 3190 cmlitus
2501 3134 2745 3190 edissere
2791 3134 3031 3204 populis;
3083 3136 3260 3189 revela
3309 3150 3469 3205 quem
3520 3136 3577 3190 in
3617 3138 3851 3190 secretis

570 3235 780 3288 quoque
809 3221 929 3274 loco
964 3221 1169 3276 milites
1192 3222 1394 3277 Christi
1431 3223 1721 3281 adversum
1770 3228 2044 3285 diabolum
2072 3233 2150 3286 vi-

570 3311 763 3366 dentur
789 3316 937 3380 quasi
967 3313 1018 3365 in
1061 3314 1175 3367 acie
1215 3314 1445 3370 ordinati
1479 3326 1652 3371 stare:
1693 3318 1951 3376 deserere
1974 3332 2153 3377 certi-

571 3418 692 3455 men
725 3412 778 3457 et
799 3403 1080 3457 discedere
1111 3402 1265 3469 hinc,
1296 3420 1401 3459 non
1432 3406 1603 3461 solum
1647 3410 2021 3479 ingloriosum,
2054 3429 2151 3469 ve-

572 3510 686 3547 rum
717 3496 879 3549 etiam
932 3495 1291 3563 periculosum
1319 3507 1419 3551 est.
1477 3499 1791 3555 Manendum
1831 3515 1913 3559 est
1964 3507 2017 3561 in
2050 3507 2154 3563 hoc

570 3585 761 3639 eodem
792 3584 947 3648 loco;
979 3593 1038 3639 ut
1061 3588 1369 3642 tenentibus
1400 3589 1555 3644 nobis
1580 3592 1724 3660 quod
1747 3602 2016 3665 tenemus,
2042 3615 2151 3654 non

2259 3225 2492 3281 ell'ndisti
2526 3225 2835 3281 thesaurum
2868 3236 3047 3293 tuum;
3076 3243 3268 3297 Sparge
3294 3242 3428 3293 Opes
3456 3242 3590 3295 quas
3617 3229 3851 3298 conqui-

2260 3321 2410 3386 sisti;
2434 3320 2652 3375 divitias
2685 3336 2820 3391 quas
2866 3321 2921 3375 in
2952 3336 3137 3376 eremo
3166 3322 3363 3389 parasti
3397 3320 3569 3390 palam
3596 3324 3854 3376 esurien-

2264 3413 2409 3469 tibus
2447 3411 2679 3479 eﬁ‘unde,
2728 3412 3016 3481 adjuvante
3063 3413 3293 3468 Domino
3319 3426 3504 3468 nostro
3534 3414 3660 3469 Jesu
3689 3413 3853 3469 Cltri-

2265 3516 2383 3573 sto,
2414 3506 2507 3576 qui
2544 3522 2664 3562 cum
2718 3506 2829 3561 Deo
2861 3506 3019 3562 Patre
3064 3515 3120 3561 et
3165 3506 3368 3577 Spiritu
3398 3516 3583 3564 sancto
3619 3509 3753 3563 vivit
3798 3519 3853 3562 et

2265 3610 2455 3672 regnat
2480 3601 2532 3655 in
2565 3600 2763 3655 saecula
2790 3602 3133 3657 saaculorum.
3189 3602 3381 3656 Amen.

578 3714 3165 3755 ._._.___________________________________

1408 3831 2083 3949 SANG'I‘I
2155 3839 3040 3955 EUGEEBII

1745 4027 2292 4093 LUGDUNENSIS
2334 4032 2690 4096 EPISCOPI

748 4178 1733 4337 EPITOMES
1815 4190 2666 4346 OPERUM
2749 4197 3665 4348 CASSIANI

1430 4422 1591 4505 AD
1662 4420 2300 4516 CASTOREM
2371 4430 2994 4520 APTENSEM

1889 4602 2198 4682 LIBRI
2273 4608 2517 4685 DUO.

1597 4853 2077 4962 LIBER
2152 4858 2807 4969 PRIMUS.

1356 5011 1461 5075 DE
1503 5012 1927 5079 CANONICIS
1970 5017 2535 5083 COENOBIORUM
2584 5022 3039 5086 lNSTl'I‘UTIS.

644 5150 695 5205 l.
723 5148 892 5225 (Cass.
920 5148 1055 5206 Inst.
1080 5152 1232 5222 prmi.
1262 5160 1309 5206 et
1338 5153 1427 5207 tib.
1452 5169 1490 5209 ll
1523 5127 1638 5225 cap.
1672 5155 1854 5227 7-H.)
1882 5157 2014 5213 Cum
2037 5159 2154 5228 jus-
2181 5163 2233 5222 D
2261 5171 2334 5228 te,
2366 5164 2536 5216 coaeti
2567 5174 2713 5218 sunt.
2748 5165 2986 5237 Itemque
3027 5170 3145 5223 misi
3172 5169 3453 5227 beatorum
3483 5176 3723 5230 virorum
3752 5190 3846 5230 ca-

568 5243 704 5303 seris
742 5244 896 5313 mihi,
937 5243 1251 5300 beatissime
1296 5252 1450 5315 pater
1472 5245 1686 5312 Castor,
1708 5256 1768 5302 ut
1789 5248 2152 5309 Orientalium

566 5337 909 5409 maximeque
956 5333 1336 5407 Egyptiorum
1389 5337 1808 5407 coenobiorum,
1864 5346 2152 5401 canonicos

566 5427 661 5483 tibi
717 5427 1133 5485 constitutiones
1203 5427 1583 5495 declararem,
1652 5446 1788 5499 quas
1834 5412 1985 5490 'meis
2038 5438 2152 5505 ipse

564 5520 737 5577 oculis
758 5522 1043 5594 conspexi,
1060 5530 1164 5576 tua:
1184 5520 1416 5590 iussioni
1432 5519 1836 5591 obtemperans,
1852 5524 1968 5581 haec
1986 5543 2150 5597 pauca

566 5613 663 5669 tibi
694 5614 867 5669 verba
907 5614 1218 5680 transmisi;
1245 5622 1305 5669 ut
1337 5614 1463 5668 hinc
1488 5611 1745 5669 viaticum
1790 5618 1856 5672 ad
1899 5621 2149 5677 virtutem

567 5703 638 5760 iis
659 5713 920 5775 suppetat-
936 5706 1031 5777 qui
1058 5705 1114 5759 in
1136 5719 1276 5760 novo
1298 5713 1393 5759 tuo
1418 5706 1775 5775 monasterio,
1807 5708 1923 5766 Deo
1948 5712 2149 5781 juvan-

2259 5266 2521 5317 nones,et
2545 5256 2679 5310 alios
2704 5260 3013 5314 nonnullos.
3049 5260 3282 5317 Necesse
3308 5275 3392 5319 est
3423 5266 3603 5336 itaque
3634 5278 3692 5321 ut
3720 5276 3849 5321 ante

2258 5347 2437 5401 omnia
2467 5351 2537 5400 de
2570 5347 2844 5415 oratione,
2875 5350 3139 5406 bonorum
3180 5357 3422 5409 omnium
3454 5371 3616 5413 causa
3637 5402 3652 5428 ,
3679 5358 3848 5414 verba

2256 5437 2449 5492 faciam
2469 5454 2484 5505 ;
2504 5441 2776 5509 quomodo
2794 5441 3003 5499 scilicet
3026 5455 3079 5500 et
3099 5461 3257 5516 quam
3280 5449 3483 5519 optimo
3505 5465 3629 5507 cum
3654 5451 3850 5509 ordine

2256 5531 2309 5584 in
2366 5531 2591 5601 Egypti
2620 5543 2671 5588 et
2720 5534 3013 5593 Thebaidis
3057 5542 3321 5597 ccenobiis
3350 5558 3467 5599 cum
3507 5547 3838 5614 persolvant.

2254 5621 2575 5695 Congregati
2605 5630 2808 5697 quippe
2838 5630 3029 5687 eodem
3054 5634 3106 5686 in
3133 5617 3253 5690 loco
3275 5676 3290 5701 ,
3327 5646 3571 5706 tempore
3600 5640 3845 5711 synaxis,

2258 5727 2538 5788 postquam
2570 5719 2851 5778 absolutus
2880 5730 2966 5779 est
2996 5724 3262 5796 psalmus,
3292 5742 3398 5785 non
3427 5729 3613 5785 statim
3646 5730 3714 5787 ad
3740 5743 3841 5800 ge-
