4042 6188
152 212 267 265 869
353 220 361 231 ⁵

1204 202 1549 257 ΕΡΙΤΟΜΙιΒ
1593 196 1877 253 OPERUM
1906 190 2209 252 CASSIANI
2236 192 2365 250 LIB.
2407 190 2447 249 Ι.

3327 190 3514 271 πο,

153 322 531 379 nullcxionem
559 322 800 383 veniunt,
828 318 924 374 sed
954 318 1266 387 priusquam
1300 334 1473 387 genua
1504 317 1741 381 ﬂectant,
1774 316 1829 376 Α
1854 329 1949 383 per
1978 330 2245 369 summam
2277 312 2638 369 obedientiam
2678 311 2909 367 dederit.
2945 311 3039 367 His
3070 310 3259 379 itaque
3310 325 3434 379 pro-

152 417 379 473 modioo
425 428 671 484 tempore
698 420 905 468 stantes
946 411 1205 481 expansis
1262 412 1509 465 manibus
1557 418 1742 476 orant;

151 520 355 579 postea
392 508 541 564 humi
586 506 864 577 proetrati,
897 514 953 558 et
979 503 1117 558 facta
1147 505 1301 559 brevi
1335 506 1472 558 inter
1501 502 1745 571 genuﬂe-

152 604 419 656 ctendum
443 602 713 663 oratione,
746 612 847 652 una
880 609 1106 667 surgunt
1149 611 1337 651 omnes
1370 615 1383 650 :
1430 611 1495 650 ac
1536 610 1745 649 rursum

148 696 422 761 expansis
451 690 700 745 manibus
720 729 737 753 ,
768 688 977 742 diutius
1015 698 1179 757 atque
1219 687 1516 742 ferventius
1546 687 1749 755 suppli-

149 786 407 840 cationes
438 783 788 854 persolvunt,
822 782 1035 837 nemine
1065 782 1459 848 genuflectente
1488 822 1503 846 ,
1550 787 1643 834 aut
1681 796 1744 833 ex

150 878 547 945 genuﬂexioue
574 892 696 931 sese
729 877 1003 944 erigente,
1035 876 1211 929 donec
1236 875 1279 929 is
1310 875 1398 943 qui
1446 875 1747 929 orationem

151 970 373 1031 recitat,
391 968 542 1036 prtior
562 965 939 1035 genuﬂexerit,
964 975 1057 1019 aut
1080 966 1224 1034 prior
1246 965 1565 1019 surrexerit.
1584 963 1751 1017 Prout

153 1058 339 1126 itaque
371 1061 582 1113 dictum
627 1067 744 1123 est,
794 1074 914 1113 cum
948 1057 1215 1124 ejusmodi
1249 1057 1532 1127 synaxium
1587 1069 1747 1110 causa

150 1152 522 1213 conveniunt,
558 1161 769 1203 tantum
790 1151 857 1202 ab
884 1150 1137 1203 omnibus
1162 1160 1411 1203 servatur
1438 1148 1712 1202 silentium
1732 1192 1746 1213 ,

153 1248 212 1293 ut
254 1241 312 1295 in
358 1252 513 1295 tanto
558 1250 617 1296 et
662 1256 801 1309 pene
832 1239 1216 1293 innumerabili
1258 1247 1402 1293 coetu
1429 1280 1443 1301 ,
1478 1238 1747 1293 neminem

152 1331 353 1386 adesse
386 1333 664 1397 videntur;
703 1332 1039 1400 potissimum
1089 1347 1217 1383 vero
1271 1341 1516 1397 tempore
1544 1332 1748 1385 oratio-
1786 1378 1791 1385 .

152 1438 307 1484 num,
339 1440 451 1492 quo
486 1440 659 1493 neque
687 1434 901 1492 sputum
929 1424 1214 1488 emittitur,
1266 1438 1439 1490 neque
1473 1425 1633 1477 tussis
1655 1438 1746 1478 au-

154 1513 300 1568 ditur
324 1532 339 1568 :
372 1531 483 1569 non
506 1517 616 1569 illic
640 1515 1132 1584 pigritimsiguum,
1158 1528 1262 1566 non
1283 1512 1619 1577 dormitatio,
1645 1529 1750 1567 non

154 1607 438 1670 oscitatio,
494 1622 598 1661 non
624 1607 858 1673 gemitus
905 1620 1027 1658 cum
1083 1618 1217 1657 sono
1264 1604 1574 1656 audiuntur.
1616 1603 1749 1655 Eum

1850 406 2029 471 batus,
2050 417 2109 459 ut
2138 405 2504 460 admittendus
2527 403 2723 459 abillis
2745 402 2975 458 habetur
2998 411 3161 470 atque
3183 401 3432 466 docetur,

1850 513 1919 551 ne
1948 497 2241 566 quidquam
2275 497 2348 551 de
2377 496 2533 550 bonis
2558 496 2671 549 suis
2695 492 2839 564 apud
2865 509 2925 549 se
2946 493 3280 548 reconditum
3305 508 3433 547 con-

1848 599 2029 644 servet
2056 607 2069 642 :
2101 590 2252 658 gnari
2285 589 2497 643 scilicet
2522 603 2646 642 eum
2678 587 2769 655 qui
2798 585 2867 641 de
2910 584 3070 641 bonis
3107 586 3223 639 suis
3272 583 3431 655 quid-

1849 697 2007 752 quam
2032 684 2250 748 retinet,
2286 698 2391 736 non
2425 695 2583 750 posse
2606 679 2701 734 diu
2739 681 2791 734 in
2818 678 3133 734 monasterii
3162 676 3431 733 obedien-

1852 775 1922 829 tia
1951 790 2291 843 permanere,
2327 790 2503 844 neque
2531 774 2597 828 ad
2626 772 2787 827 finem
2836 788 3007 840 usque
3053 785 3426 839 perseverare,

1848 882 1962 937 pra:
1986 870 2151 923 animi
2180 869 2435 939 languore
2463 884 2526 923 ac
2555 868 2739 921 tmdio.
2760 866 2892 920 Cum
2916 866 3122 936 quaevis
3151 863 3295 920 enim
3325 861 3429 918 mi-

1850 960 1994 1015 nima
2020 962 2237 1015 occasio
2265 971 2355 1015 aut
2380 960 2598 1016 afﬂictio
2624 961 2740 1030 ejus
2766 959 3009 1015 movebit
3029 959 3289 1023 animum,
3315 965 3429 1012 sta-

1852 1050 1949 1103 tim
1977 1051 2240 1105 reconditi
2280 1052 2521 1106 thesauri
2555 1066 2700 1120 spes,
2749 1051 2902 1121 quasi
2951 1049 3113 1105 funda
3172 1051 3425 1122 lapidem,

1852 1144 2185 1197 monasterio
2219 1143 2365 1197 illum
2409 1144 2577 1212 ejicit.
2608 1144 2789 1211 Quare
2832 1143 3008 1214 quivis
3036 1143 3247 1198 illorum
3293 1145 3430 1209 anti-

1852 1234 1973 1302 quis
1996 1235 2429 1301 possessionibus
2453 1235 2692 1302 exuitur,
2713 1237 2782 1289 ita
2802 1246 2859 1290 ut
2886 1252 2951 1290 ne
2977 1236 3304 1291 vestimento
3318 1236 3431 1305 qui-

1852 1325 1973 1379 dem
2003 1342 2109 1395 quo
2140 1327 2361 1381 indutus
2382 1337 2498 1381 erat
2522 1328 2593 1381 uti
2625 1328 2725 1381 sibi
2751 1328 2929 1383 liceat.
2957 1327 3063 1382 Sed
3091 1326 3432 1397 congregatis

1852 1420 2065 1473 cunctis
2093 1418 2369 1484 fratribus,
2394 1420 2446 1473 in
2471 1419 2704 1474 medium
2728 1420 3015 1485 adductus,
3032 1420 3248 1473 exuitur
3271 1417 3433 1489 vesti-

1852 1511 2054 1564 mentis
2104 1512 2364 1580 propriis,
2420 1520 2477 1565 et
2524 1528 2710 1568 eorum
2766 1514 2885 1568 loco
2933 1513 3140 1567 abbatis
3183 1511 3433 1567 manibus

1854 1606 2171 1657 monasterii
2206 1606 2548 1660 vestimentis
2579 1605 3009 1671 induitur;utea
3042 1606 3213 1661 forma
3238 1620 3435 1678 cogno-

156 1712 405 1766 namque
434 1698 524 1766 qni
554 1711 666 1766 prae,
696 1712 894 1750 nausea
930 1703 983 1748 et
1014 1696 1179 1748 animi
1211 1695 1439 1747 mollitie
1466 1710 1585 1748 cum
1639 1694 1749 1748 cla-
1781 1694 1829 1754 Β
1853 1705 1969 1749 scat
1998 1695 2135 1763 ipse,
2161 1710 2217 1749 se
2252 1697 2535 1750 mundanis
2580 1699 2739 1751 rebus
2778 1698 3033 1751 omnibus
3054 1737 3069 1763 ,
3122 1697 3439 1766 arrogantia

153 1802 315 1842 more
370 1804 644 1856 precatur,
699 1788 847 1841 aiunt
892 1786 1177 1854 dupliciter
1206 1800 1432 1855 peccare
1479 1802 1493 1838 :
1551 1787 1747 1854 primo,

153 1881 300 1949 quod
331 1883 580 1950 segniter
600 1891 749 1945 oret;
779 1880 1039 1942 secundo,
1066 1879 1207 1946 quod
1237 1880 1631 1948 indisciplinata
1661 1880 1747 1933 illa

154 1988 313 2043 voce,
341 1974 582 2044 proximi
608 1988 769 2027 aures
797 1972 1055 2026 obtundat
1076 1987 1138 2025 ac
1167 1984 1399 2026 mentem
1440 1972 1707 2026 distrahat
1733 1989 1745 2027 :

154 2067 549 2121 invadentibus
600 2081 703 2119 una
737 2065 987 2133 malignis
1024 2064 1327 2133 spiritibus,
1362 2065 1450 2133 qui
1481 2080 1601 2119 cum
1654 2078 1751 2118 nos

154 2160 399 2215 viderint
438 2161 488 2213 in
520 2161 767 2214 oratione
797 2168 1023 2222 Stantes,
1055 2159 1426 2214 indecentibus
1482 2174 1585 2213 nos
1606 2159 1751 2229 cogi-

158 2256 465 2309 tationibus
492 2262 549 2309 et
579 2268 773 2307 nausea
804 2265 966 2319 atque
996 2251 1210 2305 fastidio
1265 2252 1502 2304 animam
1555 2266 1749 2321 aggra-

158 2356 312 2401 vant.
358 2346 495 2411 Quae
542 2360 701 2399 causa
735 2354 817 2399 est
848 2354 901 2397 nt
936 2343 1192 2412 psalmos,
1220 2358 1323 2396 non
1351 2358 1472 2397 cum
1521 2344 1750 2400 tumultu

157 2450 211 2494 et
243 2439 662 2508 perturbatione
686 2437 992 2490 festinando
1017 2437 1262 2493 recitent,
1298 2450 1469 2503 neque
1498 2450 1747 2489 versuum

159 2530 536 2592 multitudine,
568 2530 660 2584 sed
695 2528 889 2581 ruentis
918 2526 1349 2581 consideratione
1379 2528 1745 2581 oblectentur:

159 2639 219 2677 ea
251 2623 474 2678 scilicet
497 2621 825 2690 cogitatione
856 2621 902 2672 ei
935 2618 1293 2686 obsequentes
1320 2619 1409 2687 qui
1440 2618 1515 2671 ait
1542 2635 1555 2671 :
1589 2616 1745 2672 Psal-

160 2721 262 2773 lam
292 2718 507 2785 spirilu,
543 2716 763 2784 psallam
791 2724 839 2768 et
868 2722 1031 2767 mente
1059 2713 1104 2784 (Ι
1130 2712 1249 2767 Cor.
1306 2728 1426 2777 xtv,
1460 2711 1549 2783 15)
1584 2730 1598 2768 :
1645 2714 1748 2767 rati

164 2811 349 2864 utilius
376 2824 502 2864 esse
530 2808 717 2863 decem
768 2821 956 2861 versus
993 2822 1114 2861 cum
1146 2808 1448 2859 attentione
1491 2805 1745 2874 psallere,

160 2917 322 2969 qnam
354 2910 526 2954 totum
560 2900 872 2969 psalterium
905 2914 1027 2953 cum
1057 2898 1372 2951 confusione
1413 2898 1628 2950 mentis.

227 2994 281 3047 2.
317 2994 491 3064 (Cass.
527 2992 657 3045 Insl.
694 2994 729 3045 Ι.
766 3009 825 3055 tt,
860 3010 903 3045 c.
936 2990 1049 3059 15.)
1096 2990 1391 3058 Completis
1427 2990 1650 3056 pSalmis
1694 3000 1748 3043 et

1851 1787 1978 1840 item
2024 1796 2079 1841 et
2119 1789 2368 1857 superbia
2425 1788 2706 1853 nudatum,
2768 1788 3011 1844 induisse
3059 1798 3431 1860 paupertatem

1850 1875 2097 1942 Christi,
2126 1888 2181 1931 et
2222 1880 2340 1933 sine
2387 1880 2593 1947 pudore
2636 1893 2756 1933 sese
2784 1894 3179 1937 connumerare
3206 1890 3258 1937 et
3285 1896 3433 1937 exae-

1849 1984 2017 2037 quare
2039 1971 2256 2039 corpori
2282 1970 2656 2026 fraternitatis.
2674 1972 3009 2027 Vestimenta
3034 1984 3213 2029 autem
3237 1973 3434 2044 quibus

1850 2062 2088 2128 exuitur,
2120 2071 2341 2132 accepta
2370 2074 2551 2119 servat
2581 2079 2896 2119 meonomus
2919 2067 3255 2133 monasterii,
3270 2075 3434 2136 atque

1850 2168 2095 2207 seorsum
2128 2154 2369 2222 reponit;
2394 2153 2570 2210 donec
2593 2156 2709 2224 ipse
2738 2156 3031 2224 profectus,
3060 2167 3430 2214 conversatio—

1852 2246 1939 2298 nis
1968 2246 2355 2313 patientiazque
2393 2249 2445 2300 in
2504 2249 2666 2301 variis
2706 2250 3101 2305 tentationibus
3152 2252 3430 2321 Specimen

1851 2337 2085 2391 dederit.
2126 2339 2193 2391 Et
2221 2338 2266 2392 si
2297 2340 2511 2408 quidem
2542 2340 2979 2410 deprehendatur
3012 2345 3064 2396 in
3096 2346 3244 2399 hisce
3274 2360 3434 2415 posse

1854 2446 2231 2500 perseverare,
2262 2440 2425 2497 atque
2453 2448 2519 2487 eo
2575 2434 2759 2489 studio
2808 2443 2863 2489 et
2902 2435 3133 2491 ferventi
3158 2438 3434 2507 proposito

1852 2540 1956 2593 quo
1988 2527 2150 2593 rtepit
2196 2542 2538 2595 permanere,
2570 2527 2798 2597 reliquis
2824 2544 2946 2582 eum
2978 2529 3237 2585 fratribus
3260 2547 3435 2586 annu-

1852 2628 2085 2672 merant.
2123 2618 2274 2683 Quod
2306 2620 2350 2674 si
2382 2621 2433 2673 in
2458 2634 2524 2673 eo
2555 2622 3005 2675 murmurationis
3030 2622 3311 2688 delictum,
3342 2632 3437 2679 aut

1852 2708 2230 2764 inobedientia:
2244 2710 2531 2779 cujuslibet
2548 2720 2828 2779 peccatum
2842 2716 3433 2780 comperiant,exutum

1850 2817 1972 2856 eum
2005 2804 2322 2859 monasterii
2352 2806 2716 2869 vestimentis,
2748 2820 2809 2859 ac
2837 2806 3119 2860 mundanis
3145 2808 3324 2863 denuo
3354 2809 3432 2863 in-

1852 2893 2122 2948 dumentis
2152 2894 2407 2948 amictum
2439 2912 2505 2949 ex
2530 2896 2781 2950 coenobio
2802 2897 3104 2965 expellunt.
3125 2898 3201 2951 Ita
3224 2908 3283 2952 ut
3310 2907 3435 2967 post

1855 2994 1959 3036 tam
1992 2996 2297 3039 accuratam
2330 2986 2732 3055 probationem,
2773 3004 2880 3042 non
2910 2987 3068 3043 facile
3093 2990 3164 3044 sit
3190 2990 3431 3058 volenti,

158 3102 401 3150 canone,
446 3087 518 3136 uti
569 3085 817 3151 superius
846 3085 1283 3145 memoravimus,
1317 3096 1476 3134 nemo
1523 3080 1746 3133 fratrum
1774 3058 1820 3121 Ο
1854 3073 2078 3127 arbitrio
2104 3090 2201 3129 suo
2231 3076 2313 3131 vel
2342 3076 2551 3145 ingredi
2587 3078 2668 3131 vel
2711 3093 2741 3133 e
2786 3081 3116 3134 monasterio
3140 3081 3430 3140 secedere;

160 3176 245 3231 vel
275 3173 552 3229 tantillum
579 3175 836 3242 temporis
866 3187 989 3226 cum
1012 3172 1118 3225 alio
1146 3180 1289 3225 stare
1340 3180 1429 3223 aut
1472 3171 1637 3224 verba
1664 3170 1745 3223 fa-

159 3285 291 3325 cere
316 3267 512 3333 audet;
545 3267 639 3321 sed
675 3282 847 3335 neque
876 3265 1011 3319 cella
1050 3263 1255 3331 egredi,
1284 3272 1377 3317 aut
1428 3277 1563 3330 opus
1595 3262 1749 3317 desc-

160 3376 284 3417 rere
314 3375 498 3425 suum,
528 3359 669 3427 quod
699 3373 807 3426 pra:
837 3356 1087 3410 manibus
1117 3363 1329 3417 tractat,
1356 3352 1509 3421 juxta
1537 3364 1750 3423 aposto-

160 3452 710 3519 licumprmceptum;
740 3449 840 3500 nisi
887 3445 1179 3499 necessarii
1232 3443 1508 3512 cujusdam
1565 3446 1748 3513 operis

160 3546 456 3599 occasione
499 3559 687 3598 omnes
724 3558 827 3597 una
860 3540 1149 3596 c0uvenire
1195 3550 1444 3609 Oporteat
1477 3558 1490 3593 :
1541 3542 1745 3608 egressi

159 3645 344 3690 autem
395 3649 531 3703 opus
576 3648 730 3688 suum
790 3642 1177 3702 exsequuntur,
1213 3634 1287 3686 ita
1326 3643 1387 3687 ut
1428 3648 1495 3687 ne
1527 3633 1751 3687 minima

160 3731 379 3798 quidem
414 3730 554 3783 inter
579 3743 673 3783 eos
694 3730 765 3782 sit
789 3728 1185 3792 confabulatio,
1234 3730 1329 3784 sed
1358 3729 1552 3798 singuli
1580 3728 1747 3783 medi-

163 3824 353 3875 tationi
384 3822 583 3874 mentis
608 3829 798 3874 vacent
823 3831 878 3874 et
907 3822 1135 3888 psalmo,
1165 3832 1219 3875 et
1249 3821 1390 3889 quod
1416 3822 1516 3875 sibi
1536 3822 1745 3889 jussum

162 3925 242 3967 est
284 3913 567 3982 impleant.
594 3913 779 3981 Magna
810 3928 969 3980 porro
1016 3913 1382 3968 sollicitudine
1408 3924 1628 3978 cavent,
1679 3928 1747 3968 ne

164 4004 280 4071 quis
298 4004 531 4057 fratrum
562 4019 684 4058 cum
703 4004 809 4059 alio
835 4005 1063 4058 maxime
1091 4006 1294 4057 novitio
1315 4005 1461 4059 solus
1493 4020 1744 4076 umquam

165 4096 522 4166 relinquatur,
543 4104 636 4149 aut
666 4098 911 4151 extensis
957 4097 1204 4151 manibus
1252 4098 1484 4165 aliquem
1535 4108 1747 4153 contre-

172 4198 317 4241 ctare
344 4194 439 4241 aut
472 4186 761 4255 complecti
784 4187 995 4241 audeat.
1013 4186 1165 4253 Quod
1192 4186 1237 4240 si
1264 4187 1385 4257 quis
1409 4189 1545 4241 hanc
1570 4197 1745 4242 trans-

165 4281 310 4346 gredi
362 4280 601 4347 regulam
654 4280 1133 4350 deprehendatur,
1185 4281 1520 4349 gravissima:
1561 4296 1745 4336 corre-

170 4373 329 4441 ptiolti
364 4374 669 4441 subjicitur.

234 4468 287 4519 5.
323 4432 493 4536 (Cass.
526 4464 659 4519 Inst.
692 4464 732 4517 ι.
756 4480 830 4527 tv,
864 4482 909 4518 ο.
940 4464 1081 4534 1-6.)
1138 4463 1213 4517 De
1252 4465 1511 4518 canonico
1560 4464 1738 4533 itaque
1766 4432 1820 4493 Β

169 4572 350 4625 more,
384 4561 497 4611 sive
525 4572 743 4624 precum
774 4557 888 4609 sive
916 4556 1273 4623 psalmorum,
1298 4571 1405 4621 quo
1434 4563 1591 4621 pacto
1641 4555 1746 4607 sci-

168 4648 288 4703 licet
317 4664 415 4704 eas
442 4657 691 4714 oporteat
728 4648 783 4700 in
811 4646 1023 4699 diurnis
1052 4647 1407 4698 conventibus
1425 4646 1698 4698 observari
1726 4689 1741 4711 ,

166 4752 243 4795 sat
274 4759 301 4793 τι
330 4740 487 4793 nobis
512 4740 622 4805 jam
656 4740 862 4791 dictum
892 4744 1011 4799 est;
1033 4736 1288 4804 deinceps
1317 4752 1450 4791 vero
1478 4736 1744 4804 agendum

166 4836 318 4887 nohis
343 4841 426 4886 cst
450 4832 517 4884 de
538 4832 601 4883 iis
632 4832 719 4897 qui
751 4830 1008 4884 mundum
1032 4829 1377 4896 abdicarunt,
1404 4846 1509 4899 qua
1533 4830 1746 4885 ratione

167 4926 213 4978 in
262 4926 413 4978 hisce
437 4922 699 4977 coenobiis
730 4922 1100 4991 ingrediantur
1122 4966 1137 4989 ,
1172 4922 1227 4975 in
1280 4922 1492 4991 illisque
1536 4937 1746 4991 perma-

167 5030 321 5072 neant
351 5019 401 5071 in
437 5015 741 5071 humilitate
778 5023 833 5069 et
860 5015 1217 5083 obsequentia
1245 5030 1415 5083 usque
1447 5016 1513 5067 ad
1564 5023 1743 5068 extre-

169 5124 304 5162 mam
333 5118 689 5164 senectutem.
719 5109 889 5162 Tanta
920 5107 1121 5175 quippe
1149 5107 1287 5173 apud
1338 5107 1463 5159 illos
1492 5116 1578 5160 est
1613 5107 1738 5161 obe-

169 5197 392 5267 dientia,
420 5209 563 5253 tanta
587 5200 859 5253 humilitas
877 5198 941 5251 ad
966 5208 1299 5252 senectutem
1326 5212 1518 5266 usque,
1543 5207 1741 5265 quanta

173 5304 236 5344 ne
252 5294 426 5360 primo
445 5293 663 5362 quidem
691 5307 834 5345 anno
858 5292 910 5344 in
940 5292 1008 5344 iis
1030 5291 1120 5359 qui
1145 5290 1404 5344 saeculum
1425 5291 1747 5344 abdicarunt

172 5379 221 5433 in
244 5386 580 5439 monasteriis
607 5386 811 5439 nostris
846 5385 1170 5451 reperiatur.
1202 5383 1321 5438 Non
1372 5386 1519 5451 prius
1565 5385 1748 5453 itaque

174 5477 225 5533 in
274 5477 600 5531 monasterio
644 5476 948 5531 admittitur
976 5477 1067 5543 qui
1098 5476 1210 5529 vult
1261 5492 1379 5530 esse
1412 5478 1742 5541 monachus,

173 5584 327 5637 quam
353 5571 629 5637 specimen
654 5580 707 5625 et
730 5568 1160 5638 experimentum
1200 5568 1471 5637 quoddam
1504 5570 1587 5622 sui
1617 5584 1743 5639 erga

174 5657 938 5727 Demamoris,humilitatis
960 5676 1073 5716 suae
1112 5672 1271 5731 atque
1320 5661 1745 5731 aaquanimitatis

1852 3168 1947 3221 sed
1974 3169 2063 3238 qni
2092 3184 2149 3223 se
2185 3169 2469 3239 profitetur
2496 3185 2780 3227 remanere
2810 3172 2957 3227 nolle
2976 3214 2991 3237 ,
3022 3174 3243 3230 omnino
3267 3192 3433 3232 exua-

1855 3269 1939 3314 tur
1969 3261 2282 3316 monaSIerii
2309 3263 2672 3318 vestimentis.

1921 3353 1975 3407 4.
2011 3352 2180 3424 (Cass.
2211 3352 2344 3407 Inst.
2368 3355 2404 3407 Ι.
2439 3371 2495 3421 ιι,
2532 3371 2578 3407 c.
2614 3354 2754 3425 7-9.)
2786 3353 2919 3410 Cum
2945 3355 3108 3426 igitur
3136 3358 3181 3413 is
3201 3359 3292 3430 qui
3312 3374 3433 3418 sus-

1852 3454 2042 3512 ceptus
2085 3456 2200 3510 est,
2236 3462 2297 3499 ea
2329 3462 2435 3515 qua
2485 3447 2722 3502 diximus
2758 3451 3104 3507 accuratione
3148 3453 3428 3522 probatus,

1851 3537 2261 3607 incnlpatusque
2290 3538 2663 3608 deprehensus
2692 3551 2795 3607 est,
2831 3558 2941 3597 non
2968 3546 3155 3600 statim
3200 3544 3429 3603 fratrum

1850 3629 2013 3685 canui
2043 3631 2382 3686 commisceri
2414 3632 2775 3699 permittitur,
2819 3634 2913 3689 sed
2964 3636 3193 3692 traditur
3243 3639 3295 3695 ei
3341 3642 3430 3696 cui

1852 3724 2119 3791 hospitum
2169 3725 2462 3779 commissa
2493 3739 2623 3778 cura
2656 3734 2775 3792 est,
2808 3736 2971 3796 atque
2995 3727 3214 3797 jubetur
3246 3729 3432 3801 hospi-

1852 3826 1963 3870 tum
1995 3815 2295 3871 ministerio
2320 3828 2377 3871 et
2395 3815 2659 3885 obsequio
2682 3819 2903 3871 omnino
2927 3834 3156 3884 vacare;
3191 3836 3251 3874 ac
3281 3832 3431 3890 post-

1849 3926 2009 3979 quam
2036 3911 2304 3979 integrum
2336 3925 2534 3963 annum
2565 3909 2838 3978 inculpate
2862 3910 3105 3978 hospites
3132 3913 3427 3981 exceperit,

1848 4002 1949 4059 hac
1974 4018 2033 4057 re
2074 4006 2125 4057 in
2158 4002 2521 4056 humilitatem
2560 4001 2875 4056 ell‘ormatus
2914 4011 2969 4057 et
3007 4002 3059 4056 in
3106 4004 3429 4071 aequanimi-

1850 4102 2033 4159 tatem,
2061 4094 2274 4148 demum
2307 4093 2473 4149 coetui
2521 4094 2748 4148 fratrum
2802 4104 3216 4159 annumeratur,
3268 4107 3433 4167 atque

1849 4186 2008 4240 alicui
2053 4201 2087 4241 ο
2135 4187 2440 4241 senioribus
2484 4187 2744 4251 traditur,
2775 4188 2863 4242 cui
2917 4188 3141 4257 hujusce
3189 4191 3432 4245 muneris

1849 4278 2155 4334 sollicitudo
2187 4280 2473 4344 incumbit,
2500 4289 2559 4333 ut
2581 4279 2906 4349 discipulum
2935 4280 3129 4336 doceat
3153 4297 3288 4351 quas
3316 4282 3437 4335 vias

1848 4372 2122 4439 ingressus
2153 4371 2216 4424 ad
2251 4371 2638 4439 perfectionem
2670 4370 2931 4427 virtutum
2966 4373 3261 4442 pervenire
3297 4386 3428 4442 pos-

1848 4464 1937 4517 sit.
1964 4463 2017 4515 ln
2043 4462 2230 4530 primis
2256 4464 2415 4517 docet
2437 4478 2558 4517 eum
2590 4463 2829 4516 studium
2858 4463 3153 4531 superandi
3184 4464 3433 4534 proprias

1848 4555 2317 4621 concupiscentias
2346 4563 2402 4609 et
2428 4555 2760 4623 voluptates,
2785 4556 3028 4623 jubendo
3059 4572 3119 4610 ea
3161 4572 3285 4628 quae
3313 4558 3432 4628 ejus

1848 4647 2113 4701 voluntati
2142 4646 2412 4701 contraria
2442 4654 2587 4699 sunt.
2620 4646 2787 4700 Aiunt
2807 4647 2950 4701 enim
2974 4647 3161 4704 Patres
3191 4663 3297 4704 non
3325 4649 3428 4706 ali-

1847 4748 1935 4793 ter
1963 4752 2120 4807 posse
2149 4752 2471 4807 quemquam
2505 4738 2812 4808 voluptates
2843 4740 3176 4809 reprimere,
3202 4751 3293 4795 aut
3319 4741 3428 4797 ira-

1849 4829 2122 4895 cundiam,
2157 4837 2252 4882 aut
2301 4828 2609 4895 tristitiam,
2640 4838 2734 4883 aut
2762 4844 2948 4886 veram
2980 4831 3226 4887 obtinere
3252 4832 3431 4888 humi-

1849 4926 2079 4988 litatem,
2110 4933 2203 4979 aut
2230 4924 2447 4978 demum
2494 4939 2597 4978 una
2628 4940 2748 4979 cum
2794 4925 3055 4980 fratribus
3098 4928 3150 4980 in
3182 4927 3431 4983 cambio

1851 5026 1997 5072 recte
2022 5016 2416 5081 consummari,
2448 5017 2547 5070 nisi
2567 5026 2693 5072 ante
2715 5033 2809 5084 per
2834 5017 3197 5073 obedientiam
3229 5018 3428 5074 volun-

1850 5116 1986 5164 tates
2012 5124 2141 5163 suas
2165 5108 2603 5163 mortificaverit.
2637 5109 2731 5163 llis
2752 5110 3239 5166 constitutionibus
3265 5120 3431 5181 atque

1847 5202 2111 5257 doctrinis
2137 5243 2151 5265 ,
2197 5201 2350 5270 quasi
2402 5200 2729 5269 quibusdam
2763 5203 3057 5258 dementis
3086 5212 3139 5257 et
3181 5202 3427 5273 syllabis,

1849 5295 1936 5349 ubi
1967 5294 2291 5362 discipulum
2320 5293 2386 5347 ad
2430 5295 2866 5362 prmstantiorem
2908 5304 3115 5351 statum
3161 5294 3433 5365 produxe-

1848 5394 1993 5451 runt,
2029 5396 2216 5454 postea
2248 5384 2350 5439 hoc
2379 5384 2579 5441 docent
2612 5386 2802 5449 illum,
2826 5393 2889 5440 ut
2915 5386 3279 5455 cogitationes
3302 5399 3437 5451 suas

1848 5494 1916 5532 ne
1937 5478 2112 5542 celet;
2144 5476 2237 5531 sed
2268 5476 2359 5532 ubi
2386 5477 2674 5544 accedunt,
2722 5477 3122 5547 quamprimum
3165 5478 3307 5549 patri
3328 5492 3439 5535 suo

1846 5572 2090 5637 revelet;
2138 5585 2314 5638 neque
2342 5570 2411 5625 de
2440 5586 2624 5625 earum
2649 5570 2856 5640 judicio
2896 5580 2955 5628 et
2993 5572 3246 5629 examine
3268 5570 3430 5643 quid;-

1850 5665 1987 5732 piam
2016 5662 2168 5717 cordi
2198 5678 2296 5718 suo
2321 5663 2597 5727 confidat;
2627 5662 2721 5719 sed
2741 5664 2879 5721 sciat
2907 5666 2957 5720 id
2984 5666 3201 5733 bonum,
3233 5666 3284 5722 id
3311 5676 3433 5724 ml-
