4042 6188
96 56 294 69 ’,υ-
311 56 314 57 ⁷

279 211 378 267 875

1284 203 1630 263 EPITOMES
1668 199 1952 261 OPERUM
1979 199 2296 260 CASSiANi
2336 200 2465 256 LIB.
2493 199 2535 256 i.

3457 199 3563 262 874

280 326 510 396 proiecta
532 323 692 388 vidit,
722 336 894 392 neque
909 321 1156 389 despexit
1183 323 1336 390 quasi
1362 337 1474 376 rem
1510 321 1708 375 nullius
1740 334 1862 388 pre-
1889 318 1944 378 Α
2040 314 2128 370 Η.
2161 313 2329 386 (Cass.
2357 313 2494 367 Inst.
2525 313 2564 366 ι.
2591 327 2664 379 tv,
2690 328 2737 366 c.
2771 311 2989 384 50-32.)
3017 309 3195 369 Alium
3218 313 3346 370 item
3370 331 3564 385 quem-

281 418 366 480 tii;
407 416 500 471 sed
531 415 715 469 multis
747 414 1078 481 increpatum
1132 411 1379 479 fratrem,
1431 412 1517 467 cui
1574 411 1870 466 hebdomas

282 509 368 564 illa
400 507 702 565 concredita
728 517 866 569 erat,
895 520 1051 573 paena
1081 505 1384 570 mulctavit,
1411 504 1562 574 quasi
1587 504 1866 573 negligen-

285 613 388 656 tem
423 617 482 656 ea
507 615 625 670 qute
656 599 766 653 Deo
789 597 964 652 dicata
993 605 1204 662 essent,
1226 607 1278 652 et
1308 596 1718 651 conculcantem
1747 609 1874 663 pro-

286 696 452 763 priam
479 691 884 747 conscientiam.
919 689 1088 743 Tanta
1117 692 1260 743 enim
1291 703 1415 742 cura
1434 697 1488 741 et
1510 687 1872 742 sollicitudine

282 785 458 840 omnia
480 792 719 848 servant,
759 781 941 835 omnia
968 781 1367 846 administrant,
1405 789 1460 833 ut
1492 795 1551 834 ea
1578 794 1694 847 qum
1719 779 1872 832 nobis

283 879 401 932 vilia
431 886 482 932 et
503 875 852 944 despicabilia
896 873 1174 939 videntur,
1212 887 1401 940 magna
1446 871 1743 926 attentione
1780 885 1874 924 cu-

282 971 542 1036 stodiant;
577 971 646 1024 ita
665 979 724 1024 ut
752 969 891 1022 male
922 969 1154 1038 positum
1187 983 1280 1021 vas
1322 967 1670 1032 transferant,
1699 964 1869 1034 proje-

280 1071 422 1117 ctum
454 1062 738 1131 colligant,
792 1059 1077 1116 credentes
1107 1074 1214 1115 sea
1252 1059 1480 1113 Domino
1524 1058 1635 1111 Deo
1684 1058 1870 1110 harum

277 1169 490 1225 quoque
518 1168 697 1208 rerum
727 1151 1032 1206 mercedem
1060 1159 1398 1220 accepturos.
1433 1150 1538 1203 llas
1576 1149 1872 1204 hebdoma~

278 1246 406 1300 dum
436 1247 650 1314 regulas
682 1259 782 1314 per
814 1254 986 1298 totum
1035 1244 1310 1298 Orientem
1359 1241 1634 1296 observari
1677 1239 1874 1309 depre-

283 1337 590 1392 hendimus.
621 1336 776 1406 Apud
804 1334 1084 1406 :Egyptios
1123 1343 1304 1387 autem
1335 1348 1440 1386 non
1472 1333 1546 1386 ita
1584 1331 1876 1386 hebdoma-

281 1431 404 1484 dum
434 1428 750 1484 vicissitudo
782 1435 1030 1482 servatur
1057 1444 1072 1491 ;
1105 1424 1198 1479 sed
1230 1425 1393 1479 alicui
1427 1425 1651 1478 fratrum
1685 1423 1879 1492 proba-

282 1521 488 1577 tissimo
517 1523 708 1576 culinae
732 1536 856 1576 cura
881 1519 1258 1584 committitur,
1288 1529 1490 1587 quanto
1515 1517 1717 1572 scilicet
1746 1527 1879 1570 tem-

282 1629 412 1682 pore
445 1615 617 1668 virtus
662 1618 778 1680 ejus
809 1621 1153 1681 augmentum
1186 1610 1402 1678 accipit,
1448 1611 1589 1663 vires
1634 1609 1878 1677 corpOris

1974 406 2097 462 dam
2127 421 2194 461 ex
2228 406 2466 475 patribus
2493 405 2723 460 vidimus
2767 406 3016 461 abbatem
3058 407 3338 478 Pinophan
3389 407 3560 482 [Cass.

1975 498 2290 571 Pinuftum],
2343 501 2517 554 virum
2563 499 2710 554 omni
2758 499 2955 553 virtute
3008 510 3278 566 ornatum,
3330 505 3418 570 qui
3451 515 3568 558 erat

1975 596 2231 665 antiquus
2260 602 2316 650 et
2364 595 2530 648 abbas
2573 595 2752 663 magni
2777 594 3030 663 emnobii,
3056 595 3197 664 quod
3249 597 3301 650 in
3332 596 3568 667 Egypto

1975 688 2136 742 situm
2169 697 2252 742 est
2281 701 2446 757 prope
2467 685 2655 741 urbem
2687 685 2960 756 Panepho.
2989 687 3039 740 is
3063 701 3184 740 cum
3210 702 3328 743 sese
3358 691 3570 745 videret

1979 785 2088 830 tum
2120 778 2190 832 ob
2213 777 2337 832 vitae
2376 778 2698 842 institutum,
2734 789 2844 831 tum
2883 777 2953 831 ob
2982 787 3315 833 senectutem
3348 789 3402 834 et
3433 797 3572 848 pra:-

1977 869 2242 924 fecturam
2275 870 2477 926 laudari
2508 881 2559 925 et
2582 869 2844 926 celebrari
2873 871 2941 924 ab
2970 872 3243 937 omnibus,
3264 887 3366 927 nec
3389 888 3570 942 posse,

1978 962 2435 1030 quemadmodum
2465 962 2617 1017 initio
2651 976 2762 1016 suae
2790 964 3162 1018 conversionis
3189 963 3369 1018 studio
3400 965 3574 1020 humi-

1980 1053 2147 1108 litatis
2175 1056 2412 1124 seipsum
2441 1069 2718 1120 exercere,
2750 1053 2815 1108 iis
2840 1062 3138 1122 permotus,
3178 1055 3248 1110 ob
3296 1055 3573 1112 desidera-

1979 1156 2088 1200 tam
2117 1146 2218 1201 sibi
2246 1147 2638 1216 subjectionem
2693 1146 2746 1199 in
2795 1160 2896 1214 qua
2943 1153 3167 1200 vocatus
3202 1145 3399 1217 fuerat,
3435 1149 3572 1203 clam

1980 1238 2261 1307 aufugiens
2289 1254 2357 1292 ex
2391 1253 2489 1292 suo
2519 1237 2791 1300 ccenobio,
2844 1239 3072 1291 secessit
3109 1240 3261 1295 solus
3287 1240 3354 1294 ad
3387 1249 3570 1295 extre-

1980 1344 2096 1383 mas
2148 1329 2445 1384 Thebaidis
2487 1341 2712 1398 partes;
2750 1331 3069 1402 sublatoque
3115 1333 3363 1387 monachi
3409 1335 3574 1389 vesti-

1979 1431 2184 1488 mento,
2220 1422 2533 1492 indutisque
2563 1422 2916 1479 saecularibus
2945 1426 3186 1480 vestibus
3200 1425 3573 1481 Tabennesio-

1980 1521 2158 1566 tarum
2190 1515 2494 1568 coenobium
2530 1513 2703 1579 petiit,
2755 1526 2902 1569 ratus
2934 1516 2987 1570 in
3017 1530 3083 1570 eo
3108 1532 3168 1570 se
3201 1517 3366 1571 latere
3390 1532 3571 1587 posse,

1981 1620 2102 1659 cum
2130 1605 2199 1660 ob
2229 1606 2624 1661 multitudinem
2657 1605 2902 1677 fratrum,
2935 1617 3048 1663 tum
3081 1609 3202 1677 quia
3225 1609 3451 1663 multum
3474 1609 3574 1663 ab-

281 1705 332 1758 in
360 1705 528 1759 officii
561 1703 836 1758 functione
875 1711 1190 1771 suppetunt,
1238 1716 1334 1755 nec
1375 1709 1626 1754 senectus
1657 1698 1880 1752 infirmi—
1910 1699 1957 1759 B
1984 1707 2128 1753 esset
2152 1714 2179 1751 a
2225 1699 2444 1768 regione
2492 1698 2548 1753 in
2587 1713 2690 1768 qua
2720 1700 2882 1754 situm
2915 1709 3033 1755 erat
3063 1702 3368 1757 coenobium
3392 1717 3574 1760 suum.

282 1809 436 1854 tasve
464 1798 734 1867 prohibet.
764 1798 896 1851 Cum
928 1805 1106 1849 autem
1133 1793 1286 1848 nobis
1316 1808 1494 1848 sermo
1520 1792 1590 1846 sit
1620 1792 1686 1845 de
1713 1793 1875 1846 obse-

279 1891 501 1959 quentia
529 1899 584 1944 et
604 1888 671 1943 de
695 1887 1016 1950 humilitate,
1052 1901 1150 1955 per
1175 1899 1310 1954 quas
1338 1883 1403 1938 ad
1425 1898 1738 1952 supremum
1774 1883 1878 1935 vir-

281 1983 410 2037 tutis
442 1981 717 2051 faSIigium
752 1994 1040 2050 possumus
1086 1978 1391 2048 pervenire,
1423 1990 1606 2045 opera:
1650 1975 1876 2042 pretium

279 2075 422 2130 duco
455 2089 622 2144 pauca
655 2090 722 2127 ex
752 2071 937 2126 multis
970 2071 1225 2142 praeclare
1248 2069 1414 2140 gestis
1462 2083 1492 2121 a
1540 2069 1740 2121 sanctis
1771 2063 1877 2118 Pa-

281 2167 455 2222 tribus
483 2165 574 2235 qui
607 2166 660 2219 in
684 2164 947 2220 coenobiis
981 2162 1251 2227 eﬂulsere,
1277 2159 1512 2229 exempli
1538 2173 1725 2222 causa,
1756 2172 1880 2210 nar-

279 2258 482 2315 rationi
511 2257 744 2328 adjicere
772 2267 994 2311 nostras.

351 2351 406 2405 9.
443 2349 613 2421 (Cass.
650 2350 782 2402 Inst.
812 2347 850 2400 ι.
886 2363 960 2412 ιν,
990 2363 1036 2401 c.
1062 2347 1152 2413 27,
1184 2345 1301 2416 28.)
1330 2345 1458 2399 Erat
1482 2343 1701 2414 quidam
1732 2351 1882 2412 pater

279 2443 523 2499 Muthius
554 2441 659 2513 [AL
702 2438 1129 2510 Patermuthius]
1175 2439 1415 2503 nomine,
1449 2436 1686 2506 quicum
1722 2435 1884 2491 vellet

279 2536 490 2593 mundo
523 2534 854 2598 renuntiare,
889 2531 1151 2586 accedens
1180 2531 1247 2585 ad
1276 2529 1608 2596 coenobium,
1640 2530 1731 2583 diu
1757 2539 1882 2585 ante

284 2630 440 2683 fores
492 2626 809 2681 monasterii
857 2625 1243 2694 perseveravit,
1297 2621 1470 2676 donec
1515 2622 1584 2676 ob
1616 2635 1880 2674 summam

281 2723 406 2792 ejus
434 2720 748 2791 patientiam
773 2733 892 2772 cum
912 2733 1079 2788 parvo
1101 2717 1236 2782 filio,
1261 2727 1457 2786 praeter
1473 2722 1743 2770 assuetam
1768 2729 1884 2770 nio-

282 2810 516 2867 nasterii
546 2811 740 2879 legem,
792 2808 1059 2863 admissus
1090 2817 1193 2862 est.
1246 2810 1323 2862 Ac
1353 2823 1476 2862 cum
1522 2814 1643 2876 post
1687 2806 1884 2862 multos

282 2903 506 2958 labores
541 2903 818 2971 ingressus
870 2899 991 2965 fuit,
1045 2914 1152 2954 non
1199 2900 1361 2955 modo
1408 2898 1571 2954 variis
1629 2898 1884 2968 operibus

281 2997 450 3051 ambo
499 2997 678 3052 traditi
718 3005 866 3064 sunt,
897 2995 992 3050 sed
1030 2997 1263 3064 separati
1315 2996 1479 3050 etiam
1531 2993 1682 3048 fuere
1710 2991 1886 3062 quoad

1985 1789 2062 1844 ibi
2106 1805 2227 1844 cum
2274 1791 2458 1845 multis
2503 1791 2696 1847 diebus
2726 1793 3076 1863 postulasset,
3109 1805 3360 1866 receptus
3397 1807 3479 1852 est
3509 1798 3577 1852 ab

1983 1881 2429 1949 archimandrita,
2460 1885 2550 1952 qui
2584 1884 2687 1954 ipsi
2716 1895 2903 1954 utpote
2936 1888 3054 1942 seni
3085 1897 3139 1942 et
3166 1887 3233 1942 ad
3281 1889 3410 1941 nihil
3433 1888 3576 1944 aliud

1985 1979 2124 2047 utili,
2167 1994 2351 2033 curam
2403 1979 2624 2036 tradidit
2669 1981 2834 2049 horti,
2879 1999 3093 2053 unaque
3140 1985 3233 2039 alii
3274 1985 3447 2051 fratri,
3491 1988 3577 2041 cui

1985 2071 2232 2126 subditus
2262 2087 2384 2126 cum
2417 2084 2564 2129 esset
2588 2074 2949 2130 desideratam
2986 2077 3089 2131 sibi
3116 2077 3474 2134 humilitatem
3522 2089 3578 2132 et

1985 2161 2348 2217 obedientiam
2374 2165 2605 2221 colebat.
2636 2165 2820 2237 Neque
2849 2168 2940 2222 illo
2962 2168 3079 2223 solo
3107 2182 3390 2225 contentus
3415 2172 3575 2224 mini-

1986 2254 2176 2320 sterio,
2202 2269 2556 2325 quaacumque
2601 2273 2766 2326 opera
2792 2259 2911 2313 aliis
2941 2259 3076 2315 dura
3116 2270 3170 2316 et
3210 2262 3452 2317 difﬁcilia
3495 2266 3577 2317 vi-

1986 2344 2276 2414 debantur,
2305 2363 2365 2402 ea
2397 2349 2491 2402 ille
2520 2349 2773 2405 alacriter
2799 2352 3131 2409 absolvebat.
3156 2353 3288 2409 Cum
3310 2356 3380 2409 ita
3409 2357 3579 2411 laten-

1988 2443 2070 2490 ter
2099 2437 2388 2492 triennium
2419 2443 2741 2509 peregisset,
2773 2457 2803 2496 a
2832 2439 3255 2513 discipulis'suis
3289 2463 3382 2516 per
3409 2459 3578 2505 t0tam

1988 2528 2283 2600 Egyptum
2315 2531 2668 2601 perquisitus,
2701 2550 2729 2587 a
2757 2537 2990 2603 quodam
3025 2538 3208 2603 fratre,
3240 2539 3328 2594 vix
3360 2541 3579 2597 demum

1986 2625 2206 2692 agnitus
2248 2636 2350 2689 est,
2382 2625 2474 2694 qui
2529 2642 2594 2680 eo
2641 2627 2956 2694 advenerat,
2988 2632 3188 2701 quique
3235 2634 3353 2688 viso
3392 2635 3486 2690 illo
3525 2645 3579 2690 et

1987 2715 2169 2783 agnita
2202 2717 2384 2770 vultus
2414 2716 2531 2785 ejus
2559 2716 2755 2780 forma,
2781 2733 2902 2774 cum
2935 2720 3202 2778 dubitaret
3229 2725 3427 2790 adhuc,
3479 2743 3577 2781 vo-

1989 2821 2104 2862 cem
2133 2808 2246 2877 ejus
2279 2808 2468 2864 audire
2512 2821 2740 2865 conatus
2764 2823 2842 2867 est
2873 2831 2884 2866 :
2918 2829 3092 2884 neque
3139 2817 3281 2870 enim
3336 2834 3405 2872 ex
3463 2821 3579 2874 solo

1990 2901 2106 2954 visu
2138 2909 2320 2954 certus
2352 2911 2488 2965 erat,
2532 2902 2706 2956 virum
2763 2906 3105 2972 conspicatus
3152 2922 3355 2973 senem,
3400 2909 3579 2978 ligone

1992 2999 2192 3044 terram
2221 2990 2536 3056 fodientem,
2574 2991 2756 3044 fimum
2781 2992 3018 3048 humeris
3047 3005 3368 3065 gestantem,
3421 3011 3479 3053 ut
3509 3001 3577 3057 ad

280 3090 499 3145 cellula:
529 3089 938 3156 habitationem,
990 3097 1046 3141 ut
1085 3088 1445 3156 disjunctione
1491 3087 1579 3139 illa
1623 3085 1878 3153 paulatim
1909 3076 1954 3139 C
1986 3079 2193 3133 olerum
2219 3080 2453 3134 radicem
2486 3080 2800 3150 deponeret.
2836 3082 2970 3136 Cum
3004 3085 3169 3155 igitur
3209 3096 3357 3142 vocis
3385 3105 3578 3146 sonum

283 3182 586 3236 mutuailia
611 3181 1139 3235 naturaliafl‘ectione
1169 3181 1568 3242 liberarentur;
1604 3193 1706 3246 qua
1731 3179 1900 3243 item,

280 3272 492 3327 Christi
520 3272 712 3341 gratia,
748 3286 842 3339 per
886 3270 1108 3323 multam
1142 3269 1593 3324 exercitationem
1631 3279 1782 3338 pater
1821 3268 1885 3323 li-

283 3367 511 3422 beratus
539 3373 640 3418 est.
666 3362 746 3417 Ad
772 3363 1142 3432 probationem
1166 3369 1345 3414 autem
1378 3371 1431 3414 et
1452 3361 1883 3428 experimentum

285 3459 511 3515 virtutis
539 3458 656 3527 ejus
685 3457 973 3510 simulabat
996 3452 1283 3523 aliquando
1309 3454 1478 3508 abbas
1502 3469 1560 3508 se
1588 3455 1665 3507 ira
1694 3453 1886 3509 adver-

284 3567 384 3608 sus
413 3565 638 3621 puerum
663 3547 942 3611 concitari,
973 3547 1240 3616 jussitque
1265 3547 1575 3614 supradicto
1605 3547 1719 3614 ejus
1749 3547 1883 3616 patri

285 3656 347 3701 ut
404 3645 674 3698 sublatum
726 3642 1017 3712 projiceret
1057 3641 1108 3694 in
1139 3640 1378 3694 fluvium.
1422 3640 1556 3694 Tum
1591 3641 1704 3707 ille,
1734 3641 1884 3708 quasi

283 3737 402 3792 Deo
429 3736 654 3806 jubente
683 3747 741 3788 ut
771 3734 986 3788 tolleret
1015 3732 1182 3786 filium
1215 3747 1396 3794 suum,
1429 3733 1698 3786 concitato
1723 3747 1883 3787 cursu

283 3829 354 3883 ad
390 3828 562 3896 ripam
617 3827 850 3879 fluminis
883 3825 1122 3888 advenit,
1152 3839 1215 3879 ac
1245 3824 1368 3878 dum
1398 3825 1608 3894 jussum
1662 3825 1885 3894 implere

283 3937 352 3978 ex
385 3917 598 3972 ardenti
634 3917 736 3972 fide
765 3926 821 3972 et
845 3932 910 3971 ex
934 3916 1146 3972 fervore
1177 3916 1499 3970 obedientia:
1544 3928 1880 3986 properaret,

282 4009 601 4082 prohibitus
638 4017 770 4063 esta
802 4007 1058 4063 fratribus
1093 4007 1184 4078 qui
1213 4022 1529 4077 praevertere
1552 4008 1700 4062 illum
1742 4019 1795 4062 et
1825 4008 1884 4062 fi-

281 4102 416 4156 lium
446 4101 755 4170 abripuerc.
790 4101 972 4169 Usque
1001 4099 1138 4155 adeo
1171 4108 1348 4153 autem
1378 4099 1495 4168 ejus
1521 4097 1656 4154 fides
1681 4109 1733 4153 et
1755 4099 1883 4154 obe-

281 4193 495 4248 dicntia
549 4191 657 4246 Deo
693 4201 908 4262 accepta
961 4193 1077 4259 fuit,
1110 4199 1221 4245 uta
1257 4191 1365 4245 Deo
1395 4192 1690 4246 revelatum
1725 4190 1885 4247 fuerit

283 4285 496 4349 abbati,
529 4284 700 4352 ipsum
735 4283 1026 4338 Abrahami
1055 4299 1193 4352 Opus
1225 4285 1538 4353 perfecisse.
1576 4285 1749 4340 Parvo
1787 4300 1883 4340 au-

283 4385 397 4430 tem
428 4375 615 4442 elapso
656 4385 896 4445 tempore
927 4376 1215 4445 prtedicms
1261 4377 1494 4431 emnohii
1542 4376 1705 4432 abbas
1759 4392 1880 4432 cum

284 4465 536 4530 obiisset,
562 4480 686 4518 eum
718 4479 1093 4520 successorem
1118 4466 1223 4518 sibi
1250 4466 1485 4534 reliquit.

363 4557 455 4611 10.
489 4555 652 4625 (Cass.
688 4553 822 4611 Inst.
870 4556 906 4608 Ι.
956 4571 1029 4620 tv,
1063 4573 1107 4608 c.
1141 4556 1258 4625 29.)
1293 4555 1473 4610 Alium
1497 4557 1744 4611 novimus
1772 4557 1886 4611 fra-

287 4658 435 4703 trem
467 4648 556 4714 qui
583 4646 782 4699 saeculo
812 4660 930 4700 sese
953 4646 1243 4711 abdicavit,
1271 4648 1363 4714 qui
1395 4647 1558 4701 etiam
1589 4647 1640 4701 in
1683 4649 1884 4702 mundo

284 4737 523 4805 insignis
552 4744 666 4788 erat
690 4734 866 4804 (pater
891 4736 1089 4803 quippe
1118 4736 1235 4802 ejus
1256 4750 1440 4790 comes
1490 4737 1686 4791 bellum
1729 4753 1884 4806 gere-

282 4828 404 4891 bat,
442 4825 696 4892 divesque
728 4825 889 4893 erat),
927 4839 1026 4878 nec
1073 4824 1416 4880 mediocriter
1446 4826 1689 4882 eruditus
1716 4842 1779 4882 ac
1806 4827 1882 4882 le-

285 4914 493 4972 ctionis
541 4911 833 4967 studiosus.
870 4913 966 4967 llic
1015 4914 1174 4983 igitur
1204 4916 1449 4969 szcculari
1493 4917 1684 4971 relicto
1713 4918 1877 4985 fastu,

286 5007 360 5063 ad
395 5003 748 5058 monasticam
771 5018 831 5058 se
851 5006 1080 5060 contulit
1104 5007 1300 5071 vitam;
1332 5018 1491 5077 atque
1512 5008 1577 5062 ad
1607 5009 1883 5078 probatio-

286 5110 421 5154 nem
455 5094 578 5149 fitiei
626 5102 681 5149 et
724 5093 1038 5150 humilitatis
1067 5112 1179 5152 suae
1203 5097 1421 5166 jubetur
1451 5100 1517 5153 ab
1546 5100 1740 5156 abbate
1788 5100 1883 5156 de—

289 5200 417 5241 cem
449 5194 661 5254 sportas
688 5183 925 5254 deferre,
984 5197 1038 5240 et
1086 5188 1138 5240 in
1185 5188 1401 5257 propria
1434 5190 1585 5257 urbe,
1636 5206 1737 5246 nec
1780 5208 1880 5246 una

291 5292 508 5343 omnes,
557 5277 654 5333 sed
686 5277 988 5347 singulatim
1037 5294 1128 5335 eas
1157 5281 1420 5347 vendere;
1455 5283 1596 5352 quod
1647 5284 1735 5338 ille
1760 5300 1881 5338 cum

289 5369 446 5426 omni
468 5368 719 5438 patientia
753 5379 806 5424 et
837 5368 1144 5426 humilitate
1198 5374 1513 5443 complevit,
1563 5385 1884 5446 sportasque

291 5463 587 5529 imponens
615 5460 853 5516 humeris
900 5463 1173 5532 sigillatim
1198 5464 1466 5531 vendidit;
1517 5481 1624 5521 non
1669 5467 1761 5523 ille
1803 5469 1883 5522 rei

290 5554 582 5615 vilitatem,
617 5568 721 5607 non
749 5555 970 5623 generis
997 5557 1334 5614 nobilitatem
1364 5574 1549 5615 secum
1573 5563 1841 5630 reputavit
1866 5579 1880 5626 ;

289 5640 550 5707 studebat
574 5644 712 5698 enim
735 5644 933 5700 Christi
958 5646 1273 5705 humilitatis
1305 5649 1544 5708 imitator
1574 5649 1738 5708 efﬂci.

617 5737 892 5801 Panos.
933 5737 1012 5808 ι..

1990 3171 2317 3240 observans,
2361 3173 2718 3242 deprehendit
2769 3177 3017 3244 quisnam
3067 3189 3233 3249 esset,
3276 3193 3579 3251 prostratus

1989 3274 2113 3319 ante
2147 3265 2310 3333 pedes
2337 3265 2475 3334 ejus,
2502 3281 2698 3336 magno
2722 3275 3057 3336 spectatores
3099 3282 3318 3342 stupore
3359 3279 3578 3346 percul-

1989 3358 2081 3424 sit,
2110 3358 2250 3427 quod
2275 3359 2344 3412 ita
2371 3373 2498 3428 erga
2528 3359 2800 3415 hominem
2834 3377 2891 3416 se
2921 3366 3180 3433 gessisset
3203 3371 3292 3438 qui
3340 3372 3480 3440 apud
3519 3388 3578 3429 se

1989 3449 2247 3513 novitius,
2275 3450 2467 3504 relicto
2490 3450 2629 3506 haud
2650 3452 2718 3505 ita
2746 3453 2951 3522 pridem
2985 3458 3206 3525 mundo,
3241 3461 3460 3517 ultimus
3485 3464 3578 3519 ha-

1989 3540 2236 3596 bebatur.
2264 3541 2539 3612 Magisque
2555 3543 2904 3614 Obstupuere,
2931 3562 3051 3601 cum
3083 3549 3321 3607 didicere
3342 3569 3535 3610 nomen
3559 3597 3575 3622 ,

1989 3642 2104 3687 erat
2135 3634 2279 3688 enim
2311 3644 2468 3688 antea
2494 3651 2700 3705 magna:
2730 3638 2868 3706 apud
2898 3653 2990 3694 eos
3023 3639 3177 3696 famae
3204 3662 3215 3695 :
3253 3661 3315 3699 ac
3360 3647 3575 3701 veniam

1991 3727 2354 3794 postularunt,
2397 3728 2539 3795 quod
2571 3744 2690 3782 eum
2722 3729 2913 3798 ignari,
2945 3747 3065 3786 cum
3100 3737 3390 3803 postremis
3428 3741 3577 3794 novi-

1989 3817 2078 3872 tiis
2111 3819 2542 3875 constituissent.
2577 3821 2838 3891 illumque
2893 3826 3077 3881 multis
3125 3829 3325 3883 hortati
3373 3834 3575 3901 verbis,

1988 3909 2054 3961 ad
2082 3909 2392 3964 emnobium
2421 3927 2576 3966 suum
2610 3913 2834 3967 invitum
2866 3917 3148 3983 remisere,
3197 3929 3357 3986 atque
3383 3923 3573 3992 depln-

1989 4001 2682 4071 rantcmquodconccssum
2710 4004 2811 4058 sibi
2846 4021 2951 4059 non
2975 4016 3117 4060 esset
3140 4007 3393 4063 dilectam
3416 4028 3574 4068 exer-

1988 4107 2112 4147 cere
2147 4093 2507 4149 humilitatem
2538 4105 2591 4150 et
2620 4096 3006 4153 obedientiam.
3033 4100 3186 4154 Brevi
3211 4102 3370 4171 igitur
3387 4116 3576 4162 exacto

1989 4191 2234 4253 tempore
2285 4185 2336 4240 in
2393 4189 2724 4243 monasterio
2761 4205 2878 4256 suo,
2924 4190 3244 4248 humilitatis
3283 4211 3492 4250 rursum
3522 4210 3578 4254 et

1988 4275 2313 4331 obedientia:
2359 4277 2632 4334 desiderio
2672 4281 2890 4348 ardens,
2925 4284 3207 4339 observata
3241 4288 3410 4340 noctis
3443 4290 3574 4345 hora

1987 4367 2212 4436 aufugit,
2238 4382 2344 4423 non
2378 4370 2603 4425 ulterius
2631 4371 2697 4425 ad
2727 4374 3067 4441 peregrinam
3098 4379 3409 4444 regionem:
3443 4393 3571 4435 con-

1905 4459 2175 4518 Dscensa
2198 4463 2396 4531 quippe
2440 4464 2686 4517 navicula
2732 4466 2797 4518 ad
2847 4476 3025 4533 partes
3052 4471 3201 4522 venit
3243 4470 3572 4541 Palmstinae,

1987 4570 2211 4623 sperans
2233 4569 2292 4610 se
2319 4557 2432 4610 illic
2462 4557 2528 4610 ad
2563 4557 2727 4610 finem
2763 4573 2932 4627 usque
2960 4561 3129 4614 latere
3171 4577 3349 4631 posse.
3386 4565 3443 4620 in
3475 4568 3574 4622 Pa-

1988 4645 2250 4701 laestinam
2279 4662 2398 4700 cum
2425 4648 2757 4717 advenisset,
2795 4656 3180 4710 monasterium
3215 4659 3367 4726 petiit
3409 4663 3570 4718 silum

1986 4751 2154 4806 prope
2175 4739 2484 4807 speluncam
2517 4741 2567 4794 in
2596 4756 2698 4809 qua
2722 4740 2970 4798 Christus
3000 4745 3260 4803 Dominus
3283 4764 3436 4807 natus
3466 4764 3569 4823 est,

1987 4830 2038 4884 in
2064 4845 2169 4899 quo
2207 4830 2533 4885 monasterio
2561 4840 2673 4886 tum
2729 4848 3094 4892 commoratus
3125 4852 3226 4894 est.
3261 4841 3373 4896 Non
3401 4849 3574 4913 potuit

1985 4930 2164 4976 tamen
2211 4921 2282 4975 ibi
2323 4921 2490 4977 latere
2529 4922 2680 4992 juxta
2713 4923 2928 4980 Domini
2970 4942 3154 4984 vocem
3213 4931 3398 4986 illam:
3447 4933 3574 4987 Non

1986 5023 2146 5085 potest
2176 5015 2349 5067 civitas
2370 5015 2612 5068 abscondi
2638 5033 2795 5086 supra
2823 5029 3042 5072 montem
3071 5022 3238 5090 posita
3270 5022 3484 5092 (Matth.
3520 5043 3570 5090 v,

1988 5106 2101 5175 15).
2132 5105 2266 5159 Cum
2289 5104 2430 5160 enim
2454 5121 2521 5160 ex
2543 5105 2777 5176 Egypto
2800 5107 2990 5163 fratres
3021 5112 3298 5167 venissent
3323 5129 3418 5182 pro
3445 5115 3571 5170 allo-

1987 5197 2194 5251 ratione
2227 5212 2500 5251 sacrorum
2535 5199 2796 5264 locorum,
2831 5201 3066 5268 agnitum
3100 5201 3249 5256 illum
3282 5205 3574 5276 multisque

1988 5290 2466 5360 supplicationibus
2519 5305 2580 5346 ac
2639 5291 2854 5347 fletibus
2908 5308 3224 5360 persuasum
3274 5312 3460 5352 rursus
3505 5300 3573 5354 ad

1992 5383 2268 5454 proprium
2317 5383 2658 5438 abduxerunt
2711 5385 3038 5440 coenobium.
3081 5387 3215 5442 Cum
3262 5388 3366 5444 hoc
3413 5391 3574 5459 igitur

1993 5483 2179 5529 sancto
2210 5474 2263 5527 in
2294 5470 2524 5545 Egypto
2554 5473 2766 5530 modico
2797 5484 3044 5546 tempore
3065 5476 3301 5532 habitavi
3327 5497 3343 5544 ;
3378 5480 3573 5537 finem-

1993 5581 2098 5635 que
2130 5565 2316 5619 faciam
2367 5565 2632 5620 sermonis
2681 5568 2950 5621 narrando
3000 5585 3120 5637 quae
3173 5571 3350 5625 audivi
3381 5571 3450 5626 ab
3483 5573 3575 5629 illo

1994 5665 2372 5716 commonente
2403 5656 2620 5715 fratrem
2643 5672 2820 5728 quem,
2843 5674 2928 5715 me
2952 5670 3236 5729 praesente,
3265 5660 3501 5720 admisit.

3061 5750 3144 5819 28
