4042 6188
447 201 554 278 sui

1448 202 1507 258 S.
1551 195 1876 258 EUCllERIl
1913 190 2395 251 LUGDUNENSIS
2433 191 2741 251 EPISCOPI
2767 277 2782 285 ξ

3642 177 3758 238 876

449 346 451 348 ·
530 333 618 388 t2.
656 327 822 402 (Cass.
852 325 986 381 Inst.
1018 323 1056 377 ι.
1089 336 1160 387 tv,
1189 334 1235 372 c.
1266 315 1482 389 55-55.)
1507 315 1679 382 Nosti,
1713 313 1908 384 inquit,
1938 309 2044 366 fra-
2068 310 2120 369 A
2149 325 2332 365 vorem
2365 309 2722 374 conculcasti,
2753 318 2965 361 rursum
2992 303 3045 358 in
3069 311 3120 358 te
3144 299 3372 356 excites.
3400 295 3505 354 Ubi
3537 295 3759 368 psalte;

393 408 420 484 ξ
446 438 552 493 ter,
580 433 710 494 quot
740 421 928 476 diebus
979 425 1104 470 ante
1147 414 1366 484 januam
1421 408 1734 465 monasterii
1777 403 2040 480 peractis,

381 507 385 512 ’
445 519 717 574 admissus
776 513 936 567 hodie
984 508 1192 564 fueris:
1243 504 1387 582 quod
1439 504 1486 558 si
1529 517 1747 557 causam
1784 499 2042 554 didiceris

445 608 757 681 hujusmodi
781 603 1132 669 dillicultatis,
1160 598 1360 669 poterit
1382 596 1476 651 illa
1516 596 1607 650 tibi
1643 595 1695 648 in
1727 594 1849 658 hac,
1880 591 2041 662 quam

387 702 389 704 ’
445 705 587 758 inire
625 700 795 770 cupis,
834 698 939 762 via,
970 695 1257 749 utilitatem
1309 690 1473 757 ferre,
1522 698 1684 756 atque
1735 695 1786 740 te
1830 683 2044 740 ﬁdelem

445 793 541 850 Dei
573 808 787 848 servum
819 789 1059 845 efficere.
1099 785 1169 840 Ut
1195 784 1340 839 enim
1386 781 1620 836 fideliter
1671 778 1902 832 Domino
1930 791 2044 838 ser-

444 887 716 946 Vientibus
746 882 914 962 gloria
947 891 998 936 et
1022 881 1194 959 honor
1224 879 1277 932 in
1307 877 1550 932 futurum
1582 873 1938 946 promittitur,
1971 872 2044 925 ita

445 978 763 1050 gravissima
793 973 1077 1030 imminent
1106 969 1366 1041 supplicia
1391 970 1457 1023 iis
1486 967 1581 1039 qui
1609 966 1847 1021 molliter
1869 962 2046 1034 segni-

445 1061 636 1144 terque
659 1087 776 1127 eam
801 1051 1003 1135 adeunt
1034 1066 1476 1138 promissionem.
1499 1062 1688 1118 Melius
1712 1062 1913 1132 quippe
1935 1066 2041 1127 est,

443 1165 597 1236 juxta
627 1164 986 1233 Scriptorum,
1038 1168 1220 1213 votum
1260 1172 1367 1212 non
1418 1155 1615 1219 facere,
1651 1170 1812 1224 quam
1848 1153 2046 1206 factum

445 1275 557 1316 non
584 1259 831 1314 reddere.
866 1257 1206 1324 Rursumque
1234 1252 1459 1314 dicitur:
1497 1249 1813 1304 Maledictua
1839 1249 1926 1318 qui
1960 1251 2047 1318 fa-

449 1355 518 1408 cit
549 1371 675 1423 opus
710 1350 916 1406 Domini
943 1349 1258 1421 negligenter
1303 1345 1516 1420 (Jerem.
1557 1359 1743 1407 XLVIII,
1795 1341 1918 1414 10):
1953 1353 2046 1394 ea-

447 1459 671 1516 propter
700 1455 750 1498 te
774 1443 1072 1512 repulimus
1094 1451 1258 1508 atque
1274 1439 1560 1492 admittere
1579 1435 1812 1490 cunctati
1837 1448 2046 1500 sumus,

450 1552 560 1594 non
592 1536 733 1605 quod
764 1545 907 1588 tuam
928 1537 1278 1602 omniumque
1304 1531 1524 1586 illorum
1552 1529 1643 1602 qui
1683 1528 1739 1581 in
1773 1526 2048 1581 Christum

451 1629 682 1682 credunt
705 1627 935 1681 salutem
969 1641 1077 1680 non
1106 1634 1445 1694 exeptemus,
1477 1623 1569 1679 sed
1597 1637 1666 1677 ne
1696 1630 1900 1677 temere
1923 1629 1974 1673 te
1989 1632 2052 1672 ac

2147 401 2287 456 rium
2322 399 2599 466 didiceris,
2641 408 2732 452 aut
2776 396 2975 466 aliquid
3025 411 3089 451 ex
3130 395 3451 463 Scriptura;
3480 392 3567 448 vel
3594 391 3752 460 juxta

2147 495 2394 566 Apostoli
2423 508 2636 561 vocem,
2662 507 2784 548 cum
2811 506 2872 546 ea
2893 507 3010 562 qua:
3032 486 3351 544 destruxisti
3374 500 3588 541 rursum
3615 485 3756 541 tedi-

2149 587 2301 655 fieas,
2335 603 2402 642 ne
2432 596 2485 642 te
2517 596 2974 656 transgressorem
3001 581 3292 646 exhibeas;
3343 579 3441 635 sed
3483 578 3665 650 potius
3693 587 3758 635 ut

2149 680 2424 751 inccepisti
2453 689 2506 735 et
2541 680 2817 750 professus
2840 692 2899 732 es
2924 675 3308 741 humilitatem,
3338 688 3526 729 coram
3552 674 3664 730 Deo
3693 683 3757 730 et

2149 775 2352 844 angelis
2379 773 2494 843 ejus
2523 773 2589 826 ad
2623 772 2782 827 finem
2819 785 2993 841 usque
3022 779 3261 825 servato.
3297 765 3557 824 Similiter
3585 783 3755 842 quam

2149 866 2503 922 humilitatem
2535 867 2589 920 in
2641 864 2971 920 monasterio
3010 860 3340 928 exhibuisti,
3385 876 3506 916 cum
3555 861 3756 918 multis

2149 959 2341 1016 diebus
2366 975 2466 1030 pro
2516 959 2722 1014 foribus
2749 958 3062 1013 monasterii
3091 971 3212 1011 cum
3244 954 3492 1026 lacrymis
3533 955 3758 1032 suppli-

2150 1067 2280 1108 cans
2311 1052 2696 1122 pcrseverasti,
2720 1065 2848 1105 cura
2867 1058 3158 1120 utaugeas.
3190 1047 3379 1102 Misera
3407 1062 3630 1117 prorsus
3653 1062 3754 1104 res

2151 1155 2317 1210 esset,
2347 1145 2392 1197 si
2421 1160 2542 1198 cum
2576 1152 2627 1199 te
2654 1143 2842 1200 deceat
2877 1141 3118 1212 quotidie
3144 1139 3210 1193 ad
3239 1139 3519 1195 fervorem
3548 1139 3756 1200 addere

2152 1246 2326 1302 tuum,
2350 1245 2403 1292 et
2426 1235 2668 1306 profectu
2691 1234 2908 1290 assiduo
2931 1233 2996 1288 ad
3022 1233 3404 1303 perfectionem
3425 1233 3750 1302 ascendere,

2152 1332 2595 1386 cumimminuas
2625 1339 2679 1384 et
2706 1328 2773 1382 ad
2803 1327 3056 1382 inferiora
3089 1335 3389 1383 revertare.
3429 1327 3549 1382 Non
3605 1327 3752 1382 enim

2152 1424 2245 1478 ille
2267 1424 2455 1479 beatus
2477 1423 2569 1493 qui
2593 1423 2793 1479 bonum
2840 1436 2999 1492 agere
3042 1421 3249 1491 incipit,
3293 1421 3392 1476 sed
3422 1421 3748 1490 quicumque

2153 1515 2222 1568 ad
2252 1515 2411 1568 linem
2444 1529 2612 1584 usque
2652 1514 2705 1568 in
2745 1529 2812 1568 eo
2859 1512 3312 1583 perseveraverit.
3344 1511 3481 1566 Nam
3519 1525 3746 1580 serpens

2155 1611 2244 1679 qui
2277 1610 2342 1663 ad
2369 1622 2567 1664 terram
2608 1610 2861 1675 trahitur,
2895 1610 3208 1664 calcaneum
3244 1618 3492 1663 nostrum
3534 1622 3749 1676 semper

451 1716 602 1776 nullo
630 1721 848 1790 negotio
896 1718 1265 1786 admittentes,
1301 1733 1400 1786 nos
1431 1716 1648 1787 quidem
1694 1733 1726 1770 a
1775 1715 1910 1781 Deo,
1964 1713 2051 1768 vel

2161 1703 2433 1768 observat,
2469 1703 2519 1757 id
2548 1711 2651 1770 est,
2681 1701 2853 1756 obitui
2881 1712 3068 1757 nostro
3095 1701 3319 1755 insidias
3352 1711 3532 1771 parat.
3563 1709 3619 1755 et
3653 1713 3742 1754 us-

453 1823 694 1879 orantes,
731 1812 968 1866 lenitatis
1023 1811 1206 1865 nimia:
1250 1825 1466 1880 poenam
1516 1809 1750 1875 luamus,
1809 1817 1862 1862 te
1917 1819 2050 1861 vero

425 1971 427 1974 η
456 1921 612 1961 reum
643 1905 903 1976 gravioris
934 1903 1182 1974 supplicii
1208 1904 1624 1969 conStituamus,
1658 1901 1702 1955 si
1737 1910 1789 1954 te
1833 1899 1945 1968 jam
1975 1897 2053 1951 fa-

424 1983 429 2000 ’
455 1999 582 2063 cile,
608 2000 916 2068 priusquam
942 1997 1194 2054 didiceris
1218 1997 1538 2066 gravitatem
1568 2003 1622 2050 et
1651 1993 2051 2048 accurationem

424 2079 730 2161 ‘promissi,
762 2090 1133 2156 admittamus,
1164 2100 1218 2144 et
1252 2099 1305 2142 tu
1339 2097 1524 2160 postea
1557 2087 1734 2141 mollis
1763 2086 2053 2158 segnisque

424 2163 426 2178 ’
455 2177 715 2238 evaseris.
749 2181 976 2249 Idcirco,
1012 2191 1071 2237 ut
1095 2197 1261 2250 supra
1291 2181 1492 2236 dictum
1539 2190 1644 2248 est,
1680 2194 1897 2232 causam
1948 2187 2055 2231 tute

425 2258 429 2276 ’
461 2275 818 2331 abdicationis
870 2277 1114 2330 ediscere
1161 2283 1216 2330 te
1243 2283 1459 2346 oportet
1502 2272 1630 2341 quid
1662 2272 1870 2326 scilicet
1898 2285 2057 2339 agen-

427 2355 584 2423 Idum
615 2369 710 2422 ti'ui
731 2370 817 2422 sit.
851 2368 1140 2421 Abdicatio
1184 2369 1367 2434 itaque
1420 2364 1555 2419 nihil
1596 2374 1678 2418 est
1717 2363 1863 2417 aliud
1894 2379 2055 2434 quant

427 2441 430 2444 ί
459 2458 638 2513 crucis
661 2469 713 2512 et
735 2459 922 2511 mortis
952 2456 1259 2525 promissio.
1305 2455 1452 2510 Scito
1479 2470 1611 2532 ergo
1636 2454 1703 2509 ah
1733 2455 1832 2509 hac
1871 2463 1922 2509 te
1967 2454 2055 2508 die

426 2539 431 2556 ²
459 2562 732 2607 mortuum
759 2552 1184 2619 crucilixumque
1242 2563 1364 2604 esse
1406 2548 1629 2613 mundo,
1690 2548 2056 2619 mundumque

431 2644 584 2716 (tibi,
612 2644 763 2712 juxta
789 2643 1138 2712 Apostolum;
1189 2653 1244 2698 et
1273 2642 1457 2698 edisce
1500 2656 1748 2713 quamam
1773 2643 1843 2696 sit
1881 2646 2056 2697 crucis

431 2789 434 2822 ἶ
461 2725 663 2792 virtus:
695 2737 1129 2807 quandoquidem
1157 2751 1263 2792 non
1302 2737 1530 2792 ulterius
1555 2745 1612 2790 tu
1643 2735 1808 2801 vivis,
1842 2734 1936 2789 sed
1967 2735 2057 2790 ille

431 2891 436 2914 ;
465 2831 521 2888 in
549 2843 602 2888 te
629 2833 755 2887 vivit
790 2832 880 2903 qui
914 2847 1009 2901 pro
1039 2842 1090 2887 te
1113 2832 1403 2886 crucilixus
1434 2840 1536 2886 est.
1585 2830 1699 2884 Hoc
1722 2831 1903 2898 itaque
1929 2839 2057 2899 typo

431 2985 436 3004 ι
464 2941 574 3020 quo
599 2927 858 2980 Dominus
884 2941 981 2995 pro
1001 2925 1156 2980 nobis
1178 2940 1475 2995 suspensus
1490 2933 1597 2990 est,
1622 2933 1676 2978 et
1705 2938 1804 2978 nos
1835 2937 2060 2979 necesse

463 3015 622 3073 estin
653 3016 903 3073 cmnohio
932 3033 1117 3089 agere,
1147 3025 1205 3072 ut
1230 3028 1349 3072 orat
1377 3017 1567 3072 beatus
1608 3015 1798 3082 David,
1823 3031 1945 3069 eum
1992 3015 2059 3069 ti-

433 3097 616 3167 bmore
647 3113 856 3166 Domini
903 3112 1137 3181 postulat
1191 3109 1387 3180 conligi
1425 3125 1616 3166 carnes
1657 3124 1784 3164 suas
1823 3107 2051 3181 (Psalm.

461 3191 652 3272 cxvnt,
684 3206 830 3278 1'20).
858 3203 1321 3272 Quemadmodum
1377 3203 1522 3258 enim
1565 3202 1655 3272 qui
1682 3217 1878 3270 corpus
1911 3202 2056 3272 ligno

432 3281 685 3377 iallixum
714 3299 876 3353 habet
905 3299 974 3353 ad
1007 3298 1302 3369 quamlibet
1349 3297 1618 3350 actionem
1652 3294 1906 3348 immotus
1950 3301 2054 3361 est,

435 3390 544 3468 [sic
570 3392 660 3458 qui
708 3391 887 3444 divino
932 3391 1126 3445 timore
1154 3389 1423 3444 conlixnm
1455 3387 1617 3442 habet
1646 3387 2052 3456 cogitationem,

434 3484 720 3558 {immotus
762 3492 844 3537 est
892 3482 959 3535 ad
997 3498 1210 3538 omnem
1236 3483 1509 3538 carnalem
1539 3480 2053 3550 concupiscentiam.

434 3635 435 3638 η
462 3569 536 3630 Ει
555 3575 691 3630 sicut
720 3576 809 3644 qui
832 3574 977 3630 cruci
1008 3583 1092 3629 est
1117 3575 1306 3629 aftixus
1323 3590 1442 3643 qua:
1483 3574 1773 3645 praesentia
1799 3583 1924 3627 sunt
1948 3587 2056 3630 non

434 3653 439 3732 Ῠ
465 3670 606 3726 ultra
630 3668 849 3740 cogitat,
884 3683 1059 3738 neque
1089 3670 1306 3740 prepria
1335 3669 1608 3732 voluntate
1642 3668 1915 3739 dirigitur,
1947 3681 2056 3722 non

435 3740 899 3831 'concupiscentia
920 3762 1187 3828 turbatur,
1210 3777 1317 3818 non
1346 3776 1474 3824 cura
1505 3760 1816 3831 possidendi
1848 3760 2057 3816 detine-

464 3861 575 3919 tur,
605 3867 709 3908 non
741 3853 994 3924 superbia
1023 3853 1264 3920 inflatur,
1295 3869 1401 3910 non
1423 3851 1796 3921 contentione,
1835 3867 1946 3908 non
1973 3852 2057 3907 in-

435 3917 607 4026 :vidia
637 3917 957 4014 exardescit,
988 3960 1096 4002 non
1123 3917 1274 4003 dolet
1301 3946 1368 4002 de
1396 3946 1654 4016 prmsenti
1699 3917 2056 4010 contumelia,

435 4054 575 4122 ~non
625 4041 1020 4108 prasteritarum
1065 4040 1311 4095 meminit
1355 4040 1672 4107 injuriarum
1721 4053 1888 4094 :nam
1936 4047 2062 4107 post

436 4123 437 4126 “
460 4135 682 4211 paulum
705 4133 967 4203 temporis
993 4133 1152 4187 finem
1170 4131 1583 4200 exspectatvitaa
1596 4146 1708 4186 sua:
1724 4147 1820 4202 per
1844 4145 2058 4187 crucem

461 4226 703 4294 scilicet;
728 4227 807 4284 sic
833 4227 924 4297 qui
945 4225 1159 4282 sincere
1199 4225 1401 4281 mundo
1425 4226 1856 4294 abrenuntiavit,
1877 4235 1934 4283 et
1963 4226 2059 4282 Dei

435 4381 438 4385 _
463 4303 655 4376 timore
674 4319 825 4390 quasi
851 4318 904 4374 in
934 4333 1096 4374 cruce
1125 4317 1368 4372 confixus
1402 4328 1504 4387 est,
1535 4317 1766 4386 hujusce
1790 4319 1914 4375 vitae
1943 4319 2061 4374 exi-

463 4421 576 4468 tum
605 4413 842 4484 quotidie
860 4422 1201 4484 exspectans,
1224 4411 1477 4470 immotas
1491 4422 1548 4470 et
1573 4413 1875 4469 imbecillas
1895 4414 2058 4469 habet

463 4491 654 4578 omnes
685 4506 1154 4578 concupiscentias
1180 4522 1478 4578 omnesque
1493 4508 1744 4565 carnales
1771 4509 2018 4565 ati'ectus.

437 4635 444 4671 ;
536 4599 624 4653 15.
668 4597 834 4671 (Cass.
884 4599 1019 4656 Inst.
1070 4600 1109 4654 ι.
1138 4616 1214 4668 Iv,
1245 4618 1291 4654 c.
1323 4599 1414 4668 '56,
1446 4599 1561 4673 57.)
1593 4599 1737 4657 Cave
1766 4602 1931 4672 igitur
1993 4617 2062 4658 ne

434 4681 438 4692 ί
463 4689 679 4760 quando
711 4707 771 4745 ea
805 4705 1080 4747 resumere
1101 4693 1457 4761 concupiscas
1485 4709 1605 4764 quae
1625 4694 1679 4748 in
1709 4695 2062 4750 abrenuntia-

434 4784 611 4862 ltione
638 4793 721 4840 tua
752 4784 1026 4842 dimisisti.
1071 4785 1204 4840 Nam
1229 4787 1384 4855 juxta
1429 4789 1644 4844 Domini
1689 4791 2014 4846 sententiam
2045 4807 2057 4842 :

466 4880 569 4947 Qui
596 4882 763 4953 injicit
789 4897 998 4936 manum
1024 4883 1093 4935 ad
1117 4890 1346 4936 aratrum
1371 4893 1417 4937 et
1438 4891 1574 4937 retro
1602 4887 1929 4953 convertitur,
1958 4902 2061 4940 non

462 4980 538 5026 est
569 4981 716 5044 aptus
744 4973 813 5027 ad
833 4988 1048 5045 regnum
1075 4971 1315 5028 castorum
1347 4972 1500 5047 (Luc.
1535 4990 1611 5044 Ix,
1638 4976 1753 5045 ϐῆ),
1788 4985 1842 5030 et
1871 4978 1961 5046 qui
1992 4993 2060 5032 ex

460 5063 682 5122 sublimi
710 5068 836 5122 vita:
888 5066 1136 5122 instituto
1167 5065 1233 5122 ad
1290 5067 1425 5124 viles
1477 5082 1542 5124 ac
1595 5077 1842 5124 terrenas
1899 5069 2061 5138 hujus

461 5156 652 5212 mundi
700 5173 788 5215 res
818 5157 1119 5227 descendit,
1165 5159 1212 5215 is
1257 5169 1444 5214 contra
1476 5161 1686 5216 Domini
1731 5169 2059 5232 praaceptum

441 5249 594 5330 vagit,
616 5265 736 5304 cum
779 5265 848 5306 ex
879 5251 1041 5306 domo
1066 5251 1370 5320 descendit,
1411 5261 1467 5308 et
1506 5262 1734 5308 conatur
1755 5254 1954 5325 aliquid
1995 5269 2060 5312 ex

438 5340 627 5434 Idomo
656 5343 892 5402 auferre.
917 5343 1065 5400 Cave
1095 5343 1277 5415 itaque
1329 5360 1400 5400 ne
1440 5347 1646 5418 antiqui
1679 5348 1756 5402 tui
1778 5363 1904 5418 erga
1937 5363 2058 5403 car-

436 5437 614 5508 ,nales
670 5448 920 5506 parentes
985 5437 1209 5496 affectus
1258 5441 1612 5512 recordatus,
1669 5451 1724 5498 et
1767 5443 1834 5498 ad
1875 5442 2060 5498 saeculi

437 5525 690 5612 :hujusce
718 5546 881 5587 curas
906 5547 1225 5600 conversus,
1254 5550 1361 5590 non
1380 5547 1533 5606 aptus
1555 5536 1706 5606 juxta
1735 5536 1945 5591 Domini
1966 5552 2065 5590 vo-

461 5635 580 5678 cem
632 5623 925 5680 inveniaris
972 5625 1026 5681 in
1063 5643 1231 5698 regno
1268 5629 1529 5685 caelorum
1577 5629 1797 5700 (Matth.
1841 5646 1910 5696 v,
1946 5627 2058 5698 19).

450 5706 615 5767 .Cave
637 5730 707 5771 ne
733 5716 1072 5788 superbiam,
1110 5735 1272 5790 quam
1296 5722 1448 5780 initio
1490 5734 1586 5792 per
1612 5723 1931 5780 humilitatis
1952 5721 2064 5782 fer-

434 5205 442 5252 ἱ

2156 1811 2262 1866 que
2285 1794 2350 1848 ad
2385 1794 2547 1849 linem
2575 1795 2698 1847 vita:
2729 1804 2930 1848 nostra:
2961 1808 3059 1848 nos
3107 1792 3458 1862 supplantare
3501 1801 3744 1846 c0natur.

2158 1887 2336 1955 Quare
2368 1887 2500 1940 nihil
2544 1886 2783 1955 proderit
2809 1885 2979 1956 probe
3021 1885 3333 1953 incorpisse,
3371 1883 3506 1938 nihil
3539 1884 3746 1938 initium

2159 1979 2377 2034 fervens
2403 1979 2747 2046 obedientize,
2787 1978 2888 2033 nisi
2926 1978 3047 2032 finis
3081 1977 3333 2032 similiter
3361 1986 3746 2047 consequatur.

2160 2074 2230 2130 Et
2257 2090 2321 2129 ea
2344 2090 2462 2145 quae.
2490 2073 2785 2129 secundum
2813 2072 3088 2127 Christum
3137 2081 3221 2127 est
3252 2071 3538 2139 humilitas,
3580 2086 3748 2140 quam

2161 2182 2306 2222 nunc
2328 2167 2641 2236 promisisti,
2672 2182 2778 2220 non
2805 2165 3127 2232 firmabitur,
3184 2166 3287 2220 nisi
3327 2180 3442 2220 eam
3472 2165 3539 2220 ad
3581 2165 3749 2221 linem

2160 2278 2335 2332 usque
2357 2261 2688 2316 exhibueris.
2723 2259 3085 2327 Quamobrem
3126 2269 3184 2314 ut
3215 2258 3365 2313 illam
3409 2260 3583 2326 possis
3621 2273 3750 2329 per-

2160 2359 2302 2414 fecte
2317 2356 2613 2426 possidere,
2641 2365 2803 2424 atque
2824 2363 2987 2423 caput
3008 2353 3260 2409 draconis
3284 2364 3568 2410 conterere
3594 2353 3749 2423 (Gen.

2160 2448 2390 2519 III,15),
2421 2464 2540 2503 cum
2587 2459 2640 2503 te
2670 2450 2967 2502 invaserint
3009 2448 3384 2517 cogitationes,
3432 2456 3643 2504 mature
3687 2449 3752 2504 ab

2161 2542 2280 2613 ipso
2309 2542 2570 2612 principio
2611 2541 2848 2595 revelato
2887 2541 3038 2596 illas:
3067 2555 3187 2594 nam
3220 2542 3265 2594 si
3293 2540 3364 2594 ita
3395 2541 3750 2610 publicaveris

2160 2637 2231 2698 ab
2259 2637 2416 2692 initio
2446 2637 2779 2706 perniciosas
2806 2636 3063 2690 draconis
3089 2635 3463 2705 cogitationes.
3496 2636 3542 2689 si
3578 2651 3682 2690 non
3703 2643 3752 2690 te

2160 2729 2361 2801 pudeat
2387 2745 2478 2784 eas
2505 2730 2638 2798 patri
2672 2736 2764 2784 tuo
2816 2729 3114 2795 declarare,
3145 2737 3398 2784 conteres
3422 2735 3591 2796 caput
3614 2727 3750 2796 ejus.

2161 2823 2452 2888 Enimvero
2485 2822 2636 2891 juxta
2685 2822 2922 2876 divinam
2953 2821 3311 2891 Scripturam,
3361 2821 3406 2876 si
3460 2821 3755 2876 accesseris

2161 2915 2230 2974 ad
2263 2915 2606 2972 serviendmn
2642 2915 2770 2982 Deo,
2801 2929 3044 2984 praepara
3083 2914 3312 2983 teipsum
3362 2912 3548 2985 (Eccti.
3589 2930 3647 2980 II,
3675 2912 3756 2983 -l),

2163 3025 2272 3065 non
2301 3009 2367 3063 ad
2400 3009 2682 3072 incuriam,
2715 3011 2914 3066 nonad
2944 3009 3295 3076 otiositatem,
3345 3009 3444 3064 sed
3487 3008 3552 3062 ad
3581 3017 3760 3063 tenta-

2141 3104 2361 3181 Jiones,
2395 3104 2462 3159 ad
2492 3104 2899 3160 tribulationes:
2946 3121 3094 3171 nam,
3120 3122 3208 3175 per
3244 3104 3432 3163 multas
3467 3104 3759 3159 tribulatio-

2161 3216 2249 3254 ηδε
2275 3209 2471 3271 Oportet
2502 3217 2594 3255 nos
2631 3201 2824 3254 intrare
2852 3201 2905 3254 in
2932 3217 3145 3270 regnum
3181 3201 3425 3255 caelorum
3466 3199 3607 3271 (Act.
3645 3215 3756 3267 xlv,

2159 3295 2276 3365 22),
2308 3304 2364 3351 et
2389 3305 2608 3367 angusta
2637 3304 2809 3366 porta,
2845 3304 2892 3349 et
2921 3304 3063 3348 arcta
3090 3295 3170 3348 ria
3195 3305 3267 3348 est
3289 3309 3401 3362 qut:
3431 3294 3569 3346 ducit
3595 3293 3660 3349 ad
3687 3295 3759 3347 υἱ-

2163 3398 2288 3457 tam,
2312 3401 2359 3442 et
2388 3390 2539 3459 pauci
2567 3398 2685 3444 sunt
2709 3389 2798 3460 qui
2827 3390 3089 3444 inveniunt
3116 3405 3227 3443 eam
3275 3387 3492 3460 (Matth.
3513 3404 3608 3452 vII,
3642 3387 3756 3458 14).

2162 3483 2415 3540 Animum
2449 3485 2629 3554 itaque
2661 3485 2848 3555 paucis
2894 3483 3003 3538 illis
3043 3483 3199 3538 bonis
3227 3482 3447 3551 adhibe,
3479 3491 3534 3538 et
3560 3498 3629 3538 ex
3660 3497 3758 3537 eo-

2161 3592 2282 3632 rum
2329 3577 2581 3647 exemplo
2633 3577 2796 3631 vitam
2850 3576 3071 3631 institue
3127 3585 3302 3641 tuam;
3356 3589 3457 3630 nec
3507 3573 3761 3629 attendas

2161 3669 2329 3739 pigris
2359 3678 2414 3724 et
2438 3669 2926 3739 contemptoribus,
2955 3669 3296 3738 quantumvis
3339 3668 3492 3722 multi
3533 3682 3762 3722 numero

2161 3761 2320 3818 sint:
2369 3761 2527 3817 Multi
2562 3763 2718 3831 enim,
2771 3761 2967 3832 inquit,
3013 3763 3210 3828 rotati,
3258 3763 3411 3831 pauci
3457 3777 3574 3816 vero
3613 3761 3761 3816 electi

2161 3859 2384 3933 (Matth.
2413 3878 2508 3928 xx,
2533 3859 2658 3932 l6);
2690 3868 2744 3916 et
2774 3875 2970 3931 parvus
3000 3875 3130 3929 grex
3159 3867 3243 3913 est
3271 3859 3354 3913 cui
3387 3859 3587 3929 placuit
3614 3858 3759 3914 Patri

2163 3950 2296 4007 dare
2323 3967 2551 4022 regnum
2583 3951 2736 4024 (Luc.
2771 3967 2867 4018 xIt,
2902 3951 3019 4021 5|).
3051 3951 3127 4006 Ne
3158 3963 3381 4022 parvum
3413 3952 3612 4006 etenim
3645 3951 3760 4006 exi-

2163 4043 2355 4099 stimes
2383 4058 2504 4099 esse
2533 4053 2837 4113 peccatum,
2858 4043 3248 4114 perfectionem
3282 4044 3549 4111 polliceri,
3581 4053 3631 4097 et
3663 4057 3761 4098 ne-

2163 4135 2516 4206 gligentiores
2547 4143 2707 4205 atque
2739 4151 2934 4206 segnes
2967 4135 3185 4190 imitari.
3235 4134 3304 4190 Ut
3356 4135 3538 4189 valeas
3576 4134 3761 4202 itaque

2164 4227 2232 4284 ad
2273 4227 2660 4296 perfectionem
2693 4228 3002 4298 pervenire,
3039 4228 3142 4282 hoc
3168 4235 3324 4282 utere
3355 4227 3624 4293 instituto,
3670 4224 3759 4280 his

2165 4320 2398 4376 ascende
2426 4320 2704 4391 gradibus.

2237 4414 2326 4468 14.
2373 4413 2542 4484 (Cass.
2572 4410 2708 4467 Inst.
2726 4413 2763 4466 ι.
2792 4428 2866 4478 Iv,
2882 4430 2924 4467 ε.
2941 4412 3385 4481 59,40.)Ρ1’ἱηιυε
3401 4410 3609 4465 virtutis
3633 4424 3762 4480 gra-

2165 4507 2268 4564 dus
2313 4516 2370 4563 et
2411 4507 2624 4562 initium
2678 4517 2884 4563 nostrae
2935 4508 3127 4563 salutis
3158 4518 3242 4563 est
3281 4507 3436 4561 timor
3477 4503 3602 4570 Dei;
3657 4520 3759 4574 per

2166 4620 2289 4662 eum
2339 4622 2577 4676 namque
2622 4617 2965 4677 peccatorum
2999 4607 3059 4662 fit
3103 4607 3370 4676 purgatio,
3403 4615 3458 4660 et
3497 4603 3756 4659 virtutum

2167 4698 2418 4755 custodia
2469 4700 2662 4770 viaque
2714 4699 2780 4754 ad
2826 4698 3214 4770 perfectionem
3263 4698 3583 4752 obtinetur:
3635 4711 3757 4750 nam

2167 4807 2289 4848 cum
2325 4793 2379 4846 in
2409 4792 2645 4846 animam
2691 4792 2968 4862 ingressus
3008 4791 3170 4845 fuerit
3202 4791 3362 4844 timor
3394 4789 3522 4856 Dei,
3571 4787 3762 4843 suadet

2168 4887 2264 4942 ille
2313 4895 2372 4940 ut
2419 4887 2605 4941 omnia
2655 4885 2926 4941 mundana
2971 4883 3368 4953 despiciamus;
3420 4882 3546 4936 hinc
3591 4881 3762 4935 oritur

2169 4987 2525 5050 cognatorum
2557 4977 2901 5047 universique
2923 4975 3109 5030 muudi
3141 4973 3362 5032 oblivio.
3393 4974 3470 5028 Ex
3495 4971 3582 5025 his
3605 4987 3762 5041 porro

2170 5069 2450 5126 humilitas
2482 5073 2724 5125 omnium
2757 5078 2916 5133 caput
2945 5069 3236 5136 Virtutum,
3286 5065 3641 5133 omniumque
3669 5063 3764 5117 bo-

2170 5182 2363 5223 norum
2408 5165 2865 5234 complementum
2905 5171 3223 5225 CXCI‘CCl-Uf‘;
3272 5175 3395 5213 nam
3427 5174 3493 5213 (ΒΧ
3522 5165 3764 5212 contem—

2169 5266 2264 5328 pttt
2295 5265 2349 5312 et
2378 5257 2682 5326 privatione
2714 5270 2896 5310 rerum
2927 5252 3168 5308 omnium
3213 5249 3428 5306 accedit
3463 5247 3764 5303 humilitas.

2170 5351 2458 5407 Humilitas
2487 5365 2617 5405 vero
2667 5349 2750 5403 his
2776 5346 3160 5417 comprobatur
3191 5344 3411 5399 indiciis
3452 5360 3462 5395 :
3505 5341 3763 5412 primum,

2168 5447 2214 5501 si
2258 5447 2378 5516 quis
2418 5444 2770 5500 mortificatas
2820 5445 2873 5497 in
2918 5456 2978 5496 se
3005 5439 3200 5494 habeat
3234 5437 3486 5509 proprias
3516 5435 3767 5490 volunta-

2171 5549 2281 5606 tes;
2341 5537 2638 5594 secundum
2670 5537 2714 5592 si
2746 5551 2852 5591 non
2887 5534 3050 5590 modo
3077 5547 3322 5604 operum,
3352 5529 3449 5584 sed
3479 5527 3642 5585 etiam
3675 5539 3768 5580 co-

2167 5631 2490 5700 gitationum
2540 5643 2763 5682 suarum
2812 5627 2948 5681 nihil
3010 5626 3151 5696 patri
3203 5622 3470 5686 occultet;
3523 5620 3765 5683 tertium,

2169 5721 2217 5778 si
2247 5734 2372 5797 _nou
2414 5733 2551 5791 pr0p
2565 5720 2660 5776 ria:
2697 5717 2884 5778 credat
2921 5715 3261 5789 prudentiae,
3305 5711 3404 5772 sed
3429 5711 3486 5770 in
3513 5707 3774 5780 omnibus
