4042 6188
365 275 467 337 8⁸77

1356 276 1695 335 EPITOMES
1732 276 2019 339 OPERUM
2052 276 2361 336 CASSIANI
2399 278 2526 334 LIB.
2557 280 2624 337 1-1.

3529 290 3627 348 879

366 393 534 463 patris
583 392 662 447 sui
712 391 1051 459 discretioni,
1104 398 1422 462 Semperque
1462 394 1639 461 sitiat,
1681 399 1936 464 exoptet,
1967 394 2319 463 Apationes,
2367 396 2679 465 opprobria,
2722 398 3072 454 contumelias
3115 398 3335 468 inferat,
3371 401 3623 461 immotus

365 487 603 542 suaviter
644 485 911 539 auscultet
957 484 1075 553 ejus
1117 485 1543 551 admonitiones;
1590 494 1860 555 quartum,
1894 486 1942 541 si

366 582 533 650 patris
559 581 703 649 jussu
732 582 913 633 omnia
943 579 1148 649 absque
1178 579 1382 648 pudore
1405 589 1764 649 exsequatur;
1794 578 1943 649 quin-

367 680 510 737 tum,
551 672 595 726 si
637 686 741 725 non
775 672 935 727 modo
966 672 1082 741 ipse
1127 687 1235 726 non
1273 673 1415 726 ausit
1455 673 1543 726 alii
1586 673 1942 727 contumelias

365 763 581 829 inferre,
628 764 724 819 sed
753 765 796 817 si
830 765 897 819 ab
927 765 1049 818 aliis
1082 764 1260 819 illatas
1284 780 1405 819 cum
1437 765 1630 835 gaudio
1651 765 1939 835 suscipiat;

360 864 599 923 sextum,
641 858 685 911 si
716 857 849 912 nihil
890 858 1013 911 novi
1044 857 1223 912 facere
1251 872 1537 927 aggressus
1572 857 1766 923 fuerit,
1800 858 1941 927 quod

360 954 459 1005 nec
488 952 786 1006 communis
818 954 1023 1022 regula,
1062 968 1161 1007 nec
1190 952 1409 1006 Patrum
1442 953 1688 1021 exempla
1718 952 1939 1021 permit-

358 1046 506 1108 tant;
547 1048 861 1115 septimum,
907 1045 951 1099 si
984 1046 1132 1101 omni
1161 1046 1365 1100 vilitate
1407 1055 1713 1111 contentus,
1753 1046 1820 1100 de
1850 1045 1942 1098 da-

358 1137 428 1191 tis
458 1137 561 1191 sibi
594 1137 755 1191 rebus
786 1139 987 1207 gratias
1014 1146 1157 1208 agat,
1189 1153 1355 1205 seque
1403 1138 1469 1191 iis
1515 1138 1788 1205 indignum
1829 1137 1942 1190 exi-

361 1231 571 1296 stimet;
616 1238 858 1285 octavum
887 1273 901 1296 ,
948 1232 995 1285 si
1045 1247 1102 1285 se
1132 1231 1380 1286 omnibus
1430 1231 1588 1298 plane
1630 1229 1938 1283 inferiorem

360 1323 652 1385 existimet,
686 1338 786 1377 nec
825 1323 896 1376 sit
922 1323 1104 1376 verbis
1136 1326 1461 1376 temerarius
1488 1320 1745 1392 [Cassium
1768 1320 1892 1373 ibid.
1921 1338 1938 1373 :

356 1415 540 1480 Neue,
588 1418 632 1471 si
665 1418 896 1484 linguam
928 1417 1204 1477 cohibeat,
1239 1416 1325 1470 vel
1356 1432 1463 1470 non
1494 1416 1562 1469 sit
1590 1416 1858 1470 clamosus
1884 1416 1934 1469 in

355 1507 541 1579 voce];
587 1509 876 1576 decimum,
929 1510 973 1562 si
1022 1524 1127 1562 non
1174 1509 1247 1562 sit
1293 1508 1345 1561 in
1390 1522 1639 1561 sermone
1686 1508 1855 1561 facilis
1884 1514 1941 1561 et

356 1600 535 1670 lingua
586 1617 845 1669 princeps.
878 1600 973 1654 His
1002 1611 1054 1655 et
1092 1601 1358 1654 similibus
1390 1602 1561 1670 signis
1603 1600 1937 1669 dignoscitur

356 1689 664 1755 humilitas;
704 1689 822 1745 haec
868 1706 990 1744 cum
1040 1706 1229 1746 revera
1282 1691 1524 1745 exhibita
1577 1692 1799 1757 fuerint,
1828 1693 1936 1746 cito

2045 495 2163 541 esto
2228 486 2378 556 quasi
2424 488 2698 554 freuatus,
2756 497 2812 544 et
2850 492 3005 559 quasi
3067 504 3277 559 mutus;
3337 494 3482 551 hunc
3531 498 3625 557 tibi

2046 579 2235 648 psalmi
2265 595 2479 633 versum
2510 581 2723 636 assidue
2754 592 2941 652 repete
2983 598 2996 637 :
3030 584 3174 655 Dixi,
3205 591 3490 644 custodiam
3519 593 3624 645 vias

2044 686 2201 733 meas,
2246 680 2300 723 ut
2345 688 2445 725 non
2492 673 2785 741 delinquam
2835 676 2889 727 in
2940 675 3119 747 lingua
3162 693 3293 732 mea.
3348 681 3507 736 Ροδυὶ
3547 686 3623 737 ori

2045 779 2155 816 meo
2203 765 2506 831 custodiam,
2560 781 2677 818 cum
2726 772 3022 823 consisteret
3069 776 3305 839 peccator
3349 774 3619 829 adversum

2043 862 2141 907 me.
2188 855 2429 907 Obmutui
2469 866 2515 909 et
2545 856 2843 912 humiliatus
2886 870 3000 913 sum
3045 860 3235 934 ('Psal'.
3275 878 3497 933 xxxvttt,
3534 868 3619 934 1).

2044 944 2123 1001 Ad
2175 945 2289 1000 haec
2316 954 2371 1000 et
2415 946 2547 1000 illud
2589 957 2839 1017 quartum
2870 960 2997 1010 ante
3024 952 3205 1006 omnia
3238 954 3529 1021 meditare;
3570 967 3622 1011 et

2044 1037 2280 1093 observa
2309 1040 2452 1108 quod
2486 1040 2584 1095 tria
2630 1042 2729 1095 ista
2781 1043 3037 1110 superius
3062 1044 3203 1099 dicta
3234 1060 3432 1102 ornare
3467 1056 3619 1116 pote-

2045 1130 2153 1184 rit:
2180 1140 2234 1184 ut
2261 1132 2466 1186 scilicet
2498 1143 2549 1187 te
2576 1133 2797 1187 stultum
2826 1143 2880 1189 et
2915 1136 3279 1208 insipientem,
3305 1139 3455 1207 juxta
3478 1142 3619 1209 Apo-

2042 1223 2165 1276 stoli
2213 1234 2541 1293 maeeeptum
2572 1223 2625 1278 in
2660 1225 2761 1280 hoc
2803 1229 3004 1283 saeculo
3033 1229 3273 1296 efﬁcias,
3313 1241 3367 1284 ut
3407 1232 3482 1285 sis
3531 1248 3618 1286 sa-

2041 1312 2196 1382 piens
2228 1314 2280 1383 (l
2311 1314 2431 1367 Cor.
2464 1330 2543 1380 Ill,
2577 1317 2717 1387 48);
2760 1318 3011 1374 videlicet
3038 1320 3170 1375 nihil
3198 1322 3499 1391 dijudicans
3529 1337 3618 1380 aut

2041 1405 2293 1460 dubitans
2337 1408 2389 1460 in
2436 1408 2863 1478 quibuscumque
2896 1413 3013 1465 tibi.
3040 1413 3331 1483 mandatis,
3364 1416 3621 1485 simplici-

2041 1506 2151 1554 tate
2183 1515 2377 1569 nempe
2403 1510 2456 1555 et
2484 1502 2588 1557 fide
2626 1502 2947 1559 obedientiae
2976 1506 3289 1561 instructus.
3324 1507 3468 1562 Inter
3499 1523 3609 1562 san-

2039 1600 2124 1645 cta
2170 1592 2352 1646 omnia
2402 1592 2455 1647 id
2506 1593 2845 1650 solummodo
2884 1605 3151 1665 sanctum,
3203 1598 3333 1652 illud
3384 1600 3617 1670 sapiens,

2040 1684 2170 1739 illud
2201 1688 2334 1740 utile
2380 1686 2612 1751 credas,
2674 1690 2819 1758 quod
2868 1706 2899 1746 a
2950 1700 3103 1760 patre
3153 1701 3243 1747 tuo
3268 1693 3475 1762 jussum
3524 1694 3618 1751 tibi

358 1782 424 1835 ad
465 1782 771 1838 dilectionis
822 1782 1093 1853 fastigium
1149 1784 1439 1850 adducunt,
1479 1784 1533 1838 in
1574 1801 1677 1855 qua
1708 1801 1815 1840 non
1854 1794 1937 1841 est
1968 1772 2013 1832 Β
2040 1776 2223 1835 fuerit.
2247 1779 2362 1833 Hoc
2390 1780 2667 1850 proposito
2696 1783 2740 1835 si
2770 1797 2864 1837 cor
2896 1792 3043 1838 tuum
3067 1785 3389 1851 ﬁrmaveris,
3414 1788 3617 1856 poteris

356 1872 525 1926 timor
569 1874 868 1942 gehennae,
920 1882 975 1928 et
1021 1888 1119 1943 per
1167 1891 1323 1943 quam
1373 1876 1548 1929 omnia
1596 1892 1700 1930 non
1730 1878 1841 1945 jam
1870 1893 1934 1931 ex

359 1965 683 2019 necessitate
705 1974 904 2019 etcum
927 1964 1109 2020 labore
1135 1966 1503 2035 perficiuntur,
1535 1968 1629 2021 sed
1657 1982 1722 2021 ex
1753 1982 1935 2022 amore

353 2053 585 2110 ferventi
643 2064 696 2111 et
727 2072 791 2111 ex
825 2057 949 2110 boni
987 2059 1444 2127 concupiscentia.
1481 2058 1649 2123 Quam
1680 2060 1933 2114 virtutem

353 2150 411 2201 ut
460 2150 637 2216 possis
687 2149 897 2204 facilius
947 2150 1196 2220 adipisci,
1247 2167 1345 2220 pro
1376 2154 1669 2221 exemplari
1704 2154 1799 2207 tibi
1830 2155 1937 2208 sint

351 2239 520 2293 Verba
554 2239 777 2294 fratrum
813 2258 913 2295 una
948 2251 1126 2297 tecum
1155 2245 1615 2309 concurrentium,
1651 2245 1933 2313 pietatem-

355 2346 457 2401 que
508 2332 929 2400 possidentium;
986 2350 1091 2388 non
1144 2344 1321 2389 autem
1372 2352 1562 2390 eorum
1611 2338 1701 2406 qui
1754 2339 1934 2405 plures

354 2430 625 2488 namero,
680 2425 1035 2493 negligentius
1100 2428 1423 2497 segniusqne
1482 2430 1645 2482 vitam
1693 2430 1930 2499 exigunt.

355 2509 436 2567 Ex
491 2524 800 2569 sanctorum
844 2518 985 2570 enim
1036 2518 1331 2573 imitatione
1376 2520 1825 2590 mmulationeque
1854 2522 1936 2576 in-

355 2616 483 2678 gens
508 2612 814 2667 volentibus
842 2613 906 2667 ad
944 2616 1327 2683 perfectionem
1364 2616 1694 2671 contendere
1730 2616 1937 2672 accedit

354 2700 574 2757 milites.

426 2794 512 2849 15.
556 2795 743 2868 (Cass.
789 2797 923 2852 Inst.
972 2800 1010 2853 ι.
1050 2816 1124 2865 tv,
1154 2817 1199 2855 c.
1232 2802 1473 2870 ιιι-45.)
1522 2801 1575 2857 Si
1627 2803 1707 2856 vis
1753 2802 1936 2873 itaque

354 2884 661 2942 facultatem
706 2891 796 2944 tibi
846 2906 965 2946 esse
1014 2892 1128 2946 haec
1167 2894 1347 2947 omnia
1376 2895 1724 2963 exsequendi,
1759 2904 1811 2947 et
1839 2896 1935 2946 Sui)

354 2977 437 3032 his
470 2981 519 3032 in
570 2982 835 3049 spirituali
881 2985 1114 3038 cmnobii
1147 2987 1443 3040 certamine
1480 2986 1545 3039 ad
1580 2987 1736 3039 finem
1770 2998 1937 3053 usque

354 3080 727 3137 perseverare,
760 3076 1065 3128 necessaria
1118 3075 1213 3129 tibi
1260 3078 1327 3129 ad
1373 3077 1671 3129 custodiam
1706 3078 1757 3127 in
1795 3088 1936 3128 cmtu

2039 1870 2105 1925 ad
2139 1871 2298 1925 ﬁnem
2339 1885 2510 1939 usque
2538 1872 2735 1927 Christi
2761 1874 2946 1943 jugum
2979 1876 3296 1932 obedientiae
3328 1881 3615 1946 sustinere,

2038 1972 2093 2017 et
2123 1964 2268 2017 nulla
2302 1978 2367 2017 ex
2394 1964 2594 2019 diaboli
2629 1967 3098 2023 tentationibuset
3132 1972 3338 2027 artibus
3366 1983 3618 2029 excutere

2040 2063 2093 2109 te
2134 2057 2331 2123 poterit
2375 2072 2442 2111 ex
2486 2058 2709 2111 scientia
2752 2059 2896 2114 vitae.
2928 2061 3245 2118 Patientiam
3280 2080 3407 2121 vero
3448 2074 3614 2132 tuam,

2038 2143 2421 2213 humilitatem,
2473 2152 2947 2220 aequanimitatem,
2994 2168 3063 2209 ne
3112 2159 3508 2225 exspectaveris
3552 2176 3617 2218 ex

2038 2240 2265 2295 aliorum
2298 2242 2492 2297 virtute
2537 2252 2773 2300 statuere
2812 2262 2824 2297 :
2866 2247 2912 2299 si
2942 2246 3201 2302 videlicet
3238 2260 3396 2304 nemo
3446 2259 3497 2305 te
3524 2253 3616 2306 sti-

2038 2333 2230 2396 mulet,
2247 2349 2405 2388 nemo
2432 2335 2714 2405 despiciat,
2750 2352 2908 2392 nemo
2930 2340 3196 2395 dedecore
3220 2342 3418 2397 afticiat
3439 2361 3451 2397 :
3474 2344 3617 2413 quod

2038 2439 2168 2481 sane
2212 2441 2388 2496 neque
2430 2428 2645 2482 virtutis
2696 2437 2801 2482 tuae
2848 2440 3225 2499 argumentum
3274 2440 3377 2496 est,
3424 2447 3524 2488 nec
3562 2434 3617 2489 lu

2037 2526 2127 2571 tua
2175 2528 2257 2572 est
2307 2518 2594 2584 facultate;
2639 2518 2733 2573 sed
2783 2522 2828 2573 si
2879 2520 3197 2590 opprobria,
3242 2522 3612 2590 contumelias,

2037 2620 2385 2681 contemptus
2431 2612 2664 2666 libenter
2694 2611 2857 2677 feras,
2888 2613 2939 2665 id
2985 2614 3127 2668 enim
3167 2614 3238 2668 tui
3269 2623 3355 2669 est
3384 2615 3614 2671 arbitrii.

2039 2702 2109 2757 Ut
2136 2703 2297 2773 igitur
2326 2716 2442 2772 quae
2473 2704 2645 2757 fusius
2680 2718 2839 2771 supra
2879 2703 3136 2767 diximus,
3163 2705 3270 2773 jam
3295 2708 3615 2775 compendio

2038 2797 2305 2862 dicamus,
2340 2804 2395 2850 ut
2422 2811 2610 2852 eorum
2657 2796 2865 2850 facilius
2890 2799 3221 2860 memineris,
3264 2798 3384 2851 audi
3428 2814 3615 2855 rursus

2038 2891 2127 2959 qui
2158 2892 2360 2958 poteris
2393 2905 2486 2958 per
2508 2889 2748 2942 ordinem
2787 2890 2850 2942 ad
2882 2890 3271 2956 perfectionem
3304 2892 3609 2959 pervenire.

2042 2980 2369 3049 Principium
2418 2980 2605 3033 salutis
2639 2989 2833 3032 nostra:-
2862 2980 3024 3032 timor
3051 2989 3134 3033 est
3166 2980 3288 3045 Dei;
3330 2995 3397 3034 ex
3438 2996 3504 3036 eo
3530 2984 3611 3053 gi-

2042 3074 2218 3138 gnitur
2268 3070 2411 3122 bona
2454 3070 2795 3132 obedientia;
2846 3068 2972 3121 hinc
3025 3069 3199 3123 oritur
3253 3070 3515 3140 subjectio
3561 3083 3615 3131 et

354 3157 578 3213 fratrum
610 3162 845 3227 fuerint,
873 3179 934 3218 ea
963 3181 1081 3234 quae
1115 3166 1281 3219 David
1312 3169 1385 3219 ait
1414 3184 1426 3218 :
1462 3164 1575 3231 Ego
1602 3177 1767 3219 autem
1805 3175 1935 3219 εωθι-
1964 3140 2011 3205 C
2044 3170 2384 3229 contemptus
2417 3175 2595 3214 rerum
2628 3160 2842 3224 mundi;
2882 3175 2947 3213 ex
2980 3161 3079 3215 hac
3109 3161 3407 3218 humilitate
3438 3165 3613 3220 nasci-

356 3262 504 3314 quam
536 3252 723 3305 surdus
755 3268 853 3307 non
877 3255 1167 3323 audiebam,
1197 3267 1242 3310 et
1266 3259 1393 3310 sicut
1423 3258 1571 3309 homo
1600 3273 1702 3310 non
1722 3258 1933 3311 audiens

357 3350 404 3395 et
432 3356 530 3394 non
562 3342 744 3396 habens
778 3347 827 3396 in
864 3362 949 3399 ore
983 3363 1076 3399 suo
1104 3348 1491 3417 redargulioncs
1518 3348 1699 3417 (Psal.
1731 3365 1931 3418 xxxvu,

358 3432 423 3487 M
446 3432 487 3503 ).
521 3435 981 3506 Quotiescumque
1028 3440 1195 3508 igitur
1222 3441 1400 3510 aliqua
1438 3441 1635 3498 videris
1663 3442 1835 3498 aliena
1864 3444 1935 3499 ab

357 3526 715 3583 ardilicatione
763 3539 817 3584 et
862 3532 1132 3599 utilitate,
1182 3542 1298 3587 esto
1345 3535 1495 3603 quasi
1545 3549 1753 3600 cmcus;
1795 3544 1849 3590 ct
1888 3537 1932 3590 si

356 3628 458 3688 qua
492 3621 730 3677 audieris
757 3624 839 3678 his
871 3625 1089 3691 similia,
1126 3626 1223 3680 tias
1255 3627 1405 3695 quasi
1437 3627 1628 3682 surdus
1658 3638 1711 3682 et
1738 3636 1936 3693 mutus,

357 3721 409 3765 et
440 3727 545 3768 non
578 3716 781 3771 habens
820 3718 872 3771 in
904 3734 999 3773 ore
1027 3728 1120 3773 tuo
1149 3719 1578 3790 redargutiones.
1610 3722 1795 3791 Neque
1821 3723 1939 3776 imi-

357 3808 489 3862 teris
529 3822 626 3863 eos
676 3812 767 3879 qui
817 3812 1082 3881 infideles,
1116 3814 1558 3884 inobsequentes,
1610 3814 1935 3884 petulantes,

355 3901 634 3969 scurriles,
683 3905 1059 3961 contumeliosi
1108 3914 1233 3961 sunt
1279 3926 1291 3959 :
1336 3906 1431 3962 sed
1466 3909 1624 3977 quasi
1670 3917 1856 3961 mutus
1883 3914 1940 3962 et

358 4002 463 4046 non
501 3995 723 4051 audiens
754 3996 868 4053 hmc
916 4000 1320 4068 praetermittas.
1363 3999 1420 4055 Si
1459 4002 1578 4070 quis
1604 4000 1723 4067 tibi
1764 4002 1937 4067 incre-

2044 3261 2131 3307 tur
2181 3252 2523 3323 propriarum
2568 3252 2902 3307 voluntatum
2951 3250 3316 3318 mortiﬁcatio;
3376 3270 3445 3309 ex
3489 3271 3613 3325 pro-

2041 3351 2277 3421 priarum
2320 3349 2659 3403 voluntatum
2694 3346 3125 3413 mortificatione,
3158 3349 3497 3405 exsiccantur
3524 3365 3613 3405 vo-

2042 3443 2308 3512 luptatum
2352 3440 2589 3506 radices;
2632 3440 2714 3493 itis
2756 3449 2934 3495 autem
2974 3450 3160 3495 omnes
3189 3440 3380 3496 anima:
3410 3441 3614 3511 imper-

2044 3534 2305 3588 factiones
2348 3532 2717 3597 eliminantur,
2748 3544 2974 3601 quarum
3020 3531 3339 3600 expulsione
3365 3542 3614 3589 crescunt

2040 3622 2379 3692 fructumque
2401 3620 2581 3675 ferunt
2605 3621 2862 3687 virtutes;
2904 3635 2967 3676 ex
3000 3622 3255 3676 virtutum
3280 3622 3614 3678 incremento

2040 3718 2278 3788 gignitur
2307 3714 2510 3785 puritas
2542 3713 2755 3777 cordis;
2798 3714 3086 3783 puritatem
3117 3713 3299 3769 cordis
3326 3716 3613 3785 consequi-

2042 3820 2129 3866 tur
2174 3808 2463 3880 apostolica
2510 3806 2776 3877 perfectio
2823 3807 2991 3875 gratia
3035 3815 3086 3860 et
3156 3805 3356 3860 auxilio
3404 3807 3613 3865 Domini

2042 3903 2211 3958 nostri
2236 3901 2365 3957 Jesu
2390 3900 2616 3968 Christi,
2654 3899 2744 3955 cui
2769 3898 2939 3969 gloria
2968 3898 3021 3952 in
3050 3898 3247 3952 secula
3275 3898 3611 3966 saculorum,

2041 4011 2218 4064 amen.

373 4098 3610 4130 MM

1280 4202 1762 4310 LIBER
1836 4192 2685 4309 SECUNDUS.

1208 4367 1311 4427 os
1380 4365 1595 4428 οι]Το
1656 4344 2021 4428 MALlTIJE
2078 4336 2779 4427 'COGITATIONIBUS.

424 4530 476 4586 1.
516 4530 704 4599 (Cass.
736 4531 868 4586 Inst.
900 4533 936 4585 ι.
970 4547 1025 4600 v,
1055 4549 1103 4588 c.
1136 4532 1164 4586 1
1196 4541 1242 4586 et
1270 4549 1410 4603 seqq.
1437 4533 1457 4603 )
1502 4531 1634 4587 Cum
1684 4537 1834 4605 prius
1861 4550 1929 4591 ue
1958 4539 2011 4598 D
2039 4534 2308 4597 laborant,
2341 4532 2431 4585 alii
2464 4530 2775 4584 delicatiore
2801 4536 2925 4582 sunt
2952 4542 3197 4598 corpore.
3232 4528 3404 4585 Unum
3433 4540 3611 4591 autem

352 4622 733 4676 constitutione
773 4624 1147 4678 coenobiorum
1176 4624 1340 4680 verba
1384 4625 1705 4691 fecerimus,
1734 4627 1929 4682 vestris

352 4711 475 4765 freti
506 4714 858 4780 orationibus,
894 4715 1002 4784 jam
1045 4716 1289 4772 scribere
1319 4716 1663 4788 aggredimur
1700 4718 1767 4773 de
1806 4729 1929 4774 octo

350 4802 570 4859 malitia:
615 4807 1059 4876 cogitationibus,
1112 4810 1376 4867 edacitate
1415 4812 1654 4880 scilicet,
1696 4814 1930 4870 fornica-

354 4896 526 4964 tione,
579 4898 828 4964 avaritia,
880 4900 956 4954 ira
978 4943 992 4969 ,
1038 4903 1253 4957 tristitia
1278 4946 1292 4970 ,
1317 4904 1562 4975 pigritia,
1596 4920 1726 4961 vana
1760 4907 1929 4977 gloria

350 4993 404 5041 et
443 4987 713 5056 superbia.
744 4988 980 5044 Primum
1021 4992 1204 5062 itaque
1246 4994 1313 5049 de
1349 4995 1675 5050 abstinentia
1720 4996 1927 5052 dicetur

349 5093 379 5133 a
409 5077 595 5145 nobis,
626 5094 746 5149 qua:
793 5081 1045 5138 edacitati
1076 5087 1322 5155 opposita
1353 5097 1436 5142 est
1477 5105 1490 5140 :
1533 5102 1750 5158 agemus
1795 5089 1923 5145 item

346 5169 415 5226 de
436 5169 764 5239 jejuniorum
794 5172 974 5240 modo,
1018 5175 1086 5230 de
1126 5178 1384 5245 qualitate
1409 5186 1462 5234 et
1492 5181 1791 5247 quantitate
1830 5180 1925 5235 ali-

349 5273 676 5317 mentorum.
708 5265 773 5319 Et
796 5263 910 5320 hac
935 5282 1043 5323 non
1069 5284 1135 5324 ex
1160 5270 1315 5325 nobis
1342 5272 1473 5341 ipsis
1498 5270 1691 5327 dicturi
1715 5287 1917 5339 sumus,

348 5355 444 5409 sed
485 5372 546 5410 ea
577 5372 696 5427 quae
737 5359 1043 5428 accepimus
1084 5375 1112 5415 a
1154 5350 1355 5418 sanctis
1402 5364 1655 5419 Patribns
1697 5366 1917 5417 nostris.

348 5443 429 5499 Illi
464 5446 641 5515 itaque
687 5463 791 5504 non
842 5466 1002 5505 unam
1029 5451 1220 5521 jejunii
1250 5455 1510 5524 regulam,
1547 5469 1723 5523 neque
1754 5469 1917 5508 unum

348 5538 691 5594 comestionis
722 5544 961 5615 modum,
992 5561 1164 5616 neque
1192 5548 1433 5603 eamdem
1468 5549 1637 5616 ipsam
1668 5550 1923 5604 omnibus

347 5644 652 5688 Mansuram
692 5637 985 5706 tradidere,
1017 5641 1139 5710 quia
1171 5653 1275 5696 non
1303 5655 1498 5697 onmes
1526 5641 1767 5710 ejusdem
1797 5649 1924 5696 sunt

325 5721 588 5813 'roboris,
630 5726 711 5783 vel
752 5730 947 5799 aetatis,
986 5740 1042 5787 et
1065 5733 1190 5801 quia
1221 5733 1311 5790 alii
1340 5733 1656 5788 infirmitate
1682 5733 1932 5801 corporis

2037 4626 2284 4682 omnibus
2323 4621 2593 4677 tradidere
2629 4626 2875 4687 scopum,
2915 4627 2973 4672 ut
3009 4618 3213 4688 fugiant
3260 4621 3528 4690 crapulam
3559 4633 3612 4678 et

2036 4717 2240 4773 ventris
2262 4715 2593 4771 saturitatem
2621 4721 2965 4778 averseutur;
2994 4726 3057 4767 ac
3077 4713 3451 4782 experimento
3474 4730 3613 4771 com-

2037 4808 2321 4881 probatum
2370 4807 2627 4861 dixerunt
2672 4804 2854 4858 utilius
2901 4818 3023 4859 esse
3064 4805 3430 4874 quotidianum
3469 4808 3612 4877 jeju-

2039 4903 2207 4969 nium,
2238 4911 2396 4972 atque
2431 4900 2496 4954 ad
2531 4899 2817 4969 puritatem
2855 4899 3026 4968 magis
3060 4898 3336 4966 conferre,
3377 4916 3538 4969 quam
3565 4902 3611 4955 si

2039 4994 2105 5049 ad
2135 5001 2246 5049 tres
2274 4993 2359 5047 vel
2386 5000 2614 5062 quatuor
2638 4991 2775 5055 dies,
2805 4997 2899 5044 aut
2926 4990 2992 5044 ad
3022 4988 3415 5045 hebdomadam
3444 5005 3611 5059 usque

2031 5085 2293 5155 jejunium
2334 5082 2703 5154 protrahatur.
2750 5080 2914 5137 Aiunt
2954 5081 3096 5136 enim
3122 5096 3245 5136 eum
3285 5082 3377 5151 qui
3418 5083 3609 5136 immo-

2033 5178 2218 5233 derate
2260 5177 2528 5247 jejunium
2576 5174 2869 5245 protrahit,
2898 5174 3066 5239 fultra
3113 5188 3421 5229 mensuram
3466 5187 3612 5242 saepe

2032 5272 2153 5328 cibo
2176 5272 2283 5338 uti;
2330 5273 2400 5326 ita
2433 5281 2492 5326 ut
2520 5271 2644 5324 hinc
2673 5284 2815 5338 saepe
2843 5268 3054 5324 accidat
3082 5278 3140 5323 ut
3169 5269 3459 5339 aliquando
3487 5265 3608 5337 qui-

2033 5362 2153 5417 dem
2183 5378 2249 5419 ex
2282 5363 2443 5417 nimia
2473 5360 2796 5417 abstinentia
2820 5361 2874 5414 in
2897 5362 3206 5430 languorem
3250 5375 3447 5431 corpus
3476 5357 3609 5413 inci-

2030 5458 2163 5523 dat,
2208 5467 2261 5513 et
2309 5458 2373 5510 ad
2424 5456 2719 5527 spiritualia
2769 5453 3071 5509 ministeria
3120 5456 3340 5524 segnius
3385 5451 3606 5516 evadat;

2031 5550 2322 5619 aliquando
2368 5558 2553 5603 contra
2605 5545 2945 5601 multitudine
2994 5544 3368 5599 alimentorum
3413 5556 3608 5596 onera-

2033 5650 2166 5710 tum,
2195 5644 2461 5713 pigritiam
2498 5641 2885 5708 mollitiemque
2922 5637 3089 5705 animi
3133 5638 3432 5706 ingeneret.
3466 5634 3606 5691 Rur-

2034 5749 2158 5791 sum
2207 5752 2314 5793 non
2363 5737 2614 5793 omnibus
2658 5740 2969 5799 competere
3015 5729 3222 5787 olerum
3266 5744 3461 5792 usum,
3499 5740 3609 5779 non
