4042 6188
463 159 565 217 879

1459 153 1519 211 8.
1561 149 1887 211 EUCHERII
1925 146 2410 206 LUGDUNENSIS
2449 149 2754 207 EPISCOPI

3644 146 3755 205 880

462 272 716 335 omnibus
757 272 884 327 item
910 270 1265 340 leguminum,
1300 280 1405 322 non
1442 283 1605 339 posse
1642 266 1897 322 omnibus
1926 264 2055 319 sicci
2081 266 2136 328 Α
2161 262 2395 337 primere
2425 277 2669 337 possunt,
2714 274 2875 336 atque
2902 263 3049 321 illam
3094 278 3161 321 ex
3188 264 3443 321 obscenis
3468 265 3757 336 cogitatio-

464 368 621 440 panis
649 366 965 419 alimentum
996 363 1282 416 sufﬁcere:
1326 361 1451 415 item
1492 374 1614 415 esse
1649 359 1738 429 qui
1769 357 2058 412 manduca-

465 463 534 516 tis
582 458 735 528 panis
781 455 988 510 duabus
1034 452 1186 507 libris
1239 451 1416 505 adhuc
1464 452 1735 515 esuriant,
1779 449 1918 501 alios
1966 446 2059 516 qui

465 567 572 607 una
600 550 759 616 libra,
794 547 958 601 immo
995 560 1094 601 sex
1123 545 1295 600 unciis
1326 546 1611 600 satientur.
1645 541 1914 597 Omnibus
1954 540 2058 595 ita-

468 659 593 714 que,
628 652 683 695 ut
714 639 915 693 dictum
937 647 1044 703 est,
1074 653 1237 691 unum
1258 636 1605 693 abstinentiae
1636 649 1863 703 scopum
1895 632 2062 686 tradi-

467 737 679 795 derunt,
717 742 771 784 ut
802 747 908 785 non
928 729 1271 799 decipiantur
1301 730 1587 783 saturitate
1620 728 1854 791 ventris,
1887 739 2061 794 neque

468 828 750 882 trahantur
775 824 913 893 gulae
935 822 1232 890 voluptate.
1263 820 1377 876 Non
1408 820 1584 875 solum
1616 820 1761 874 enim
1784 814 2062 888 qualitatis

468 920 804 982 differentia,
858 915 953 971 sed
1001 916 1162 970 etiam
1213 930 1407 985 magna
1454 916 1702 969 ciborum
1752 911 2058 981 quantitas,

468 1012 631 1081 ignita
693 1009 897 1080 peccati
960 1009 1069 1063 tela
1130 1007 1273 1062 solet
1324 1006 1647 1062 accendere.
1712 1006 2063 1075 Quocumque

468 1104 614 1159 enim
644 1102 767 1156 cibo
795 1110 982 1155 venter
1014 1100 1323 1169 impleatur,
1360 1100 1598 1154 libidinis
1635 1100 1839 1154 semina
1869 1098 2061 1169 gignit.

470 1201 549 1255 Ac
579 1213 794 1252 rursum
822 1210 928 1249 non
959 1194 1070 1248 viui
1098 1194 1272 1248 solum
1305 1194 1549 1263 crapula,
1589 1194 1683 1249 sed
1714 1200 1876 1247 etiam
1910 1206 2064 1261 aqua:

471 1290 769 1361 plenitudo,
803 1303 866 1343 ac
893 1288 1257 1357 quorumlibet
1283 1287 1525 1342 ciborum
1552 1287 1932 1352 redundantia,
1967 1288 2066 1339 ho-

470 1384 674 1437 minem
724 1389 1056 1450 aggravant,
1111 1393 1175 1434 ac
1221 1388 1525 1448 torpentem
1574 1379 2067 1445 dormitantemque

471 1474 723 1527 reddunt.
757 1470 1055 1526 Sodomitis
1078 1486 1187 1523 non
1213 1471 1345 1538 vini,
1367 1487 1471 1524 non
1501 1472 1771 1525 variorum
1795 1471 2062 1534 ciborum,

472 1563 687 1633 crapula
721 1561 1087 1616 subversionis
1116 1577 1277 1616 causa
1311 1560 1431 1629 fuit,
1462 1563 1554 1617 sed
1600 1563 1752 1631 panis
1788 1562 2063 1625 saturitas,

2162 363 2321 417 nibus
2378 376 2657 416 revocare.
2718 360 2799 415 Ad
2844 360 2892 415 id
2939 362 3239 430 praesertim
3288 358 3507 415 confert
3561 363 3757 417 animas

2164 453 2461 517 humilitas,
2491 452 2631 506 citra
2659 466 2818 521 quam
2858 466 2957 507 nec
2988 450 3423 516 fornicationem,
3462 466 3561 506 nec
3588 462 3755 507 crete-

2163 560 2251 599 ras
2301 546 2583 614 passiones
2631 543 2837 597 valebit
2864 542 3126 612 quispiam
3159 556 3445 611 superare.
3477 542 3612 597 Cum
3648 544 3759 612 pri-

2164 640 2266 693 mis
2324 639 2506 707 itaque
2552 645 2776 706 oportet
2824 636 2968 691 omni
3018 635 3264 690 custodia
3312 650 3409 691 cor
3459 650 3679 691 servare
3724 652 3759 693 a

2164 730 2400 786 sordidis
2440 730 2856 800 cogitationibus
2884 726 3084 800 (Prov.
3116 743 3186 795 tv,
3220 728 3354 799 25).
3400 728 3479 783 Ex
3505 744 3571 784 eo
3598 745 3751 785 nam-

2165 839 2271 894 que
2321 824 2623 892 prodeunt,
2668 823 2818 893 juxta
2864 824 3082 878 Domini
3129 836 3355 890 vocem,
3398 825 3756 895 cogitationes

2167 916 2360 981 malm,
2409 916 2627 984 credes,
2681 914 2944 970 adulteria
2973 958 2987 983 ,
3038 916 3399 970 scortationes
3447 926 3500 970 et
3551 925 3755 971 caetera

2166 1009 2399 1079 (Matth.
2427 1026 2517 1076 xv,
2563 1009 2695 1081 l9).
2744 1010 3015 1079 Jejunium
3073 1010 3272 1079 quippe
3327 1024 3435 1064 non
3482 1010 3636 1065 modo
3681 1010 3756 1066 ad

2166 1103 2517 1157 afﬂictionem
2575 1103 2821 1170 corporis
2881 1101 3179 1170 injunctum
3251 1102 3407 1157 nobis
3474 1110 3600 1167 est;
3656 1103 3757 1158 sed

2166 1194 2330 1249 etiam
2361 1194 2427 1247 ad
2459 1195 2870 1263 temperantiam
2895 1195 3114 1258 mentis,
3143 1209 3213 1248 ne
3242 1192 3485 1249 ciborum
3517 1193 3759 1249 multitu-

2167 1287 2292 1342 dine
2322 1286 2697 1352 obtenebrata,
2723 1302 2827 1340 non
2853 1287 3025 1355 possit
3046 1300 3240 1340 cavere
3269 1301 3295 1338 a
3318 1286 3754 1356 cogitationibus.

2168 1380 2396 1449 Oportet
2441 1380 2603 1447 igitur
2650 1394 2757 1434 non
2797 1379 2969 1434 solum
3005 1379 3216 1448 jejunio
3246 1380 3514 1449 corporali
3543 1395 3756 1435 onmem

2172 1488 2356 1527 curam
2409 1471 2756 1543 impendere,
2789 1472 2882 1526 sed
2931 1473 3093 1525 etiam
3141 1472 3427 1526 attentioni
3458 1473 3523 1527 ad
3554 1474 3759 1542 cogita-

2172 1566 2365 1631 tiones,
2396 1576 2451 1619 et
2485 1564 2756 1633 spirituali
2789 1564 3149 1627 meditationi,
3180 1564 3313 1618 citra
3344 1580 3480 1633 quas
3506 1565 3756 1634 impossi-

472 1659 621 1726 juxta
666 1655 983 1725 prophetam
1017 1654 1230 1726 (Ezech.
1262 1673 1370 1723 xvt,
1401 1654 1519 1726 l9).
1554 1657 1847 1711 lnﬁrmitas
1875 1672 2064 1725 corpo-
2096 1651 2146 1712 B
2172 1660 2281 1713 bile
2318 1670 2401 1714 est
2461 1660 2525 1713 ad
2580 1673 2839 1713 cacumen
2889 1671 3030 1711 verte
3083 1658 3352 1711 castitatis
3395 1666 3451 1712 et
3514 1659 3757 1727 puritatis

473 1752 547 1804 ris
593 1749 809 1818 pnritati
839 1747 1020 1803 cordis
1049 1764 1155 1801 non
1190 1759 1495 1803 aversatur.
1540 1748 1617 1802 Ea
1648 1750 1825 1819 itaque
1852 1750 2067 1819 corpori

474 1843 679 1897 tribuas
708 1857 827 1911 qua
862 1841 1152 1895 inﬁrmitas
1188 1842 1305 1910 ejus
1348 1842 1601 1911 postulat,
1638 1859 1743 1896 non
1772 1860 1891 1913 qua:
1917 1844 2069 1897 volu-

477 1946 594 2003 ptas
634 1934 857 2001 expetit.
902 1933 1161 1989 Ciborum
1205 1949 1331 1988 usus
1368 1934 1657 1989 adhibetur
1697 1946 1957 2005 quantum
1998 1934 2067 1989 ad

474 2027 639 2080 vitam
685 2024 971 2080 fovendam
1023 2025 1393 2080 necessarium
1440 2036 1543 2091 est,
1592 2041 1701 2080 non
1748 2035 1807 2080 ut
1848 2026 2067 2094 impetui

473 2119 928 2188 concupiscentiae
974 2118 1263 2173 serviatur.
1310 2116 1583 2173 Moderata
1632 2127 1688 2172 et
1726 2118 2069 2172 rationabilis

472 2213 580 2269 cibi
622 2215 862 2283 sumptio
908 2213 1203 2267 sanitatem
1233 2214 1476 2281 corporis
1513 2212 1786 2274 conciliat,
1818 2228 1917 2266 nec
1946 2227 2070 2265 san-

473 2309 714 2361 ctitatem
743 2305 942 2360 aufert.
978 2306 1104 2359 llznc
1149 2320 1337 2358 norma
1370 2316 1425 2359 et
1452 2306 1636 2373 regula
1668 2313 1753 2359 est
1789 2304 2068 2359 abstinen-

474 2397 562 2451 tiae
592 2407 873 2460 accurata,
906 2412 937 2449 a
976 2396 1177 2449 sanetis
1210 2396 1461 2449 Patribus
1488 2396 1705 2460 tradita,
1739 2406 1799 2449 ut
1829 2396 2069 2452 instante

473 2485 650 2540 adhuc
676 2489 937 2555 appetitu,
966 2485 1069 2539 cibi
1094 2484 1342 2539 sumendi
1378 2486 1541 2539 linem
1572 2485 1733 2539 faciat
1767 2487 1858 2556 qui
1887 2503 2068 2541 come-

474 2576 574 2631 dit.
604 2578 670 2630 Et
697 2577 988 2645 Apostolus
1017 2576 1143 2631 dum
1175 2577 1252 2630 ait
1286 2595 1298 2630 :
1338 2576 1523 2631 Carnis
1554 2594 1729 2631 curam
1756 2596 1818 2632 ne
1846 2581 2069 2648 feceritis

473 2669 528 2722 in
576 2668 833 2722 desiderio
882 2667 901 2739 (
927 2666 1077 2721 Rom.
1132 2683 1247 2733 xm,
1300 2666 1364 2722 14
1394 2672 1437 2740 ),
1491 2682 1599 2723 non
1646 2668 2068 2725 sollicitudinem

474 2761 598 2815 vita:
646 2759 1008 2815 necessariam
1060 2760 1360 2829 prohibuit,
1404 2761 1498 2816 sed
1540 2775 1723 2816 curam
1772 2764 1941 2817 vetuit
1988 2764 2069 2817 fo—

474 2851 661 2905 venda:
706 2851 1012 2919 voluptatis.
1072 2850 1343 2906 Caeterum
1400 2851 1467 2905 ad
1526 2852 1821 2921 perfectam
1873 2855 2068 2909 animze

473 2942 793 3012 puritatem,
839 2942 955 2996 sola
1011 2942 1260 2996 ciborum
1307 2943 1636 2998 abstinentia
1681 2960 1785 2998 non
1834 2944 2064 3009 sufﬁcit,

2174 1751 2487 1807 ascendere.
2507 1749 3140 1819 Convenitigitur,juxta
3180 1748 3395 1803 Domini
3426 1763 3636 1814 vocem,
3661 1764 3759 1803 nos

2174 1844 2428 1899 interiora
2455 1844 2642 1898 calieis
2682 1853 2735 1896 et
2764 1840 3072 1912 paropsidis
3120 1840 3403 1908 mundare,
3436 1848 3494 1894 ut
3518 1842 3626 1895 sint
3666 1857 3759 1895 ex-

2174 1937 2372 1992 teriora
2434 1935 2633 1990 munda
2679 1932 2916 2002 (Matth.
2966 1946 3119 1998 χχιιι,
3173 1929 3308 2001 26).
3340 1930 3673 2000 Quapropter
3712 1931 3758 1985 si

2172 2044 2298 2083 cura
2347 2028 2417 2082 sit
2444 2027 2622 2091 nobis,
2661 2025 2814 2095 juxta
2846 2023 3167 2095 Apostolum
3190 2069 3202 2091 ,
3250 2023 3479 2093 legitime
3507 2022 3759 2078 certandi

2172 2130 2229 2177 et
2272 2134 2529 2175 coronam
2574 2117 2878 2187 accipiendi
2912 2119 2927 2185 (
2956 2116 2996 2170 ll
3026 2115 3164 2173 Tim.
3200 2131 3257 2179 ll,
3289 2117 3319 2170 5
3343 2115 3381 2185 ),
3412 2115 3621 2170 devicto
3652 2115 3759 2169 im-

2176 2227 2313 2282 puro
2365 2212 2737 2266 fornicationis
2796 2210 3021 2279 spiritu,
3074 2225 3141 2263 ne
3176 2208 3371 2263 nostris
3408 2208 3643 2272 viribus,
3684 2222 3760 2263 ne

2175 2317 2374 2359 nostra:
2405 2304 2577 2358 ascesi
2614 2303 2952 2357 conﬁdamus
2981 2344 2995 2368 ,
3038 2303 3133 2357 sed
3161 2302 3497 2371 cpitulationi
3545 2304 3761 2360 Domini

2176 2395 2293 2449 Dei.
2336 2393 2525 2448 Nullus
2566 2395 2709 2448 enim
2742 2392 2947 2447 homini
2984 2392 3103 2447 ﬁnis
3130 2394 3440 2448 certaminis
3470 2408 3589 2447 cum
3617 2393 3759 2462 ejns~

2176 2486 2322 2540 modi
2350 2487 2615 2550 dmmone,
2649 2485 2823 2539 donec
2866 2499 3054 2540 revera
3081 2486 3262 2540 credat
3294 2500 3354 2539 se
3383 2500 3491 2539 non
3521 2498 3619 2538 suo
3649 2494 3758 2538 stu-

2175 2579 2264 2633 dio
2292 2587 2384 2632 aut
2414 2578 2623 2643 labore,
2660 2579 2756 2632 sed
2786 2577 2882 2633 Dei
2909 2579 3138 2648 impulsu
3160 2589 3215 2633 et
3242 2578 3447 2633 auxilio
3473 2579 3543 2632 ab
3572 2578 3757 2647 hujus-

2176 2671 2324 2727 modi
2367 2670 2560 2724 morbo
2606 2670 2857 2737 liberari,
2888 2681 2942 2726 et
2986 2671 3051 2725 ad
3083 2686 3350 2726 summum
3388 2672 3656 2728 castitatis
3682 2674 3759 2727 fa-

2175 2766 2389 2835 etigium
2421 2762 2739 2819 ascendere.
2771 2764 3059 2819 Enimvero
3086 2779 3245 2834 supra
3271 2773 3516 2820 naturam
3543 2780 3632 2821 res
3652 2775 3759 2831 est,

2175 2867 2231 2913 et
2275 2857 2454 2926 aliquo
2496 2857 2657 2911 modo
2699 2866 2853 2912 extra
2901 2872 3096 2926 corpus
3123 2858 3344 2923 existit,
3392 2860 3483 2929 qui
3512 2860 3761 2915 stimulos

2175 2948 2354 3004 carnis
2374 2950 2601 3021 ejusque
2622 2950 2925 3019 voluptates
2950 2951 3196 3005 calcavit.
3220 2952 3397 3018 Quare
3422 2952 3762 3021 impossibile

473 3033 573 3088 nisi
623 3043 954 3089 concurrant
1005 3042 1216 3088 creterra
1266 3035 1515 3088 virtutes.
1553 3036 1840 3091 ilumilitas
1888 3039 2067 3108 itaque
2094 3030 2141 3096 C
2172 3053 2255 3098 est
2283 3042 2582 3107 hominem,
2610 3043 2743 3108 suis,
2787 3054 2843 3097 ut
2872 3044 2943 3096 ita
2972 3042 3169 3109 dicam,
3202 3044 3415 3113 pennis,
3444 3045 3509 3097 ad
3540 3043 3641 3099 hoc
3670 3059 3762 3099 ca.

472 3140 568 3196 per
594 3126 954 3181 obedientiam
994 3127 1046 3180 in
1078 3141 1265 3195 opere,
1295 3135 1349 3181 et
1376 3142 1469 3195 per
1498 3126 1846 3183 afllictionem
1870 3144 2065 3195 corpo-

474 3218 550 3269 ris
591 3231 783 3286 magna
832 3217 990 3271 nobis
1036 3217 1251 3271 confert
1298 3217 1457 3271 bona.
1512 3216 1644 3272 illud
1692 3229 1774 3273 est
1822 3220 2064 3276 avaritiae

470 3318 749 3377 expertem
781 3322 925 3375 esse,
962 3324 1066 3361 non
1100 3308 1260 3362 modo
1292 3311 1547 3377 pecunias
1574 3327 1681 3365 non
1712 3311 1933 3378 habere,
1968 3314 2065 3369 sed

472 3413 539 3452 ne
570 3399 959 3467 concupiscere
992 3399 1208 3467 quidem
1239 3401 1450 3455 illarum
1482 3406 1904 3471 possessionem.
1936 3408 2066 3463 Ani-

474 3504 616 3543 mam
663 3490 730 3543 ad
762 3491 1048 3558 puritatem
1081 3491 1299 3547 adducit
1328 3494 1591 3551 cohibitio
1631 3499 1727 3553 ira:
1753 3540 1769 3566 ,
1805 3500 2061 3569 tristitize,

471 3595 623 3633 vante
663 3580 873 3649 gloriae,
919 3582 1203 3647 superbia}.
1244 3585 1370 3641 llaec
1394 3588 1570 3641 omnia
1602 3592 1908 3647 universam
1940 3594 2062 3648 ani-

470 3688 574 3726 ma:
617 3673 901 3742 puritatem
930 3674 1192 3732 efﬁciunt.
1224 3678 1521 3736 Puritatem
1549 3692 1730 3739 autem
1774 3687 1919 3741 illam
1946 3690 2066 3745 ani-

469 3778 575 3817 ma:
626 3763 987 3833 peculiarem,
1022 3784 1140 3836 qua:
1169 3784 1267 3839 per
1306 3777 1721 3843 temperantiam
1763 3780 2059 3847 olitinetur,

468 3856 793 3912 abstinentia
820 3858 872 3913 in
907 3859 1094 3929 primis
1124 3872 1179 3917 et
1210 3863 1476 3935 jejunium
1508 3868 1769 3923 efﬁciunt.
1806 3871 2063 3939 impossi-

468 3948 577 4003 bile
615 3949 813 4019 quippe
858 3962 942 4005 cst
993 3967 1117 4007 eum
1166 3956 1257 4024 qui
1309 3968 1462 4010 satur
1491 3969 1682 4012 ventre
1729 3969 1847 4024 est,
1877 3960 2060 4016 animo

468 4038 753 4095 decertare
794 4039 1055 4096 adversus
1098 4044 1346 4111 spiritum
1386 4047 1780 4103 fornicationis.
1818 4050 2057 4108 Primum

466 4134 648 4202 itaque
700 4132 856 4187 nobis
904 4134 976 4187 sit
1021 4144 1322 4205 certamen,
1378 4148 1435 4192 ut
1487 4142 1659 4195 ventri
1705 4144 2055 4214 imperemus,

467 4239 774 4295 corpusque
804 4226 859 4279 in
881 4228 1199 4283 servitutem
1239 4229 1574 4287 deducamus
1601 4252 1611 4286 :
1639 4250 1743 4290 non
1774 4238 1934 4293 modo
1964 4256 2058 4309 per

464 4318 751 4389 jejunium,
784 4319 880 4374 sed
923 4321 1085 4375 etiam
1133 4336 1230 4391 per
1276 4324 1508 4394 vigilias,
1558 4328 1819 4398 laborem,
1870 4331 2057 4389 lectio-

2172 3152 2368 3193 cumen
2411 3146 2465 3191 et
2510 3136 2577 3190 ad
2622 3135 2871 3191 bravium
2896 3138 3196 3191 sanctitatis
3242 3137 3516 3203 advolare,
3546 3140 3764 3209 angelo-

2172 3246 2399 3301 rumque
2440 3231 2767 3285 imitatorem
2813 3230 2974 3296 eflici,
3008 3231 3113 3285 nisi
3157 3231 3306 3286 illum
3344 3235 3517 3303 gratia
3552 3234 3650 3288 Dei
3692 3249 3764 3289 ex

2173 3333 2312 3377 terra
2347 3332 2401 3377 et
2439 3338 2595 3378 eteno
2630 3322 2843 3376 educat.
2878 3321 3030 3376 Nulla
3075 3323 3220 3377 enim
3266 3325 3470 3379 virtute
3514 3324 3765 3381 homines

2169 3429 2333 3469 carne
2366 3414 2554 3483 illigati
2586 3416 2899 3470 caelestibus
2941 3416 3146 3485 angelis
3177 3416 3467 3473 similiores
3512 3418 3764 3473 efﬁciun-

2171 3516 2278 3570 tur,
2313 3522 2470 3576 quam
2516 3507 2873 3576 temperantia
2925 3524 2938 3561 :
2980 3522 3080 3577 per
3107 3523 3224 3562 eam
3254 3510 3396 3563 enim
3428 3509 3552 3563 dum
3583 3511 3764 3567 adhuc

2169 3599 2221 3652 in
2255 3608 2399 3653 terra
2429 3599 2651 3669 degunt,
2694 3598 2910 3664 habent,
2942 3599 3095 3669 juxta
3123 3599 3481 3670 Apostolum,
3526 3619 3763 3658 conver-

2167 3691 2433 3746 sationem
2460 3690 2512 3745 in
2539 3690 2691 3746 caelis
2718 3689 2987 3763 (Philipp.
3033 3707 3111 3760 ιιι,
3137 3692 3266 3763 20).
3300 3692 3433 3748 lllud
3464 3704 3641 3749 autem
3674 3706 3764 3752 est

2166 3784 2381 3837 virtutis
2408 3783 2634 3853 hujusce
2662 3800 2688 3836 a
2721 3784 2875 3839 nobis
2901 3786 3181 3854 acquisitac
3213 3787 3494 3853 indicium,
3524 3790 3571 3843 si
3610 3789 3758 3844 nulla

2166 3874 2416 3929 obscena:
2466 3877 2769 3944 phantasia:
2820 3877 2997 3946 imago
3037 3878 3353 3933 dormientis
3399 3881 3588 3935 subeat
3631 3882 3758 3935 ani-

2166 3983 2337 4022 tnum.
2366 3968 2597 4023 Etiamsi
2631 3971 2774 4023 enim
2804 3981 3083 4040 peccatum
3113 3987 3218 4026 non
3253 3983 3537 4043 reputatur
3566 3976 3756 4043 hujus-

2164 4060 2312 4113 modi
2357 4070 2559 4123 tnotus,
2607 4062 2819 4130 signum
2854 4074 3033 4118 tamen
3064 4073 3147 4118 est
3176 4069 3489 4135 aagrmantis
3518 4083 3581 4122 ac
3609 4082 3755 4122 non-

2162 4150 2291 4204 dum
2343 4152 2600 4220 passione
2651 4153 2745 4207 tali
2805 4154 3051 4210 liberata:
3119 4159 3333 4212 anime.
3392 4158 3755 4227 Quamobrem

2162 4246 2431 4301 obscenas
2472 4247 2589 4301 illas
2635 4250 2945 4318 phantasias
2977 4252 3114 4305 inter
3143 4251 3521 4307 dormiendum
3550 4268 3755 4308 occur-

2165 4348 2347 4394 rentes
2394 4350 2583 4409 putare
2628 4341 2883 4396 debemus
2935 4359 3056 4397 esse
3101 4345 3458 4413 prtecedentis
3500 4347 3757 4415 segnitiei

468 4425 595 4508 nem
621 4412 813 4508 ,li-tern
863 4411 1063 4508 animo
1093 4414 1447 4508 concipiendo
1488 4418 1751 4487 gehennae
1802 4422 2053 4483 timorem
2086 4398 2140 4460 D
2164 4440 2565 4502 argumentum,
2596 4442 2757 4501 atque
2782 4443 2985 4489 nostra:
3014 4435 3362 4501 inﬁrmitatis,
3391 4438 3756 4508 morbumque

465 4508 520 4554 et
551 4500 881 4556 desiderium
915 4505 1066 4573 regni
1090 4505 1371 4560 cmlorum.

536 4590 593 4646 2.
637 4590 806 4662 (Cass.
832 4594 966 4648 Inst.
993 4596 1033 4652 ι.
1065 4612 1204 4662 vt,c.
1237 4598 1257 4651 l
1292 4608 1341 4651 et
1370 4602 1534 4671 seqq.)
1566 4603 1872 4661 Secundum
1901 4609 2058 4666 nobis

466 4697 550 4741 est
579 4697 856 4743 certamen
888 4689 1149 4745 adversus
1176 4694 1427 4761 Spiritum
1458 4695 1830 4755 fornicationis
1856 4712 1909 4757 et
1937 4719 2058 4759 con-

468 4778 858 4847 cupiscentiam
886 4783 1088 4850 carnis,
1121 4799 1240 4852 quae
1269 4789 1710 4857 concupiscentia
1738 4809 1767 4847 a
1795 4796 2054 4864 primaeva

465 4878 629 4925 astate
685 4872 990 4927 molestiam
1039 4873 1245 4931 homini
1294 4892 1483 4936 creare
1534 4882 1742 4953 incipit.
1805 4888 2053 4957 Magnum

382 4974 386 4980 ’
467 4958 603 5014 illud
646 4975 919 5033 graveque
969 4977 1268 5032 certamen,
1322 4970 1525 5041 duplici
1573 4986 1828 5033 constans
1878 4980 2055 5048 lucta;

376 5055 385 5123 ξ
466 5051 663 5121 duplex
687 5056 832 5111 enim
864 5066 977 5126 est,
1028 5073 1148 5114 cum
1194 5064 1246 5116 in
1276 5078 1507 5135 corpore
1536 5076 1588 5122 et
1616 5070 1667 5123 in
1695 5071 1874 5125 anima
1902 5086 2050 5127 com.

463 5148 731 5203 mittatur.
757 5149 1096 5223 Quapropter
1126 5154 1327 5226 duplici
1359 5168 1570 5229 oportet
1605 5176 1726 5217 cum
1759 5165 1850 5220 illo
1881 5178 2057 5237 pugna

461 5239 777 5311 confligere.
810 5243 995 5315 Neque
1026 5248 1168 5303 enim
1206 5253 1490 5320 corporale
1516 5254 1778 5324 jejunium
1810 5260 1943 5314 satis
1973 5272 2059 5317 est

462 5331 531 5386 ad
559 5333 815 5401 perfectae
843 5343 1215 5408 temperantiae
1258 5346 1658 5414 possessionem
1689 5361 1742 5406 et
1771 5352 1836 5406 ad
1873 5368 2056 5410 veram

462 5424 793 5494 castitatem,
844 5431 948 5484 nisi
991 5432 1135 5487 adsit
1162 5437 1335 5491 oratio
1365 5439 1430 5493 ad
1464 5440 1628 5495 Deum
1673 5443 1909 5513 assidua,
1945 5447 2056 5502 fre-

461 5529 636 5584 quens
676 5518 981 5577 divinarum
1011 5523 1406 5595 Scripturarum
1451 5532 1751 5601 meditatio,
1807 5537 1960 5592 labor
1999 5546 2055 5593 et

463 5618 601 5670 opus
638 5626 914 5683 manuum,
941 5631 1061 5686 quae
1094 5617 1376 5677 instabiles
1419 5625 1874 5697 animae-impetus
1905 5644 2054 5686 com-

2163 4524 2216 4579 in
2246 4535 2460 4580 secreto
2489 4526 2668 4581 cordis
2693 4528 2862 4582 nostri
2892 4528 3147 4583 latentem
3187 4532 3358 4599 aperit
3395 4532 3626 4585 cessatio
3658 4546 3758 4586 so-

2164 4617 2295 4671 mnii
2341 4619 2785 4687 expergiscentis.
2827 4620 3005 4684 Quare
3051 4621 3353 4675 animarum
3414 4620 3655 4677 medicus
3697 4624 3759 4683 in

2165 4709 2357 4761 animae
2426 4710 2794 4776 penetralibus
2849 4709 3169 4765 medicinam
3224 4712 3500 4778 reposuit,
3552 4730 3758 4782 gnarus

2164 4800 2339 4855 morbi
2370 4813 2565 4855 causas
2595 4802 2724 4855 inihi
2753 4814 2892 4866 esse,
2934 4800 3060 4855 dum
3093 4803 3168 4856 ait
3205 4819 3220 4856 :
3267 4803 3369 4870 Qui
3400 4804 3607 4874 respicit
3633 4822 3755 4859 mu-

2165 4893 2339 4947 lierem
2364 4895 2433 4946 ad
2456 4893 2922 4962 concupiscendum
2955 4911 3090 4963 eam,
3095 4899 3211 4969 jam
3247 4899 3527 4954 moechatus
3547 4910 3617 4954 est
3639 4918 3760 4955 eam

2159 4987 2215 5039 in
2249 4987 2401 5040 corde
2424 5003 2519 5040 suo
2552 4987 2785 5057 (Matth.
2817 5002 2869 5053 v,
2900 4987 2970 5043 28
2992 4987 3034 5058 ),
3062 5004 3166 5043 non
3198 4999 3403 5045 tantum
3439 5004 3497 5045 ut
3528 4994 3758 5048 lascivos

2162 5088 2216 5133 et
2246 5080 2492 5133 curiosos
2518 5079 2706 5134 oculos
2735 5080 3075 5151 corrigeret,
3109 5083 3203 5137 sed
3238 5084 3408 5139 multo
3438 5087 3607 5154 magis
3636 5086 3759 5141 ani-

2162 5186 2303 5225 mani
2337 5170 2481 5225 intus
2512 5170 2693 5238 sitam,
2723 5188 2844 5243 quae
2890 5174 3063 5228 oculis
3094 5175 3161 5229 ad
3191 5175 3393 5232 bonum
3445 5177 3548 5233 sibi
3576 5192 3605 5231 a
3639 5177 3760 5234 Deo

2163 5262 2303 5317 datis
2335 5263 2578 5331 improbe
2606 5275 2688 5319 est
2717 5280 2809 5319 usa
2838 5283 2851 5318 :
2876 5282 2996 5337 quae
3037 5281 3202 5323 causa
3251 5280 3334 5323 est
3378 5284 3475 5324 cur
3526 5270 3759 5340 Sapiens

2162 5354 2513 5423 proverbium
2546 5356 2712 5423 dicat,
2742 5373 2869 5424 non,
2895 5359 3055 5414 Omni
3077 5360 3321 5416 custodia
3349 5376 3507 5417 serva
3530 5362 3757 5429 oculos;

2162 5449 2257 5501 sed
2282 5488 2296 5512 ,
2348 5446 2503 5502 Omni
2532 5452 2767 5505 custodia
2798 5469 2941 5507 serva
2970 5469 3056 5506 cor
3099 5464 3246 5508 tuum
3275 5453 3476 5525 (Prov.
3507 5470 3580 5519 tv,
3613 5454 3687 5511 23
3709 5454 3757 5527 ).

2163 5537 2242 5593 illi
2296 5540 2506 5595 scilicet
2554 5544 2789 5599 maxime
2828 5543 3090 5599 custodite
3135 5544 3435 5600 remedium
3472 5544 3754 5615 applicat,

2160 5647 2280 5705 qua:
2307 5633 2481 5689 oculis
2505 5636 2732 5693 arbitrio
2757 5652 2857 5694 suo
2890 5636 3075 5697 utitur.
3110 5636 3294 5708 itaque
3320 5637 3436 5695 haec
3458 5638 3531 5693 sit
3558 5652 3753 5713 [ιω-εει
