  <div class='ocr_page' id='page_1' title='image "/cluster/home/n/w/nwhite01/storage/ocr_20150623/50/uva.x000827094/450.png"; bbox 0 0 4042 6188; ppageno 0'>
   <div class='ocr_carea' id='block_1_1' title="bbox 405 243 508 300">
    <p class='ocr_par' dir='ltr' id='par_1_1' title="bbox 405 243 508 300">
     <span class='ocr_line' id='line_1_1' title="bbox 405 243 508 300; baseline -0.029 1"><span class='ocrx_word' id='word_1_1' title='bbox 405 243 508 300; x_wconf 73' lang='grc'><strong>881</strong></span> 
     </span>
    </p>
   </div>
   <div class='ocr_carea' id='block_1_2' title="bbox 1390 235 2688 299">
    <p class='ocr_par' dir='ltr' id='par_1_2' title="bbox 1390 235 2688 299">
     <span class='ocr_line' id='line_1_2' title="bbox 1390 235 2688 299; baseline 0.003 -5"><span class='ocrx_word' id='word_1_2' title='bbox 1390 237 1738 294; x_wconf 81' lang='lat' dir='ltr'><strong>EPITOMES</strong></span> <span class='ocrx_word' id='word_1_3' title='bbox 1775 235 2059 293; x_wconf 76' lang='lat' dir='ltr'><strong>OPERUM</strong></span> <span class='ocrx_word' id='word_1_4' title='bbox 2098 236 2413 294; x_wconf 79' lang='lat' dir='ltr'><strong>CASSIANI</strong></span> <span class='ocrx_word' id='word_1_5' title='bbox 2451 241 2578 296; x_wconf 85' lang='lat' dir='ltr'><strong>LIB.</strong></span> <span class='ocrx_word' id='word_1_6' title='bbox 2620 244 2688 299; x_wconf 87' lang='lat' dir='ltr'><strong>ll.</strong></span> 
     </span>
    </p>
   </div>
   <div class='ocr_carea' id='block_1_3' title="bbox 3587 255 3696 312">
    <p class='ocr_par' dir='ltr' id='par_1_3' title="bbox 3587 255 3696 312">
     <span class='ocr_line' id='line_1_3' title="bbox 3587 255 3696 312; baseline 0.018 -2"><span class='ocrx_word' id='word_1_7' title='bbox 3587 255 3696 312; x_wconf 64' lang='lat'><strong>88!</strong></span> 
     </span>
    </p>
   </div>
   <div class='ocr_carea' id='block_1_4' title="bbox 405 350 3694 442">
    <p class='ocr_par' dir='ltr' id='par_1_4' title="bbox 405 350 3694 442">
     <span class='ocr_line' id='line_1_4' title="bbox 405 350 3694 442; baseline 0.005 -32"><span class='ocrx_word' id='word_1_8' title='bbox 405 355 571 410; x_wconf 89' lang='lat' dir='ltr'><strong>tionis</strong></span> <span class='ocrx_word' id='word_1_9' title='bbox 610 360 812 409; x_wconf 75' lang='lat' dir='ltr'><strong>nostrae</strong></span> <span class='ocrx_word' id='word_1_10' title='bbox 852 350 1024 422; x_wconf 90' lang='lat' dir='ltr'><strong>prima</strong></span> <span class='ocrx_word' id='word_1_11' title='bbox 1063 351 1326 416; x_wconf 89' lang='lat' dir='ltr'><strong>custodia,</strong></span> <span class='ocrx_word' id='word_1_12' title='bbox 1368 360 1424 406; x_wconf 90' lang='lat' dir='ltr'><strong>ut</strong></span> <span class='ocrx_word' id='word_1_13' title='bbox 1464 367 1584 406; x_wconf 93' lang='lat' dir='ltr'><strong>cum</strong></span> <span class='ocrx_word' id='word_1_14' title='bbox 1632 360 1864 406; x_wconf 79' lang='lat' dir='ltr'><strong>mentem</strong></span> <span class='ocrx_word' id='word_1_15' title='bbox 1896 367 1992 404; x_wconf 88' lang='lat' dir='ltr'><strong>no-</strong></span> <span class='ocrx_word' id='word_1_16' title='bbox 2025 350 2076 410; x_wconf 78' lang='grc' dir='ltr'><strong>Δ</strong></span> <span class='ocrx_word' id='word_1_17' title='bbox 2104 364 2184 408; x_wconf 91' lang='lat' dir='ltr'><strong>cst</strong></span> <span class='ocrx_word' id='word_1_18' title='bbox 2211 355 2513 423; x_wconf 86' lang='lat' dir='ltr'><strong>hujttsmodi</strong></span> <span class='ocrx_word' id='word_1_19' title='bbox 2549 359 2769 426; x_wconf 89' lang='lat' dir='ltr'><strong>bellum,</strong></span> <span class='ocrx_word' id='word_1_20' title='bbox 2800 376 2863 417; x_wconf 90' lang='lat' dir='ltr'><strong>ac</strong></span> <span class='ocrx_word' id='word_1_21' title='bbox 2889 376 3043 423; x_wconf 86' lang='lat' dir='ltr'><strong>extra</strong></span> <span class='ocrx_word' id='word_1_22' title='bbox 3084 378 3328 427; x_wconf 89' lang='lat' dir='ltr'><strong>naturam</strong></span> <span class='ocrx_word' id='word_1_23' title='bbox 3356 384 3479 427; x_wconf 90' lang='lat' dir='ltr'><strong>esse</strong></span> <span class='ocrx_word' id='word_1_24' title='bbox 3500 370 3694 442; x_wconf 57' lang='lat' dir='ltr'><strong>deprec</strong></span> 
     </span>
    </p>
   </div>
   <div class='ocr_carea' id='block_1_5' title="bbox 404 443 1997 512">
    <p class='ocr_par' dir='ltr' id='par_1_5' title="bbox 404 443 1997 512">
     <span class='ocr_line' id='line_1_5' title="bbox 404 443 1997 512; baseline -0.003 -10"><span class='ocrx_word' id='word_1_25' title='bbox 404 457 573 503; x_wconf 89' lang='lat' dir='ltr'><strong>stram</strong></span> <span class='ocrx_word' id='word_1_26' title='bbox 611 446 850 501; x_wconf 80' lang='lat' dir='ltr'><strong>mulieris</strong></span> <span class='ocrx_word' id='word_1_27' title='bbox 888 443 1149 499; x_wconf 84' lang='lat' dir='ltr'><strong>memoria</strong></span> <span class='ocrx_word' id='word_1_28' title='bbox 1176 484 1191 507; x_wconf 95' lang='lat'><strong>,</strong></span> <span class='ocrx_word' id='word_1_29' title='bbox 1236 443 1500 499; x_wconf 82' lang='lat' dir='ltr'><strong>diabolica</strong></span> <span class='ocrx_word' id='word_1_30' title='bbox 1551 444 1867 512; x_wconf 77' lang='lat' dir='ltr'><strong>operatione</strong></span> <span class='ocrx_word' id='word_1_31' title='bbox 1907 458 1997 497; x_wconf 83' lang='lat' dir='ltr'><strong>su-</strong></span> 
     </span>
    </p>
   </div>
   <div class='ocr_carea' id='block_1_6' title="bbox 404 535 1995 604">
    <p class='ocr_par' dir='ltr' id='par_1_6' title="bbox 404 535 1995 604">
     <span class='ocr_line' id='line_1_6' title="bbox 404 535 1995 604; baseline -0.003 -11"><span class='ocrx_word' id='word_1_32' title='bbox 404 538 587 603; x_wconf 89' lang='lat' dir='ltr'><strong>bierit,</strong></span> <span class='ocrx_word' id='word_1_33' title='bbox 619 535 830 592; x_wconf 90' lang='lat' dir='ltr'><strong>etiamsi</strong></span> <span class='ocrx_word' id='word_1_34' title='bbox 860 535 1071 601; x_wconf 89' lang='lat' dir='ltr'><strong>matris,</strong></span> <span class='ocrx_word' id='word_1_35' title='bbox 1101 543 1195 588; x_wconf 88' lang='lat' dir='ltr'><strong>aut</strong></span> <span class='ocrx_word' id='word_1_36' title='bbox 1224 535 1450 600; x_wconf 86' lang='lat' dir='ltr'><strong>sororis,</strong></span> <span class='ocrx_word' id='word_1_37' title='bbox 1481 544 1570 588; x_wconf 92' lang='lat' dir='ltr'><strong>aut</strong></span> <span class='ocrx_word' id='word_1_38' title='bbox 1611 536 1822 604; x_wconf 89' lang='lat' dir='ltr'><strong>piarum</strong></span> <span class='ocrx_word' id='word_1_39' title='bbox 1865 535 1995 588; x_wconf 86' lang='lat' dir='ltr'><strong>alia-</strong></span> 
     </span>
    </p>
   </div>
   <div class='ocr_carea' id='block_1_7' title="bbox 404 626 1992 698">
    <p class='ocr_par' dir='ltr' id='par_1_7' title="bbox 404 626 1992 698">
     <span class='ocr_line' id='line_1_7' title="bbox 404 626 1992 698; baseline -0.003 -11"><span class='ocrx_word' id='word_1_40' title='bbox 404 648 524 687; x_wconf 89' lang='lat' dir='ltr'><strong>rum</strong></span> <span class='ocrx_word' id='word_1_41' title='bbox 572 630 881 693; x_wconf 84' lang='lat' dir='ltr'><strong>mulierum,</strong></span> <span class='ocrx_word' id='word_1_42' title='bbox 918 637 1130 682; x_wconf 81' lang='lat' dir='ltr'><strong>mature</strong></span> <span class='ocrx_word' id='word_1_43' title='bbox 1157 626 1305 682; x_wconf 87' lang='lat' dir='ltr'><strong>illam</strong></span> <span class='ocrx_word' id='word_1_44' title='bbox 1347 643 1413 684; x_wconf 89' lang='lat' dir='ltr'><strong>ex</strong></span> <span class='ocrx_word' id='word_1_45' title='bbox 1458 628 1624 684; x_wconf 90' lang='lat' dir='ltr'><strong>corde</strong></span> <span class='ocrx_word' id='word_1_46' title='bbox 1665 636 1850 683; x_wconf 93' lang='lat' dir='ltr'><strong>nostro</strong></span> <span class='ocrx_word' id='word_1_47' title='bbox 1891 629 1992 698; x_wconf 82' lang='lat' dir='ltr'><strong>eji-</strong></span> 
     </span>
    </p>
   </div>
   <div class='ocr_carea' id='block_1_8' title="bbox 405 719 1988 790">
    <p class='ocr_par' dir='ltr' id='par_1_8' title="bbox 405 719 1988 790">
     <span class='ocr_line' id='line_1_8' title="bbox 405 719 1988 790; baseline -0.003 -12"><span class='ocrx_word' id='word_1_48' title='bbox 405 726 639 779; x_wconf 90' lang='lat' dir='ltr'><strong>ciamus:</strong></span> <span class='ocrx_word' id='word_1_49' title='bbox 664 737 731 776; x_wconf 91' lang='lat' dir='ltr'><strong>ne</strong></span> <span class='ocrx_word' id='word_1_50' title='bbox 759 721 802 775; x_wconf 91' lang='lat' dir='ltr'><strong>si</strong></span> <span class='ocrx_word' id='word_1_51' title='bbox 838 721 888 774; x_wconf 93' lang='lat' dir='ltr'><strong>in</strong></span> <span class='ocrx_word' id='word_1_52' title='bbox 915 719 1007 775; x_wconf 90' lang='lat' dir='ltr'><strong>tali</strong></span> <span class='ocrx_word' id='word_1_53' title='bbox 1035 720 1358 790; x_wconf 73' lang='lat' dir='ltr'><strong>cogitatione</strong></span> <span class='ocrx_word' id='word_1_54' title='bbox 1382 720 1583 775; x_wconf 79' lang='lat' dir='ltr'><strong>diutius</strong></span> <span class='ocrx_word' id='word_1_55' title='bbox 1616 722 1988 785; x_wconf 91' lang='lat' dir='ltr'><strong>immoremur,</strong></span> 
     </span>
    </p>
   </div>
   <div class='ocr_carea' id='block_1_9' title="bbox 403 813 1992 882">
    <p class='ocr_par' dir='ltr' id='par_1_9' title="bbox 403 813 1992 882">
     <span class='ocr_line' id='line_1_9' title="bbox 403 813 1992 882; baseline -0.001 -13"><span class='ocrx_word' id='word_1_56' title='bbox 403 816 653 871; x_wconf 74' lang='lat' dir='ltr'><strong>seductor</strong></span> <span class='ocrx_word' id='word_1_57' title='bbox 681 828 746 866; x_wconf 87' lang='lat' dir='ltr'><strong>ac</strong></span> <span class='ocrx_word' id='word_1_58' title='bbox 776 813 1041 869; x_wconf 89' lang='lat' dir='ltr'><strong>malorum</strong></span> <span class='ocrx_word' id='word_1_59' title='bbox 1082 821 1271 867; x_wconf 90' lang='lat' dir='ltr'><strong>auctor</strong></span> <span class='ocrx_word' id='word_1_60' title='bbox 1306 813 1425 879; x_wconf 91' lang='lat' dir='ltr'><strong>ille,</strong></span> <span class='ocrx_word' id='word_1_61' title='bbox 1466 829 1533 867; x_wconf 90' lang='lat' dir='ltr'><strong>ex</strong></span> <span class='ocrx_word' id='word_1_62' title='bbox 1573 813 1841 882; x_wconf 85' lang='lat' dir='ltr'><strong>ejusmodi</strong></span> <span class='ocrx_word' id='word_1_63' title='bbox 1872 814 1992 868; x_wconf 90' lang='lat' dir='ltr'><strong>vul-</strong></span> 
     </span>
    </p>
   </div>
   <div class='ocr_carea' id='block_1_10' title="bbox 402 903 1992 974">
    <p class='ocr_par' dir='ltr' id='par_1_10' title="bbox 402 903 1992 974">
     <span class='ocr_line' id='line_1_10' title="bbox 402 903 1992 974; baseline -0.001 -16"><span class='ocrx_word' id='word_1_64' title='bbox 402 914 550 960; x_wconf 90' lang='lat' dir='ltr'><strong>tuum</strong></span> <span class='ocrx_word' id='word_1_65' title='bbox 583 903 890 974; x_wconf 81' lang='lat' dir='ltr'><strong>phantasia,</strong></span> <span class='ocrx_word' id='word_1_66' title='bbox 922 903 971 956; x_wconf 91' lang='lat' dir='ltr'><strong>in</strong></span> <span class='ocrx_word' id='word_1_67' title='bbox 1000 904 1264 959; x_wconf 90' lang='lat' dir='ltr'><strong>obscenas</strong></span> <span class='ocrx_word' id='word_1_68' title='bbox 1294 913 1343 959; x_wconf 88' lang='lat' dir='ltr'><strong>et</strong></span> <span class='ocrx_word' id='word_1_69' title='bbox 1377 904 1664 959; x_wconf 86' lang='lat' dir='ltr'><strong>damnosas</strong></span> <span class='ocrx_word' id='word_1_70' title='bbox 1692 906 1992 973; x_wconf 83' lang='lat' dir='ltr'><strong>cogitatio-</strong></span> 
     </span>
    </p>
   </div>
   <div class='ocr_carea' id='block_1_11' title="bbox 397 996 1988 1067">
    <p class='ocr_par' dir='ltr' id='par_1_11' title="bbox 397 996 1988 1067">
     <span class='ocr_line' id='line_1_11' title="bbox 397 996 1988 1067; baseline 0 -16"><span class='ocrx_word' id='word_1_71' title='bbox 397 1014 493 1051; x_wconf 89' lang='lat' dir='ltr'><strong>nes</strong></span> <span class='ocrx_word' id='word_1_72' title='bbox 525 1007 761 1052; x_wconf 89' lang='lat' dir='ltr'><strong>mentem</strong></span> <span class='ocrx_word' id='word_1_73' title='bbox 788 996 1039 1051; x_wconf 80' lang='lat' dir='ltr'><strong>devolvat</strong></span> <span class='ocrx_word' id='word_1_74' title='bbox 1066 1011 1128 1050; x_wconf 90' lang='lat' dir='ltr'><strong>ac</strong></span> <span class='ocrx_word' id='word_1_75' title='bbox 1160 997 1488 1066; x_wconf 72' lang='lat' dir='ltr'><strong>prmcipitct;</strong></span> <span class='ocrx_word' id='word_1_76' title='bbox 1533 997 1988 1067; x_wconf 84' lang='lat' dir='ltr'><strong>quemadmodum</strong></span> 
     </span>
    </p>
   </div>
   <div class='ocr_carea' id='block_1_12' title="bbox 396 1088 1988 1159">
    <p class='ocr_par' dir='ltr' id='par_1_12' title="bbox 396 1088 1988 1159">
     <span class='ocr_line' id='line_1_12' title="bbox 396 1088 1988 1159; baseline -0.002 -14"><span class='ocrx_word' id='word_1_77' title='bbox 396 1090 711 1159; x_wconf 57' lang='lat' dir='ltr'><strong>praecipitur</strong></span> <span class='ocrx_word' id='word_1_78' title='bbox 752 1088 1007 1142; x_wconf 85' lang='lat' dir='ltr'><strong>mandato</strong></span> <span class='ocrx_word' id='word_1_79' title='bbox 1051 1089 1146 1142; x_wconf 91' lang='lat' dir='ltr'><strong>illo</strong></span> <span class='ocrx_word' id='word_1_80' title='bbox 1194 1089 1285 1143; x_wconf 90' lang='lat' dir='ltr'><strong>Dei</strong></span> <span class='ocrx_word' id='word_1_81' title='bbox 1330 1089 1395 1142; x_wconf 89' lang='lat' dir='ltr'><strong>ad</strong></span> <span class='ocrx_word' id='word_1_82' title='bbox 1436 1090 1669 1158; x_wconf 90' lang='lat' dir='ltr'><strong>primum</strong></span> <span class='ocrx_word' id='word_1_83' title='bbox 1711 1089 1988 1144; x_wconf 88' lang='lat' dir='ltr'><strong>hominem</strong></span> 
     </span>
    </p>
   </div>
   <div class='ocr_carea' id='block_1_13' title="bbox 399 1179 1985 1248">
    <p class='ocr_par' dir='ltr' id='par_1_13' title="bbox 399 1179 1985 1248">
     <span class='ocr_line' id='line_1_13' title="bbox 399 1179 1985 1248; baseline -0.002 -14"><span class='ocrx_word' id='word_1_84' title='bbox 399 1181 547 1242; x_wconf 87' lang='lat' dir='ltr'><strong>dato,</strong></span> <span class='ocrx_word' id='word_1_85' title='bbox 575 1188 631 1233; x_wconf 91' lang='lat' dir='ltr'><strong>ut</strong></span> <span class='ocrx_word' id='word_1_86' title='bbox 661 1180 914 1233; x_wconf 89' lang='lat' dir='ltr'><strong>nimirum</strong></span> <span class='ocrx_word' id='word_1_87' title='bbox 944 1180 1258 1233; x_wconf 84' lang='lat' dir='ltr'><strong>observaret</strong></span> <span class='ocrx_word' id='word_1_88' title='bbox 1289 1190 1453 1248; x_wconf 84' lang='lat' dir='ltr'><strong>caput</strong></span> <span class='ocrx_word' id='word_1_89' title='bbox 1473 1180 1763 1248; x_wconf 89' lang='lat' dir='ltr'><strong>serpentis,</strong></span> <span class='ocrx_word' id='word_1_90' title='bbox 1797 1179 1849 1231; x_wconf 90' lang='lat' dir='ltr'><strong>id</strong></span> <span class='ocrx_word' id='word_1_91' title='bbox 1880 1188 1985 1245; x_wconf 90' lang='lat' dir='ltr'><strong>est,</strong></span> 
     </span>
    </p>
   </div>
   <div class='ocr_carea' id='block_1_14' title="bbox 397 1270 1984 1341">
    <p class='ocr_par' dir='ltr' id='par_1_14' title="bbox 397 1270 1984 1341">
     <span class='ocr_line' id='line_1_14' title="bbox 397 1270 1984 1341; baseline -0.001 -16"><span class='ocrx_word' id='word_1_92' title='bbox 397 1272 721 1341; x_wconf 89' lang='lat' dir='ltr'><strong>principium</strong></span> <span class='ocrx_word' id='word_1_93' title='bbox 771 1272 1050 1325; x_wconf 76' lang='lat' dir='ltr'><strong>damnosa:</strong></span> <span class='ocrx_word' id='word_1_94' title='bbox 1094 1270 1468 1338; x_wconf 83' lang='lat' dir='ltr'><strong>cogitationis,</strong></span> <span class='ocrx_word' id='word_1_95' title='bbox 1521 1285 1622 1339; x_wconf 91' lang='lat' dir='ltr'><strong>qua</strong></span> <span class='ocrx_word' id='word_1_96' title='bbox 1654 1271 1706 1323; x_wconf 89' lang='lat' dir='ltr'><strong>in</strong></span> <span class='ocrx_word' id='word_1_97' title='bbox 1747 1271 1984 1326; x_wconf 88' lang='lat' dir='ltr'><strong>animam</strong></span> 
     </span>
    </p>
   </div>
   <div class='ocr_carea' id='block_1_15' title="bbox 396 1362 1985 1433">
    <p class='ocr_par' dir='ltr' id='par_1_15' title="bbox 396 1362 1985 1433">
     <span class='ocr_line' id='line_1_15' title="bbox 396 1362 1985 1433; baseline -0.001 -14"><span class='ocrx_word' id='word_1_98' title='bbox 396 1374 638 1419; x_wconf 90' lang='lat' dir='ltr'><strong>nostram</strong></span> <span class='ocrx_word' id='word_1_99' title='bbox 682 1365 925 1433; x_wconf 89' lang='lat' dir='ltr'><strong>irrepere</strong></span> <span class='ocrx_word' id='word_1_100' title='bbox 966 1363 1175 1427; x_wconf 85' lang='lat' dir='ltr'><strong>nititur,</strong></span> <span class='ocrx_word' id='word_1_101' title='bbox 1223 1371 1281 1416; x_wconf 92' lang='lat' dir='ltr'><strong>ut</strong></span> <span class='ocrx_word' id='word_1_102' title='bbox 1322 1377 1392 1417; x_wconf 91' lang='lat' dir='ltr'><strong>ne</strong></span> <span class='ocrx_word' id='word_1_103' title='bbox 1432 1362 1671 1416; x_wconf 89' lang='lat' dir='ltr'><strong>admisso</strong></span> <span class='ocrx_word' id='word_1_104' title='bbox 1701 1363 1899 1431; x_wconf 88' lang='lat' dir='ltr'><strong>capite,</strong></span> <span class='ocrx_word' id='word_1_105' title='bbox 1933 1362 1985 1417; x_wconf 90' lang='lat' dir='ltr'><strong>id</strong></span> 
     </span>
    </p>
   </div>
   <div class='ocr_carea' id='block_1_16' title="bbox 395 1454 1982 1526">
    <p class='ocr_par' dir='ltr' id='par_1_16' title="bbox 395 1454 1982 1526">
     <span class='ocr_line' id='line_1_16' title="bbox 395 1454 1982 1526; baseline -0.002 -15"><span class='ocrx_word' id='word_1_106' title='bbox 395 1466 500 1524; x_wconf 89' lang='lat' dir='ltr'><strong>est,</strong></span> <span class='ocrx_word' id='word_1_107' title='bbox 533 1457 702 1526; x_wconf 91' lang='lat' dir='ltr'><strong>prima</strong></span> <span class='ocrx_word' id='word_1_108' title='bbox 735 1454 1081 1524; x_wconf 78' lang='lat' dir='ltr'><strong>cogitationis</strong></span> <span class='ocrx_word' id='word_1_109' title='bbox 1112 1455 1433 1523; x_wconf 90' lang='lat' dir='ltr'><strong>irruptione,</strong></span> <span class='ocrx_word' id='word_1_110' title='bbox 1462 1454 1729 1524; x_wconf 87' lang='lat' dir='ltr'><strong>reliquum</strong></span> <span class='ocrx_word' id='word_1_111' title='bbox 1761 1469 1982 1522; x_wconf 82' lang='lat' dir='ltr'><strong>serpen-</strong></span> 
     </span>
    </p>
   </div>
   <div class='ocr_carea' id='block_1_17' title="bbox 392 1546 1982 1617">
    <p class='ocr_par' dir='ltr' id='par_1_17' title="bbox 392 1546 1982 1617">
     <span class='ocr_line' id='line_1_17' title="bbox 392 1546 1982 1617; baseline -0.001 -16"><span class='ocrx_word' id='word_1_112' title='bbox 392 1549 464 1601; x_wconf 91' lang='lat' dir='ltr'><strong>tis</strong></span> <span class='ocrx_word' id='word_1_113' title='bbox 508 1561 742 1617; x_wconf 92' lang='lat' dir='ltr'><strong>corpus,</strong></span> <span class='ocrx_word' id='word_1_114' title='bbox 787 1547 992 1599; x_wconf 90' lang='lat' dir='ltr'><strong>scilicet</strong></span> <span class='ocrx_word' id='word_1_115' title='bbox 1037 1560 1359 1599; x_wconf 84' lang='lat' dir='ltr'><strong>consensum</strong></span> <span class='ocrx_word' id='word_1_116' title='bbox 1400 1546 1692 1614; x_wconf 88' lang='lat' dir='ltr'><strong>voluptatis</strong></span> <span class='ocrx_word' id='word_1_117' title='bbox 1732 1546 1982 1600; x_wconf 86' lang='lat' dir='ltr'><strong>admitta-</strong></span> 
     </span>
    </p>
   </div>
   <div class='ocr_carea' id='block_1_18' title="bbox 393 1638 1979 1708">
    <p class='ocr_par' dir='ltr' id='par_1_18' title="bbox 393 1638 1979 1708">
     <span class='ocr_line' id='line_1_18' title="bbox 393 1638 1979 1708; baseline -0.001 -13"><span class='ocrx_word' id='word_1_118' title='bbox 393 1655 551 1705; x_wconf 87' lang='lat' dir='ltr'><strong>mus,</strong></span> <span class='ocrx_word' id='word_1_119' title='bbox 600 1648 761 1708; x_wconf 84' lang='lat' dir='ltr'><strong>atque</strong></span> <span class='ocrx_word' id='word_1_120' title='bbox 795 1639 923 1691; x_wconf 88' lang='lat' dir='ltr'><strong>hinc</strong></span> <span class='ocrx_word' id='word_1_121' title='bbox 959 1639 1175 1693; x_wconf 87' lang='lat' dir='ltr'><strong>demum</strong></span> <span class='ocrx_word' id='word_1_122' title='bbox 1212 1639 1264 1692; x_wconf 90' lang='lat' dir='ltr'><strong>in</strong></span> <span class='ocrx_word' id='word_1_123' title='bbox 1295 1638 1560 1692; x_wconf 84' lang='lat' dir='ltr'><strong>nefarium</strong></span> <span class='ocrx_word' id='word_1_124' title='bbox 1593 1638 1801 1692; x_wconf 80' lang='lat' dir='ltr'><strong>facinus</strong></span> <span class='ocrx_word' id='word_1_125' title='bbox 1832 1655 1979 1693; x_wconf 89' lang='lat' dir='ltr'><strong>men-</strong></span> 
     </span>
    </p>
   </div>
   <div class='ocr_carea' id='block_1_19' title="bbox 2102 446 3694 521">
    <p class='ocr_par' dir='ltr' id='par_1_19' title="bbox 2102 446 3694 521">
     <span class='ocr_line' id='line_1_19' title="bbox 2102 446 3694 521; baseline 0.013 -21"><span class='ocrx_word' id='word_1_126' title='bbox 2102 446 2389 511; x_wconf 89' lang='lat' dir='ltr'><strong>henditur,</strong></span> <span class='ocrx_word' id='word_1_127' title='bbox 2446 460 2605 518; x_wconf 84' lang='lat' dir='ltr'><strong>atque</strong></span> <span class='ocrx_word' id='word_1_128' title='bbox 2655 454 3045 510; x_wconf 88' lang='lat' dir='ltr'><strong>incredulitatis</strong></span> <span class='ocrx_word' id='word_1_129' title='bbox 3091 462 3377 517; x_wconf 86' lang='lat' dir='ltr'><strong>occasione</strong></span> <span class='ocrx_word' id='word_1_130' title='bbox 3426 466 3694 521; x_wconf 89' lang='lat' dir='ltr'><strong>monacho</strong></span> 
     </span>
    </p>
   </div>
   <div class='ocr_carea' id='block_1_20' title="bbox 2098 540 3694 621">
    <p class='ocr_par' dir='ltr' id='par_1_20' title="bbox 2098 540 3694 621">
     <span class='ocr_line' id='line_1_20' title="bbox 2098 540 3694 621; baseline 0.013 -29"><span class='ocrx_word' id='word_1_131' title='bbox 2098 540 2373 611; x_wconf 85' lang='lat' dir='ltr'><strong>contingit.</strong></span> <span class='ocrx_word' id='word_1_132' title='bbox 2438 540 2732 598; x_wconf 79' lang='lat' dir='ltr'><strong>Enimvero</strong></span> <span class='ocrx_word' id='word_1_133' title='bbox 2768 545 2994 600; x_wconf 90' lang='lat' dir='ltr'><strong>aliorum</strong></span> <span class='ocrx_word' id='word_1_134' title='bbox 3020 547 3301 605; x_wconf 74' lang='lat' dir='ltr'><strong>affectuum</strong></span> <span class='ocrx_word' id='word_1_135' title='bbox 3328 555 3567 621; x_wconf 88' lang='lat' dir='ltr'><strong>stimuli,</strong></span> <span class='ocrx_word' id='word_1_136' title='bbox 3598 558 3694 612; x_wconf 65' lang='lat' dir='ltr'><strong>ira</strong></span> 
     </span>
    </p>
   </div>
   <div class='ocr_carea' id='block_1_21' title="bbox 2097 632 3690 712">
    <p class='ocr_par' dir='ltr' id='par_1_21' title="bbox 2097 632 3690 712">
     <span class='ocr_line' id='line_1_21' title="bbox 2097 632 3690 712; baseline 0.013 -26"><span class='ocrx_word' id='word_1_137' title='bbox 2097 632 2302 687; x_wconf 89' lang='lat' dir='ltr'><strong>scilicet</strong></span> <span class='ocrx_word' id='word_1_138' title='bbox 2346 644 2396 688; x_wconf 93' lang='lat' dir='ltr'><strong>et</strong></span> <span class='ocrx_word' id='word_1_139' title='bbox 2435 638 2919 705; x_wconf 67' lang='lat' dir='ltr'><strong>concupiscentiae,</strong></span> <span class='ocrx_word' id='word_1_140' title='bbox 2974 654 3041 693; x_wconf 79' lang='lat' dir='ltr'><strong>ex</strong></span> <span class='ocrx_word' id='word_1_141' title='bbox 3080 655 3307 712; x_wconf 89' lang='lat' dir='ltr'><strong>corpore</strong></span> <span class='ocrx_word' id='word_1_142' title='bbox 3352 650 3690 705; x_wconf 87' lang='lat' dir='ltr'><strong>occasionem</strong></span> 
     </span>
    </p>
   </div>
   <div class='ocr_carea' id='block_1_22' title="bbox 2098 724 3693 804">
    <p class='ocr_par' dir='ltr' id='par_1_22' title="bbox 2098 724 3693 804">
     <span class='ocr_line' id='line_1_22' title="bbox 2098 724 3693 804; baseline 0.011 -27"><span class='ocrx_word' id='word_1_143' title='bbox 2098 724 2297 778; x_wconf 88' lang='lat' dir='ltr'><strong>habere</strong></span> <span class='ocrx_word' id='word_1_144' title='bbox 2324 726 2611 794; x_wconf 89' lang='lat' dir='ltr'><strong>videntur,</strong></span> <span class='ocrx_word' id='word_1_145' title='bbox 2652 743 2713 781; x_wconf 89' lang='lat' dir='ltr'><strong>ac</strong></span> <span class='ocrx_word' id='word_1_146' title='bbox 2751 729 3147 798; x_wconf 90' lang='lat' dir='ltr'><strong>quodammodo</strong></span> <span class='ocrx_word' id='word_1_147' title='bbox 3183 734 3327 787; x_wconf 86' lang='lat' dir='ltr'><strong>insiti</strong></span> <span class='ocrx_word' id='word_1_148' title='bbox 3368 746 3518 804; x_wconf 91' lang='lat' dir='ltr'><strong>sunt,</strong></span> <span class='ocrx_word' id='word_1_149' title='bbox 3550 750 3605 795; x_wconf 89' lang='lat' dir='ltr'><strong>et</strong></span> <span class='ocrx_word' id='word_1_150' title='bbox 3625 756 3693 795; x_wconf 79' lang='lat' dir='ltr'><strong>ex</strong></span> 
     </span>
    </p>
   </div>
   <div class='ocr_carea' id='block_1_23' title="bbox 2097 818 3693 893">
    <p class='ocr_par' dir='ltr' id='par_1_23' title="bbox 2097 818 3693 893">
     <span class='ocr_line' id='line_1_23' title="bbox 2097 818 3693 893; baseline 0.008 -22"><span class='ocrx_word' id='word_1_151' title='bbox 2097 818 2372 873; x_wconf 86' lang='lat' dir='ltr'><strong>nativitate</strong></span> <span class='ocrx_word' id='word_1_152' title='bbox 2406 820 2725 889; x_wconf 91' lang='lat' dir='ltr'><strong>principium</strong></span> <span class='ocrx_word' id='word_1_153' title='bbox 2769 820 2966 875; x_wconf 86' lang='lat' dir='ltr'><strong>habent</strong></span> <span class='ocrx_word' id='word_1_154' title='bbox 3001 839 3159 893; x_wconf 74' lang='lat' dir='ltr'><strong>:qum</strong></span> <span class='ocrx_word' id='word_1_155' title='bbox 3185 840 3345 880; x_wconf 87' lang='lat' dir='ltr'><strong>causa</strong></span> <span class='ocrx_word' id='word_1_156' title='bbox 3376 837 3530 883; x_wconf 86' lang='lat' dir='ltr'><strong>estut</strong></span> <span class='ocrx_word' id='word_1_157' title='bbox 3556 846 3693 884; x_wconf 83' lang='lat' dir='ltr'><strong>non-</strong></span> 
     </span>
    </p>
   </div>
   <div class='ocr_carea' id='block_1_24' title="bbox 2096 910 3687 983">
    <p class='ocr_par' dir='ltr' id='par_1_24' title="bbox 2096 910 3687 983">
     <span class='ocr_line' id='line_1_24' title="bbox 2096 910 3687 983; baseline 0.009 -21"><span class='ocrx_word' id='word_1_158' title='bbox 2096 910 2196 964; x_wconf 90' lang='lat' dir='ltr'><strong>nisi</strong></span> <span class='ocrx_word' id='word_1_159' title='bbox 2252 910 2459 965; x_wconf 86' lang='lat' dir='ltr'><strong>diutino</strong></span> <span class='ocrx_word' id='word_1_160' title='bbox 2520 921 2762 980; x_wconf 88' lang='lat' dir='ltr'><strong>tempore</strong></span> <span class='ocrx_word' id='word_1_161' title='bbox 2805 925 3147 983; x_wconf 88' lang='lat' dir='ltr'><strong>superentur.</strong></span> <span class='ocrx_word' id='word_1_162' title='bbox 3214 917 3463 974; x_wconf 71' lang='lat' dir='ltr'><strong>Avaritia:</strong></span> <span class='ocrx_word' id='word_1_163' title='bbox 3509 931 3687 977; x_wconf 89' lang='lat' dir='ltr'><strong>autem</strong></span> 
     </span>
    </p>
   </div>
   <div class='ocr_carea' id='block_1_25' title="bbox 2095 1005 3688 1071">
    <p class='ocr_par' dir='ltr' id='par_1_25' title="bbox 2095 1005 3688 1071">
     <span class='ocr_line' id='line_1_25' title="bbox 2095 1005 3688 1071; baseline 0.009 -14"><span class='ocrx_word' id='word_1_164' title='bbox 2095 1005 2313 1059; x_wconf 85' lang='lat' dir='ltr'><strong>morbus</strong></span> <span class='ocrx_word' id='word_1_165' title='bbox 2380 1008 2725 1063; x_wconf 79' lang='lat' dir='ltr'><strong>extrinsecus</strong></span> <span class='ocrx_word' id='word_1_166' title='bbox 2795 1010 3087 1065; x_wconf 82' lang='lat' dir='ltr'><strong>adveniens</strong></span> <span class='ocrx_word' id='word_1_167' title='bbox 3166 1012 3373 1067; x_wconf 82' lang='lat' dir='ltr'><strong>facilius</strong></span> <span class='ocrx_word' id='word_1_168' title='bbox 3446 1017 3688 1071; x_wconf 79' lang='lat' dir='ltr'><strong>exscindi</strong></span> 
     </span>
    </p>
   </div>
   <div class='ocr_carea' id='block_1_26' title="bbox 2094 1097 3691 1177">
    <p class='ocr_par' dir='ltr' id='par_1_26' title="bbox 2094 1097 3691 1177">
     <span class='ocr_line' id='line_1_26' title="bbox 2094 1097 3691 1177; baseline 0.009 -29"><span class='ocrx_word' id='word_1_169' title='bbox 2094 1104 2295 1165; x_wconf 85' lang='lat' dir='ltr'><strong>potest,</strong></span> <span class='ocrx_word' id='word_1_170' title='bbox 2317 1097 2441 1151; x_wconf 92' lang='lat' dir='ltr'><strong>dum</strong></span> <span class='ocrx_word' id='word_1_171' title='bbox 2457 1099 2597 1152; x_wconf 90' lang='lat' dir='ltr'><strong>adsit</strong></span> <span class='ocrx_word' id='word_1_172' title='bbox 2622 1115 2747 1155; x_wconf 90' lang='lat' dir='ltr'><strong>cura</strong></span> <span class='ocrx_word' id='word_1_173' title='bbox 2764 1102 2991 1155; x_wconf 89' lang='lat' dir='ltr'><strong>etanimi</strong></span> <span class='ocrx_word' id='word_1_174' title='bbox 3013 1103 3260 1158; x_wconf 83' lang='lat' dir='ltr'><strong>attentio.</strong></span> <span class='ocrx_word' id='word_1_175' title='bbox 3292 1108 3357 1159; x_wconf 81' lang='lat' dir='ltr'><strong>At</strong></span> <span class='ocrx_word' id='word_1_176' title='bbox 3386 1106 3430 1159; x_wconf 90' lang='lat' dir='ltr'><strong>si</strong></span> <span class='ocrx_word' id='word_1_177' title='bbox 3456 1108 3691 1177; x_wconf 83' lang='lat' dir='ltr'><strong>negliga-</strong></span> 
     </span>
    </p>
   </div>
   <div class='ocr_carea' id='block_1_27' title="bbox 2093 1189 3687 1265">
    <p class='ocr_par' dir='ltr' id='par_1_27' title="bbox 2093 1189 3687 1265">
     <span class='ocr_line' id='line_1_27' title="bbox 2093 1189 3687 1265; baseline 0.009 -24"><span class='ocrx_word' id='word_1_178' title='bbox 2093 1197 2198 1254; x_wconf 91' lang='lat' dir='ltr'><strong>tur,</strong></span> <span class='ocrx_word' id='word_1_179' title='bbox 2226 1189 2585 1257; x_wconf 88' lang='lat' dir='ltr'><strong>perniciosior</strong></span> <span class='ocrx_word' id='word_1_180' title='bbox 2611 1193 2732 1247; x_wconf 88' lang='lat' dir='ltr'><strong>aliis</strong></span> <span class='ocrx_word' id='word_1_181' title='bbox 2759 1193 3039 1248; x_wconf 76' lang='lat' dir='ltr'><strong>affectibus</strong></span> <span class='ocrx_word' id='word_1_182' title='bbox 3066 1205 3169 1262; x_wconf 91' lang='lat' dir='ltr'><strong>est,</strong></span> <span class='ocrx_word' id='word_1_183' title='bbox 3202 1207 3363 1265; x_wconf 88' lang='lat' dir='ltr'><strong>atque</strong></span> <span class='ocrx_word' id='word_1_184' title='bbox 3395 1214 3687 1254; x_wconf 79' lang='lat' dir='ltr'><strong>exsecran-</strong></span> 
     </span>
    </p>
   </div>
   <div class='ocr_carea' id='block_1_28' title="bbox 2090 1281 3684 1360">
    <p class='ocr_par' dir='ltr' id='par_1_28' title="bbox 2090 1281 3684 1360">
     <span class='ocr_line' id='line_1_28' title="bbox 2090 1281 3684 1360; baseline 0.006 -24"><span class='ocrx_word' id='word_1_185' title='bbox 2090 1281 2191 1336; x_wconf 91' lang='lat' dir='ltr'><strong>dus</strong></span> <span class='ocrx_word' id='word_1_186' title='bbox 2227 1282 2408 1336; x_wconf 90' lang='lat' dir='ltr'><strong>evadit</strong></span> <span class='ocrx_word' id='word_1_187' title='bbox 2441 1302 2453 1336; x_wconf 89' lang='lat'><strong>:</strong></span> <span class='ocrx_word' id='word_1_188' title='bbox 2488 1300 2611 1338; x_wconf 93' lang='lat' dir='ltr'><strong>nam</strong></span> <span class='ocrx_word' id='word_1_189' title='bbox 2643 1285 2793 1340; x_wconf 81' lang='lat' dir='ltr'><strong>radix</strong></span> <span class='ocrx_word' id='word_1_190' title='bbox 2842 1288 3079 1341; x_wconf 89' lang='lat' dir='ltr'><strong>omnium</strong></span> <span class='ocrx_word' id='word_1_191' title='bbox 3119 1288 3382 1344; x_wconf 89' lang='lat' dir='ltr'><strong>malorum</strong></span> <span class='ocrx_word' id='word_1_192' title='bbox 3424 1299 3508 1345; x_wconf 93' lang='lat' dir='ltr'><strong>est</strong></span> <span class='ocrx_word' id='word_1_193' title='bbox 3533 1292 3684 1360; x_wconf 80' lang='lat' dir='ltr'><strong>juxta</strong></span> 
     </span>
    </p>
   </div>
   <div class='ocr_carea' id='block_1_29' title="bbox 2090 1375 3684 1448">
    <p class='ocr_par' dir='ltr' id='par_1_29' title="bbox 2090 1375 3684 1448">
     <span class='ocr_line' id='line_1_29' title="bbox 2090 1375 3684 1448; baseline 0.008 -22"><span class='ocrx_word' id='word_1_194' title='bbox 2090 1375 2405 1442; x_wconf 79' lang='lat' dir='ltr'><strong>Apustolum</strong></span> <span class='ocrx_word' id='word_1_195' title='bbox 2442 1376 2491 1448; x_wconf 90' lang='grc' dir='ltr'><strong>(Ι</strong></span> <span class='ocrx_word' id='word_1_196' title='bbox 2526 1376 2658 1431; x_wconf 84' lang='lat' dir='ltr'><strong>Tim.</strong></span> <span class='ocrx_word' id='word_1_197' title='bbox 2688 1391 2762 1443; x_wconf 89' lang='lat' dir='ltr'><strong>vt,</strong></span> <span class='ocrx_word' id='word_1_198' title='bbox 2792 1378 2912 1447; x_wconf 83' lang='grc'><strong>10).</strong></span> <span class='ocrx_word' id='word_1_199' title='bbox 2961 1379 3164 1435; x_wconf 83' lang='lat' dir='ltr'><strong>Verum</strong></span> <span class='ocrx_word' id='word_1_200' title='bbox 3206 1382 3307 1437; x_wconf 91' lang='lat' dir='ltr'><strong>hac</strong></span> <span class='ocrx_word' id='word_1_201' title='bbox 3336 1385 3549 1439; x_wconf 86' lang='lat' dir='ltr'><strong>ratione</strong></span> <span class='ocrx_word' id='word_1_202' title='bbox 3581 1385 3684 1438; x_wconf 85' lang='lat' dir='ltr'><strong>ista</strong></span> 
     </span>
    </p>
   </div>
   <div class='ocr_carea' id='block_1_30' title="bbox 2088 1467 3684 1543">
    <p class='ocr_par' dir='ltr' id='par_1_30' title="bbox 2088 1467 3684 1543">
     <span class='ocr_line' id='line_1_30' title="bbox 2088 1467 3684 1543; baseline 0.009 -25"><span class='ocrx_word' id='word_1_203' title='bbox 2088 1467 2495 1521; x_wconf 87' lang='lat' dir='ltr'><strong>consideremus</strong></span> <span class='ocrx_word' id='word_1_204' title='bbox 2524 1486 2536 1521; x_wconf 92' lang='lat'><strong>:</strong></span> <span class='ocrx_word' id='word_1_205' title='bbox 2568 1472 2845 1525; x_wconf 87' lang='lat' dir='ltr'><strong>naturales</strong></span> <span class='ocrx_word' id='word_1_206' title='bbox 2868 1475 3115 1542; x_wconf 91' lang='lat' dir='ltr'><strong>corporis</strong></span> <span class='ocrx_word' id='word_1_207' title='bbox 3140 1483 3347 1543; x_wconf 91' lang='lat' dir='ltr'><strong>motus,</strong></span> <span class='ocrx_word' id='word_1_208' title='bbox 3373 1491 3480 1530; x_wconf 91' lang='lat' dir='ltr'><strong>non</strong></span> <span class='ocrx_word' id='word_1_209' title='bbox 3510 1478 3684 1532; x_wconf 92' lang='lat' dir='ltr'><strong>solum</strong></span> 
     </span>
    </p>
   </div>
   <div class='ocr_carea' id='block_1_31' title="bbox 2084 1555 3686 1635">
    <p class='ocr_par' dir='ltr' id='par_1_31' title="bbox 2084 1555 3686 1635">
     <span class='ocr_line' id='line_1_31' title="bbox 2084 1555 3686 1635; baseline 0.009 -25"><span class='ocrx_word' id='word_1_210' title='bbox 2084 1555 2136 1610; x_wconf 91' lang='lat' dir='ltr'><strong>in</strong></span> <span class='ocrx_word' id='word_1_211' title='bbox 2168 1560 2347 1624; x_wconf 81' lang='lat' dir='ltr'><strong>pueris</strong></span> <span class='ocrx_word' id='word_1_212' title='bbox 2378 1562 2807 1630; x_wconf 89' lang='lat' dir='ltr'><strong>conspiciuntur,</strong></span> <span class='ocrx_word' id='word_1_213' title='bbox 2834 1564 2884 1618; x_wconf 94' lang='lat' dir='ltr'><strong>in</strong></span> <span class='ocrx_word' id='word_1_214' title='bbox 2908 1565 3105 1635; x_wconf 84' lang='lat' dir='ltr'><strong>quibus</strong></span> <span class='ocrx_word' id='word_1_215' title='bbox 3123 1567 3357 1621; x_wconf 90' lang='lat' dir='ltr'><strong>nondum</strong></span> <span class='ocrx_word' id='word_1_216' title='bbox 3377 1577 3460 1622; x_wconf 91' lang='lat' dir='ltr'><strong>est</strong></span> <span class='ocrx_word' id='word_1_217' title='bbox 3480 1568 3686 1624; x_wconf 85' lang='lat' dir='ltr'><strong>discre-</strong></span> 
     </span>
    </p>
   </div>
   <div class='ocr_carea' id='block_1_32' title="bbox 2086 1649 3683 1718">
    <p class='ocr_par' dir='ltr' id='par_1_32' title="bbox 2086 1649 3683 1718">
     <span class='ocr_line' id='line_1_32' title="bbox 2086 1649 3683 1718; baseline 0.009 -17"><span class='ocrx_word' id='word_1_218' title='bbox 2086 1649 2162 1703; x_wconf 90' lang='lat' dir='ltr'><strong>tio</strong></span> <span class='ocrx_word' id='word_1_219' title='bbox 2182 1650 2304 1703; x_wconf 90' lang='lat' dir='ltr'><strong>boni</strong></span> <span class='ocrx_word' id='word_1_220' title='bbox 2329 1662 2381 1706; x_wconf 90' lang='lat' dir='ltr'><strong>et</strong></span> <span class='ocrx_word' id='word_1_221' title='bbox 2412 1653 2573 1718; x_wconf 93' lang='lat' dir='ltr'><strong>mali,</strong></span> <span class='ocrx_word' id='word_1_222' title='bbox 2607 1655 2699 1708; x_wconf 90' lang='lat' dir='ltr'><strong>sed</strong></span> <span class='ocrx_word' id='word_1_223' title='bbox 2738 1656 2899 1710; x_wconf 90' lang='lat' dir='ltr'><strong>etiam</strong></span> <span class='ocrx_word' id='word_1_224' title='bbox 2945 1658 2999 1711; x_wconf 93' lang='lat' dir='ltr'><strong>in</strong></span> <span class='ocrx_word' id='word_1_225' title='bbox 3045 1661 3207 1712; x_wconf 89' lang='lat' dir='ltr'><strong>etiam</strong></span> <span class='ocrx_word' id='word_1_226' title='bbox 3255 1660 3492 1713; x_wconf 89' lang='lat' dir='ltr'><strong>minimis</strong></span> <span class='ocrx_word' id='word_1_227' title='bbox 3520 1670 3575 1715; x_wconf 89' lang='lat' dir='ltr'><strong>et</strong></span> <span class='ocrx_word' id='word_1_228' title='bbox 3600 1661 3683 1715; x_wconf 88' lang='lat' dir='ltr'><strong>la-</strong></span> 
     </span>
    </p>
   </div>
   <div class='ocr_carea' id='block_1_33' title="bbox 394 1729 3682 1820">
    <p class='ocr_par' dir='ltr' id='par_1_33' title="bbox 394 1729 3682 1820">
     <span class='ocr_line' id='line_1_33' title="bbox 394 1729 3682 1820; baseline 0.007 -38"><span class='ocrx_word' id='word_1_229' title='bbox 394 1739 504 1784; x_wconf 90' lang='lat' dir='ltr'><strong>tem</strong></span> <span class='ocrx_word' id='word_1_230' title='bbox 550 1731 643 1785; x_wconf 91' lang='lat' dir='ltr'><strong>ille</strong></span> <span class='ocrx_word' id='word_1_231' title='bbox 684 1730 902 1798; x_wconf 73' lang='lat' dir='ltr'><strong>dejiciat</strong></span> <span class='ocrx_word' id='word_1_232' title='bbox 935 1748 947 1785; x_wconf 92' lang='lat'><strong>:</strong></span> <span class='ocrx_word' id='word_1_233' title='bbox 982 1730 1077 1784; x_wconf 92' lang='lat' dir='ltr'><strong>sed</strong></span> <span class='ocrx_word' id='word_1_234' title='bbox 1120 1745 1216 1799; x_wconf 88' lang='lat' dir='ltr'><strong>par</strong></span> <span class='ocrx_word' id='word_1_235' title='bbox 1252 1740 1354 1797; x_wconf 90' lang='lat' dir='ltr'><strong>est,</strong></span> <span class='ocrx_word' id='word_1_236' title='bbox 1387 1732 1460 1785; x_wconf 86' lang='lat' dir='ltr'><strong>uti</strong></span> <span class='ocrx_word' id='word_1_237' title='bbox 1493 1732 1752 1800; x_wconf 88' lang='lat' dir='ltr'><strong>scriptum</strong></span> <span class='ocrx_word' id='word_1_238' title='bbox 1792 1742 1897 1796; x_wconf 73' lang='grc' dir='ltr'><strong>εει,</strong></span> <span class='ocrx_word' id='word_1_239' title='bbox 1928 1733 1979 1785; x_wconf 83' lang='lat' dir='ltr'><strong>in</strong></span> <span class='ocrx_word' id='word_1_240' title='bbox 2009 1729 2059 1791; x_wconf 89' lang='lat' dir='ltr'><strong><em>B</em></strong></span> <span class='ocrx_word' id='word_1_241' title='bbox 2090 1741 2361 1796; x_wconf 90' lang='lat' dir='ltr'><strong>ctentibus</strong></span> <span class='ocrx_word' id='word_1_242' title='bbox 2411 1743 2743 1811; x_wconf 87' lang='lat' dir='ltr'><strong>infantibus,</strong></span> <span class='ocrx_word' id='word_1_243' title='bbox 2799 1746 2889 1815; x_wconf 91' lang='lat' dir='ltr'><strong>qui</strong></span> <span class='ocrx_word' id='word_1_244' title='bbox 2952 1761 3072 1801; x_wconf 89' lang='lat' dir='ltr'><strong>cum</strong></span> <span class='ocrx_word' id='word_1_245' title='bbox 3122 1750 3355 1805; x_wconf 88' lang='lat' dir='ltr'><strong>carnalis</strong></span> <span class='ocrx_word' id='word_1_246' title='bbox 3392 1752 3682 1820; x_wconf 87' lang='lat' dir='ltr'><strong>voluptatis</strong></span> 
     </span>
    </p>
   </div>
   <div class='ocr_carea' id='block_1_34' title="bbox 393 1822 1980 1895">
    <p class='ocr_par' dir='ltr' id='par_1_34' title="bbox 393 1822 1980 1895">
     <span class='ocr_line' id='line_1_34' title="bbox 393 1822 1980 1895; baseline -0.001 -18"><span class='ocrx_word' id='word_1_247' title='bbox 393 1825 661 1877; x_wconf 91' lang='lat' dir='ltr'><strong>matutino</strong></span> <span class='ocrx_word' id='word_1_248' title='bbox 690 1822 1000 1877; x_wconf 80' lang='lat' dir='ltr'><strong>interﬁcere</strong></span> <span class='ocrx_word' id='word_1_249' title='bbox 1032 1838 1221 1878; x_wconf 90' lang='lat' dir='ltr'><strong>omnes</strong></span> <span class='ocrx_word' id='word_1_250' title='bbox 1248 1832 1567 1881; x_wconf 63' lang='lat' dir='ltr'><strong>peccatores</strong></span> <span class='ocrx_word' id='word_1_251' title='bbox 1597 1832 1755 1879; x_wconf 66' lang='lat' dir='ltr'><strong>terrae</strong></span> <span class='ocrx_word' id='word_1_252' title='bbox 1789 1827 1805 1895; x_wconf 92' lang='lat'>(</span> <span class='ocrx_word' id='word_1_253' title='bbox 1835 1825 1980 1879; x_wconf 79' lang='lat' dir='ltr'><strong>I’sal.</strong></span> 
     </span>
    </p>
   </div>
   <div class='ocr_carea' id='block_1_35' title="bbox 391 1916 1974 1987">
    <p class='ocr_par' dir='ltr' id='par_1_35' title="bbox 391 1916 1974 1987">
     <span class='ocr_line' id='line_1_35' title="bbox 391 1916 1974 1987; baseline -0.001 -14"><span class='ocrx_word' id='word_1_254' title='bbox 391 1933 443 1984; x_wconf 89' lang='lat' dir='ltr'><strong>c,</strong></span> <span class='ocrx_word' id='word_1_255' title='bbox 477 1919 566 1986; x_wconf 87' lang='lat'><strong>8);</strong></span> <span class='ocrx_word' id='word_1_256' title='bbox 609 1916 660 1971; x_wconf 94' lang='lat' dir='ltr'><strong>id</strong></span> <span class='ocrx_word' id='word_1_257' title='bbox 695 1927 796 1979; x_wconf 89' lang='lat' dir='ltr'><strong>est,</strong></span> <span class='ocrx_word' id='word_1_258' title='bbox 834 1917 1032 1971; x_wconf 90' lang='lat' dir='ltr'><strong>lumine</strong></span> <span class='ocrx_word' id='word_1_259' title='bbox 1058 1916 1381 1987; x_wconf 82' lang='lat' dir='ltr'><strong>cognitionis</strong></span> <span class='ocrx_word' id='word_1_260' title='bbox 1409 1918 1783 1971; x_wconf 89' lang='lat' dir='ltr'><strong>internoscere</strong></span> <span class='ocrx_word' id='word_1_261' title='bbox 1810 1924 1974 1986; x_wconf 87' lang='lat' dir='ltr'><strong>atque</strong></span> 
     </span>
    </p>
   </div>
   <div class='ocr_carea' id='block_1_36' title="bbox 397 2008 1981 2079">
    <p class='ocr_par' dir='ltr' id='par_1_36' title="bbox 397 2008 1981 2079">
     <span class='ocr_line' id='line_1_36' title="bbox 397 2008 1981 2079; baseline 0.001 -18"><span class='ocrx_word' id='word_1_262' title='bbox 397 2008 716 2079; x_wconf 84' lang='lat' dir='ltr'><strong>disperdere</strong></span> <span class='ocrx_word' id='word_1_263' title='bbox 772 2010 1127 2079; x_wconf 82' lang='lat' dir='ltr'><strong>cogitationes</strong></span> <span class='ocrx_word' id='word_1_264' title='bbox 1169 2010 1238 2064; x_wconf 89' lang='lat' dir='ltr'><strong>ad</strong></span> <span class='ocrx_word' id='word_1_265' title='bbox 1284 2019 1563 2071; x_wconf 79' lang='lat' dir='ltr'><strong>peccatum</strong></span> <span class='ocrx_word' id='word_1_266' title='bbox 1624 2009 1981 2073; x_wconf 88' lang='lat' dir='ltr'><strong>deducentes;</strong></span> 
     </span>
    </p>
   </div>
   <div class='ocr_carea' id='block_1_37' title="bbox 391 2101 1984 2171">
    <p class='ocr_par' dir='ltr' id='par_1_37' title="bbox 391 2101 1984 2171">
     <span class='ocr_line' id='line_1_37' title="bbox 391 2101 1984 2171; baseline 0.001 -17"><span class='ocrx_word' id='word_1_267' title='bbox 391 2117 454 2155; x_wconf 87' lang='lat' dir='ltr'><strong>ex</strong></span> <span class='ocrx_word' id='word_1_268' title='bbox 488 2110 653 2167; x_wconf 85' lang='lat' dir='ltr'><strong>terra,</strong></span> <span class='ocrx_word' id='word_1_269' title='bbox 686 2102 895 2157; x_wconf 77' lang='lat' dir='ltr'><strong>scilicet</strong></span> <span class='ocrx_word' id='word_1_270' title='bbox 918 2119 983 2157; x_wconf 87' lang='lat' dir='ltr'><strong>ex</strong></span> <span class='ocrx_word' id='word_1_271' title='bbox 1021 2101 1206 2169; x_wconf 88' lang='lat' dir='ltr'><strong>corde,</strong></span> <span class='ocrx_word' id='word_1_272' title='bbox 1244 2102 1394 2171; x_wconf 73' lang='lat' dir='ltr'><strong>juxta</strong></span> <span class='ocrx_word' id='word_1_273' title='bbox 1423 2103 1637 2157; x_wconf 85' lang='lat' dir='ltr'><strong>Domini</strong></span> <span class='ocrx_word' id='word_1_274' title='bbox 1667 2118 1879 2156; x_wconf 89' lang='lat' dir='ltr'><strong>vocem.</strong></span> <span class='ocrx_word' id='word_1_275' title='bbox 1916 2103 1984 2156; x_wconf 85' lang='lat' dir='ltr'><strong>Et</strong></span> 
     </span>
    </p>
   </div>
   <div class='ocr_carea' id='block_1_38' title="bbox 390 2192 1977 2265">
    <p class='ocr_par' dir='ltr' id='par_1_38' title="bbox 390 2192 1977 2265">
     <span class='ocr_line' id='line_1_38' title="bbox 390 2192 1977 2265; baseline 0.001 -17"><span class='ocrx_word' id='word_1_276' title='bbox 390 2192 515 2248; x_wconf 92' lang='lat' dir='ltr'><strong>dum</strong></span> <span class='ocrx_word' id='word_1_277' title='bbox 542 2194 717 2248; x_wconf 89' lang='lat' dir='ltr'><strong>adhuc</strong></span> <span class='ocrx_word' id='word_1_278' title='bbox 748 2194 954 2263; x_wconf 83' lang='lat' dir='ltr'><strong>parvuli</strong></span> <span class='ocrx_word' id='word_1_279' title='bbox 980 2203 1106 2248; x_wconf 88' lang='lat' dir='ltr'><strong>sunt</strong></span> <span class='ocrx_word' id='word_1_280' title='bbox 1136 2194 1229 2248; x_wconf 86' lang='lat' dir='ltr'><strong>lilii</strong></span> <span class='ocrx_word' id='word_1_281' title='bbox 1250 2194 1541 2265; x_wconf 86' lang='lat' dir='ltr'><strong>Babylonis</strong></span> <span class='ocrx_word' id='word_1_282' title='bbox 1562 2193 1732 2263; x_wconf 84' lang='lat' dir='ltr'><strong>(Psal.</strong></span> <span class='ocrx_word' id='word_1_283' title='bbox 1754 2210 1977 2262; x_wconf 81' lang='lat' dir='ltr'><strong>cxxxvt,</strong></span> 
     </span>
    </p>
   </div>
   <div class='ocr_carea' id='block_1_39' title="bbox 390 2283 1985 2357">
    <p class='ocr_par' dir='ltr' id='par_1_39' title="bbox 390 2283 1985 2357">
     <span class='ocr_line' id='line_1_39' title="bbox 390 2283 1985 2357; baseline 0.001 -17"><span class='ocrx_word' id='word_1_284' title='bbox 390 2283 487 2355; x_wconf 87' lang='lat'><strong>9),</strong></span> <span class='ocrx_word' id='word_1_285' title='bbox 530 2300 623 2340; x_wconf 87' lang='lat' dir='ltr'><strong>seu</strong></span> <span class='ocrx_word' id='word_1_286' title='bbox 671 2286 825 2339; x_wconf 82' lang='lat' dir='ltr'><strong>malae</strong></span> <span class='ocrx_word' id='word_1_287' title='bbox 875 2286 1276 2356; x_wconf 86' lang='lat' dir='ltr'><strong>cogitationes,</strong></span> <span class='ocrx_word' id='word_1_288' title='bbox 1336 2298 1445 2343; x_wconf 91' lang='lat' dir='ltr'><strong>tum</strong></span> <span class='ocrx_word' id='word_1_289' title='bbox 1492 2301 1587 2340; x_wconf 79' lang='lat' dir='ltr'><strong>eos</strong></span> <span class='ocrx_word' id='word_1_290' title='bbox 1624 2288 1739 2340; x_wconf 92' lang='lat' dir='ltr'><strong>solo</strong></span> <span class='ocrx_word' id='word_1_291' title='bbox 1769 2302 1985 2357; x_wconf 73' lang='lat' dir='ltr'><strong>aequare</strong></span> 
     </span>
    </p>
   </div>
   <div class='ocr_carea' id='block_1_40' title="bbox 391 2376 1976 2449">
    <p class='ocr_par' dir='ltr' id='par_1_40' title="bbox 391 2376 1976 2449">
     <span class='ocr_line' id='line_1_40' title="bbox 391 2376 1976 2449; baseline 0.002 -21"><span class='ocrx_word' id='word_1_292' title='bbox 391 2385 554 2445; x_wconf 88' lang='lat' dir='ltr'><strong>atque</strong></span> <span class='ocrx_word' id='word_1_293' title='bbox 594 2376 817 2432; x_wconf 89' lang='lat' dir='ltr'><strong>allidere</strong></span> <span class='ocrx_word' id='word_1_294' title='bbox 844 2387 1056 2446; x_wconf 86' lang='lat' dir='ltr'><strong>oportet</strong></span> <span class='ocrx_word' id='word_1_295' title='bbox 1088 2379 1152 2433; x_wconf 88' lang='lat' dir='ltr'><strong>ad</strong></span> <span class='ocrx_word' id='word_1_296' title='bbox 1185 2390 1419 2448; x_wconf 83' lang='lat' dir='ltr'><strong>petram,</strong></span> <span class='ocrx_word' id='word_1_297' title='bbox 1452 2396 1571 2449; x_wconf 75' lang='lat' dir='ltr'><strong>qua:</strong></span> <span class='ocrx_word' id='word_1_298' title='bbox 1599 2388 1682 2434; x_wconf 89' lang='lat' dir='ltr'><strong>est</strong></span> <span class='ocrx_word' id='word_1_299' title='bbox 1710 2380 1976 2435; x_wconf 90' lang='lat' dir='ltr'><strong>Christus.</strong></span> 
     </span>
    </p>
   </div>
   <div class='ocr_carea' id='block_1_41' title="bbox 393 2466 1972 2541">
    <p class='ocr_par' dir='ltr' id='par_1_41' title="bbox 393 2466 1972 2541">
     <span class='ocr_line' id='line_1_41' title="bbox 393 2466 1972 2541; baseline 0.003 -20"><span class='ocrx_word' id='word_1_300' title='bbox 393 2466 450 2522; x_wconf 88' lang='lat' dir='ltr'><strong>Si</strong></span> <span class='ocrx_word' id='word_1_301' title='bbox 474 2468 615 2521; x_wconf 92' lang='lat' dir='ltr'><strong>enim</strong></span> <span class='ocrx_word' id='word_1_302' title='bbox 647 2483 913 2523; x_wconf 90' lang='lat' dir='ltr'><strong>consensu</strong></span> <span class='ocrx_word' id='word_1_303' title='bbox 945 2478 1133 2523; x_wconf 91' lang='lat' dir='ltr'><strong>nostro</strong></span> <span class='ocrx_word' id='word_1_304' title='bbox 1157 2470 1222 2524; x_wconf 91' lang='lat' dir='ltr'><strong>ad</strong></span> <span class='ocrx_word' id='word_1_305' title='bbox 1256 2470 1464 2524; x_wconf 72' lang='lat' dir='ltr'><strong>virilem</strong></span> <span class='ocrx_word' id='word_1_306' title='bbox 1495 2471 1811 2541; x_wconf 86' lang='lat' dir='ltr'><strong>perveniant</strong></span> <span class='ocrx_word' id='word_1_307' title='bbox 1841 2479 1972 2525; x_wconf 79' lang='lat' dir='ltr'><strong>aeta-</strong></span> 
     </span>
    </p>
   </div>
   <div class='ocr_carea' id='block_1_42' title="bbox 393 2558 1979 2631">
    <p class='ocr_par' dir='ltr' id='par_1_42' title="bbox 393 2558 1979 2631">
     <span class='ocr_line' id='line_1_42' title="bbox 393 2558 1979 2631; baseline 0.002 -19"><span class='ocrx_word' id='word_1_308' title='bbox 393 2566 528 2623; x_wconf 91' lang='lat' dir='ltr'><strong>tem,</strong></span> <span class='ocrx_word' id='word_1_309' title='bbox 581 2574 685 2614; x_wconf 92' lang='lat' dir='ltr'><strong>non</strong></span> <span class='ocrx_word' id='word_1_310' title='bbox 736 2558 870 2613; x_wconf 87' lang='lat' dir='ltr'><strong>citra</strong></span> <span class='ocrx_word' id='word_1_311' title='bbox 917 2574 1142 2629; x_wconf 87' lang='lat' dir='ltr'><strong>magnos</strong></span> <span class='ocrx_word' id='word_1_312' title='bbox 1178 2562 1408 2631; x_wconf 75' lang='lat' dir='ltr'><strong>gemitus</strong></span> <span class='ocrx_word' id='word_1_313' title='bbox 1438 2562 1729 2616; x_wconf 89' lang='lat' dir='ltr'><strong>etlabores</strong></span> <span class='ocrx_word' id='word_1_314' title='bbox 1758 2578 1979 2628; x_wconf 86' lang='lat' dir='ltr'><strong>supera-</strong></span> 
     </span>
    </p>
   </div>
   <div class='ocr_carea' id='block_1_43' title="bbox 393 2650 1978 2723">
    <p class='ocr_par' dir='ltr' id='par_1_43' title="bbox 393 2650 1978 2723">
     <span class='ocr_line' id='line_1_43' title="bbox 393 2650 1978 2723; baseline 0.001 -19"><span class='ocrx_word' id='word_1_315' title='bbox 393 2650 611 2705; x_wconf 90' lang='lat' dir='ltr'><strong>buntur.</strong></span> <span class='ocrx_word' id='word_1_316' title='bbox 664 2650 746 2704; x_wconf 81' lang='lat' dir='ltr'><strong>Ad</strong></span> <span class='ocrx_word' id='word_1_317' title='bbox 788 2666 847 2705; x_wconf 87' lang='lat' dir='ltr'><strong>ea</strong></span> <span class='ocrx_word' id='word_1_318' title='bbox 880 2660 1057 2706; x_wconf 89' lang='lat' dir='ltr'><strong>autem</strong></span> <span class='ocrx_word' id='word_1_319' title='bbox 1092 2668 1211 2720; x_wconf 67' lang='lat' dir='ltr'><strong>quae</strong></span> <span class='ocrx_word' id='word_1_320' title='bbox 1259 2651 1511 2723; x_wconf 90' lang='lat' dir='ltr'><strong>superius</strong></span> <span class='ocrx_word' id='word_1_321' title='bbox 1578 2667 1645 2707; x_wconf 88' lang='lat' dir='ltr'><strong>ex</strong></span> <span class='ocrx_word' id='word_1_322' title='bbox 1704 2652 1978 2723; x_wconf 85' lang='lat' dir='ltr'><strong>Scriptura</strong></span> 
     </span>
    </p>
   </div>
   <div class='ocr_carea' id='block_1_44' title="bbox 391 2744 1979 2815">
    <p class='ocr_par' dir='ltr' id='par_1_44' title="bbox 391 2744 1979 2815">
     <span class='ocr_line' id='line_1_44' title="bbox 391 2744 1979 2815; baseline 0.001 -17"><span class='ocrx_word' id='word_1_323' title='bbox 391 2759 545 2800; x_wconf 82' lang='lat' dir='ltr'><strong>sacra</strong></span> <span class='ocrx_word' id='word_1_324' title='bbox 593 2744 731 2800; x_wconf 85' lang='lat' dir='ltr'><strong>dicta</strong></span> <span class='ocrx_word' id='word_1_325' title='bbox 774 2756 927 2813; x_wconf 92' lang='lat' dir='ltr'><strong>sunt,</strong></span> <span class='ocrx_word' id='word_1_326' title='bbox 966 2744 1264 2815; x_wconf 86' lang='lat' dir='ltr'><strong>adjicienda</strong></span> <span class='ocrx_word' id='word_1_327' title='bbox 1306 2754 1622 2802; x_wconf 91' lang='lat' dir='ltr'><strong>sanctorum</strong></span> <span class='ocrx_word' id='word_1_328' title='bbox 1656 2746 1870 2800; x_wconf 86' lang='lat' dir='ltr'><strong>Patrum</strong></span> <span class='ocrx_word' id='word_1_329' title='bbox 1900 2746 1979 2799; x_wconf 85' lang='lat' dir='ltr'><strong>di-</strong></span> 
     </span>
    </p>
   </div>
   <div class='ocr_carea' id='block_1_45' title="bbox 390 2839 1979 2912">
    <p class='ocr_par' dir='ltr' id='par_1_45' title="bbox 390 2839 1979 2912">
     <span class='ocr_line' id='line_1_45' title="bbox 390 2839 1979 2912; baseline -0.001 -19"><span class='ocrx_word' id='word_1_330' title='bbox 390 2848 493 2894; x_wconf 86' lang='lat' dir='ltr'><strong>cta.</strong></span> <span class='ocrx_word' id='word_1_331' title='bbox 553 2840 759 2895; x_wconf 87' lang='lat' dir='ltr'><strong>Dictum</strong></span> <span class='ocrx_word' id='word_1_332' title='bbox 802 2850 885 2895; x_wconf 89' lang='lat' dir='ltr'><strong>est</strong></span> <span class='ocrx_word' id='word_1_333' title='bbox 930 2842 1111 2912; x_wconf 88' lang='lat' dir='ltr'><strong>itaque</strong></span> <span class='ocrx_word' id='word_1_334' title='bbox 1154 2857 1181 2895; x_wconf 89' lang='lat' dir='ltr'><strong>a</strong></span> <span class='ocrx_word' id='word_1_335' title='bbox 1226 2853 1417 2896; x_wconf 89' lang='lat' dir='ltr'><strong>sancto</strong></span> <span class='ocrx_word' id='word_1_336' title='bbox 1465 2840 1670 2895; x_wconf 89' lang='lat' dir='ltr'><strong>Basilio</strong></span> <span class='ocrx_word' id='word_1_337' title='bbox 1716 2839 1979 2894; x_wconf 67' lang='lat' dir='ltr'><strong>Caesarem</strong></span> 
     </span>
    </p>
   </div>
   <div class='ocr_carea' id='block_1_46' title="bbox 390 2932 1977 3004">
    <p class='ocr_par' dir='ltr' id='par_1_46' title="bbox 390 2932 1977 3004">
     <span class='ocr_line' id='line_1_46' title="bbox 390 2932 1977 3004; baseline -0.003 -17"><span class='ocrx_word' id='word_1_338' title='bbox 390 2932 744 3004; x_wconf 66' lang='lat' dir='ltr'><strong>Cappadociae</strong></span> <span class='ocrx_word' id='word_1_339' title='bbox 772 2935 1026 3004; x_wconf 92' lang='lat' dir='ltr'><strong>episcopo</strong></span> <span class='ocrx_word' id='word_1_340' title='bbox 1064 2952 1076 2986; x_wconf 91' lang='lat'><strong>:</strong></span> <span class='ocrx_word' id='word_1_341' title='bbox 1112 2933 1386 2989; x_wconf 82' lang='lat' dir='ltr'><strong>Mulierem</strong></span> <span class='ocrx_word' id='word_1_342' title='bbox 1425 2933 1638 3002; x_wconf 89' lang='lat' dir='ltr'><strong>ignoro,</strong></span> <span class='ocrx_word' id='word_1_343' title='bbox 1671 2947 1769 2987; x_wconf 89' lang='lat' dir='ltr'><strong>nec</strong></span> <span class='ocrx_word' id='word_1_344' title='bbox 1800 2942 1977 2984; x_wconf 92' lang='lat' dir='ltr'><strong>tamen</strong></span> 
     </span>
    </p>
   </div>
   <div class='ocr_carea' id='block_1_47' title="bbox 392 3020 1975 3095">
    <p class='ocr_par' dir='ltr' id='par_1_47' title="bbox 392 3020 1975 3095">
     <span class='ocr_line' id='line_1_47' title="bbox 392 3020 1975 3095; baseline -0.002 -18"><span class='ocrx_word' id='word_1_345' title='bbox 392 3024 543 3093; x_wconf 87' lang='lat' dir='ltr'><strong>virgo</strong></span> <span class='ocrx_word' id='word_1_346' title='bbox 573 3041 726 3089; x_wconf 87' lang='lat' dir='ltr'><strong>sum;</strong></span> <span class='ocrx_word' id='word_1_347' title='bbox 758 3040 927 3095; x_wconf 89' lang='lat' dir='ltr'><strong>usque</strong></span> <span class='ocrx_word' id='word_1_348' title='bbox 953 3024 1088 3079; x_wconf 91' lang='lat' dir='ltr'><strong>adeo</strong></span> <span class='ocrx_word' id='word_1_349' title='bbox 1116 3025 1456 3091; x_wconf 84' lang='lat' dir='ltr'><strong>exploratum</strong></span> <span class='ocrx_word' id='word_1_350' title='bbox 1486 3022 1696 3089; x_wconf 86' lang='lat' dir='ltr'><strong>habuit,</strong></span> <span class='ocrx_word' id='word_1_351' title='bbox 1729 3037 1834 3074; x_wconf 91' lang='lat' dir='ltr'><strong>non</strong></span> <span class='ocrx_word' id='word_1_352' title='bbox 1862 3020 1975 3074; x_wconf 89' lang='lat' dir='ltr'><strong>sola</strong></span> 
     </span>
    </p>
   </div>
   <div class='ocr_carea' id='block_1_48' title="bbox 2090 1836 3683 1907">
    <p class='ocr_par' dir='ltr' id='par_1_48' title="bbox 2090 1836 3683 1907">
     <span class='ocr_line' id='line_1_48' title="bbox 2090 1836 3683 1907; baseline 0.008 -20"><span class='ocrx_word' id='word_1_353' title='bbox 2090 1851 2156 1888; x_wconf 91' lang='lat' dir='ltr'><strong>ne</strong></span> <span class='ocrx_word' id='word_1_354' title='bbox 2184 1836 2466 1901; x_wconf 71' lang='lat' dir='ltr'><strong>vestigium</strong></span> <span class='ocrx_word' id='word_1_355' title='bbox 2500 1838 2717 1907; x_wconf 88' lang='lat' dir='ltr'><strong>quidem</strong></span> <span class='ocrx_word' id='word_1_356' title='bbox 2747 1838 3015 1905; x_wconf 90' lang='lat' dir='ltr'><strong>habeant,</strong></span> <span class='ocrx_word' id='word_1_357' title='bbox 3066 1844 3117 1895; x_wconf 91' lang='lat' dir='ltr'><strong>in</strong></span> <span class='ocrx_word' id='word_1_358' title='bbox 3161 1858 3322 1899; x_wconf 88' lang='lat' dir='ltr'><strong>carne</strong></span> <span class='ocrx_word' id='word_1_359' title='bbox 3354 1855 3531 1900; x_wconf 92' lang='lat' dir='ltr'><strong>tamen</strong></span> <span class='ocrx_word' id='word_1_360' title='bbox 3568 1860 3683 1900; x_wconf 84' lang='lat' dir='ltr'><strong>mo-</strong></span> 
     </span>
    </p>
   </div>
   <div class='ocr_carea' id='block_1_49' title="bbox 2088 1927 3681 1992">
    <p class='ocr_par' dir='ltr' id='par_1_49' title="bbox 2088 1927 3681 1992">
     <span class='ocr_line' id='line_1_49' title="bbox 2088 1927 3681 1992; baseline 0.008 -14"><span class='ocrx_word' id='word_1_361' title='bbox 2088 1934 2198 1978; x_wconf 91' lang='lat' dir='ltr'><strong>tum</strong></span> <span class='ocrx_word' id='word_1_362' title='bbox 2223 1927 2496 1980; x_wconf 82' lang='lat' dir='ltr'><strong>exhibent.</strong></span> <span class='ocrx_word' id='word_1_363' title='bbox 2547 1927 2643 1981; x_wconf 84' lang='lat' dir='ltr'><strong>Irae</strong></span> <span class='ocrx_word' id='word_1_364' title='bbox 2695 1930 2943 1983; x_wconf 90' lang='lat' dir='ltr'><strong>similiter</strong></span> <span class='ocrx_word' id='word_1_365' title='bbox 3002 1932 3249 1988; x_wconf 90' lang='lat' dir='ltr'><strong>stimulus</strong></span> <span class='ocrx_word' id='word_1_366' title='bbox 3282 1936 3334 1990; x_wconf 93' lang='lat' dir='ltr'><strong>in</strong></span> <span class='ocrx_word' id='word_1_367' title='bbox 3386 1936 3681 1992; x_wconf 88' lang='lat' dir='ltr'><strong>infantibus</strong></span> 
     </span>
    </p>
   </div>
   <div class='ocr_carea' id='block_1_50' title="bbox 2088 2019 3677 2093">
    <p class='ocr_par' dir='ltr' id='par_1_50' title="bbox 2088 2019 3677 2093">
     <span class='ocr_line' id='line_1_50' title="bbox 2088 2019 3677 2093; baseline 0.008 -24"><span class='ocrx_word' id='word_1_368' title='bbox 2088 2027 2381 2085; x_wconf 88' lang='lat' dir='ltr'><strong>comparet,</strong></span> <span class='ocrx_word' id='word_1_369' title='bbox 2412 2019 2499 2073; x_wconf 91' lang='lat' dir='ltr'><strong>ubi</strong></span> <span class='ocrx_word' id='word_1_370' title='bbox 2527 2020 2649 2074; x_wconf 88' lang='lat' dir='ltr'><strong>illos</strong></span> <span class='ocrx_word' id='word_1_371' title='bbox 2686 2021 2943 2076; x_wconf 84' lang='lat' dir='ltr'><strong>adversus</strong></span> <span class='ocrx_word' id='word_1_372' title='bbox 2969 2039 3062 2080; x_wconf 91' lang='lat' dir='ltr'><strong>eos</strong></span> <span class='ocrx_word' id='word_1_373' title='bbox 3092 2026 3185 2093; x_wconf 86' lang='lat' dir='ltr'><strong>qui</strong></span> <span class='ocrx_word' id='word_1_374' title='bbox 3215 2027 3316 2081; x_wconf 91' lang='lat' dir='ltr'><strong>sibi</strong></span> <span class='ocrx_word' id='word_1_375' title='bbox 3368 2030 3677 2084; x_wconf 89' lang='lat' dir='ltr'><strong>molestiam</strong></span> 
     </span>
    </p>
   </div>
   <div class='ocr_carea' id='block_1_51' title="bbox 2086 2113 3677 2187">
    <p class='ocr_par' dir='ltr' id='par_1_51' title="bbox 2086 2113 3677 2187">
     <span class='ocr_line' id='line_1_51' title="bbox 2086 2113 3677 2187; baseline 0.008 -26"><span class='ocrx_word' id='word_1_376' title='bbox 2086 2116 2276 2162; x_wconf 91' lang='lat' dir='ltr'><strong>creant</strong></span> <span class='ocrx_word' id='word_1_377' title='bbox 2326 2120 2628 2165; x_wconf 90' lang='lat' dir='ltr'><strong>commotos</strong></span> <span class='ocrx_word' id='word_1_378' title='bbox 2675 2113 2972 2169; x_wconf 91' lang='lat' dir='ltr'><strong>cernimus.</strong></span> <span class='ocrx_word' id='word_1_379' title='bbox 3025 2116 3147 2169; x_wconf 74' lang='lat' dir='ltr'><strong>[lmc</strong></span> <span class='ocrx_word' id='word_1_380' title='bbox 3188 2133 3348 2186; x_wconf 89' lang='lat' dir='ltr'><strong>porro</strong></span> <span class='ocrx_word' id='word_1_381' title='bbox 3377 2120 3519 2187; x_wconf 88' lang='lat' dir='ltr'><strong>dico,</strong></span> <span class='ocrx_word' id='word_1_382' title='bbox 3569 2136 3677 2174; x_wconf 92' lang='lat' dir='ltr'><strong>non</strong></span> 
     </span>
    </p>
   </div>
   <div class='ocr_carea' id='block_1_52' title="bbox 2086 2204 3677 2275">
    <p class='ocr_par' dir='ltr' id='par_1_52' title="bbox 2086 2204 3677 2275">
     <span class='ocr_line' id='line_1_52' title="bbox 2086 2204 3677 2275; baseline 0.009 -23"><span class='ocrx_word' id='word_1_383' title='bbox 2086 2215 2191 2269; x_wconf 90' lang='lat' dir='ltr'><strong>quo</strong></span> <span class='ocrx_word' id='word_1_384' title='bbox 2214 2211 2421 2256; x_wconf 72' lang='lat' dir='ltr'><strong>naturze</strong></span> <span class='ocrx_word' id='word_1_385' title='bbox 2452 2211 2510 2256; x_wconf 91' lang='lat' dir='ltr'><strong>ut</strong></span> <span class='ocrx_word' id='word_1_386' title='bbox 2537 2204 2740 2271; x_wconf 90' lang='lat' dir='ltr'><strong>peccati</strong></span> <span class='ocrx_word' id='word_1_387' title='bbox 2765 2219 2942 2260; x_wconf 75' lang='lat' dir='ltr'><strong>causa:</strong></span> <span class='ocrx_word' id='word_1_388' title='bbox 2968 2207 3259 2275; x_wconf 90' lang='lat' dir='ltr'><strong>convicier,</strong></span> <span class='ocrx_word' id='word_1_389' title='bbox 3292 2210 3460 2275; x_wconf 89' lang='lat' dir='ltr'><strong>absit;</strong></span> <span class='ocrx_word' id='word_1_390' title='bbox 3490 2212 3585 2266; x_wconf 91' lang='lat' dir='ltr'><strong>sed</strong></span> <span class='ocrx_word' id='word_1_391' title='bbox 3618 2223 3677 2267; x_wconf 89' lang='lat' dir='ltr'><strong>ut</strong></span> 
     </span>
    </p>
   </div>
   <div class='ocr_carea' id='block_1_53' title="bbox 2085 2293 3678 2370">
    <p class='ocr_par' dir='ltr' id='par_1_53' title="bbox 2085 2293 3678 2370">
     <span class='ocr_line' id='line_1_53' title="bbox 2085 2293 3678 2370; baseline 0.009 -26"><span class='ocrx_word' id='word_1_392' title='bbox 2085 2293 2388 2356; x_wconf 87' lang='lat' dir='ltr'><strong>ostendam,</strong></span> <span class='ocrx_word' id='word_1_393' title='bbox 2439 2297 2651 2351; x_wconf 90' lang='lat' dir='ltr'><strong>tametsi</strong></span> <span class='ocrx_word' id='word_1_394' title='bbox 2703 2297 2779 2352; x_wconf 89' lang='lat' dir='ltr'><strong>ira</strong></span> <span class='ocrx_word' id='word_1_395' title='bbox 2826 2306 2881 2353; x_wconf 90' lang='lat' dir='ltr'><strong>et</strong></span> <span class='ocrx_word' id='word_1_396' title='bbox 2919 2301 3355 2370; x_wconf 89' lang='lat' dir='ltr'><strong>concupiscentia</strong></span> <span class='ocrx_word' id='word_1_397' title='bbox 3398 2303 3598 2358; x_wconf 91' lang='lat' dir='ltr'><strong>homini</strong></span> <span class='ocrx_word' id='word_1_398' title='bbox 3647 2319 3678 2361; x_wconf 66' lang='grc' dir='ltr'><strong>ι</strong></span> 
     </span>
    </p>
   </div>
   <div class='ocr_carea' id='block_1_54' title="bbox 2084 2385 3675 2458">
    <p class='ocr_par' dir='ltr' id='par_1_54' title="bbox 2084 2385 3675 2458">
     <span class='ocr_line' id='line_1_54' title="bbox 2084 2385 3675 2458; baseline 0.008 -22"><span class='ocrx_word' id='word_1_399' title='bbox 2084 2394 2330 2438; x_wconf 87' lang='lat' dir='ltr'><strong>creatore</strong></span> <span class='ocrx_word' id='word_1_400' title='bbox 2359 2385 2472 2439; x_wconf 93' lang='lat' dir='ltr'><strong>Deo</strong></span> <span class='ocrx_word' id='word_1_401' title='bbox 2514 2388 2578 2441; x_wconf 90' lang='lat' dir='ltr'><strong>ad</strong></span> <span class='ocrx_word' id='word_1_402' title='bbox 2610 2388 2807 2443; x_wconf 91' lang='lat' dir='ltr'><strong>bonum</strong></span> <span class='ocrx_word' id='word_1_403' title='bbox 2838 2391 3048 2445; x_wconf 68' lang='lat' dir='ltr'><strong>collatae</strong></span> <span class='ocrx_word' id='word_1_404' title='bbox 3081 2400 3236 2458; x_wconf 92' lang='lat' dir='ltr'><strong>sunt,</strong></span> <span class='ocrx_word' id='word_1_405' title='bbox 3281 2392 3455 2448; x_wconf 89' lang='lat' dir='ltr'><strong>videri</strong></span> <span class='ocrx_word' id='word_1_406' title='bbox 3496 2404 3675 2450; x_wconf 89' lang='lat' dir='ltr'><strong>tamen</strong></span> 
     </span>
    </p>
   </div>
   <div class='ocr_carea' id='block_1_55' title="bbox 2084 2478 3676 2557">
    <p class='ocr_par' dir='ltr' id='par_1_55' title="bbox 2084 2478 3676 2557">
     <span class='ocr_line' id='line_1_55' title="bbox 2084 2478 3676 2557; baseline 0.007 -28"><span class='ocrx_word' id='word_1_407' title='bbox 2084 2491 2207 2529; x_wconf 90' lang='lat' dir='ltr'><strong>eum</strong></span> <span class='ocrx_word' id='word_1_408' title='bbox 2239 2478 2636 2546; x_wconf 89' lang='lat' dir='ltr'><strong>quodammodo</strong></span> <span class='ocrx_word' id='word_1_409' title='bbox 2658 2494 2722 2534; x_wconf 81' lang='lat' dir='ltr'><strong>ex</strong></span> <span class='ocrx_word' id='word_1_410' title='bbox 2747 2482 2991 2551; x_wconf 92' lang='lat' dir='ltr'><strong>corporis</strong></span> <span class='ocrx_word' id='word_1_411' title='bbox 3012 2491 3199 2537; x_wconf 89' lang='lat' dir='ltr'><strong>natura</strong></span> <span class='ocrx_word' id='word_1_412' title='bbox 3226 2484 3278 2539; x_wconf 93' lang='lat' dir='ltr'><strong>in</strong></span> <span class='ocrx_word' id='word_1_413' title='bbox 3304 2499 3365 2539; x_wconf 90' lang='lat' dir='ltr'><strong>ea</strong></span> <span class='ocrx_word' id='word_1_414' title='bbox 3386 2500 3505 2557; x_wconf 69' lang='lat' dir='ltr'><strong>qua:</strong></span> <span class='ocrx_word' id='word_1_415' title='bbox 3534 2501 3676 2555; x_wconf 62' lang='lat' dir='ltr'><strong>prae-</strong></span> 
     </span>
    </p>
   </div>
   <div class='ocr_carea' id='block_1_56' title="bbox 2084 2572 3676 2646">
    <p class='ocr_par' dir='ltr' id='par_1_56' title="bbox 2084 2572 3676 2646">
     <span class='ocr_line' id='line_1_56' title="bbox 2084 2572 3676 2646; baseline 0.006 -24"><span class='ocrx_word' id='word_1_416' title='bbox 2084 2577 2167 2623; x_wconf 90' lang='lat' dir='ltr'><strong>ter</strong></span> <span class='ocrx_word' id='word_1_417' title='bbox 2196 2578 2440 2623; x_wconf 88' lang='lat' dir='ltr'><strong>naturam</strong></span> <span class='ocrx_word' id='word_1_418' title='bbox 2473 2578 2599 2625; x_wconf 87' lang='lat' dir='ltr'><strong>sunt</strong></span> <span class='ocrx_word' id='word_1_419' title='bbox 2629 2572 2855 2640; x_wconf 79' lang='lat' dir='ltr'><strong>segnitie</strong></span> <span class='ocrx_word' id='word_1_420' title='bbox 2900 2588 2992 2628; x_wconf 89' lang='lat' dir='ltr'><strong>sua</strong></span> <span class='ocrx_word' id='word_1_421' title='bbox 3024 2574 3221 2631; x_wconf 88' lang='lat' dir='ltr'><strong>delabi.</strong></span> <span class='ocrx_word' id='word_1_422' title='bbox 3274 2575 3406 2630; x_wconf 84' lang='lat' dir='ltr'><strong>Nam</strong></span> <span class='ocrx_word' id='word_1_423' title='bbox 3432 2578 3676 2646; x_wconf 87' lang='lat' dir='ltr'><strong>corporis</strong></span> 
     </span>
    </p>
   </div>
   <div class='ocr_carea' id='block_1_57' title="bbox 2084 2660 3673 2736">
    <p class='ocr_par' dir='ltr' id='par_1_57' title="bbox 2084 2660 3673 2736">
     <span class='ocr_line' id='line_1_57' title="bbox 2084 2660 3673 2736; baseline 0.005 -23"><span class='ocrx_word' id='word_1_424' title='bbox 2084 2667 2260 2713; x_wconf 89' lang='lat' dir='ltr'><strong>motus</strong></span> <span class='ocrx_word' id='word_1_425' title='bbox 2288 2660 2351 2713; x_wconf 90' lang='lat' dir='ltr'><strong>ad</strong></span> <span class='ocrx_word' id='word_1_426' title='bbox 2382 2662 2672 2717; x_wconf 89' lang='lat' dir='ltr'><strong>liberorum</strong></span> <span class='ocrx_word' id='word_1_427' title='bbox 2693 2666 3123 2732; x_wconf 82' lang='lat' dir='ltr'><strong>procreationem</strong></span> <span class='ocrx_word' id='word_1_428' title='bbox 3149 2673 3203 2721; x_wconf 90' lang='lat' dir='ltr'><strong>et</strong></span> <span class='ocrx_word' id='word_1_429' title='bbox 3250 2665 3315 2721; x_wconf 87' lang='lat' dir='ltr'><strong>ad</strong></span> <span class='ocrx_word' id='word_1_430' title='bbox 3334 2668 3547 2736; x_wconf 82' lang='lat' dir='ltr'><strong>generis</strong></span> <span class='ocrx_word' id='word_1_431' title='bbox 3569 2667 3673 2721; x_wconf 88' lang='lat' dir='ltr'><strong>bu-</strong></span> 
     </span>
    </p>
   </div>
   <div class='ocr_carea' id='block_1_58' title="bbox 2083 2752 3673 2823">
    <p class='ocr_par' dir='ltr' id='par_1_58' title="bbox 2083 2752 3673 2823">
     <span class='ocr_line' id='line_1_58' title="bbox 2083 2752 3673 2823; baseline 0.006 -18"><span class='ocrx_word' id='word_1_432' title='bbox 2083 2752 2226 2807; x_wconf 88' lang='lat' dir='ltr'><strong>mani</strong></span> <span class='ocrx_word' id='word_1_433' title='bbox 2255 2758 2654 2809; x_wconf 87' lang='lat' dir='ltr'><strong>successionem</strong></span> <span class='ocrx_word' id='word_1_434' title='bbox 2683 2758 3022 2823; x_wconf 88' lang='lat' dir='ltr'><strong>continuam,</strong></span> <span class='ocrx_word' id='word_1_435' title='bbox 3062 2773 3169 2811; x_wconf 92' lang='lat' dir='ltr'><strong>non</strong></span> <span class='ocrx_word' id='word_1_436' title='bbox 3199 2758 3264 2811; x_wconf 87' lang='lat' dir='ltr'><strong>ad</strong></span> <span class='ocrx_word' id='word_1_437' title='bbox 3294 2761 3673 2815; x_wconf 87' lang='lat' dir='ltr'><strong>scortationem</strong></span> 
     </span>
    </p>
   </div>
   <div class='ocr_carea' id='block_1_59' title="bbox 2082 2842 3673 2913">
    <p class='ocr_par' dir='ltr' id='par_1_59' title="bbox 2082 2842 3673 2913">
     <span class='ocr_line' id='line_1_59' title="bbox 2082 2842 3673 2913; baseline 0.006 -16"><span class='ocrx_word' id='word_1_438' title='bbox 2082 2859 2113 2897; x_wconf 84' lang='lat' dir='ltr'><strong>a</strong></span> <span class='ocrx_word' id='word_1_439' title='bbox 2138 2842 2397 2900; x_wconf 88' lang='lat' dir='ltr'><strong>Creatore</strong></span> <span class='ocrx_word' id='word_1_440' title='bbox 2419 2846 2575 2900; x_wconf 86' lang='lat' dir='ltr'><strong>datus</strong></span> <span class='ocrx_word' id='word_1_441' title='bbox 2605 2857 2707 2913; x_wconf 88' lang='lat' dir='ltr'><strong>est,</strong></span> <span class='ocrx_word' id='word_1_442' title='bbox 2735 2859 2787 2901; x_wconf 90' lang='lat' dir='ltr'><strong>et</strong></span> <span class='ocrx_word' id='word_1_443' title='bbox 2816 2850 2913 2903; x_wconf 70' lang='lat' dir='ltr'><strong>ira:</strong></span> <span class='ocrx_word' id='word_1_444' title='bbox 2934 2849 3226 2903; x_wconf 88' lang='lat' dir='ltr'><strong>commotio</strong></span> <span class='ocrx_word' id='word_1_445' title='bbox 3247 2850 3311 2902; x_wconf 87' lang='lat' dir='ltr'><strong>ad</strong></span> <span class='ocrx_word' id='word_1_446' title='bbox 3336 2850 3561 2904; x_wconf 87' lang='lat' dir='ltr'><strong>salutent</strong></span> <span class='ocrx_word' id='word_1_447' title='bbox 3578 2867 3673 2906; x_wconf 86' lang='lat' dir='ltr'><strong>no-</strong></span> 
     </span>
    </p>
   </div>
   <div class='ocr_carea' id='block_1_60' title="bbox 2082 2935 3671 3009">
    <p class='ocr_par' dir='ltr' id='par_1_60' title="bbox 2082 2935 3671 3009">
     <span class='ocr_line' id='line_1_60' title="bbox 2082 2935 3671 3009; baseline 0.005 -20"><span class='ocrx_word' id='word_1_448' title='bbox 2082 2935 2165 2990; x_wconf 90' lang='lat' dir='ltr'><strong>bis</strong></span> <span class='ocrx_word' id='word_1_449' title='bbox 2196 2938 2353 2990; x_wconf 83' lang='lat' dir='ltr'><strong>iusita</strong></span> <span class='ocrx_word' id='word_1_450' title='bbox 2381 2948 2482 2999; x_wconf 87' lang='lat' dir='ltr'><strong>est,</strong></span> <span class='ocrx_word' id='word_1_451' title='bbox 2513 2947 2569 2990; x_wconf 89' lang='lat' dir='ltr'><strong>ut</strong></span> <span class='ocrx_word' id='word_1_452' title='bbox 2600 2938 2860 2993; x_wconf 75' lang='lat' dir='ltr'><strong>adversus</strong></span> <span class='ocrx_word' id='word_1_453' title='bbox 2889 2950 3171 3009; x_wconf 86' lang='lat' dir='ltr'><strong>peccatum</strong></span> <span class='ocrx_word' id='word_1_454' title='bbox 3214 2940 3536 3006; x_wconf 84' lang='lat' dir='ltr'><strong>irascamur,</strong></span> <span class='ocrx_word' id='word_1_455' title='bbox 3566 2958 3671 2997; x_wconf 89' lang='lat' dir='ltr'><strong>non</strong></span> 
     </span>
    </p>
   </div>
   <div class='ocr_carea' id='block_1_61' title="bbox 2084 3028 3673 3096">
    <p class='ocr_par' dir='ltr' id='par_1_61' title="bbox 2084 3028 3673 3096">
     <span class='ocr_line' id='line_1_61' title="bbox 2084 3028 3673 3096; baseline 0.006 -17"><span class='ocrx_word' id='word_1_456' title='bbox 2084 3038 2138 3079; x_wconf 89' lang='grc' dir='ltr'><strong>ιιι</strong></span> <span class='ocrx_word' id='word_1_457' title='bbox 2171 3028 2430 3083; x_wconf 91' lang='lat' dir='ltr'><strong>adversus</strong></span> <span class='ocrx_word' id='word_1_458' title='bbox 2459 3044 2823 3096; x_wconf 84' lang='lat' dir='ltr'><strong>congenerem</strong></span> <span class='ocrx_word' id='word_1_459' title='bbox 2850 3032 3002 3087; x_wconf 90' lang='lat' dir='ltr'><strong>nobis</strong></span> <span class='ocrx_word' id='word_1_460' title='bbox 3027 3032 3205 3085; x_wconf 89' lang='lat' dir='ltr'><strong>furore</strong></span> <span class='ocrx_word' id='word_1_461' title='bbox 3231 3034 3582 3088; x_wconf 86' lang='lat' dir='ltr'><strong>concitemur.</strong></span> <span class='ocrx_word' id='word_1_462' title='bbox 3614 3036 3673 3091; x_wconf 92' lang='lat' dir='ltr'><strong>Si</strong></span> 
     </span>
    </p>
   </div>
   <div class='ocr_carea' id='block_1_62' title="bbox 393 3092 3673 3195">
    <p class='ocr_par' dir='ltr' id='par_1_62' title="bbox 393 3092 3673 3195">
     <span class='ocr_line' id='line_1_62' title="bbox 393 3092 3673 3195; baseline 0.005 -29"><span class='ocrx_word' id='word_1_463' title='bbox 393 3116 659 3179; x_wconf 84' lang='lat' dir='ltr'><strong>corporali</strong></span> <span class='ocrx_word' id='word_1_464' title='bbox 693 3115 1047 3182; x_wconf 87' lang='lat' dir='ltr'><strong>temperantia</strong></span> <span class='ocrx_word' id='word_1_465' title='bbox 1075 3129 1102 3166; x_wconf 87' lang='lat' dir='ltr'><strong>a</strong></span> <span class='ocrx_word' id='word_1_466' title='bbox 1135 3115 1385 3177; x_wconf 92' lang='lat' dir='ltr'><strong>muliere,</strong></span> <span class='ocrx_word' id='word_1_467' title='bbox 1415 3112 1746 3183; x_wconf 71' lang='lat' dir='ltr'><strong>virginitatis</strong></span> <span class='ocrx_word' id='word_1_468' title='bbox 1776 3112 1977 3165; x_wconf 83' lang='lat' dir='ltr'><strong>donum</strong></span> <span class='ocrx_word' id='word_1_469' title='bbox 2008 3092 2059 3158; x_wconf 66' lang='grc' dir='ltr'>α</span> <span class='ocrx_word' id='word_1_470' title='bbox 2088 3134 2217 3188; x_wconf 86' lang='lat' dir='ltr'><strong>ergo</strong></span> <span class='ocrx_word' id='word_1_471' title='bbox 2269 3120 2334 3174; x_wconf 92' lang='lat' dir='ltr'><strong>iis</strong></span> <span class='ocrx_word' id='word_1_472' title='bbox 2375 3134 2656 3189; x_wconf 79' lang='lat' dir='ltr'><strong>perperam</strong></span> <span class='ocrx_word' id='word_1_473' title='bbox 2688 3123 2917 3189; x_wconf 88' lang='lat' dir='ltr'><strong>utimur,</strong></span> <span class='ocrx_word' id='word_1_474' title='bbox 2978 3139 3309 3193; x_wconf 87' lang='lat' dir='ltr'><strong>nequaquam</strong></span> <span class='ocrx_word' id='word_1_475' title='bbox 3341 3125 3462 3181; x_wconf 90' lang='lat' dir='ltr'><strong>ideo</strong></span> <span class='ocrx_word' id='word_1_476' title='bbox 3488 3137 3673 3195; x_wconf 87' lang='lat' dir='ltr'><strong>peccat</strong></span> 
     </span>
    </p>
   </div>
   <div class='ocr_carea' id='block_1_63' title="bbox 394 3202 1981 3273">
    <p class='ocr_par' dir='ltr' id='par_1_63' title="bbox 394 3202 1981 3273">
     <span class='ocr_line' id='line_1_63' title="bbox 394 3202 1981 3273; baseline 0 -16"><span class='ocrx_word' id='word_1_477' title='bbox 394 3211 542 3257; x_wconf 90' lang='lat' dir='ltr'><strong>recte</strong></span> <span class='ocrx_word' id='word_1_478' title='bbox 580 3205 876 3273; x_wconf 90' lang='lat' dir='ltr'><strong>possideri,</strong></span> <span class='ocrx_word' id='word_1_479' title='bbox 923 3204 1018 3258; x_wconf 92' lang='lat' dir='ltr'><strong>sed</strong></span> <span class='ocrx_word' id='word_1_480' title='bbox 1052 3204 1219 3257; x_wconf 88' lang='lat' dir='ltr'><strong>multo</strong></span> <span class='ocrx_word' id='word_1_481' title='bbox 1260 3203 1430 3272; x_wconf 86' lang='lat' dir='ltr'><strong>magis</strong></span> <span class='ocrx_word' id='word_1_482' title='bbox 1458 3205 1654 3255; x_wconf 73' lang='lat' dir='ltr'><strong>anima:</strong></span> <span class='ocrx_word' id='word_1_483' title='bbox 1695 3202 1981 3257; x_wconf 90' lang='lat' dir='ltr'><strong>sanctitate</strong></span> 
     </span>
    </p>
   </div>
   <div class='ocr_carea' id='block_1_64' title="bbox 395 3293 1978 3364">
    <p class='ocr_par' dir='ltr' id='par_1_64' title="bbox 395 3293 1978 3364">
     <span class='ocr_line' id='line_1_64' title="bbox 395 3293 1978 3364; baseline 0.002 -19"><span class='ocrx_word' id='word_1_484' title='bbox 395 3295 736 3364; x_wconf 87' lang='lat' dir='ltr'><strong>puritateque</strong></span> <span class='ocrx_word' id='word_1_485' title='bbox 767 3310 828 3350; x_wconf 91' lang='lat' dir='ltr'><strong>ac</strong></span> <span class='ocrx_word' id='word_1_486' title='bbox 860 3296 1055 3349; x_wconf 88' lang='lat' dir='ltr'><strong>timore</strong></span> <span class='ocrx_word' id='word_1_487' title='bbox 1083 3295 1177 3349; x_wconf 89' lang='lat' dir='ltr'><strong>Dei</strong></span> <span class='ocrx_word' id='word_1_488' title='bbox 1202 3294 1393 3349; x_wconf 91' lang='lat' dir='ltr'><strong>haberi</strong></span> <span class='ocrx_word' id='word_1_489' title='bbox 1422 3294 1621 3349; x_wconf 89' lang='lat' dir='ltr'><strong>solere.</strong></span> <span class='ocrx_word' id='word_1_490' title='bbox 1655 3293 1817 3348; x_wconf 81' lang='lat' dir='ltr'><strong>Aiunt</strong></span> <span class='ocrx_word' id='word_1_491' title='bbox 1848 3294 1978 3350; x_wconf 90' lang='lat' dir='ltr'><strong>item</strong></span> 
     </span>
    </p>
   </div>
   <div class='ocr_carea' id='block_1_65' title="bbox 394 3383 1978 3455">
    <p class='ocr_par' dir='ltr' id='par_1_65' title="bbox 394 3383 1978 3455">
     <span class='ocr_line' id='line_1_65' title="bbox 394 3383 1978 3455; baseline 0.001 -15"><span class='ocrx_word' id='word_1_492' title='bbox 394 3383 582 3440; x_wconf 81' lang='lat' dir='ltr'><strong>Patres</strong></span> <span class='ocrx_word' id='word_1_493' title='bbox 604 3429 616 3449; x_wconf 90' lang='lat'><strong>,</strong></span> <span class='ocrx_word' id='word_1_494' title='bbox 672 3400 778 3440; x_wconf 93' lang='lat' dir='ltr'><strong>non</strong></span> <span class='ocrx_word' id='word_1_495' title='bbox 813 3400 972 3454; x_wconf 86' lang='lat' dir='ltr'><strong>posse</strong></span> <span class='ocrx_word' id='word_1_496' title='bbox 1006 3400 1103 3440; x_wconf 91' lang='lat' dir='ltr'><strong>nos</strong></span> <span class='ocrx_word' id='word_1_497' title='bbox 1128 3387 1394 3440; x_wconf 87' lang='lat' dir='ltr'><strong>castitatis</strong></span> <span class='ocrx_word' id='word_1_498' title='bbox 1429 3385 1686 3455; x_wconf 75' lang='lat' dir='ltr'><strong>perfecta:</strong></span> <span class='ocrx_word' id='word_1_499' title='bbox 1729 3386 1978 3441; x_wconf 89' lang='lat' dir='ltr'><strong>virtutem</strong></span> 
     </span>
    </p>
   </div>
   <div class='ocr_carea' id='block_1_66' title="bbox 395 3477 1978 3547">
    <p class='ocr_par' dir='ltr' id='par_1_66' title="bbox 395 3477 1978 3547">
     <span class='ocr_line' id='line_1_66' title="bbox 395 3477 1978 3547; baseline 0.001 -16"><span class='ocrx_word' id='word_1_500' title='bbox 395 3477 716 3547; x_wconf 90' lang='lat' dir='ltr'><strong>possidere,</strong></span> <span class='ocrx_word' id='word_1_501' title='bbox 763 3478 867 3532; x_wconf 90' lang='lat' dir='ltr'><strong>nisi</strong></span> <span class='ocrx_word' id='word_1_502' title='bbox 911 3478 1060 3547; x_wconf 89' lang='lat' dir='ltr'><strong>prius</strong></span> <span class='ocrx_word' id='word_1_503' title='bbox 1095 3494 1278 3532; x_wconf 89' lang='lat' dir='ltr'><strong>veram</strong></span> <span class='ocrx_word' id='word_1_504' title='bbox 1316 3477 1373 3532; x_wconf 92' lang='lat' dir='ltr'><strong>in</strong></span> <span class='ocrx_word' id='word_1_505' title='bbox 1416 3477 1583 3533; x_wconf 92' lang='lat' dir='ltr'><strong>corde</strong></span> <span class='ocrx_word' id='word_1_506' title='bbox 1626 3478 1978 3534; x_wconf 89' lang='lat' dir='ltr'><strong>humilitatem</strong></span> 
     </span>
    </p>
   </div>
   <div class='ocr_carea' id='block_1_67' title="bbox 397 3571 1981 3642">
    <p class='ocr_par' dir='ltr' id='par_1_67' title="bbox 397 3571 1981 3642">
     <span class='ocr_line' id='line_1_67' title="bbox 397 3571 1981 3642; baseline 0 -17"><span class='ocrx_word' id='word_1_507' title='bbox 397 3571 802 3641; x_wconf 85' lang='lat' dir='ltr'><strong>possideamus;</strong></span> <span class='ocrx_word' id='word_1_508' title='bbox 847 3586 1024 3642; x_wconf 88' lang='lat' dir='ltr'><strong>neque</strong></span> <span class='ocrx_word' id='word_1_509' title='bbox 1060 3587 1183 3627; x_wconf 90' lang='lat' dir='ltr'><strong>vera</strong></span> <span class='ocrx_word' id='word_1_510' title='bbox 1223 3572 1527 3641; x_wconf 85' lang='lat' dir='ltr'><strong>cognitione</strong></span> <span class='ocrx_word' id='word_1_511' title='bbox 1564 3571 1757 3640; x_wconf 87' lang='lat' dir='ltr'><strong>dignos</strong></span> <span class='ocrx_word' id='word_1_512' title='bbox 1793 3571 1981 3625; x_wconf 91' lang='lat' dir='ltr'><strong>haberi</strong></span> 
     </span>
    </p>
   </div>
   <div class='ocr_carea' id='block_1_68' title="bbox 396 3662 1983 3733">
    <p class='ocr_par' dir='ltr' id='par_1_68' title="bbox 396 3662 1983 3733">
     <span class='ocr_line' id='line_1_68' title="bbox 396 3662 1983 3733; baseline -0.001 -15"><span class='ocrx_word' id='word_1_513' title='bbox 396 3664 651 3733; x_wconf 90' lang='lat' dir='ltr'><strong>quamdiu</strong></span> <span class='ocrx_word' id='word_1_514' title='bbox 688 3664 741 3717; x_wconf 90' lang='lat' dir='ltr'><strong>in</strong></span> <span class='ocrx_word' id='word_1_515' title='bbox 788 3664 980 3718; x_wconf 67' lang='lat' dir='ltr'><strong>animae</strong></span> <span class='ocrx_word' id='word_1_516' title='bbox 1022 3664 1392 3732; x_wconf 90' lang='lat' dir='ltr'><strong>penetralibus</strong></span> <span class='ocrx_word' id='word_1_517' title='bbox 1431 3663 1807 3717; x_wconf 87' lang='lat' dir='ltr'><strong>fornicationis</strong></span> <span class='ocrx_word' id='word_1_518' title='bbox 1852 3662 1983 3717; x_wconf 78' lang='lat' dir='ltr'><strong>affe-</strong></span> 
     </span>
    </p>
   </div>
   <div class='ocr_carea' id='block_1_69' title="bbox 395 3756 1974 3827">
    <p class='ocr_par' dir='ltr' id='par_1_69' title="bbox 395 3756 1974 3827">
     <span class='ocr_line' id='line_1_69' title="bbox 395 3756 1974 3827; baseline -0.003 -14"><span class='ocrx_word' id='word_1_519' title='bbox 395 3768 515 3813; x_wconf 91' lang='lat' dir='ltr'><strong>ctus</strong></span> <span class='ocrx_word' id='word_1_520' title='bbox 545 3760 677 3812; x_wconf 90' lang='lat' dir='ltr'><strong>situs</strong></span> <span class='ocrx_word' id='word_1_521' title='bbox 706 3758 830 3811; x_wconf 92' lang='lat' dir='ltr'><strong>erit.</strong></span> <span class='ocrx_word' id='word_1_522' title='bbox 866 3758 935 3813; x_wconf 90' lang='lat' dir='ltr'><strong>Ut</strong></span> <span class='ocrx_word' id='word_1_523' title='bbox 972 3768 1148 3812; x_wconf 89' lang='lat' dir='ltr'><strong>autem</strong></span> <span class='ocrx_word' id='word_1_524' title='bbox 1188 3772 1434 3827; x_wconf 88' lang='lat' dir='ltr'><strong>magnam</strong></span> <span class='ocrx_word' id='word_1_525' title='bbox 1467 3756 1774 3825; x_wconf 90' lang='lat' dir='ltr'><strong>hujusmodi</strong></span> <span class='ocrx_word' id='word_1_526' title='bbox 1806 3756 1974 3811; x_wconf 86' lang='lat' dir='ltr'><strong>virtu-</strong></span> 
     </span>
    </p>
   </div>
   <div class='ocr_carea' id='block_1_70' title="bbox 395 3848 1981 3927">
    <p class='ocr_par' dir='ltr' id='par_1_70' title="bbox 395 3848 1981 3927">
     <span class='ocr_line' id='line_1_70' title="bbox 395 3848 1981 3927; baseline -0.001 -23"><span class='ocrx_word' id='word_1_527' title='bbox 395 3859 502 3904; x_wconf 89' lang='lat' dir='ltr'><strong>tem</strong></span> <span class='ocrx_word' id='word_1_528' title='bbox 536 3864 602 3927; x_wconf 85' lang='lat' dir='ltr'><strong>ex</strong></span> <span class='ocrx_word' id='word_1_529' title='bbox 646 3850 903 3917; x_wconf 84' lang='lat' dir='ltr'><strong>Apostolo</strong></span> <span class='ocrx_word' id='word_1_530' title='bbox 948 3849 1064 3914; x_wconf 91' lang='lat' dir='ltr'><strong>ipso</strong></span> <span class='ocrx_word' id='word_1_531' title='bbox 1095 3849 1268 3918; x_wconf 89' lang='lat' dir='ltr'><strong>palam</strong></span> <span class='ocrx_word' id='word_1_532' title='bbox 1308 3849 1571 3904; x_wconf 90' lang='lat' dir='ltr'><strong>faciamus</strong></span> <span class='ocrx_word' id='word_1_533' title='bbox 1600 3893 1613 3917; x_wconf 94' lang='lat'><strong>,</strong></span> <span class='ocrx_word' id='word_1_534' title='bbox 1660 3863 1820 3902; x_wconf 91' lang='lat' dir='ltr'><strong>unam</strong></span> <span class='ocrx_word' id='word_1_535' title='bbox 1866 3848 1981 3917; x_wconf 81' lang='lat' dir='ltr'><strong>ejus</strong></span> 
     </span>
    </p>
   </div>
   <div class='ocr_carea' id='block_1_71' title="bbox 395 3939 1983 4011">
    <p class='ocr_par' dir='ltr' id='par_1_71' title="bbox 395 3939 1983 4011">
     <span class='ocr_line' id='line_1_71' title="bbox 395 3939 1983 4011; baseline -0.002 -15"><span class='ocrx_word' id='word_1_536' title='bbox 395 3955 758 3996; x_wconf 82' lang='lat' dir='ltr'><strong>memoremus</strong></span> <span class='ocrx_word' id='word_1_537' title='bbox 803 3941 1157 4006; x_wconf 88' lang='lat' dir='ltr'><strong>sententiam,</strong></span> <span class='ocrx_word' id='word_1_538' title='bbox 1196 3956 1297 4011; x_wconf 86' lang='lat' dir='ltr'><strong>qua</strong></span> <span class='ocrx_word' id='word_1_539' title='bbox 1342 3940 1595 4011; x_wconf 90' lang='lat' dir='ltr'><strong>loquendi</strong></span> <span class='ocrx_word' id='word_1_540' title='bbox 1630 3939 1789 3994; x_wconf 82' lang='lat' dir='ltr'><strong>linem</strong></span> <span class='ocrx_word' id='word_1_541' title='bbox 1820 3939 1983 3993; x_wconf 90' lang='lat' dir='ltr'><strong>facie-</strong></span> 
     </span>
    </p>
   </div>
   <div class='ocr_carea' id='block_1_72' title="bbox 394 4032 1977 4102">
    <p class='ocr_par' dir='ltr' id='par_1_72' title="bbox 394 4032 1977 4102">
     <span class='ocr_line' id='line_1_72' title="bbox 394 4032 1977 4102; baseline -0.003 -14"><span class='ocrx_word' id='word_1_542' title='bbox 394 4048 535 4088; x_wconf 88' lang='lat' dir='ltr'><strong>mus.</strong></span> <span class='ocrx_word' id='word_1_543' title='bbox 575 4032 784 4097; x_wconf 81' lang='lat' dir='ltr'><strong>Pacem,</strong></span> <span class='ocrx_word' id='word_1_544' title='bbox 817 4033 1007 4102; x_wconf 91' lang='lat' dir='ltr'><strong>iuquit,</strong></span> <span class='ocrx_word' id='word_1_545' title='bbox 1041 4033 1315 4101; x_wconf 79' lang='lat' dir='ltr'><strong>sequimini</strong></span> <span class='ocrx_word' id='word_1_546' title='bbox 1355 4049 1468 4085; x_wconf 86' lang='lat' dir='ltr'><strong>cum</strong></span> <span class='ocrx_word' id='word_1_547' title='bbox 1499 4033 1755 4100; x_wconf 84' lang='lat' dir='ltr'><strong>omnibus,</strong></span> <span class='ocrx_word' id='word_1_548' title='bbox 1784 4042 1830 4085; x_wconf 82' lang='lat' dir='ltr'><strong>et</strong></span> <span class='ocrx_word' id='word_1_549' title='bbox 1854 4048 1977 4085; x_wconf 83' lang='lat' dir='ltr'><strong>san-</strong></span> 
     </span>
    </p>
   </div>
   <div class='ocr_carea' id='block_1_73' title="bbox 395 4124 1978 4195">
    <p class='ocr_par' dir='ltr' id='par_1_73' title="bbox 395 4124 1978 4195">
     <span class='ocr_line' id='line_1_73' title="bbox 395 4124 1978 4195; baseline 0.001 -17"><span class='ocrx_word' id='word_1_550' title='bbox 395 4126 686 4178; x_wconf 83' lang='lat' dir='ltr'><strong>ctimoniam</strong></span> <span class='ocrx_word' id='word_1_551' title='bbox 733 4127 843 4179; x_wconf 84' lang='lat' dir='ltr'><strong>sine</strong></span> <span class='ocrx_word' id='word_1_552' title='bbox 883 4144 984 4195; x_wconf 84' lang='lat' dir='ltr'><strong>qua</strong></span> <span class='ocrx_word' id='word_1_553' title='bbox 1025 4143 1174 4178; x_wconf 86' lang='lat' dir='ltr'><strong>nemo</strong></span> <span class='ocrx_word' id='word_1_554' title='bbox 1220 4126 1404 4180; x_wconf 80' lang='lat' dir='ltr'><strong>videbit</strong></span> <span class='ocrx_word' id='word_1_555' title='bbox 1447 4124 1725 4180; x_wconf 86' lang='lat' dir='ltr'><strong>Dominum</strong></span> <span class='ocrx_word' id='word_1_556' title='bbox 1772 4124 1978 4195; x_wconf 83' lang='lat' dir='ltr'><strong>(Hebr.</strong></span> 
     </span>
    </p>
   </div>
   <div class='ocr_carea' id='block_1_74' title="bbox 396 4218 1982 4289">
    <p class='ocr_par' dir='ltr' id='par_1_74' title="bbox 396 4218 1982 4289">
     <span class='ocr_line' id='line_1_74' title="bbox 396 4218 1982 4289; baseline 0.001 -19"><span class='ocrx_word' id='word_1_557' title='bbox 396 4232 495 4283; x_wconf 80' lang='lat' dir='ltr'><strong>xit,</strong></span> <span class='ocrx_word' id='word_1_558' title='bbox 525 4218 633 4287; x_wconf 84' lang='lat' dir='ltr'><strong>M).</strong></span> <span class='ocrx_word' id='word_1_559' title='bbox 664 4218 813 4286; x_wconf 86' lang='lat' dir='ltr'><strong>Quod</strong></span> <span class='ocrx_word' id='word_1_560' title='bbox 841 4219 981 4272; x_wconf 91' lang='lat' dir='ltr'><strong>enim</strong></span> <span class='ocrx_word' id='word_1_561' title='bbox 1014 4233 1077 4273; x_wconf 91' lang='lat' dir='ltr'><strong>ea</strong></span> <span class='ocrx_word' id='word_1_562' title='bbox 1105 4219 1171 4273; x_wconf 92' lang='lat' dir='ltr'><strong>de</strong></span> <span class='ocrx_word' id='word_1_563' title='bbox 1197 4234 1256 4273; x_wconf 92' lang='lat' dir='ltr'><strong>re</strong></span> <span class='ocrx_word' id='word_1_564' title='bbox 1286 4219 1559 4289; x_wconf 89' lang='lat' dir='ltr'><strong>loquatur,</strong></span> <span class='ocrx_word' id='word_1_565' title='bbox 1592 4219 1870 4287; x_wconf 81' lang='lat' dir='ltr'><strong>prapalam</strong></span> <span class='ocrx_word' id='word_1_566' title='bbox 1898 4226 1982 4272; x_wconf 89' lang='lat' dir='ltr'><strong>est</strong></span> 
     </span>
    </p>
   </div>
   <div class='ocr_carea' id='block_1_75' title="bbox 397 4310 1976 4381">
    <p class='ocr_par' dir='ltr' id='par_1_75' title="bbox 397 4310 1976 4381">
     <span class='ocr_line' id='line_1_75' title="bbox 397 4310 1976 4381; baseline -0.001 -18"><span class='ocrx_word' id='word_1_567' title='bbox 397 4324 465 4363; x_wconf 78' lang='lat' dir='ltr'><strong>ex</strong></span> <span class='ocrx_word' id='word_1_568' title='bbox 498 4310 563 4364; x_wconf 91' lang='lat' dir='ltr'><strong>iis</strong></span> <span class='ocrx_word' id='word_1_569' title='bbox 592 4327 708 4380; x_wconf 68' lang='lat' dir='ltr'><strong>qua:</strong></span> <span class='ocrx_word' id='word_1_570' title='bbox 752 4311 1025 4379; x_wconf 83' lang='lat' dir='ltr'><strong>subjunxit</strong></span> <span class='ocrx_word' id='word_1_571' title='bbox 1047 4353 1061 4377; x_wconf 93' lang='lat'><strong>,</strong></span> <span class='ocrx_word' id='word_1_572' title='bbox 1093 4327 1213 4366; x_wconf 91' lang='lat' dir='ltr'><strong>cum</strong></span> <span class='ocrx_word' id='word_1_573' title='bbox 1251 4313 1327 4366; x_wconf 86' lang='lat' dir='ltr'><strong>ait</strong></span> <span class='ocrx_word' id='word_1_574' title='bbox 1361 4330 1375 4365; x_wconf 87' lang='lat'><strong>:</strong></span> <span class='ocrx_word' id='word_1_575' title='bbox 1418 4310 1501 4365; x_wconf 87' lang='lat' dir='ltr'><strong>Ne</strong></span> <span class='ocrx_word' id='word_1_576' title='bbox 1526 4313 1640 4381; x_wconf 79' lang='lat' dir='ltr'><strong>quis</strong></span> <span class='ocrx_word' id='word_1_577' title='bbox 1673 4312 1976 4377; x_wconf 80' lang='lat' dir='ltr'><strong>fornicator,</strong></span> 
     </span>
    </p>
   </div>
   <div class='ocr_carea' id='block_1_76' title="bbox 396 4400 1975 4471">
    <p class='ocr_par' dir='ltr' id='par_1_76' title="bbox 396 4400 1975 4471">
     <span class='ocr_line' id='line_1_76' title="bbox 396 4400 1975 4471; baseline 0 -20"><span class='ocrx_word' id='word_1_578' title='bbox 396 4408 484 4452; x_wconf 84' lang='lat' dir='ltr'><strong>aut</strong></span> <span class='ocrx_word' id='word_1_579' title='bbox 511 4402 780 4471; x_wconf 77' lang='lat' dir='ltr'><strong>profanus,</strong></span> <span class='ocrx_word' id='word_1_580' title='bbox 816 4410 870 4453; x_wconf 84' lang='lat' dir='ltr'><strong>ut</strong></span> <span class='ocrx_word' id='word_1_581' title='bbox 899 4400 1039 4453; x_wconf 82' lang='lat' dir='ltr'><strong>Esau</strong></span> <span class='ocrx_word' id='word_1_582' title='bbox 1067 4401 1249 4469; x_wconf 82' lang='lat' dir='ltr'><strong>(Ibid.</strong></span> <span class='ocrx_word' id='word_1_583' title='bbox 1276 4401 1316 4470; x_wconf 88' lang='lat'><strong>).</strong></span> <span class='ocrx_word' id='word_1_584' title='bbox 1351 4402 1561 4466; x_wconf 83' lang='lat' dir='ltr'><strong>Quanto</strong></span> <span class='ocrx_word' id='word_1_585' title='bbox 1594 4403 1775 4469; x_wconf 86' lang='lat' dir='ltr'><strong>itaque</strong></span> <span class='ocrx_word' id='word_1_586' title='bbox 1804 4402 1975 4469; x_wconf 86' lang='lat' dir='ltr'><strong>magis</strong></span> 
     </span>
    </p>
   </div>
   <div class='ocr_carea' id='block_1_77' title="bbox 2084 3211 3673 3281">
    <p class='ocr_par' dir='ltr' id='par_1_77' title="bbox 2084 3211 3673 3281">
     <span class='ocr_line' id='line_1_77' title="bbox 2084 3211 3673 3281; baseline 0.008 -18"><span class='ocrx_word' id='word_1_587' title='bbox 2084 3218 2295 3277; x_wconf 85' lang='lat' dir='ltr'><strong>natura,</strong></span> <span class='ocrx_word' id='word_1_588' title='bbox 2340 3225 2513 3280; x_wconf 87' lang='lat' dir='ltr'><strong>neque</strong></span> <span class='ocrx_word' id='word_1_589' title='bbox 2545 3211 2666 3266; x_wconf 91' lang='lat' dir='ltr'><strong>ideo</strong></span> <span class='ocrx_word' id='word_1_590' title='bbox 2705 3212 2951 3281; x_wconf 85' lang='lat' dir='ltr'><strong>opificem</strong></span> <span class='ocrx_word' id='word_1_591' title='bbox 2998 3215 3333 3281; x_wconf 87' lang='lat' dir='ltr'><strong>incusemus;</strong></span> <span class='ocrx_word' id='word_1_592' title='bbox 3398 3220 3534 3272; x_wconf 92' lang='lat' dir='ltr'><strong>sicut</strong></span> <span class='ocrx_word' id='word_1_593' title='bbox 3573 3234 3673 3276; x_wconf 82' lang='lat' dir='ltr'><strong>nec</strong></span> 
     </span>
    </p>
   </div>
   <div class='ocr_carea' id='block_1_78' title="bbox 2086 3301 3668 3374">
    <p class='ocr_par' dir='ltr' id='par_1_78' title="bbox 2086 3301 3668 3374">
     <span class='ocr_line' id='line_1_78' title="bbox 2086 3301 3668 3374; baseline 0.006 -19"><span class='ocrx_word' id='word_1_594' title='bbox 2086 3316 2206 3355; x_wconf 90' lang='lat' dir='ltr'><strong>cum</strong></span> <span class='ocrx_word' id='word_1_595' title='bbox 2231 3302 2318 3369; x_wconf 80' lang='lat' dir='ltr'><strong>qui</strong></span> <span class='ocrx_word' id='word_1_596' title='bbox 2353 3301 2404 3355; x_wconf 93' lang='lat' dir='ltr'><strong>in</strong></span> <span class='ocrx_word' id='word_1_597' title='bbox 2433 3317 2547 3356; x_wconf 92' lang='lat' dir='ltr'><strong>rem</strong></span> <span class='ocrx_word' id='word_1_598' title='bbox 2582 3304 2946 3359; x_wconf 76' lang='lat' dir='ltr'><strong>necessariam</strong></span> <span class='ocrx_word' id='word_1_599' title='bbox 2979 3316 3034 3361; x_wconf 91' lang='lat' dir='ltr'><strong>et</strong></span> <span class='ocrx_word' id='word_1_600' title='bbox 3057 3306 3240 3361; x_wconf 91' lang='lat' dir='ltr'><strong>utilem</strong></span> <span class='ocrx_word' id='word_1_601' title='bbox 3269 3306 3467 3363; x_wconf 86' lang='lat' dir='ltr'><strong>ferrum</strong></span> <span class='ocrx_word' id='word_1_602' title='bbox 3499 3308 3668 3374; x_wconf 88' lang='lat' dir='ltr'><strong>dedit,</strong></span> 
     </span>
    </p>
   </div>
   <div class='ocr_carea' id='block_1_79' title="bbox 2083 3392 3669 3467">
    <p class='ocr_par' dir='ltr' id='par_1_79' title="bbox 2083 3392 3669 3467">
     <span class='ocr_line' id='line_1_79' title="bbox 2083 3392 3669 3467; baseline 0.006 -21"><span class='ocrx_word' id='word_1_603' title='bbox 2083 3393 2127 3447; x_wconf 88' lang='lat' dir='ltr'><strong>si</strong></span> <span class='ocrx_word' id='word_1_604' title='bbox 2155 3392 2200 3445; x_wconf 90' lang='lat' dir='ltr'><strong>is</strong></span> <span class='ocrx_word' id='word_1_605' title='bbox 2237 3395 2325 3461; x_wconf 93' lang='lat' dir='ltr'><strong>qui</strong></span> <span class='ocrx_word' id='word_1_606' title='bbox 2353 3392 2562 3460; x_wconf 88' lang='lat' dir='ltr'><strong>accepit</strong></span> <span class='ocrx_word' id='word_1_607' title='bbox 2600 3395 2663 3448; x_wconf 94' lang='lat' dir='ltr'><strong>ad</strong></span> <span class='ocrx_word' id='word_1_608' title='bbox 2713 3395 2887 3450; x_wconf 70' lang='lat' dir='ltr'><strong>caedes</strong></span> <span class='ocrx_word' id='word_1_609' title='bbox 2937 3397 3325 3467; x_wconf 89' lang='lat' dir='ltr'><strong>perpetrandas</strong></span> <span class='ocrx_word' id='word_1_610' title='bbox 3359 3413 3425 3454; x_wconf 92' lang='lat' dir='ltr'><strong>eo</strong></span> <span class='ocrx_word' id='word_1_611' title='bbox 3463 3409 3669 3456; x_wconf 87' lang='lat' dir='ltr'><strong>utatur.</strong></span> 
     </span>
    </p>
   </div>
   <div class='ocr_carea' id='block_1_80' title="bbox 2086 3485 3669 3557">
    <p class='ocr_par' dir='ltr' id='par_1_80' title="bbox 2086 3485 3669 3557">
     <span class='ocr_line' id='line_1_80' title="bbox 2086 3485 3669 3557; baseline 0.005 -19"><span class='ocrx_word' id='word_1_612' title='bbox 2086 3485 2211 3538; x_wconf 85' lang='lat' dir='ltr'><strong>Haec</strong></span> <span class='ocrx_word' id='word_1_613' title='bbox 2244 3500 2371 3539; x_wconf 77' lang='lat' dir='ltr'><strong>vero</strong></span> <span class='ocrx_word' id='word_1_614' title='bbox 2406 3485 2641 3541; x_wconf 89' lang='lat' dir='ltr'><strong>diximus</strong></span> <span class='ocrx_word' id='word_1_615' title='bbox 2680 3497 2737 3541; x_wconf 92' lang='lat' dir='ltr'><strong>ut</strong></span> <span class='ocrx_word' id='word_1_616' title='bbox 2773 3490 3215 3557; x_wconf 86' lang='lat' dir='ltr'><strong>ostenderemus,</strong></span> <span class='ocrx_word' id='word_1_617' title='bbox 3258 3492 3496 3545; x_wconf 69' lang='lat' dir='ltr'><strong>avaritia:</strong></span> <span class='ocrx_word' id='word_1_618' title='bbox 3537 3490 3669 3546; x_wconf 67' lang='lat' dir='ltr'><strong>alie-</strong></span> 
     </span>
    </p>
   </div>
   <div class='ocr_carea' id='block_1_81' title="bbox 2084 3579 3669 3648">
    <p class='ocr_par' dir='ltr' id='par_1_81' title="bbox 2084 3579 3669 3648">
     <span class='ocr_line' id='line_1_81' title="bbox 2084 3579 3669 3648; baseline 0.006 -19"><span class='ocrx_word' id='word_1_619' title='bbox 2084 3583 2226 3629; x_wconf 89' lang='lat' dir='ltr'><strong>ctum</strong></span> <span class='ocrx_word' id='word_1_620' title='bbox 2261 3592 2367 3629; x_wconf 89' lang='lat' dir='ltr'><strong>non</strong></span> <span class='ocrx_word' id='word_1_621' title='bbox 2400 3592 2465 3630; x_wconf 80' lang='lat' dir='ltr'><strong>ex</strong></span> <span class='ocrx_word' id='word_1_622' title='bbox 2500 3579 2724 3632; x_wconf 90' lang='lat' dir='ltr'><strong>naturali</strong></span> <span class='ocrx_word' id='word_1_623' title='bbox 2768 3587 2915 3633; x_wconf 89' lang='lat' dir='ltr'><strong>motu</strong></span> <span class='ocrx_word' id='word_1_624' title='bbox 2946 3579 3156 3635; x_wconf 91' lang='lat' dir='ltr'><strong>initium</strong></span> <span class='ocrx_word' id='word_1_625' title='bbox 3214 3582 3432 3648; x_wconf 91' lang='lat' dir='ltr'><strong>habere,</strong></span> <span class='ocrx_word' id='word_1_626' title='bbox 3477 3581 3571 3637; x_wconf 88' lang='lat' dir='ltr'><strong>sed</strong></span> <span class='ocrx_word' id='word_1_627' title='bbox 3605 3597 3669 3638; x_wconf 82' lang='lat' dir='ltr'><strong>ex</strong></span> 
     </span>
    </p>
   </div>
   <div class='ocr_carea' id='block_1_82' title="bbox 2083 3668 3668 3745">
    <p class='ocr_par' dir='ltr' id='par_1_82' title="bbox 2083 3668 3668 3745">
     <span class='ocr_line' id='line_1_82' title="bbox 2083 3668 3668 3745; baseline 0.004 -24"><span class='ocrx_word' id='word_1_628' title='bbox 2083 3669 2197 3722; x_wconf 88' lang='lat' dir='ltr'><strong>sola</strong></span> <span class='ocrx_word' id='word_1_629' title='bbox 2254 3668 2485 3731; x_wconf 91' lang='lat' dir='ltr'><strong>malitia,</strong></span> <span class='ocrx_word' id='word_1_630' title='bbox 2541 3678 2595 3723; x_wconf 91' lang='lat' dir='ltr'><strong>et</strong></span> <span class='ocrx_word' id='word_1_631' title='bbox 2622 3685 2687 3723; x_wconf 87' lang='lat' dir='ltr'><strong>ex</strong></span> <span class='ocrx_word' id='word_1_632' title='bbox 2717 3681 2969 3741; x_wconf 88' lang='lat' dir='ltr'><strong>corrupto</strong></span> <span class='ocrx_word' id='word_1_633' title='bbox 3010 3674 3305 3741; x_wconf 86' lang='lat' dir='ltr'><strong>proposito.</strong></span> <span class='ocrx_word' id='word_1_634' title='bbox 3351 3674 3668 3745; x_wconf 86' lang='lat' dir='ltr'><strong>Hujusmodi</strong></span> 
     </span>
    </p>
   </div>
   <div class='ocr_carea' id='block_1_83' title="bbox 2084 3760 3670 3829">
    <p class='ocr_par' dir='ltr' id='par_1_83' title="bbox 2084 3760 3670 3829">
     <span class='ocr_line' id='line_1_83' title="bbox 2084 3760 3670 3829; baseline 0.004 -16"><span class='ocrx_word' id='word_1_635' title='bbox 2084 3774 2314 3829; x_wconf 90' lang='lat' dir='ltr'><strong>namque</strong></span> <span class='ocrx_word' id='word_1_636' title='bbox 2346 3760 2569 3814; x_wconf 90' lang='lat' dir='ltr'><strong>morbus</strong></span> <span class='ocrx_word' id='word_1_637' title='bbox 2616 3776 2736 3814; x_wconf 92' lang='lat' dir='ltr'><strong>cum</strong></span> <span class='ocrx_word' id='word_1_638' title='bbox 2788 3762 3019 3829; x_wconf 88' lang='lat' dir='ltr'><strong>tepidam</strong></span> <span class='ocrx_word' id='word_1_639' title='bbox 3052 3773 3104 3817; x_wconf 91' lang='lat' dir='ltr'><strong>et</strong></span> <span class='ocrx_word' id='word_1_640' title='bbox 3137 3765 3465 3821; x_wconf 91' lang='lat' dir='ltr'><strong>ineredulam</strong></span> <span class='ocrx_word' id='word_1_641' title='bbox 3517 3766 3670 3821; x_wconf 92' lang='lat' dir='ltr'><strong>initio</strong></span> 
     </span>
    </p>
   </div>
   <div class='ocr_carea' id='block_1_84' title="bbox 2084 3854 3669 3926">
    <p class='ocr_par' dir='ltr' id='par_1_84' title="bbox 2084 3854 3669 3926">
     <span class='ocr_line' id='line_1_84' title="bbox 2084 3854 3669 3926; baseline 0.002 -19"><span class='ocrx_word' id='word_1_642' title='bbox 2084 3867 2333 3907; x_wconf 91' lang='lat' dir='ltr'><strong>secessus</strong></span> <span class='ocrx_word' id='word_1_643' title='bbox 2364 3854 2599 3907; x_wconf 90' lang='lat' dir='ltr'><strong>animam</strong></span> <span class='ocrx_word' id='word_1_644' title='bbox 2626 3854 2912 3921; x_wconf 84' lang='lat' dir='ltr'><strong>repererit,</strong></span> <span class='ocrx_word' id='word_1_645' title='bbox 2944 3855 3117 3921; x_wconf 87' lang='lat' dir='ltr'><strong>justas</strong></span> <span class='ocrx_word' id='word_1_646' title='bbox 3150 3856 3431 3923; x_wconf 91' lang='lat' dir='ltr'><strong>quasdam,</strong></span> <span class='ocrx_word' id='word_1_647' title='bbox 3458 3871 3521 3910; x_wconf 90' lang='lat' dir='ltr'><strong>ac</strong></span> <span class='ocrx_word' id='word_1_648' title='bbox 3547 3872 3669 3926; x_wconf 92' lang='lat' dir='ltr'><strong>spe-</strong></span> 
     </span>
    </p>
   </div>
   <div class='ocr_carea' id='block_1_85' title="bbox 2084 3943 3666 4015">
    <p class='ocr_par' dir='ltr' id='par_1_85' title="bbox 2084 3943 3666 4015">
     <span class='ocr_line' id='line_1_85' title="bbox 2084 3943 3666 4015; baseline 0.001 -17"><span class='ocrx_word' id='word_1_649' title='bbox 2084 3945 2166 3999; x_wconf 89' lang='lat' dir='ltr'><strong>cic</strong></span> <span class='ocrx_word' id='word_1_650' title='bbox 2192 3945 2411 4015; x_wconf 90' lang='lat' dir='ltr'><strong>quidem</strong></span> <span class='ocrx_word' id='word_1_651' title='bbox 2445 3944 2796 3998; x_wconf 90' lang='lat' dir='ltr'><strong>rationabiles</strong></span> <span class='ocrx_word' id='word_1_652' title='bbox 2827 3958 3018 3996; x_wconf 89' lang='lat' dir='ltr'><strong>causas</strong></span> <span class='ocrx_word' id='word_1_653' title='bbox 3044 3943 3278 4011; x_wconf 89' lang='lat' dir='ltr'><strong>subjicit,</strong></span> <span class='ocrx_word' id='word_1_654' title='bbox 3311 3954 3368 3997; x_wconf 92' lang='lat' dir='ltr'><strong>ut</strong></span> <span class='ocrx_word' id='word_1_655' title='bbox 3393 3945 3666 4015; x_wconf 91' lang='lat' dir='ltr'><strong>quidpiam</strong></span> 
     </span>
    </p>
   </div>
   <div class='ocr_carea' id='block_1_86' title="bbox 2084 4033 3666 4105">
    <p class='ocr_par' dir='ltr' id='par_1_86' title="bbox 2084 4033 3666 4105">
     <span class='ocr_line' id='line_1_86' title="bbox 2084 4033 3666 4105; baseline -0.002 -14"><span class='ocrx_word' id='word_1_656' title='bbox 2084 4051 2150 4091; x_wconf 87' lang='lat' dir='ltr'><strong>ex</strong></span> <span class='ocrx_word' id='word_1_657' title='bbox 2180 4035 2618 4105; x_wconf 86' lang='lat' dir='ltr'><strong>possessionibus</strong></span> <span class='ocrx_word' id='word_1_658' title='bbox 2659 4034 2892 4089; x_wconf 91' lang='lat' dir='ltr'><strong>retinere</strong></span> <span class='ocrx_word' id='word_1_659' title='bbox 2923 4033 3186 4099; x_wconf 88' lang='lat' dir='ltr'><strong>suadeat;</strong></span> <span class='ocrx_word' id='word_1_660' title='bbox 3239 4036 3484 4089; x_wconf 88' lang='lat' dir='ltr'><strong>monachi</strong></span> <span class='ocrx_word' id='word_1_661' title='bbox 3525 4037 3666 4089; x_wconf 89' lang='lat' dir='ltr'><strong>enim</strong></span> 
     </span>
    </p>
   </div>
   <div class='ocr_carea' id='block_1_87' title="bbox 2083 4126 3670 4197">
    <p class='ocr_par' dir='ltr' id='par_1_87' title="bbox 2083 4126 3670 4197">
     <span class='ocr_line' id='line_1_87' title="bbox 2083 4126 3670 4197; baseline -0.002 -16"><span class='ocrx_word' id='word_1_662' title='bbox 2083 4129 2264 4183; x_wconf 90' lang='lat' dir='ltr'><strong>animo</strong></span> <span class='ocrx_word' id='word_1_663' title='bbox 2294 4135 2672 4197; x_wconf 71' lang='lat' dir='ltr'><strong>reprzesentat,</strong></span> <span class='ocrx_word' id='word_1_664' title='bbox 2708 4126 2918 4197; x_wconf 83' lang='lat' dir='ltr'><strong>longam</strong></span> <span class='ocrx_word' id='word_1_665' title='bbox 2971 4135 3299 4180; x_wconf 85' lang='lat' dir='ltr'><strong>senectutem</strong></span> <span class='ocrx_word' id='word_1_666' title='bbox 3347 4135 3399 4177; x_wconf 93' lang='lat' dir='ltr'><strong>et</strong></span> <span class='ocrx_word' id='word_1_667' title='bbox 3431 4126 3670 4193; x_wconf 86' lang='lat' dir='ltr'><strong>corporis</strong></span> 
     </span>
    </p>
   </div>
   <div class='ocr_carea' id='block_1_88' title="bbox 2085 4217 3669 4288">
    <p class='ocr_par' dir='ltr' id='par_1_88' title="bbox 2085 4217 3669 4288">
     <span class='ocr_line' id='line_1_88' title="bbox 2085 4217 3669 4288; baseline -0.005 -15"><span class='ocrx_word' id='word_1_668' title='bbox 2085 4221 2450 4274; x_wconf 84' lang='lat' dir='ltr'><strong>inﬁrmitatem</strong></span> <span class='ocrx_word' id='word_1_669' title='bbox 2487 4236 2499 4270; x_wconf 92' lang='lat'>:</span> <span class='ocrx_word' id='word_1_670' title='bbox 2534 4218 2673 4288; x_wconf 91' lang='lat' dir='ltr'><strong>quod</strong></span> <span class='ocrx_word' id='word_1_671' title='bbox 2702 4235 2820 4288; x_wconf 71' lang='lat' dir='ltr'><strong>qua:</strong></span> <span class='ocrx_word' id='word_1_672' title='bbox 2842 4218 2906 4271; x_wconf 90' lang='lat' dir='ltr'><strong>ad</strong></span> <span class='ocrx_word' id='word_1_673' title='bbox 2941 4218 3315 4273; x_wconf 81' lang='lat' dir='ltr'><strong>necessitatem</strong></span> <span class='ocrx_word' id='word_1_674' title='bbox 3350 4217 3402 4270; x_wconf 92' lang='lat' dir='ltr'><strong>in</strong></span> <span class='ocrx_word' id='word_1_675' title='bbox 3428 4218 3669 4271; x_wconf 68' lang='lat' dir='ltr'><strong>coenobio</strong></span> 
     </span>
    </p>
   </div>
   <div class='ocr_carea' id='block_1_89' title="bbox 2085 4309 3669 4379">
    <p class='ocr_par' dir='ltr' id='par_1_89' title="bbox 2085 4309 3669 4379">
     <span class='ocr_line' id='line_1_89' title="bbox 2085 4309 3669 4379; baseline -0.003 -12"><span class='ocrx_word' id='word_1_676' title='bbox 2085 4313 2301 4379; x_wconf 86' lang='lat' dir='ltr'><strong>dantur,</strong></span> <span class='ocrx_word' id='word_1_677' title='bbox 2328 4313 2461 4366; x_wconf 89' lang='lat' dir='ltr'><strong>satis</strong></span> <span class='ocrx_word' id='word_1_678' title='bbox 2488 4312 2553 4366; x_wconf 88' lang='lat' dir='ltr'><strong>ad</strong></span> <span class='ocrx_word' id='word_1_679' title='bbox 2585 4313 3010 4367; x_wconf 89' lang='lat' dir='ltr'><strong>consolationem</strong></span> <span class='ocrx_word' id='word_1_680' title='bbox 3036 4327 3140 4364; x_wconf 87' lang='lat' dir='ltr'><strong>non</strong></span> <span class='ocrx_word' id='word_1_681' title='bbox 3164 4311 3290 4371; x_wconf 90' lang='lat' dir='ltr'><strong>sint,</strong></span> <span class='ocrx_word' id='word_1_682' title='bbox 3317 4324 3421 4364; x_wconf 92' lang='lat' dir='ltr'><strong>non</strong></span> <span class='ocrx_word' id='word_1_683' title='bbox 3454 4309 3669 4362; x_wconf 82' lang='lat' dir='ltr'><strong>inﬁrmo</strong></span> 
     </span>
    </p>
   </div>
   <div class='ocr_carea' id='block_1_90' title="bbox 2085 4401 3670 4472">
    <p class='ocr_par' dir='ltr' id='par_1_90' title="bbox 2085 4401 3670 4472">
     <span class='ocr_line' id='line_1_90' title="bbox 2085 4401 3670 4472; baseline -0.003 -13"><span class='ocrx_word' id='word_1_684' title='bbox 2085 4406 2278 4469; x_wconf 91' lang='lat' dir='ltr'><strong>solum,</strong></span> <span class='ocrx_word' id='word_1_685' title='bbox 2313 4405 2405 4459; x_wconf 88' lang='lat' dir='ltr'><strong>sed</strong></span> <span class='ocrx_word' id='word_1_686' title='bbox 2438 4420 2611 4472; x_wconf 91' lang='lat' dir='ltr'><strong>neque</strong></span> <span class='ocrx_word' id='word_1_687' title='bbox 2642 4404 2897 4458; x_wconf 88' lang='lat' dir='ltr'><strong>incolumi</strong></span> <span class='ocrx_word' id='word_1_688' title='bbox 2932 4421 2942 4454; x_wconf 91' lang='lat'>:</span> <span class='ocrx_word' id='word_1_689' title='bbox 2971 4404 3109 4472; x_wconf 87' lang='lat' dir='ltr'><strong>quod</strong></span> <span class='ocrx_word' id='word_1_690' title='bbox 3135 4403 3203 4455; x_wconf 90' lang='lat' dir='ltr'><strong>ibi</strong></span> <span class='ocrx_word' id='word_1_691' title='bbox 3236 4418 3340 4456; x_wconf 91' lang='lat' dir='ltr'><strong>non</strong></span> <span class='ocrx_word' id='word_1_692' title='bbox 3378 4401 3567 4456; x_wconf 88' lang='lat' dir='ltr'><strong>idonea</strong></span> <span class='ocrx_word' id='word_1_693' title='bbox 3591 4402 3670 4454; x_wconf 84' lang='lat' dir='ltr'><strong>in-</strong></span> 
     </span>
    </p>
   </div>
   <div class='ocr_carea' id='block_1_91' title="bbox 393 4468 3668 4561">
    <p class='ocr_par' dir='ltr' id='par_1_91' title="bbox 393 4468 3668 4561">
     <span class='ocr_line' id='line_1_91' title="bbox 393 4468 3668 4561; baseline -0 -14"><span class='ocrx_word' id='word_1_694' title='bbox 393 4468 632 4547; x_wconf 72' lang='lat' dir='ltr'><strong>cmlestis</strong></span> <span class='ocrx_word' id='word_1_695' title='bbox 673 4501 729 4545; x_wconf 90' lang='lat' dir='ltr'><strong>et</strong></span> <span class='ocrx_word' id='word_1_696' title='bbox 755 4492 992 4559; x_wconf 87' lang='lat' dir='ltr'><strong>angelica</strong></span> <span class='ocrx_word' id='word_1_697' title='bbox 1025 4498 1112 4544; x_wconf 89' lang='lat' dir='ltr'><strong>est</strong></span> <span class='ocrx_word' id='word_1_698' title='bbox 1155 4468 1325 4544; x_wconf 87' lang='lat' dir='ltr'><strong>virtus</strong></span> <span class='ocrx_word' id='word_1_699' title='bbox 1368 4492 1656 4555; x_wconf 87' lang='lat' dir='ltr'><strong>castitatis,</strong></span> <span class='ocrx_word' id='word_1_700' title='bbox 1690 4468 1837 4543; x_wconf 86' lang='lat' dir='ltr'><strong>tanto</strong></span> <span class='ocrx_word' id='word_1_701' title='bbox 1866 4468 1981 4556; x_wconf 84' lang='lat' dir='ltr'><strong>gra-</strong></span> <span class='ocrx_word' id='word_1_702' title='bbox 2002 4468 2059 4529; x_wconf 77' lang='grc' dir='ltr'><strong>Ῐ)</strong></span> <span class='ocrx_word' id='word_1_703' title='bbox 2085 4468 2361 4549; x_wconf 71' lang='lat' dir='ltr'><strong>[il-morum</strong></span> <span class='ocrx_word' id='word_1_704' title='bbox 2390 4468 2700 4547; x_wconf 83' lang='lat' dir='ltr'><strong>sollicitudo</strong></span> <span class='ocrx_word' id='word_1_705' title='bbox 2728 4468 3093 4561; x_wconf 24' lang='lat' dir='ltr'><strong>geraturpsed</strong></span> <span class='ocrx_word' id='word_1_706' title='bbox 3131 4492 3271 4561; x_wconf 92' lang='lat' dir='ltr'><strong>quod</strong></span> <span class='ocrx_word' id='word_1_707' title='bbox 3305 4493 3528 4546; x_wconf 89' lang='lat' dir='ltr'><strong>multum</strong></span> <span class='ocrx_word' id='word_1_708' title='bbox 3572 4509 3668 4547; x_wconf 85' lang='lat' dir='ltr'><strong>ne-</strong></span> 
     </span>
    </p>
   </div>
   <div class='ocr_carea' id='block_1_92' title="bbox 394 4582 1975 4653">
    <p class='ocr_par' dir='ltr' id='par_1_92' title="bbox 394 4582 1975 4653">
     <span class='ocr_line' id='line_1_92' title="bbox 394 4582 1975 4653; baseline 0.002 -19"><span class='ocrx_word' id='word_1_709' title='bbox 394 4584 636 4636; x_wconf 86' lang='lat' dir='ltr'><strong>vioribus</strong></span> <span class='ocrx_word' id='word_1_710' title='bbox 658 4584 726 4635; x_wconf 91' lang='lat' dir='ltr'><strong>ab</strong></span> <span class='ocrx_word' id='word_1_711' title='bbox 753 4583 969 4636; x_wconf 91' lang='lat' dir='ltr'><strong>inimico</strong></span> <span class='ocrx_word' id='word_1_712' title='bbox 1002 4582 1209 4636; x_wconf 91' lang='lat' dir='ltr'><strong>insidiis</strong></span> <span class='ocrx_word' id='word_1_713' title='bbox 1234 4592 1592 4653; x_wconf 87' lang='lat' dir='ltr'><strong>oppugnatur.</strong></span> <span class='ocrx_word' id='word_1_714' title='bbox 1617 4584 1975 4650; x_wconf 88' lang='lat' dir='ltr'><strong>Quamobrem</strong></span> 
     </span>
    </p>
   </div>
   <div class='ocr_carea' id='block_1_93' title="bbox 397 4670 1975 4742">
    <p class='ocr_par' dir='ltr' id='par_1_93' title="bbox 397 4670 1975 4742">
     <span class='ocr_line' id='line_1_93' title="bbox 397 4670 1975 4742; baseline 0.001 -18"><span class='ocrx_word' id='word_1_715' title='bbox 397 4685 589 4725; x_wconf 91' lang='lat' dir='ltr'><strong>curare</strong></span> <span class='ocrx_word' id='word_1_716' title='bbox 630 4670 891 4726; x_wconf 90' lang='lat' dir='ltr'><strong>debemus</strong></span> <span class='ocrx_word' id='word_1_717' title='bbox 931 4688 1037 4726; x_wconf 92' lang='lat' dir='ltr'><strong>non</strong></span> <span class='ocrx_word' id='word_1_718' title='bbox 1078 4671 1237 4725; x_wconf 92' lang='lat' dir='ltr'><strong>modo</strong></span> <span class='ocrx_word' id='word_1_719' title='bbox 1282 4680 1340 4725; x_wconf 93' lang='lat' dir='ltr'><strong>ut</strong></span> <span class='ocrx_word' id='word_1_720' title='bbox 1378 4673 1623 4740; x_wconf 86' lang='lat' dir='ltr'><strong>corporis</strong></span> <span class='ocrx_word' id='word_1_721' title='bbox 1670 4684 1975 4742; x_wconf 84' lang='lat' dir='ltr'><strong>temperan-</strong></span> 
     </span>
    </p>
   </div>
   <div class='ocr_carea' id='block_1_94' title="bbox 398 4762 1978 4829">
    <p class='ocr_par' dir='ltr' id='par_1_94' title="bbox 398 4762 1978 4829">
     <span class='ocr_line' id='line_1_94' title="bbox 398 4762 1978 4829; baseline 0.001 -14"><span class='ocrx_word' id='word_1_722' title='bbox 398 4762 524 4815; x_wconf 90' lang='lat' dir='ltr'><strong>tiam</strong></span> <span class='ocrx_word' id='word_1_723' title='bbox 557 4775 864 4828; x_wconf 89' lang='lat' dir='ltr'><strong>servemus,</strong></span> <span class='ocrx_word' id='word_1_724' title='bbox 895 4763 988 4817; x_wconf 87' lang='lat' dir='ltr'><strong>sed</strong></span> <span class='ocrx_word' id='word_1_725' title='bbox 1036 4763 1195 4816; x_wconf 84' lang='lat' dir='ltr'><strong>etiam</strong></span> <span class='ocrx_word' id='word_1_726' title='bbox 1226 4762 1607 4818; x_wconf 89' lang='lat' dir='ltr'><strong>contritiouem</strong></span> <span class='ocrx_word' id='word_1_727' title='bbox 1653 4762 1833 4816; x_wconf 82' lang='lat' dir='ltr'><strong>cordis</strong></span> <span class='ocrx_word' id='word_1_728' title='bbox 1858 4805 1872 4829; x_wconf 90' lang='lat'><strong>,</strong></span> <span class='ocrx_word' id='word_1_729' title='bbox 1915 4777 1978 4817; x_wconf 91' lang='lat' dir='ltr'><strong>ac</strong></span> 
     </span>
    </p>
   </div>
   <div class='ocr_carea' id='block_1_95' title="bbox 395 4852 1975 4924">
    <p class='ocr_par' dir='ltr' id='par_1_95' title="bbox 395 4852 1975 4924">
     <span class='ocr_line' id='line_1_95' title="bbox 395 4852 1975 4924; baseline 0.002 -17"><span class='ocrx_word' id='word_1_730' title='bbox 395 4852 708 4922; x_wconf 84' lang='lat' dir='ltr'><strong>frequentes</strong></span> <span class='ocrx_word' id='word_1_731' title='bbox 748 4868 870 4908; x_wconf 91' lang='lat' dir='ltr'><strong>cum</strong></span> <span class='ocrx_word' id='word_1_732' title='bbox 919 4854 1211 4924; x_wconf 90' lang='lat' dir='ltr'><strong>gemitibus</strong></span> <span class='ocrx_word' id='word_1_733' title='bbox 1244 4854 1515 4909; x_wconf 90' lang='lat' dir='ltr'><strong>orationes</strong></span> <span class='ocrx_word' id='word_1_734' title='bbox 1545 4854 1860 4919; x_wconf 88' lang='lat' dir='ltr'><strong>fundamus;</strong></span> <span class='ocrx_word' id='word_1_735' title='bbox 1904 4855 1975 4910; x_wconf 84' lang='lat' dir='ltr'><strong>ita</strong></span> 
     </span>
    </p>
   </div>
   <div class='ocr_carea' id='block_1_96' title="bbox 395 4945 1979 5017">
    <p class='ocr_par' dir='ltr' id='par_1_96' title="bbox 395 4945 1979 5017">
     <span class='ocr_line' id='line_1_96' title="bbox 395 4945 1979 5017; baseline 0.004 -20"><span class='ocrx_word' id='word_1_736' title='bbox 395 4956 453 4999; x_wconf 89' lang='lat' dir='ltr'><strong>ut</strong></span> <span class='ocrx_word' id='word_1_737' title='bbox 511 4952 710 4998; x_wconf 57' lang='lat' dir='ltr'><strong>nostra!</strong></span> <span class='ocrx_word' id='word_1_738' title='bbox 775 4947 952 4999; x_wconf 91' lang='lat' dir='ltr'><strong>carnis</strong></span> <span class='ocrx_word' id='word_1_739' title='bbox 1000 4945 1229 5011; x_wconf 89' lang='lat' dir='ltr'><strong>fornax,</strong></span> <span class='ocrx_word' id='word_1_740' title='bbox 1272 4959 1430 5013; x_wconf 89' lang='lat' dir='ltr'><strong>quam</strong></span> <span class='ocrx_word' id='word_1_741' title='bbox 1478 4961 1573 5002; x_wconf 89' lang='lat' dir='ltr'><strong>rex</strong></span> <span class='ocrx_word' id='word_1_742' title='bbox 1624 4946 1979 5017; x_wconf 86' lang='lat' dir='ltr'><strong>Babylonicus</strong></span> 
     </span>
    </p>
   </div>
   <div class='ocr_carea' id='block_1_97' title="bbox 394 5035 1979 5107">
    <p class='ocr_par' dir='ltr' id='par_1_97' title="bbox 394 5035 1979 5107">
     <span class='ocr_line' id='line_1_97' title="bbox 394 5035 1979 5107; baseline 0.003 -18"><span class='ocrx_word' id='word_1_743' title='bbox 394 5035 625 5089; x_wconf 84' lang='lat' dir='ltr'><strong>stimulis</strong></span> <span class='ocrx_word' id='word_1_744' title='bbox 648 5036 1102 5105; x_wconf 81' lang='lat' dir='ltr'><strong>concupiscentiae</strong></span> <span class='ocrx_word' id='word_1_745' title='bbox 1130 5035 1369 5106; x_wconf 87' lang='lat' dir='ltr'><strong>quotidie</strong></span> <span class='ocrx_word' id='word_1_746' title='bbox 1397 5037 1661 5103; x_wconf 90' lang='lat' dir='ltr'><strong>accendit,</strong></span> <span class='ocrx_word' id='word_1_747' title='bbox 1686 5054 1811 5094; x_wconf 89' lang='lat' dir='ltr'><strong>rore</strong></span> <span class='ocrx_word' id='word_1_748' title='bbox 1842 5055 1979 5107; x_wconf 74' lang='lat' dir='ltr'><strong>pra:-</strong></span> 
     </span>
    </p>
   </div>
   <div class='ocr_carea' id='block_1_98' title="bbox 394 5128 1981 5200">
    <p class='ocr_par' dir='ltr' id='par_1_98' title="bbox 394 5128 1981 5200">
     <span class='ocr_line' id='line_1_98' title="bbox 394 5128 1981 5200; baseline 0.004 -18"><span class='ocrx_word' id='word_1_749' title='bbox 394 5128 585 5183; x_wconf 72' lang='lat' dir='ltr'><strong>sentim</strong></span> <span class='ocrx_word' id='word_1_750' title='bbox 630 5129 797 5183; x_wconf 82' lang='lat' dir='ltr'><strong>sancti</strong></span> <span class='ocrx_word' id='word_1_751' title='bbox 847 5129 1078 5199; x_wconf 86' lang='lat' dir='ltr'><strong>Spiritus</strong></span> <span class='ocrx_word' id='word_1_752' title='bbox 1119 5131 1504 5200; x_wconf 84' lang='lat' dir='ltr'><strong>exstinguatur.</strong></span> <span class='ocrx_word' id='word_1_753' title='bbox 1547 5132 1627 5187; x_wconf 83' lang='lat' dir='ltr'><strong>Ad</strong></span> <span class='ocrx_word' id='word_1_754' title='bbox 1661 5133 1776 5188; x_wconf 74' lang='lat' dir='ltr'><strong>lucc</strong></span> <span class='ocrx_word' id='word_1_755' title='bbox 1804 5135 1981 5189; x_wconf 79' lang='lat' dir='ltr'><strong>maxi-</strong></span> 
     </span>
    </p>
   </div>
   <div class='ocr_carea' id='block_1_99' title="bbox 394 5220 1979 5297">
    <p class='ocr_par' dir='ltr' id='par_1_99' title="bbox 394 5220 1979 5297">
     <span class='ocr_line' id='line_1_99' title="bbox 394 5220 1979 5297; baseline 0.005 -24"><span class='ocrx_word' id='word_1_756' title='bbox 394 5234 538 5274; x_wconf 90' lang='lat' dir='ltr'><strong>mum</strong></span> <span class='ocrx_word' id='word_1_757' title='bbox 572 5220 728 5274; x_wconf 88' lang='lat' dir='ltr'><strong>nobis</strong></span> <span class='ocrx_word' id='word_1_758' title='bbox 757 5221 920 5275; x_wconf 84' lang='lat' dir='ltr'><strong>telum</strong></span> <span class='ocrx_word' id='word_1_759' title='bbox 950 5222 1215 5278; x_wconf 83' lang='lat' dir='ltr'><strong>adversus</strong></span> <span class='ocrx_word' id='word_1_760' title='bbox 1245 5224 1510 5292; x_wconf 89' lang='lat' dir='ltr'><strong>ejusmodi</strong></span> <span class='ocrx_word' id='word_1_761' title='bbox 1540 5224 1751 5280; x_wconf 89' lang='lat' dir='ltr'><strong>hostem</strong></span> <span class='ocrx_word' id='word_1_762' title='bbox 1784 5241 1979 5297; x_wconf 92' lang='lat' dir='ltr'><strong>suppe-</strong></span> 
     </span>
    </p>
   </div>
   <div class='ocr_carea' id='block_1_100' title="bbox 392 5312 1975 5385">
    <p class='ocr_par' dir='ltr' id='par_1_100' title="bbox 392 5312 1975 5385">
     <span class='ocr_line' id='line_1_100' title="bbox 392 5312 1975 5385; baseline 0.006 -20"><span class='ocrx_word' id='word_1_763' title='bbox 392 5312 475 5375; x_wconf 87' lang='lat' dir='ltr'><strong>tit,</strong></span> <span class='ocrx_word' id='word_1_764' title='bbox 502 5314 697 5383; x_wconf 67' lang='lat' dir='ltr'><strong>vigilia:</strong></span> <span class='ocrx_word' id='word_1_765' title='bbox 737 5315 947 5370; x_wconf 86' lang='lat' dir='ltr'><strong>scilicet</strong></span> <span class='ocrx_word' id='word_1_766' title='bbox 986 5317 1036 5370; x_wconf 92' lang='lat' dir='ltr'><strong>in</strong></span> <span class='ocrx_word' id='word_1_767' title='bbox 1074 5316 1185 5371; x_wconf 90' lang='lat' dir='ltr'><strong>Deo</strong></span> <span class='ocrx_word' id='word_1_768' title='bbox 1234 5327 1483 5371; x_wconf 61' lang='lat' dir='ltr'><strong>servata).</strong></span> <span class='ocrx_word' id='word_1_769' title='bbox 1510 5316 1975 5385; x_wconf 84' lang='lat' dir='ltr'><strong>Quemadmodum</strong></span> 
     </span>
    </p>
   </div>
   <div class='ocr_carea' id='block_1_101' title="bbox 396 5403 1978 5478">
    <p class='ocr_par' dir='ltr' id='par_1_101' title="bbox 396 5403 1978 5478">
     <span class='ocr_line' id='line_1_101' title="bbox 396 5403 1978 5478; baseline 0.008 -25"><span class='ocrx_word' id='word_1_770' title='bbox 396 5403 538 5453; x_wconf 92' lang='lat' dir='ltr'><strong>enim</strong></span> <span class='ocrx_word' id='word_1_771' title='bbox 559 5404 778 5458; x_wconf 78' lang='lat' dir='ltr'><strong>castitas</strong></span> <span class='ocrx_word' id='word_1_772' title='bbox 790 5406 1047 5460; x_wconf 91' lang='lat' dir='ltr'><strong>etdiurna</strong></span> <span class='ocrx_word' id='word_1_773' title='bbox 1062 5407 1305 5461; x_wconf 91' lang='lat' dir='ltr'><strong>custodia</strong></span> <span class='ocrx_word' id='word_1_774' title='bbox 1322 5416 1641 5463; x_wconf 88' lang='lat' dir='ltr'><strong>nocturnam</strong></span> <span class='ocrx_word' id='word_1_775' title='bbox 1669 5421 1978 5478; x_wconf 83' lang='lat' dir='ltr'><strong>praeparant</strong></span> 
     </span>
    </p>
   </div>
   <div class='ocr_carea' id='block_1_102' title="bbox 395 5493 1951 5569">
    <p class='ocr_par' dir='ltr' id='par_1_102' title="bbox 395 5493 1951 5569">
     <span class='ocr_line' id='line_1_102' title="bbox 395 5493 1951 5569; baseline 0.008 -25"><span class='ocrx_word' id='word_1_776' title='bbox 395 5493 758 5559; x_wconf 83' lang='lat' dir='ltr'><strong>sanctitatem,</strong></span> <span class='ocrx_word' id='word_1_777' title='bbox 786 5496 857 5549; x_wconf 88' lang='lat' dir='ltr'><strong>ita</strong></span> <span class='ocrx_word' id='word_1_778' title='bbox 888 5507 1166 5553; x_wconf 86' lang='lat' dir='ltr'><strong>nocturnae</strong></span> <span class='ocrx_word' id='word_1_779' title='bbox 1188 5499 1240 5552; x_wconf 93' lang='lat' dir='ltr'><strong>in</strong></span> <span class='ocrx_word' id='word_1_780' title='bbox 1260 5498 1368 5554; x_wconf 88' lang='lat' dir='ltr'><strong>Deo</strong></span> <span class='ocrx_word' id='word_1_781' title='bbox 1382 5500 1575 5569; x_wconf 84' lang='lat' dir='ltr'><strong>vigiliae</strong></span> <span class='ocrx_word' id='word_1_782' title='bbox 1602 5500 1867 5557; x_wconf 88' lang='lat' dir='ltr'><strong>diurnam.</strong></span> <span class='ocrx_word' id='word_1_783' title='bbox 1894 5545 1908 5557; x_wconf 96' lang='lat'><strong>.</strong></span> <span class='ocrx_word' id='word_1_784' title='bbox 1936 5543 1951 5557; x_wconf 92' lang='lat'><strong>.</strong></span> 
     </span>
    </p>
   </div>
   <div class='ocr_carea' id='block_1_103' title="bbox 464 5581 1978 5661">
    <p class='ocr_par' dir='ltr' id='par_1_103' title="bbox 464 5581 1978 5661">
     <span class='ocr_line' id='line_1_103' title="bbox 464 5581 1978 5661; baseline 0.009 -25"><span class='ocrx_word' id='word_1_785' title='bbox 464 5581 519 5636; x_wconf 76' lang='grc'><strong>3.</strong></span> <span class='ocrx_word' id='word_1_786' title='bbox 548 5581 565 5648; x_wconf 94' lang='grc'>(</span> <span class='ocrx_word' id='word_1_787' title='bbox 590 5583 731 5638; x_wconf 74' lang='lat' dir='ltr'><strong>Cass.</strong></span> <span class='ocrx_word' id='word_1_788' title='bbox 765 5584 896 5641; x_wconf 81' lang='lat' dir='ltr'><strong>Inst.</strong></span> <span class='ocrx_word' id='word_1_789' title='bbox 933 5588 971 5641; x_wconf 89' lang='grc' dir='ltr'>ι.</span> <span class='ocrx_word' id='word_1_790' title='bbox 998 5604 1087 5653; x_wconf 82' lang='lat' dir='ltr'><strong>vn,</strong></span> <span class='ocrx_word' id='word_1_791' title='bbox 1118 5605 1164 5642; x_wconf 79' lang='grc' dir='ltr'><strong>ο.</strong></span> <span class='ocrx_word' id='word_1_792' title='bbox 1196 5590 1223 5643; x_wconf 80' lang='grc'><strong>1</strong></span> <span class='ocrx_word' id='word_1_793' title='bbox 1252 5598 1297 5642; x_wconf 84' lang='lat' dir='ltr'><strong>et</strong></span> <span class='ocrx_word' id='word_1_794' title='bbox 1319 5590 1490 5661; x_wconf 82' lang='lat' dir='ltr'><strong>seqq.)</strong></span> <span class='ocrx_word' id='word_1_795' title='bbox 1534 5589 1775 5648; x_wconf 86' lang='lat' dir='ltr'><strong>Tertium</strong></span> <span class='ocrx_word' id='word_1_796' title='bbox 1823 5594 1978 5651; x_wconf 87' lang='lat' dir='ltr'><strong>nobis</strong></span> 
     </span>
    </p>
   </div>
   <div class='ocr_carea' id='block_1_104' title="bbox 395 5681 1974 5761">
    <p class='ocr_par' dir='ltr' id='par_1_104' title="bbox 395 5681 1974 5761">
     <span class='ocr_line' id='line_1_104' title="bbox 395 5681 1974 5761; baseline 0.011 -31"><span class='ocrx_word' id='word_1_797' title='bbox 395 5682 479 5731; x_wconf 90' lang='lat' dir='ltr'><strong>est</strong></span> <span class='ocrx_word' id='word_1_798' title='bbox 505 5684 780 5737; x_wconf 82' lang='lat' dir='ltr'><strong>certamen</strong></span> <span class='ocrx_word' id='word_1_799' title='bbox 817 5689 1003 5737; x_wconf 89' lang='lat' dir='ltr'><strong>contra</strong></span> <span class='ocrx_word' id='word_1_800' title='bbox 1049 5681 1295 5753; x_wconf 84' lang='lat' dir='ltr'><strong>spiritum</strong></span> <span class='ocrx_word' id='word_1_801' title='bbox 1325 5684 1563 5741; x_wconf 74' lang='lat' dir='ltr'><strong>avaritia:</strong></span> <span class='ocrx_word' id='word_1_802' title='bbox 1595 5702 1609 5740; x_wconf 89' lang='lat'><strong>:</strong></span> <span class='ocrx_word' id='word_1_803' title='bbox 1640 5694 1974 5761; x_wconf 78' lang='lat' dir='ltr'><strong>extraneum</strong></span> 
     </span>
    </p>
   </div>
   <div class='ocr_carea' id='block_1_105' title="bbox 2084 4581 3668 4653">
    <p class='ocr_par' dir='ltr' id='par_1_105' title="bbox 2084 4581 3668 4653">
     <span class='ocr_line' id='line_1_105' title="bbox 2084 4581 3668 4653; baseline 0.001 -18"><span class='ocrx_word' id='word_1_804' title='bbox 2084 4584 2370 4652; x_wconf 85' lang='lat' dir='ltr'><strong>gligantur,</strong></span> <span class='ocrx_word' id='word_1_805' title='bbox 2431 4582 2566 4634; x_wconf 88' lang='lat' dir='ltr'><strong>adeo</strong></span> <span class='ocrx_word' id='word_1_806' title='bbox 2608 4583 2738 4635; x_wconf 90' lang='lat' dir='ltr'><strong>utsi</strong></span> <span class='ocrx_word' id='word_1_807' title='bbox 2770 4581 2902 4635; x_wconf 90' lang='lat' dir='ltr'><strong>nihil</strong></span> <span class='ocrx_word' id='word_1_808' title='bbox 2943 4582 3056 4635; x_wconf 91' lang='lat' dir='ltr'><strong>auri</strong></span> <span class='ocrx_word' id='word_1_809' title='bbox 3080 4583 3217 4636; x_wconf 91' lang='lat' dir='ltr'><strong>clam</strong></span> <span class='ocrx_word' id='word_1_810' title='bbox 3259 4590 3538 4653; x_wconf 88' lang='lat' dir='ltr'><strong>suppetat,</strong></span> <span class='ocrx_word' id='word_1_811' title='bbox 3566 4584 3668 4636; x_wconf 85' lang='lat' dir='ltr'><strong>mi-</strong></span> 
     </span>
    </p>
   </div>
   <div class='ocr_carea' id='block_1_106' title="bbox 2084 4670 3669 4743">
    <p class='ocr_par' dir='ltr' id='par_1_106' title="bbox 2084 4670 3669 4743">
     <span class='ocr_line' id='line_1_106' title="bbox 2084 4670 3669 4743; baseline 0.001 -17"><span class='ocrx_word' id='word_1_812' title='bbox 2084 4688 2207 4727; x_wconf 88' lang='lat' dir='ltr'><strong>sere</strong></span> <span class='ocrx_word' id='word_1_813' title='bbox 2239 4670 2613 4725; x_wconf 86' lang='lat' dir='ltr'><strong>intereuudum</strong></span> <span class='ocrx_word' id='word_1_814' title='bbox 2641 4672 2731 4726; x_wconf 88' lang='lat' dir='ltr'><strong>sit.</strong></span> <span class='ocrx_word' id='word_1_815' title='bbox 2801 4672 3022 4725; x_wconf 87' lang='lat' dir='ltr'><strong>Demum</strong></span> <span class='ocrx_word' id='word_1_816' title='bbox 3067 4673 3316 4741; x_wconf 88' lang='lat' dir='ltr'><strong>subjicit,</strong></span> <span class='ocrx_word' id='word_1_817' title='bbox 3376 4690 3481 4728; x_wconf 91' lang='grc' dir='ltr'>ιιοιι</span> <span class='ocrx_word' id='word_1_818' title='bbox 3513 4688 3669 4743; x_wconf 81' lang='lat' dir='ltr'><strong>posse</strong></span> 
     </span>
    </p>
   </div>
   <div class='ocr_carea' id='block_1_107' title="bbox 2083 4762 3669 4836">
    <p class='ocr_par' dir='ltr' id='par_1_107' title="bbox 2083 4762 3669 4836">
     <span class='ocr_line' id='line_1_107' title="bbox 2083 4762 3669 4836; baseline 0.001 -18"><span class='ocrx_word' id='word_1_819' title='bbox 2083 4763 2139 4818; x_wconf 94' lang='lat' dir='ltr'><strong>in</strong></span> <span class='ocrx_word' id='word_1_820' title='bbox 2180 4762 2510 4817; x_wconf 89' lang='lat' dir='ltr'><strong>monasterio</strong></span> <span class='ocrx_word' id='word_1_821' title='bbox 2532 4763 2620 4815; x_wconf 92' lang='lat' dir='ltr'><strong>diu</strong></span> <span class='ocrx_word' id='word_1_822' title='bbox 2647 4764 2980 4829; x_wconf 90' lang='lat' dir='ltr'><strong>perseverari</strong></span> <span class='ocrx_word' id='word_1_823' title='bbox 3005 4764 3073 4818; x_wconf 92' lang='lat' dir='ltr'><strong>ob</strong></span> <span class='ocrx_word' id='word_1_824' title='bbox 3100 4766 3417 4834; x_wconf 82' lang='lat' dir='ltr'><strong>gravitatem</strong></span> <span class='ocrx_word' id='word_1_825' title='bbox 3447 4780 3669 4836; x_wconf 89' lang='lat' dir='ltr'><strong>operum</strong></span> 
     </span>
    </p>
   </div>
   <div class='ocr_carea' id='block_1_108' title="bbox 2084 4853 3669 4925">
    <p class='ocr_par' dir='ltr' id='par_1_108' title="bbox 2084 4853 3669 4925">
     <span class='ocr_line' id='line_1_108' title="bbox 2084 4853 3669 4925; baseline -0.001 -16"><span class='ocrx_word' id='word_1_826' title='bbox 2084 4864 2139 4909; x_wconf 89' lang='lat' dir='ltr'><strong>et</strong></span> <span class='ocrx_word' id='word_1_827' title='bbox 2169 4854 2237 4907; x_wconf 90' lang='lat' dir='ltr'><strong>ob</strong></span> <span class='ocrx_word' id='word_1_828' title='bbox 2266 4854 2433 4922; x_wconf 88' lang='lat' dir='ltr'><strong>patris</strong></span> <span class='ocrx_word' id='word_1_829' title='bbox 2462 4853 2826 4909; x_wconf 89' lang='lat' dir='ltr'><strong>severitatem.</strong></span> <span class='ocrx_word' id='word_1_830' title='bbox 2877 4857 2954 4909; x_wconf 84' lang='lat' dir='ltr'><strong>Ac</strong></span> <span class='ocrx_word' id='word_1_831' title='bbox 2992 4870 3113 4910; x_wconf 88' lang='lat' dir='ltr'><strong>cum</strong></span> <span class='ocrx_word' id='word_1_832' title='bbox 3154 4856 3417 4925; x_wconf 91' lang='lat' dir='ltr'><strong>ejusmodi</strong></span> <span class='ocrx_word' id='word_1_833' title='bbox 3465 4858 3669 4925; x_wconf 84' lang='lat' dir='ltr'><strong>cogita-</strong></span> 
     </span>
    </p>
   </div>
   <div class='ocr_carea' id='block_1_109' title="bbox 2084 4947 3668 5013">
    <p class='ocr_par' dir='ltr' id='par_1_109' title="bbox 2084 4947 3668 5013">
     <span class='ocr_line' id='line_1_109' title="bbox 2084 4947 3668 5013; baseline 0 -11"><span class='ocrx_word' id='word_1_834' title='bbox 2084 4948 2320 5002; x_wconf 88' lang='lat' dir='ltr'><strong>tionibus</strong></span> <span class='ocrx_word' id='word_1_835' title='bbox 2349 4947 2584 5002; x_wconf 88' lang='lat' dir='ltr'><strong>animum</strong></span> <span class='ocrx_word' id='word_1_836' title='bbox 2610 4948 2939 5013; x_wconf 90' lang='lat' dir='ltr'><strong>subornarit,</strong></span> <span class='ocrx_word' id='word_1_837' title='bbox 2992 4956 3049 5002; x_wconf 92' lang='lat' dir='ltr'><strong>ttt</strong></span> <span class='ocrx_word' id='word_1_838' title='bbox 3076 4949 3160 5004; x_wconf 91' lang='lat' dir='ltr'><strong>vel</strong></span> <span class='ocrx_word' id='word_1_839' title='bbox 3193 4949 3473 5003; x_wconf 87' lang='lat' dir='ltr'><strong>denarium</strong></span> <span class='ocrx_word' id='word_1_840' title='bbox 3503 4964 3668 5002; x_wconf 88' lang='lat' dir='ltr'><strong>unum</strong></span> 
     </span>
    </p>
   </div>
   <div class='ocr_carea' id='block_1_110' title="bbox 2081 5041 3669 5105">
    <p class='ocr_par' dir='ltr' id='par_1_110' title="bbox 2081 5041 3669 5105">
     <span class='ocr_line' id='line_1_110' title="bbox 2081 5041 3669 5105; baseline -0.001 -10"><span class='ocrx_word' id='word_1_841' title='bbox 2081 5042 2333 5105; x_wconf 83' lang='lat' dir='ltr'><strong>retineat,</strong></span> <span class='ocrx_word' id='word_1_842' title='bbox 2377 5049 2487 5093; x_wconf 91' lang='lat' dir='ltr'><strong>tum</strong></span> <span class='ocrx_word' id='word_1_843' title='bbox 2536 5042 2725 5095; x_wconf 91' lang='lat' dir='ltr'><strong>suadet</strong></span> <span class='ocrx_word' id='word_1_844' title='bbox 2767 5041 2841 5095; x_wconf 93' lang='lat' dir='ltr'><strong>illi</strong></span> <span class='ocrx_word' id='word_1_845' title='bbox 2870 5052 2925 5095; x_wconf 91' lang='lat' dir='ltr'><strong>ut</strong></span> <span class='ocrx_word' id='word_1_846' title='bbox 2962 5042 3100 5096; x_wconf 91' lang='lat' dir='ltr'><strong>clam</strong></span> <span class='ocrx_word' id='word_1_847' title='bbox 3140 5041 3333 5097; x_wconf 88' lang='lat' dir='ltr'><strong>abbate</strong></span> <span class='ocrx_word' id='word_1_848' title='bbox 3358 5051 3526 5096; x_wconf 89' lang='lat' dir='ltr'><strong>artem</strong></span> <span class='ocrx_word' id='word_1_849' title='bbox 3552 5041 3669 5095; x_wconf 87' lang='lat' dir='ltr'><strong>edi-</strong></span> 
     </span>
    </p>
   </div>
   <div class='ocr_carea' id='block_1_111' title="bbox 2082 5134 3668 5204">
    <p class='ocr_par' dir='ltr' id='par_1_111' title="bbox 2082 5134 3668 5204">
     <span class='ocr_line' id='line_1_111' title="bbox 2082 5134 3668 5204; baseline -0.004 -13"><span class='ocrx_word' id='word_1_850' title='bbox 2082 5144 2218 5198; x_wconf 91' lang='lat' dir='ltr'><strong>scat,</strong></span> <span class='ocrx_word' id='word_1_851' title='bbox 2250 5149 2352 5204; x_wconf 88' lang='lat' dir='ltr'><strong>qua</strong></span> <span class='ocrx_word' id='word_1_852' title='bbox 2382 5137 2580 5203; x_wconf 89' lang='lat' dir='ltr'><strong>poterit</strong></span> <span class='ocrx_word' id='word_1_853' title='bbox 2614 5134 2853 5189; x_wconf 91' lang='lat' dir='ltr'><strong>studiose</strong></span> <span class='ocrx_word' id='word_1_854' title='bbox 2896 5142 3225 5187; x_wconf 80' lang='lat' dir='ltr'><strong>asservatam</strong></span> <span class='ocrx_word' id='word_1_855' title='bbox 3262 5148 3458 5203; x_wconf 86' lang='lat' dir='ltr'><strong>augere</strong></span> <span class='ocrx_word' id='word_1_856' title='bbox 3505 5146 3668 5203; x_wconf 90' lang='lat' dir='ltr'><strong>pecu-</strong></span> 
     </span>
    </p>
   </div>
   <div class='ocr_carea' id='block_1_112' title="bbox 2081 5225 3665 5295">
    <p class='ocr_par' dir='ltr' id='par_1_112' title="bbox 2081 5225 3665 5295">
     <span class='ocr_line' id='line_1_112' title="bbox 2081 5225 3665 5295; baseline -0.001 -14"><span class='ocrx_word' id='word_1_857' title='bbox 2081 5228 2223 5282; x_wconf 92' lang='lat' dir='ltr'><strong>niam</strong></span> <span class='ocrx_word' id='word_1_858' title='bbox 2254 5244 2269 5292; x_wconf 91' lang='lat'><strong>;</strong></span> <span class='ocrx_word' id='word_1_859' title='bbox 2316 5227 2530 5281; x_wconf 90' lang='lat' dir='ltr'><strong>demum</strong></span> <span class='ocrx_word' id='word_1_860' title='bbox 2564 5228 2771 5282; x_wconf 90' lang='lat' dir='ltr'><strong>occulta</strong></span> <span class='ocrx_word' id='word_1_861' title='bbox 2800 5241 2894 5295; x_wconf 91' lang='lat' dir='ltr'><strong>spe</strong></span> <span class='ocrx_word' id='word_1_862' title='bbox 2922 5228 3177 5281; x_wconf 89' lang='lat' dir='ltr'><strong>miserum</strong></span> <span class='ocrx_word' id='word_1_863' title='bbox 3211 5227 3445 5295; x_wconf 86' lang='lat' dir='ltr'><strong>decipit.</strong></span> <span class='ocrx_word' id='word_1_864' title='bbox 3497 5225 3665 5292; x_wconf 87' lang='lat' dir='ltr'><strong>subji-</strong></span> 
     </span>
    </p>
   </div>
   <div class='ocr_carea' id='block_1_113' title="bbox 2081 5317 3662 5387">
    <p class='ocr_par' dir='ltr' id='par_1_113' title="bbox 2081 5317 3662 5387">
     <span class='ocr_line' id='line_1_113' title="bbox 2081 5317 3662 5387; baseline -0.003 -13"><span class='ocrx_word' id='word_1_865' title='bbox 2081 5320 2275 5374; x_wconf 83' lang='lat' dir='ltr'><strong>cienda</strong></span> <span class='ocrx_word' id='word_1_866' title='bbox 2300 5321 2506 5374; x_wconf 90' lang='lat' dir='ltr'><strong>lucrum</strong></span> <span class='ocrx_word' id='word_1_867' title='bbox 2529 5334 2595 5373; x_wconf 91' lang='lat' dir='ltr'><strong>ex</strong></span> <span class='ocrx_word' id='word_1_868' title='bbox 2621 5329 2735 5374; x_wconf 90' lang='lat' dir='ltr'><strong>arte</strong></span> <span class='ocrx_word' id='word_1_869' title='bbox 2760 5334 2856 5372; x_wconf 88' lang='lat' dir='ltr'><strong>sua</strong></span> <span class='ocrx_word' id='word_1_870' title='bbox 2879 5320 3261 5381; x_wconf 84' lang='lat' dir='ltr'><strong>obventurum,</strong></span> <span class='ocrx_word' id='word_1_871' title='bbox 3291 5317 3524 5387; x_wconf 89' lang='lat' dir='ltr'><strong>hincque</strong></span> <span class='ocrx_word' id='word_1_872' title='bbox 3550 5317 3662 5370; x_wconf 84' lang='lat' dir='ltr'><strong>fore</strong></span> 
     </span>
    </p>
   </div>
   <div class='ocr_carea' id='block_1_114' title="bbox 2080 5407 3665 5481">
    <p class='ocr_par' dir='ltr' id='par_1_114' title="bbox 2080 5407 3665 5481">
     <span class='ocr_line' id='line_1_114' title="bbox 2080 5407 3665 5481; baseline -0.003 -16"><span class='ocrx_word' id='word_1_873' title='bbox 2080 5412 2341 5481; x_wconf 88' lang='lat' dir='ltr'><strong>quietem,</strong></span> <span class='ocrx_word' id='word_1_874' title='bbox 2374 5411 2719 5480; x_wconf 90' lang='lat' dir='ltr'><strong>animumque</strong></span> <span class='ocrx_word' id='word_1_875' title='bbox 2745 5410 2891 5465; x_wconf 90' lang='lat' dir='ltr'><strong>curis</strong></span> <span class='ocrx_word' id='word_1_876' title='bbox 2916 5425 3163 5464; x_wconf 87' lang='lat' dir='ltr'><strong>vacuum.</strong></span> <span class='ocrx_word' id='word_1_877' title='bbox 3196 5413 3265 5463; x_wconf 81' lang='lat' dir='ltr'><strong>Ac</strong></span> <span class='ocrx_word' id='word_1_878' title='bbox 3288 5408 3504 5463; x_wconf 89' lang='lat' dir='ltr'><strong>demum</strong></span> <span class='ocrx_word' id='word_1_879' title='bbox 3532 5407 3665 5461; x_wconf 90' lang='lat' dir='ltr'><strong>lucri</strong></span> 
     </span>
    </p>
   </div>
   <div class='ocr_carea' id='block_1_115' title="bbox 2081 5502 3661 5574">
    <p class='ocr_par' dir='ltr' id='par_1_115' title="bbox 2081 5502 3661 5574">
     <span class='ocr_line' id='line_1_115' title="bbox 2081 5502 3661 5574; baseline -0.004 -14"><span class='ocrx_word' id='word_1_880' title='bbox 2081 5505 2415 5574; x_wconf 85' lang='lat' dir='ltr'><strong>cogitatione</strong></span> <span class='ocrx_word' id='word_1_881' title='bbox 2444 5505 2752 5574; x_wconf 82' lang='lat' dir='ltr'><strong>colligatus,</strong></span> <span class='ocrx_word' id='word_1_882' title='bbox 2781 5503 3142 5557; x_wconf 86' lang='lat' dir='ltr'><strong>nihiladversi</strong></span> <span class='ocrx_word' id='word_1_883' title='bbox 3166 5502 3472 5558; x_wconf 88' lang='lat' dir='ltr'><strong>considerat</strong></span> <span class='ocrx_word' id='word_1_884' title='bbox 3510 5518 3521 5553; x_wconf 93' lang='lat'><strong>:</strong></span> <span class='ocrx_word' id='word_1_885' title='bbox 3555 5514 3661 5554; x_wconf 92' lang='lat' dir='ltr'><strong>non</strong></span> 
     </span>
    </p>
   </div>
   <div class='ocr_carea' id='block_1_116' title="bbox 2080 5593 3662 5668">
    <p class='ocr_par' dir='ltr' id='par_1_116' title="bbox 2080 5593 3662 5668">
     <span class='ocr_line' id='line_1_116' title="bbox 2080 5593 3662 5668; baseline 0.001 -21"><span class='ocrx_word' id='word_1_886' title='bbox 2080 5606 2275 5668; x_wconf 88' lang='lat' dir='ltr'><strong>quanta</strong></span> <span class='ocrx_word' id='word_1_887' title='bbox 2306 5597 2482 5652; x_wconf 85' lang='lat' dir='ltr'><strong>futura</strong></span> <span class='ocrx_word' id='word_1_888' title='bbox 2515 5599 2585 5652; x_wconf 91' lang='lat' dir='ltr'><strong>sit</strong></span> <span class='ocrx_word' id='word_1_889' title='bbox 2622 5598 2731 5659; x_wconf 87' lang='lat' dir='ltr'><strong>ira,</strong></span> <span class='ocrx_word' id='word_1_890' title='bbox 2765 5605 2998 5664; x_wconf 87' lang='lat' dir='ltr'><strong>quantus</strong></span> <span class='ocrx_word' id='word_1_891' title='bbox 3029 5595 3178 5651; x_wconf 87' lang='lat' dir='ltr'><strong>furor</strong></span> <span class='ocrx_word' id='word_1_892' title='bbox 3200 5638 3213 5658; x_wconf 92' lang='lat'><strong>,</strong></span> <span class='ocrx_word' id='word_1_893' title='bbox 3240 5596 3284 5649; x_wconf 91' lang='lat' dir='ltr'><strong>si</strong></span> <span class='ocrx_word' id='word_1_894' title='bbox 3307 5594 3580 5662; x_wconf 85' lang='lat' dir='ltr'><strong>contingat</strong></span> <span class='ocrx_word' id='word_1_895' title='bbox 3609 5593 3662 5648; x_wconf 92' lang='lat' dir='ltr'><strong>in</strong></span> 
     </span>
    </p>
   </div>
   <div class='ocr_carea' id='block_1_117' title="bbox 2082 5686 3659 5761">
    <p class='ocr_par' dir='ltr' id='par_1_117' title="bbox 2082 5686 3659 5761">
     <span class='ocr_line' id='line_1_117' title="bbox 2082 5686 3659 5761; baseline -0.003 -16"><span class='ocrx_word' id='word_1_896' title='bbox 2082 5689 2473 5748; x_wconf 86' lang='lat' dir='ltr'><strong>detrimentum</strong></span> <span class='ocrx_word' id='word_1_897' title='bbox 2534 5689 2752 5761; x_wconf 85' lang='lat' dir='ltr'><strong>aliquod</strong></span> <span class='ocrx_word' id='word_1_898' title='bbox 2799 5690 3078 5755; x_wconf 84' lang='lat' dir='ltr'><strong>incidere;</strong></span> <span class='ocrx_word' id='word_1_899' title='bbox 3135 5696 3335 5760; x_wconf 76' lang='lat' dir='ltr'><strong>quanta</strong></span> <span class='ocrx_word' id='word_1_900' title='bbox 3380 5686 3659 5750; x_wconf 61' lang='lat' dir='ltr'><strong>mastitia.</strong></span> 
     </span>
    </p>
   </div>
  </div>
