4042 6188
400 214 507 277 885

1392 210 1451 265 S.
1498 208 1824 265 EUCHERII
1862 204 2337 264 LUGDUNENSIS
2377 207 2687 266 EPISCOPI

3566 207 3677 274 895

402 338 633 405 quantus
657 328 833 396 dolor,
875 329 921 386 si
946 329 1100 386 lucro
1132 328 1309 399 operis
1337 329 1418 383 sui
1451 328 1690 398 privetur
1724 346 1735 379 :
1768 327 1864 383 sed
1906 333 1980 383 si-
2006 328 2061 387 Δ
2084 325 2201 381 nias
2238 341 2513 381 resumere
2553 342 2720 397 quas,
2760 334 2883 383 ante
2916 333 2973 381 ut
3006 322 3289 381 Dominum
3327 336 3671 396 sequeretur,

400 438 493 485 cut
520 427 640 484 aliis
670 437 855 483 venter
876 427 1016 482 Deus
1038 468 1052 492 ,
1085 427 1308 496 perinde
1340 428 1414 481 illi
1444 443 1633 481 aurum
1668 438 1769 480 est.
1832 428 1981 493 Quo-

398 520 545 575 circa
572 534 695 576 cum
730 519 782 574 id
806 518 975 589 probe
999 528 1182 574 nosset
1212 520 1273 574 Β.
1303 519 1502 574 Paulus
1521 561 1537 587 ,
1569 536 1673 573 non
1709 519 1867 575 modo
1890 534 1980 575 ra-

398 612 573 666 dicem
603 612 841 667 omnium
866 611 1150 677 malorum,
1177 612 1270 666 sed
1297 614 1457 667 etiam
1482 612 1835 666 idololatriam
1860 627 1981 668 eam

399 703 748 771 nuncupavit.
793 702 1197 772 Perpendamus
1222 704 1403 773 itaque
1435 703 1487 757 in
1531 714 1784 773 quantam
1826 704 1980 759 mali-

399 794 523 848 tiam
548 791 635 850 hic
655 794 873 850 morbus
903 794 1177 851 hominem
1218 794 1525 865 pertrahat,
1569 804 1625 849 ut
1652 797 1742 867 qui
1773 811 1893 850 eum
1924 796 1979 853 in

396 886 757 943 idololatriam
788 889 1062 957 conjiciat.
1112 890 1403 960 Postquam
1433 891 1575 945 enim
1606 906 1801 947 avarus
1824 907 1975 949 men-

397 987 505 1034 tem
533 994 686 1036 suam
718 981 787 1036 ah
806 998 992 1038 amore
1023 982 1114 1037 Dei
1140 984 1356 1048 avulsit,
1406 984 1666 1053 imagines
1696 986 1974 1042 hominum

396 1085 527 1127 auro
569 1074 865 1143 insculptas
890 1075 1073 1145 diligit
1105 1095 1115 1127 :
1151 1076 1523 1146 cjusmodique
1562 1079 1976 1148 cogitationibus

394 1162 781 1221 obtenebratus
811 1167 1111 1222 monachus
1130 1208 1143 1233 ,
1168 1167 1295 1221 dum
1320 1168 1386 1222 ad
1418 1168 1601 1237 pejora
1629 1182 1971 1239 augmentum

393 1256 607 1325 accipit,
640 1257 840 1313 nullam
872 1258 1128 1329 deinceps
1154 1259 1532 1326 humilitatem,
1559 1261 1973 1318 nullamhabere

390 1358 572 1418 potest
613 1350 1006 1418 obedientiam;
1056 1352 1150 1407 sed
1199 1353 1476 1419 irascitur,
1511 1354 1849 1423 indignatur,
1902 1354 1971 1411 ad

392 1442 673 1512 quodlibet
710 1459 843 1512 opus
882 1454 1216 1511 murmurat,
1262 1455 1553 1515 repugnat,
1579 1446 1723 1499 nulla
1754 1446 1970 1501 demum

390 1546 604 1590 servata
635 1536 978 1605 verecundia,
1029 1538 1179 1606 quasi
1226 1538 1668 1594 eﬂ'renatissimus
1693 1555 1864 1608 equus
1916 1540 1969 1593 in

392 1627 684 1696 precipitia
716 1628 917 1695 fertur,
947 1644 1045 1684 nec
1070 1630 1262 1685 diurno
1293 1632 1433 1685 victu
1460 1641 1777 1696 contentus,
1818 1631 1971 1686 deni-

2086 418 2375 488 abjecerat,
2404 434 2509 473 non
2526 419 2697 474 solum
2714 434 2834 474 cum
2858 418 2922 473 ad
2936 417 3147 473 Domini
3172 418 3531 488 proditionem
3560 421 3673 475 ani.

2085 527 2234 567 mum
2256 512 2569 583 appulisset,
2588 526 2653 566 ex
2685 510 2850 566 choro
2879 510 3255 580 Apostolorum
3288 520 3543 565 extrusus
3566 521 3669 578 est,

2083 604 2177 658 sed
2208 604 2380 671 ipsam
2410 603 2680 658 carnalem
2706 602 2866 656 vitam
2897 600 3131 657 violenta
3157 610 3329 655 morte
3358 602 3672 658 terminavit

2084 694 2301 766 (Matth.
2333 711 2499 760 xxvtt,
2524 696 2604 766 5).
2640 694 2876 749 Ananias
2899 703 2951 748 et
2975 692 3256 764 Sapphira,
3282 707 3401 747 cum
3424 694 3669 764 quaedam

2080 808 2147 848 ex
2173 794 2236 848 iis
2263 808 2385 863 quae
2421 792 2650 846 Domino
2678 798 3054 846 consecrarant
3104 798 3501 853 reservassent,
3531 804 3668 857 apa-

2079 885 2272 940 stolico
2299 901 2393 940 ore
2424 885 2611 940 mortis
2660 896 2875 953 poenam
2928 881 3085 935 luunt
3127 879 3272 948 (Act.
3304 882 3389 951 v).
3438 882 3665 951 Magnus

2079 984 2256 1031 autem
2307 976 2397 1030 ille
2438 974 2647 1045 Moyses
2688 974 2741 1027 in
2786 972 3207 1028 Deuteronomio
3246 972 3521 1042 mysticum
3564 972 3660 1029 dat

2080 1075 2405 1136 praceptum
2436 1066 2499 1119 iis
2522 1065 2610 1135 qui
2648 1064 2849 1118 mundo
2875 1062 3233 1117 renuntiaturi
3265 1071 3422 1129 sunt,
3455 1074 3507 1117 et
3529 1081 3661 1134 quo-

2082 1157 2206 1211 dam
2238 1156 2560 1223 ,diffidentize
2601 1166 2744 1210 metu
2778 1154 3007 1210 terrenis
3043 1153 3216 1207 adhuc
3251 1154 3555 1209 inhaerent:
3600 1157 3667 1211 Si

2079 1250 2191 1320 quis
2212 1249 2361 1302 homo
2385 1248 2592 1301 timidus
2621 1248 2686 1300 sit
2716 1256 2761 1300 et
2784 1246 2937 1301 corde
2972 1247 3217 1315 pavidus,
3237 1248 3280 1300 is
3306 1264 3408 1300 non
3440 1250 3665 1318 prodibit

2077 1342 2144 1395 ad
2174 1342 2390 1395 bellum:
2422 1341 2569 1394 abeat
2589 1339 2793 1395 domum
2820 1340 2985 1409 ibique
3008 1338 3231 1393 molliter
3256 1338 3430 1408 degat,
3450 1357 3514 1394 ne
3530 1342 3662 1411 forte

2077 1452 2313 1505 pavorem
2345 1435 2559 1489 incutiat
2606 1434 2841 1488 cordibus
2873 1436 3092 1503 fratrum
3119 1448 3326 1486 suorum
3354 1433 3539 1499 (Deut.
3562 1451 3651 1503 xx,

2075 1528 2154 1601 8).
2208 1529 2371 1583 Estne
2412 1528 2685 1598 quidpiam
2735 1526 2838 1580 hoc
2881 1526 3187 1581 testimonio
3226 1525 3468 1579 securius
3498 1536 3654 1596 atque

2076 1621 2377 1691 liquidius?
2430 1619 2620 1675 Nonne
2663 1620 2727 1674 iis
2772 1617 2950 1673 verbis
2995 1616 3285 1671 ediscimus
3322 1618 3413 1687 qui
3454 1618 3653 1675 mundo

390 1732 495 1787 (1116
515 1719 830 1774 ιθεῑίθεδιυΐ
857 1736 916 1776 se
948 1737 1051 1776 non
1086 1737 1243 1790 posse
1273 1724 1413 1777 ultra
1442 1724 1711 1778 sustinere
1743 1743 1754 1775 :
1787 1726 1970 1793 aitque
2001 1712 2051 1773 Β
2075 1717 2467 1781 renuntiamus,
2501 1715 2657 1770 nobis
2686 1714 2925 1783 perfecte
2954 1712 3371 1767 renuntiandum
3395 1722 3554 1784 atque
3579 1716 3651 1769 ita

390 1824 499 1866 non
527 1811 635 1866 illic
664 1821 867 1868 tantum
889 1828 1012 1870 esse
1032 1814 1223 1880 Deum,
1253 1830 1353 1870 nec
1381 1816 1611 1870 salutem
1637 1831 1786 1871 suam
1820 1832 1885 1871 eo
1914 1818 1967 1873 in

388 1902 511 1959 loco
539 1904 797 1961 inclusam
827 1920 977 1972 esse;
1004 1908 1098 1962 sed
1121 1907 1319 1977 ubique
1352 1908 1518 1963 Deum
1543 1923 1573 1962 a
1602 1910 1968 1978 quaerentibus

389 2011 448 2053 se
468 1999 695 2055 inveniri
724 2018 738 2053 :
782 2001 1076 2068 periturum
1119 2016 1179 2056 se
1212 2002 1317 2056 nisi
1347 2016 1415 2057 eo
1450 2002 1778 2056 monasterio
1808 2018 1968 2057 exce-

390 2090 508 2155 dat;
551 2101 602 2146 et
631 2092 707 2145 sic
733 2107 853 2147 cum
896 2093 961 2146 ad
1005 2102 1275 2163 corrupta:
1315 2094 1512 2149 mentis
1552 2108 1665 2148 suae
1706 2094 1965 2148 auxilium

389 2190 635 2250 suppetat
666 2184 941 2238 recondita
967 2184 1382 2254 peeunia,quasi
1407 2186 1732 2255 quibusdam
1754 2186 1965 2241 levatus

388 2274 521 2340 alis,
553 2276 926 2347 meditansque
964 2293 1119 2333 suum
1150 2293 1216 2333 ex
1245 2281 1572 2333 monasterio
1596 2280 1799 2333 exitum
1826 2324 1840 2347 ,
1874 2293 1965 2334 su-

390 2366 555 2436 perbe
580 2368 832 2439 deinceps
861 2379 1020 2439 atque
1040 2385 1229 2439 aspere
1252 2371 1319 2424 ad
1346 2371 1528 2425 omnia
1552 2372 1702 2439 jussa
1733 2386 1960 2440 respon-

387 2460 499 2529 det,
523 2475 685 2531 seque
712 2464 857 2517 velut
887 2465 1225 2532 peregrinum
1265 2471 1424 2531 atque
1454 2471 1772 2517 extraneum
1804 2478 1965 2532 repu-

385 2560 505 2606 tans
525 2594 541 2618 ,
567 2554 611 2607 si
633 2554 760 2619 quid
782 2554 836 2608 in
868 2556 1196 2609 monasterio
1226 2555 1599 2610 emendatione
1626 2555 1842 2623 dignum
1884 2556 1963 2610 vi-

384 2644 543 2709 derit,
568 2645 699 2698 nihil
728 2654 903 2711 curat,
934 2647 1097 2701 immo
1130 2647 1377 2715 despicit.
1411 2646 1615 2701 Dehinc
1647 2648 1837 2716 quaerit
1868 2662 1958 2702 oc-

383 2737 628 2791 casiones
652 2737 941 2792 iracundia:
962 2738 1340 2807 autiquerelm,
1372 2746 1520 2794 utne
1550 2739 1795 2793 videatur
1825 2741 1964 2795 levi-

382 2837 465 2883 ter
494 2838 548 2884 et
584 2830 783 2900 absque
815 2846 974 2885 causa
1000 2830 1181 2900 egredi
1212 2846 1283 2886 ex
1321 2831 1590 2887 coenobio.
1644 2830 1755 2886 Nec
1782 2846 1848 2887 eo
1870 2832 1962 2887 ille

382 2924 540 2978 modo
567 2940 625 2978 se
655 2940 844 2994 gerere
874 2924 1112 2989 dubitat,
1156 2932 1214 2978 ut
1248 2924 1430 2979 delicti
1457 2924 1539 2979 sui
1573 2924 1958 2994 opitulatorem

382 3016 637 3071 inveniat.
682 3015 756 3070 ita
784 3032 942 3086 porro
970 3017 1225 3073 seductus
1256 3032 1451 3072 avarus
1474 3032 1690 3071 suarum
1720 3018 1843 3087 igne
1867 3033 1957 3088 pe-

382 3109 991 3179 cuniarum,numquam
1024 3111 1075 3164 in
1105 3110 1433 3165 monasterio
1456 3118 1633 3178 potest
1652 3110 1954 3180 quiescere,
1984 3090 2032 3157 ε

380 3210 469 3255 aut
492 3202 591 3256 sub
617 3203 797 3273 regula
825 3204 1024 3258 vivere.
1082 3202 1214 3258 Cum
1250 3214 1427 3258 autem
1457 3203 1608 3257 illum
1635 3202 1847 3259 daemon
1889 3220 1958 3262 ex

380 3292 505 3346 ovili
532 3294 683 3362 quasi
714 3294 867 3363 lupus
890 3294 1214 3363 abripuerit,
1256 3302 1415 3363 atque
1444 3310 1511 3348 ex
1553 3294 1678 3348 ovili
1710 3309 1956 3365 segrega-

379 3390 513 3450 tum,
544 3400 573 3437 a
601 3401 658 3439 se
676 3385 1035 3439 devorandum
1064 3388 1350 3455 acceperit,
1383 3395 1492 3441 tum
1520 3397 1673 3442 curat
1704 3398 1757 3442 ut
1789 3402 1956 3457 opera

379 3494 498 3548 qua:
529 3480 681 3532 statis
707 3480 852 3533 horis
884 3480 935 3533 in
965 3480 1213 3533 ccenobio
1237 3480 1543 3551 negligebat
1568 3482 1787 3536 omnino
1808 3523 1822 3548 ,
1860 3497 1954 3537 ea-

378 3571 501 3625 dem
534 3579 690 3625 nocte
716 3579 769 3624 et
798 3571 885 3626 die
915 3587 1107 3643 magna
1136 3589 1257 3628 cum
1294 3575 1567 3631 alacritate
1590 3578 1645 3631 in
1678 3579 1815 3633 cella
1857 3593 1954 3633 sua

376 3663 655 3734 perﬁciat;
704 3678 876 3733 neque
899 3666 1031 3719 sinit
1064 3681 1183 3721 eum
1215 3682 1435 3738 precum
1482 3672 1949 3739 consuetudinem,

375 3757 700 3826 jejuniorum
730 3771 957 3825 morem,
1004 3760 1301 3831 vigiliarum
1345 3778 1587 3819 normam
1630 3766 1949 3831 observare;

378 3849 471 3904 sed
498 3850 569 3904 illi
594 3849 827 3906 avaritiae
842 3852 1023 3908 furore
1046 3855 1317 3926 colligato,
1350 3858 1539 3913 suadet
1558 3858 1625 3911 ad
1641 3873 1774 3927 opus
1794 3873 1948 3911 suum

378 3956 537 3997 omne
560 3944 815 4013 studium,
858 3961 1071 4002 omnem
1101 3949 1335 4005 laborem
1360 3951 1686 4019 impendere.
1718 3950 1951 4017 Hujusce

376 4049 505 4089 vero
544 4036 715 4091 morbi
761 4048 869 4092 tres
891 4048 1015 4093 sunt
1044 4040 1185 4094 modi
1221 4055 1250 4093 a
1287 4040 1481 4093 divinis
1511 4040 1804 4108 Scripturis
1835 4051 1887 4095 et
1919 4057 1949 4096 a

375 4126 589 4181 Patrum
622 4129 863 4183 doctrina
886 4145 1037 4199 teque
1058 4131 1334 4199 prohibiti.
1366 4131 1595 4197 Primus,
1628 4130 1697 4186 de
1723 4148 1829 4203 quo
1856 4148 1950 4188 su-

375 4221 559 4286 perius
587 4219 921 4289 scripsimus,
954 4220 1042 4289 qui
1072 4226 1223 4274 curat
1253 4228 1309 4273 ut
1330 4221 1535 4289 miseri,
1566 4236 1629 4276 ea
1660 4237 1777 4291 quae
1800 4237 1868 4278 ne
1895 4224 1949 4279 in

376 4312 577 4366 mundo
623 4311 838 4382 quidem
884 4312 1146 4378 habuere,
1183 4311 1465 4382 acquirant
1505 4321 1559 4367 et
1586 4316 1945 4371 accumulent.

374 4405 527 4461 Alter
572 4406 625 4460 id
654 4408 761 4478 agit
810 4414 868 4461 ut
903 4423 994 4463 eos
1015 4408 1104 4477 qui
1133 4408 1373 4477 pecuniis
1411 4410 1784 4463 renuntiarunt
1824 4411 1948 4466 facti

2073 1808 2140 1863 ad
2176 1807 2374 1863 bellum
2413 1805 2811 1875 procedendum
2844 1819 2993 1871 esse,
3035 1818 3102 1857 ne
3138 1802 3276 1858 forte
3313 1819 3383 1858 ex
3414 1807 3561 1860 molli
3601 1816 3657 1863 et

2072 1908 2325 1967 corrupto
2355 1898 2506 1953 initio
2528 1897 2663 1952 alios
2692 1896 2757 1952 ab
2784 1895 3092 1965 evangelica
3127 1896 3458 1965 pertemione
3499 1913 3651 1952 aver-

2072 1992 2285 2047 tamus?
2314 1988 2753 2060 Quandoquidem
2776 2002 2903 2041 vero
2927 1987 3054 2039 illud
3092 1986 3258 2054 probe
3289 1986 3340 2039 iu
3375 1987 3647 2057 Scriptura

2069 2086 2269 2141 dictum
2298 2128 2314 2152 ,
2348 2085 2557 2139 Beatius
2578 2092 2649 2138 est
2680 2083 2802 2137 dare
2826 2098 2975 2151 quam
3004 2082 3231 2152 accipere
3256 2081 3384 2148 (Act.
3406 2096 3493 2146 xx,
3521 2081 3638 2151 55),

2069 2178 2208 2231 male
2229 2178 2443 2247 quidam
2472 2177 2919 2244 interpretantur,
2952 2176 3169 2242 vimque
3195 2173 3383 2228 littera:
3414 2174 3639 2241 faciunt,

2067 2278 2229 2339 atque
2262 2270 2328 2323 ad
2359 2269 2630 2339 propriam
2666 2266 2912 2321 fraudem
2952 2274 3006 2320 et
3038 2265 3106 2320 ad
3132 2266 3365 2335 pecunia.-
3393 2267 3645 2336 concupi—

2072 2364 2333 2418 scentiam
2366 2362 2493 2415 dicti
2528 2361 2847 2415 sententiam
2893 2360 3209 2430 detorquent
3232 2404 3247 2428 ,
3299 2375 3504 2415 necnon
3536 2360 3647 2416 Do-

2066 2455 2195 2508 mini
2219 2452 2541 2518 doctrinam,
2571 2468 2690 2520 quae
2720 2452 2799 2505 sic
2834 2451 2993 2506 habet
3023 2469 3035 2503 :
3064 2451 3123 2506 Si
3151 2453 3222 2504 ris
3244 2453 3492 2523 perfectus
3518 2470 3648 2520 esse,

2065 2548 2221 2602 vende
2249 2547 2421 2600 omnia
2455 2561 2569 2615 qua:
2606 2545 2757 2599 habes
2794 2554 2842 2598 et
2869 2546 2936 2597 da
2975 2545 3281 2615 pauperibus
3303 2586 3317 2609 ,
3360 2554 3405 2597 et
3441 2544 3649 2601 habebis

2065 2644 2357 2698 thesaurum
2380 2644 2433 2695 in
2467 2643 2623 2707 calo,
2669 2650 2718 2694 et
2745 2643 2879 2707 veni,
2929 2658 3135 2709 sequere
3168 2657 3245 2694 me
3271 2641 3496 2712 (Matth.
3532 2659 3645 2708 XIX,

2062 2737 2189 2809 2|);
2214 2746 2267 2791 et
2290 2736 2532 2805 judicant
2560 2734 2868 2789 divitiarum
2900 2733 3204 2788 facultatem
3235 2744 3550 2804 paupertate
3575 2736 3646 2789 fe-

2063 2832 2301 2886 liciorem
2332 2844 2474 2895 esse,
2500 2844 2665 2899 seque
2695 2844 2760 2882 ex
2796 2827 3103 2895 hujusmodi
3132 2827 3459 2882 abundantia
3484 2844 3641 2896 posse

2063 2927 2427 2997 indigentibus
2470 2923 2695 2992 largiri;
2734 2924 2905 2978 sciant
2945 2922 3251 2991 hujusmodi
3296 2922 3539 2978 homines
3580 2939 3641 2979 se

2064 3019 2303 3074 nondum
2336 3016 2533 3071 mundo
2556 3016 2915 3079 renuntiasse,
2944 3028 3119 3082 neque
3145 3014 3420 3070 ambulare
3452 3016 3502 3069 in
3526 3029 3639 3069 mo-

2062 3112 2265 3166 nastica
2294 3109 2645 3179 perfectione,
2676 3106 2927 3177 quamdiu
2958 3106 3285 3162 erubescunt
3306 3123 3401 3176 pro
3427 3107 3642 3162 Christo

2060 3205 2348 3276 gloriosam
2380 3218 2503 3257 cum
2542 3201 2801 3271 Apostolo
2826 3215 3102 3254 assumere
3140 3209 3530 3269 paupertatem,
3553 3210 3639 3255 at-

2060 3312 2165 3366 que
2203 3312 2271 3349 ex
2317 3310 2487 3364 opere
2532 3308 2785 3347 manuum
2813 3291 2916 3345 sibi
2982 3292 3273 3362 egenisque
3330 3294 3638 3347 subvenire.

2058 3388 2210 3456 Quod
2239 3388 2284 3441 si
2307 3388 2618 3441 desiderent
2644 3385 2990 3439 monasticam
3020 3396 3183 3453 opere
3214 3385 3485 3454 complere
3516 3400 3643 3455 pro~

2059 3482 2394 3547 missionem,
2424 3489 2479 3534 et
2505 3494 2626 3534 cum
2655 3478 2912 3546 Apostolo
2939 3477 3162 3547 gloriam
3208 3478 3471 3545 accipere,
3520 3479 3637 3533 dis-

2059 3574 2276 3629 tributis
2314 3573 2588 3627 veteribus
2626 3570 2827 3626 divitiis
2869 3572 2921 3624 in
2956 3568 3130 3634 fame,
3168 3570 3255 3623 siti
3292 3581 3343 3624 et
3374 3569 3635 3635 nuditate,

2058 3681 2177 3721 cum
2210 3665 2373 3720 Paulo
2397 3666 2675 3720 decertent
2700 3663 2899 3717 bonum
2929 3672 3199 3716 certamen
3223 3660 3291 3730 (ll
3310 3661 3444 3715 Tim.
3463 3678 3537 3726 tv,
3556 3662 3635 3732 7).

2056 3758 2189 3813 Nam
2214 3760 2257 3813 si
2285 3759 2352 3813 ad
2380 3757 2787 3828 perfectionem,
2812 3753 3168 3809 necessariam
3192 3763 3495 3823 reputasset
3520 3755 3639 3823 ipsc

2062 3852 2351 3921 Apostolus
2390 3859 2631 3905 veterum
2672 3847 2978 3901 divitiarum
3018 3845 3411 3914 possessionem
3436 3886 3451 3911 ,
3491 3846 3637 3914 prio-

2055 3965 2169 4005 rem
2193 3964 2347 4005 suam
2377 3948 2688 4017 dignitatem
2718 3945 2935 4000 minime
2949 3942 3282 4012 despexisset
3314 3960 3327 3995 :
3352 3957 3411 3997 se
3435 3941 3635 4010 quippe

2053 4042 2315 4096 illustrem
2332 4040 2566 4094 etcivem
2588 4039 2750 4092 fuisse
2773 4038 3071 4091 Romanum
3088 4042 3313 4089 testatur
3339 4033 3475 4104 (Act.
3498 4049 3629 4098 χχιι,

2053 4132 2167 4205 25).
2210 4133 2312 4199 Qui
2360 4139 2540 4186 autem
2585 4131 2941 4201 Jerosolyma:
2991 4129 3179 4183 domos
3228 4126 3529 4182 vendebant
3578 4136 3633 4182 et

2054 4226 2251 4297 prmdia
2273 4240 2392 4291 sua,
2442 4233 2499 4279 et
2538 4223 2607 4278 ad
2660 4222 2824 4293 pedes
2876 4222 3241 4293 apostolorum
3290 4220 3633 4291 deponehant

2058 4321 2193 4391 (Aet.
2218 4337 2301 4389 tv,
2333 4320 2457 4391 55),
2485 4336 2820 4391 nequaquam
2849 4320 2981 4375 illud
3013 4320 3270 4391 egissent,
3313 4321 3357 4374 si
3387 4330 3627 4386 nossent,

2053 4416 2320 4470 aestimare
2368 4414 2646 4483 apostolos
2700 4413 2907 4469 felicius
2957 4428 3078 4469 esse
3121 4412 3357 4482 pecuniis
3408 4412 3518 4466 suis
3554 4414 3625 4466 ali

377 4499 635 4568 poeniteat
658 4477 1017 4569 {suadetque
1057 4498 1164 4554 illis
1192 4508 1249 4553 ut
1285 4500 1563 4569 requirant
1597 4515 1659 4555 ea
1688 4515 1810 4569 quas
1839 4502 1948 4558 Deo
1977 4477 2026 4538 θ
2050 4523 2208 4578 quam
2248 4477 2436 4563 iabore
2476 4506 2695 4576 proprio
2724 4514 2779 4561 et
2818 4521 3071 4561 manuum
3118 4477 3300 4575 opere.
3349 4501 3625 4571 Liquidius

376 4589 639 4644 obtulere.
682 4589 891 4645 Tertius
918 4590 962 4645 is
994 4599 1073 4645 est
1093 4592 1180 4659 qui
1202 4604 1323 4645 cum
1346 4591 1502 4647 initio
1525 4595 1842 4649 monachum
1874 4596 1952 4651 in-

374 4681 710 4736 credulitatis
750 4681 1027 4751 tepiditate
1063 4683 1313 4753 illigarit,
1364 4700 1469 4739 non
1507 4686 1637 4741 sinit
1670 4703 1791 4743 eum
1822 4703 1947 4757 per-

370 4771 511 4829 fecte
539 4775 822 4830 mundanis
850 4774 1224 4832 abrenuntiare
1250 4777 1433 4845 rebus,
1459 4779 1949 4852 animofsnbjiciens

369 4878 571 4922 metum
597 4867 926 4936 paupertatis
967 4875 1127 4936 atque
1160 4867 1507 4923 diffidentiam
1538 4871 1633 4925 Dei
1662 4872 1949 4940 providen-

370 4959 493 5025 tiae;
519 4959 773 5029 illumque
800 4960 1187 5029 promissorum
1219 4960 1532 5017 violatorem
1564 4963 1779 5019 exhibet
1798 4979 1941 5032 esse,

369 5067 556 5108 eorum
584 5055 791 5109 scilicet
836 5068 953 5123 qua:
980 5054 1251 5123 professus
1288 5065 1368 5110 est
1397 5055 1523 5109 dum
1565 5058 1765 5111 mundo
1786 5057 1943 5113 abre-

368 5151 659 5205 nuntiaret.
710 5148 912 5204 Horum
940 5164 1101 5217 porro
1128 5149 1286 5204 trium
1312 5150 1592 5205 modorum
1622 5153 1865 5220 exempla
1888 5152 1942 5207 in

368 5243 547 5298 divina
587 5242 857 5312 Scriptura
903 5242 1212 5297 abscondita
1249 5243 1565 5311 reperimus.
1629 5242 1761 5297 Nam
1794 5243 1940 5299 Giezi

367 5335 511 5406 quod
539 5336 793 5407 pecunias
809 5351 939 5408 quas
965 5344 1087 5391 ante
1108 5351 1213 5391 non
1237 5337 1495 5391 habuerat
1522 5338 1938 5407 concupivisset,

366 5430 606 5499 privatus
632 5441 714 5486 est
742 5430 1034 5501 prophetiae
1062 5431 1229 5501 gratia
1250 5472 1264 5497 ,
1295 5446 1451 5499 quam
1481 5432 1699 5485 volebat
1728 5432 1805 5486 illi
1833 5447 1943 5487 ma-

358 5521 531 5596 gister
551 5525 666 5596 ejus
698 5524 1026 5581 haereditatis
1062 5526 1181 5581 loco
1206 5527 1544 5596 relinquere;
1577 5534 1629 5580 et
1658 5541 1753 5595 pro
1779 5526 1941 5581 bene-

363 5612 620 5683 dictione,
652 5633 747 5687 per
776 5619 1048 5687 prophetae
1078 5617 1422 5672 maledictum
1462 5627 1715 5671 aeternam
1750 5634 1937 5687 posse-

369 5700 676 5775 ditlepram
703 5710 793 5775 (IV
828 5711 949 5780 Reg.
974 5708 1048 5777 ν).
1087 5708 1251 5763 Iudas
1294 5723 1420 5764 vero
1449 5724 1567 5763 cum
1595 5711 1751 5764 vellet
1769 5726 1932 5778 pecu-

2052 4610 2228 4656 autem
2252 4615 2368 4656 eam
2401 4615 2513 4656 rem
2542 4601 2702 4656 docet
2729 4599 3016 4670 Apostolus
3045 4600 3095 4653 in
3137 4612 3231 4653 sua
3260 4596 3324 4653 ad
3352 4596 3625 4651 Romanos

2052 4692 2288 4761 Epistola
2320 4710 2333 4745 :
2368 4692 2522 4747 Nunc
2540 4701 2709 4746 autem
2744 4692 3039 4761 proﬁciscar
3076 4691 3129 4743 in
3176 4688 3492 4756 Jerusalem,
3523 4689 3626 4742 mi-

2051 4786 2270 4839 nistrare
2337 4786 2545 4839 sanctis.
2617 4783 2966 4839 Probavcrunt
3026 4783 3159 4835 enim
3222 4780 3526 4835 Macedonia
3581 4790 3629 4834 et

2052 4880 2244 4933 Achaia
2267 4921 2281 4945 ,
2307 4880 2627 4934 collationem
2652 4879 2878 4948 aliquam
2915 4881 3081 4947 facere
3128 4876 3182 4929 in
3218 4891 3468 4944 pauperes
3508 4889 3629 4928 san-

2052 4978 2272 5036 ctorum,
2324 4971 2411 5039 qui
2452 4977 2567 5022 sunt
2614 4970 2666 5022 in
2703 4967 2989 5022 Jerusalem
3029 4965 3208 5038 (Rom.
3228 4964 3459 5035 ΗΑΒ).
3507 4963 3628 5033 Ipse

2051 5069 2227 5117 autem
2248 5060 2457 5115 vinctus
2480 5061 2795 5129 plerumque
2812 5067 2866 5112 et
2887 5058 2940 5111 in
2963 5057 3287 5121 carceribus,
3312 5055 3627 5124 itinerisque

2050 5154 2403 5208 incommodis
2427 5152 2690 5209 subditus.
2723 5159 2883 5221 atque
2910 5166 2975 5205 eo
3005 5150 3320 5219 impeditus,
3347 5163 3415 5204 ne
3437 5149 3510 5203 uti
3531 5162 3625 5203 so-

2051 5244 2223 5312 lebat,
2252 5246 2485 5315 propriis
2521 5243 2768 5298 manibus
2803 5242 3105 5299 necessaria
3137 5241 3240 5296 sibi
3285 5249 3527 5311 pararet,
3559 5254 3625 5293 ea

2050 5353 2108 5393 se
2132 5338 2403 5408 accepisse
2423 5337 2581 5392 docet
2606 5336 2673 5391 ab
2701 5337 2767 5390 iis
2789 5324 2881 5405 qui
2912 5350 2943 5390 e
2983 5333 3289 5388 Macedonia
3330 5342 3483 5389 erant
3518 5330 3625 5385 fra-

2048 5433 2236 5501 tribus,
2263 5431 2459 5503 quiqne
2480 5446 2539 5487 se
2558 5436 2943 5493 convenerant,
2962 5427 3113 5483 aiens
3148 5445 3160 5479 :
3192 5426 3328 5481 Nam
3340 5426 3479 5495 quod
3495 5424 3625 5478 mihi

2045 5527 2218 5580 deerat
2244 5527 2603 5595 suppleverunt
2624 5527 2808 5596 fratres
2844 5524 2929 5592 qui
2971 5529 3211 5577 venerunt
3253 5538 3285 5574 a
3314 5520 3625 5574 Macedonia

2043 5617 2108 5688 (ll
2141 5616 2257 5673 Cor.
2290 5633 2365 5684 ιι,
2396 5618 2473 5687 9).
2516 5617 2582 5672 Et
2623 5617 2689 5671 ad
2735 5616 3113 5684 Philippenses
3145 5629 3158 5665 :
3194 5611 3345 5677 Quod
3386 5612 3439 5662 in
3475 5611 3621 5680 prin-

2040 5713 2173 5781 cipio
2222 5710 2488 5780 Evangelii
2542 5727 2655 5765 cum
2692 5709 2838 5763 nulla
2886 5708 3117 5763 Ecclesia
3154 5703 3523 5759 communicavi
3564 5700 3625 5756 in
