4042 6188
352 197 477 259 885

1356 184 1702 243 EPITOMES
1738 178 2027 238 OPERUM
2063 179 2381 237 CASSIANI
2418 182 2549 237 LIB.
2579 185 2645 238 II.

3518 192 3519 195 “
3537 194 3644 254 886

358 308 571 365 ratione
598 305 705 360 dati
735 310 823 358 aut
864 302 1077 373 accepti,
1117 300 1218 354 nisi
1247 298 1503 353 vobiscum
1549 295 1671 352 solis
1704 312 1723 351 :
1750 296 1873 367 quia
1906 300 1955 347 et
1982 294 2039 356 Α
2060 308 2206 360 mur,
2230 292 2487 364 scriptum
2517 294 2715 364 quippe
2743 304 2863 352 est:
2888 299 2971 354 Ira
3008 302 3170 358 etiam
3204 304 3494 373 prudentes
3530 307 3648 365 disa

362 398 752 457 Thessalonica:
789 396 942 451 semel
993 404 1040 449 et
1070 394 1144 447 bis
1170 394 1227 447 in
1253 408 1404 445 usum
1432 391 1558 444 mihi
1587 390 1755 461 fuistis
1798 386 1956 459 (Phi-

368 495 507 564 (ipp.
542 507 614 560 1v,
649 489 755 559 l5).
806 487 923 543 Sint
987 485 1166 554 itaque
1204 482 1382 549 avari,
1441 482 1594 551 juxta
1644 496 1796 535 suam
1835 494 1959 535 sen-

373 588 633 651 tentiam,
671 581 927 652 Apostolo
974 579 1279 644 beatiores;
1325 575 1759 648 quandoquidem
1824 572 1959 644 ipsis

374 695 444 736 ex
474 678 683 749 propria
708 673 1030 740 substantia,
1057 687 1175 743 qua:
1201 671 1303 725 sibi
1336 669 1635 725 necessaria
1659 676 1804 733 sunt,
1828 683 1959 737 sup-

375 771 703 843 peditantur.
769 767 874 824 Sed
919 782 1079 821 nemo
1117 766 1220 820 nisi
1259 764 1313 819 in
1355 774 1653 819 extremam
1696 761 1960 816 deciderit

373 862 687 927 amentiam,
721 860 774 915 id
798 858 1040 930 proferre
1068 874 1231 916 ausus
1259 857 1444 913 fuerit.
1496 857 1553 912 Si
1583 856 1831 911 volumus
1859 855 1957 910 ita-

371 968 478 1024 que
526 952 896 1021 evangelicum
938 960 991 1005 et
1014 950 1368 1019 apostolicum
1406 949 1555 1019 sequi
1601 956 1952 1017 prazceptum,

371 1054 539 1113 atque
567 1045 873 1099 universam
905 1059 1067 1113 supra
1093 1042 1368 1112 apostolos
1406 1042 1474 1097 ab
1508 1042 1659 1095 initio
1685 1041 1957 1095 fundatam

373 1136 703 1203 Ecclesiam,
757 1150 824 1190 ne
862 1135 1205 1206 opinionibus
1249 1133 1450 1188 nostris
1494 1132 1954 1202 obtemperemus,

373 1243 479 1283 nec
508 1244 569 1284 ea
592 1244 708 1301 quae
730 1228 899 1299 probe
918 1228 1060 1281 dicta
1089 1236 1214 1281 sunt
1256 1240 1540 1297 perperam
1572 1225 1954 1293 intelligamus,

372 1335 441 1375 ac
468 1322 744 1390 repudiato
764 1319 943 1391 tepido
960 1320 1051 1373 illo
1074 1328 1232 1387 atque
1257 1317 1539 1372 incredulo
1556 1316 1719 1371 animi
1735 1316 1952 1384 affectu,

370 1422 685 1467 accuratum
716 1411 986 1481 Evangelii
1008 1410 1240 1464 studium
1263 1425 1637 1477 assequamur.
1670 1410 1741 1463 Ea
1759 1411 1957 1479 quippe

372 1507 586 1559 ratione
612 1504 907 1558 valebimus
934 1513 1240 1557 sanctorum
1269 1502 1488 1555 Patrum
1511 1502 1761 1571 subsequi
1795 1502 1957 1556 vesti-

368 1597 479 1666 gia,
497 1606 657 1664 atque
672 1612 699 1649 a
724 1594 957 1650 cmuobii
973 1595 1196 1648 scientia
1212 1604 1265 1648 et
1283 1594 1525 1648 instituto
1549 1609 1837 1662 numquam
1861 1592 1956 1648 ab-

2064 388 2275 460 perdit;
2334 403 2509 457 neque
2546 388 2770 457 justitiae
2810 390 3173 459 gubernacula
3208 395 3447 466 vigilanti
3480 399 3647 456 corde

2061 482 2297 537 retinere
2326 480 2568 535 valemus
2588 495 2709 535 cum
2732 482 2987 552 scriptum
3019 485 3087 538 sit
3115 502 3129 537 :
3156 483 3248 540 Ira
3273 489 3368 542 uiri
3386 490 3647 560 justitiam

2061 573 2160 628 Dei
2188 589 2289 628 non
2319 582 2557 645 operatur
2588 571 2794 645 (Iacob.
2825 588 2866 641 ι,
2897 573 3024 646 20);
3076 592 3252 644 neque
3288 582 3526 636 omnium
3549 598 3647 639 ore

2062 665 2389 720 celebratam
2412 664 2731 721 modestiam
2759 665 3168 739 decentiamque
3194 670 3435 727 obtinere
3462 690 3646 743 possu-

2063 772 2221 811 mus:
2272 756 2703 827 quandoquidem
2756 758 3015 828 scriptum
3043 767 3169 815 est:
3218 758 3314 814 Vir
3367 764 3646 821 iracundus

2060 851 2323 905 modestus
2353 868 2454 905 non
2482 861 2557 905 est
2587 849 2772 921 (Prov.
2808 867 2887 921 xt,
3084 852 3185 919 Qui
3236 855 3469 910 voluerit
3518 873 3641 928 ergo

2062 941 2130 997 ad
2182 942 2565 1011 perfectionem
2612 943 2907 1013 attingere,
2961 944 3052 1015 qui
3101 957 3323 1016 exoptat
3370 950 3646 1018 spirituale

2060 1044 2336 1091 certamen
2362 1037 2598 1106 legitime
2637 1036 2822 1105 obire,
2869 1037 2940 1094 ob
2976 1040 3124 1095 omni
3152 1039 3348 1097 delicto
3384 1044 3475 1097 irtc
3507 1046 3646 1101 furo~

2061 1130 2204 1185 risve
2234 1132 2440 1187 alienus
2471 1132 2563 1197 sit,
2595 1130 2886 1202 audiatque
2908 1133 3035 1203 quid
3068 1136 3343 1205 praecipiat
3372 1136 3473 1191 Vas
3514 1138 3645 1195 illud

2062 1223 2345 1278 electionis
2382 1240 2395 1277 :
2426 1224 2606 1278 Omnis
2652 1226 2939 1280 amaritudo
2971 1235 3019 1281 et
3055 1230 3131 1281 ira
3161 1241 3207 1282 et
3248 1231 3557 1302 indignatio,
3596 1239 3642 1288 et

2061 1316 2276 1382 clamor,
2304 1324 2351 1368 et
2375 1314 2688 1386 blasphemia
2710 1318 2925 1371 tollatur
2953 1337 2984 1371 a
3015 1319 3150 1372 vobis
3173 1339 3282 1373 cum
3316 1327 3452 1377 omni
3496 1325 3641 1377 maliv

2061 1408 2133 1461 tia
2164 1406 2381 1479 (Ephes.
2416 1424 2485 1473 tv,
2512 1410 2625 1480 51).
2667 1410 2799 1464 Cum
2848 1412 2921 1464 ait
2951 1421 3129 1466 autem
3159 1431 3390 1479 omnem,
3443 1416 3640 1471 nullam

2060 1500 2211 1555 nobis
2236 1500 2616 1571 indignationis
2666 1504 3025 1573 occasionem,
3076 1505 3159 1559 vel
3207 1508 3359 1575 quasi
3402 1523 3640 1561 nt'CCSSQ‘

2058 1592 2221 1655 riam,
2277 1592 2361 1647 vel
2393 1595 2542 1662 quasi
2592 1604 3008 1650 consentaneam
3052 1596 3283 1665 reliquit.
3335 1598 3434 1663 Qui
3484 1598 3640 1666 igitur

370 1685 635 1751 scedcre,
694 1684 929 1752 itemque
976 1698 1158 1737 revera
1187 1682 1312 1736 huic
1374 1682 1575 1736 mundo
1619 1682 1951 1737 renuntiare.
1983 1675 2031 1736 B
2058 1690 2331 1737 errantem
2360 1684 2576 1738 fratrem
2605 1686 2880 1754 corripere
2900 1688 3404 1755 autcastigatiouem
3430 1690 3527 1757 ipsi
3560 1690 3641 1743 ine

370 1772 564 1843 Operae
586 1784 762 1830 autem
804 1776 1031 1843 pretium
1056 1773 1217 1828 fuerit
1245 1774 1348 1829 hoc
1378 1774 1497 1827 loco
1518 1786 1827 1829 sanetorum
1856 1776 1954 1830 Pa-

369 1875 515 1919 trum
562 1866 698 1919 dicta
738 1880 1061 1919 memorare.
1115 1864 1307 1919 Fertur
1347 1866 1524 1936 itaque
1565 1867 1735 1921 sancti
1776 1866 1955 1922 Basilii

369 1960 611 2028 episcopi
649 1959 908 2014 Caesarea:
952 1958 1308 2028 Cappadociae
1347 1974 1527 2013 sermo
1562 1959 1627 2012 ad
1667 1958 1953 2029 quemdam

369 2058 703 2111 senatorium
754 2056 963 2123 virum,
1009 2056 1099 2125 qui
1128 2054 1330 2125 itepide
1371 2056 1572 2110 mundo
1609 2056 1953 2111 abrenuntia-

367 2149 464 2213 vit,
504 2157 557 2203 et
604 2149 694 2218 qui
741 2165 805 2203 ex
870 2149 1111 2219 pecuniis
1151 2149 1262 2204 suis
1300 2150 1572 2222 quidpiam
1621 2151 1949 2217 reservavit,

367 2242 572 2295 dictum
590 2242 852 2311 ejusmodi
884 2259 897 2295 :
922 2244 987 2295 Et
1008 2243 1332 2297 senatorium
1360 2243 1661 2312 perdidisti,
1687 2253 1740 2297 et
1760 2259 1953 2297 mona-

367 2333 529 2387 chum
562 2348 665 2386 non
695 2334 885 2388 fecisti.
928 2335 1147 2404 Oportet
1169 2334 1329 2403 igitur
1348 2335 1490 2387 omni
1518 2349 1642 2387 cura
1667 2349 1735 2388 ex
1768 2346 1951 2389 nostra

369 2426 688 2480 exscindere
732 2426 907 2479 anima
954 2426 1188 2481 radicem
1216 2443 1278 2481 ac
1306 2427 1631 2497 principium
1685 2429 1951 2484 malorum

370 2518 633 2581 omnium,
662 2517 934 2571 avaritiam
959 2517 1199 2572 scilicet:
1232 2519 1715 2588 compertissimum
1750 2520 1953 2575 haben-

370 2616 472 2674 tes,
507 2618 756 2663 manente
799 2606 998 2674 radice,
1052 2624 1232 2663 ramos
1276 2610 1568 2678 pullulare,
1625 2608 1952 2680 difficileque

368 2715 488 2755 esse
520 2702 769 2755 virtutem
793 2716 1066 2771 exercere,
1102 2700 1207 2755 nisi
1238 2702 1290 2756 in
1314 2703 1561 2758 coenobio
1582 2702 1859 2772 degamus,
1893 2703 1949 2757 in

368 2791 487 2863 ipso
518 2796 660 2848 enim
690 2794 849 2849 etiam
874 2793 941 2849 de
968 2793 1288 2849 necessariis
1325 2795 1485 2850 rebus
1516 2794 1649 2848 nihil
1677 2809 1947 2850 curamus.

368 2889 589 2943 Ananiae
613 2900 665 2943 ct
687 2888 966 2958 Sapphirce
993 2887 1394 2943 damnationem
1424 2889 1565 2956 (Act.
1594 2884 1648 2957 v)
1685 2904 1791 2955 pra:
1822 2902 1951 2941 ocu-

368 2979 432 3035 lis
472 2982 771 3046 habentes,
832 2981 1149 3036 horreamus
1205 2981 1273 3033 de
1328 2979 1560 3047 antiquis
1609 2977 1951 3031 facultatibus

370 3073 639 3141 quidpiam
669 3072 824 3126 nobis
850 3087 1145 3125 reservare.
1187 3069 1445 3126 Similiter
1473 3069 1623 3125 Giezi
1645 3070 1948 3139 exemplum

372 3160 457 3230 (IV
483 3161 611 3233 Reg.
637 3161 693 3232 v)
724 3162 1181 3230 pertimescamus,
1212 3162 1301 3227 qui
1328 3162 1567 3215 avaritia:
1596 3176 1757 3215 causa
1789 3170 1948 3216 aeter-

371 3268 452 3307 nae
491 3253 652 3322 lepra:
695 3252 920 3306 traditus
950 3262 1049 3307 est.
1104 3249 1405 3307 Caveamus
1430 3269 1496 3306 ne
1538 3252 1691 3307 nobis
1726 3252 1951 3322 hujusce

371 3345 491 3398 vitae
520 3345 772 3413 pecunias
806 3344 1228 3410 accumulemus,
1260 3359 1394 3414 quas
1429 3361 1495 3400 ne
1528 3346 1579 3398 iu
1608 3345 1708 3399 hoc
1733 3345 1949 3414 quidem

370 3435 566 3490 mundo
595 3434 950 3504 possedimus.
976 3434 1283 3489 Timeamus
1305 3434 1510 3501 itidem,
1538 3435 1728 3490 ludam
1758 3437 1948 3508 laqueo

370 3540 681 3601 pereuntem
706 3531 983 3585 nobiscum
1010 3541 1344 3600 reputantes,
1376 3549 1444 3588 ne
1474 3533 1742 3605 quidpiam
1766 3550 1947 3592 serve-

370 3642 488 3681 mus
506 3643 571 3682 cx
586 3627 649 3681 iis
670 3627 918 3681 omnibus
935 3627 1129 3697 quibus
1159 3643 1280 3681 cum
1298 3639 1608 3698 contemptu
1622 3629 1949 3684 renuntiavi-

370 3738 507 3777 mus.
528 3722 610 3777 Ad
637 3722 749 3776 lucc
778 3721 954 3775 omnia
970 3738 1079 3793 prce
1096 3724 1265 3778 oculis
1288 3738 1502 3795 semper
1524 3726 1782 3781 habentes
1812 3741 1949 3781 mor-

374 3815 441 3868 tis
466 3814 725 3869 incertam
759 3813 967 3877 horam,
987 3830 1273 3871 caveamus
1300 3831 1387 3883 ne,
1428 3832 1531 3887 qua
1563 3819 1693 3871 hora
1715 3833 1820 3872 non
1849 3834 1947 3888 pu-

371 3915 545 3959 tamus
594 3906 771 3961 veniat
816 3905 1115 3975 Dominus,
1169 3907 1660 3979 conscientiamque
1706 3918 1947 3964 nostram

369 3997 608 4054 inveniat
653 3998 878 4053 avaritia
934 4001 1275 4065 maculatam,
1330 4002 1580 4071 dicatque
1621 4002 1775 4057 nobis
1816 4002 1946 4058 illud

368 4091 509 4160 quod
531 4091 681 4145 diviti
706 4092 782 4145 illi
813 4093 867 4145 in
905 4089 1196 4162 Evangelio
1218 4092 1421 4147 dictum
1450 4101 1533 4148 est
1562 4111 1574 4145 :
1617 4093 1820 4162 Stulte,
1852 4094 1947 4149 hac

369 4192 511 4236 nocte
537 4200 569 4237 a
596 4192 643 4237 te
675 4192 907 4256 repetunt
948 4186 1177 4238 animam
1199 4194 1369 4254 tuam,
1401 4202 1513 4257 qua:
1551 4196 1719 4241 autem
1749 4188 1948 4257 parasti

371 4278 514 4345 cujus
543 4286 685 4330 erunt
714 4275 865 4349 (Luc.
889 4292 986 4340 xu,
1017 4275 1157 4347 20)?
1941 4310 1951 4364 Α

440 4368 493 4421 4.
525 4366 715 4439 (Cass.
748 4366 885 4421 Inst.
919 4367 956 4423 ι.
988 4384 1100 4436 vm,
1131 4384 1176 4421 c.
1214 4369 1240 4422 1
1269 4378 1315 4423 et
1342 4370 1513 4441 seqq.)
1561 4368 1819 4435 Quartum
1850 4384 1948 4424 no-

366 4460 543 4518 bisest
565 4468 836 4513 certamen
858 4460 1117 4513 adversus
1136 4459 1383 4529 spiritum
1406 4462 1693 4515 iracundiae
1710 4502 1725 4527 ,
1744 4472 1802 4514 ut
1822 4476 1944 4516 cum

367 4551 479 4605 Deo
516 4548 851 4604 mortiferum
898 4549 1054 4618 hujus
1084 4564 1353 4603 venenum
1396 4564 1462 4603 ex
1516 4550 1704 4603 intimo
1754 4551 1945 4604 anima:

368 4652 565 4697 nostrae
593 4641 986 4697 exscindamus.
1032 4643 1111 4696 Eo
1135 4640 1280 4696 enim
1305 4642 1443 4695 intra
1469 4656 1563 4696 cor
1593 4651 1835 4695 nostrum
1857 4657 1944 4695 re-

368 4736 574 4809 posito,
603 4750 668 4791 ac
695 4734 994 4790 tenebrosis
1036 4735 1351 4790 tumultibus
1381 4735 1597 4789 oculum
1629 4736 1826 4789 mentis
1851 4750 1945 4790 ex-

366 4833 639 4897 cmcante',
664 4828 862 4883 nullam
884 4844 1069 4884 eorum
1099 4844 1215 4899 qua:
1233 4838 1594 4885 consentanea
1617 4830 1771 4885 nobis
1817 4837 1944 4886 sunt

366 4921 743 4977 discretionem
768 4921 966 4976 habere
994 4922 1267 4989 valemus,
1312 4937 1485 4993 neque
1511 4923 1805 4994 spiritualis
1844 4939 1939 4980 co-

364 5016 619 5086 gnitionis
648 5013 1186 5083 comprehensionem
1216 5014 1462 5070 invenire
1482 5054 1497 5082 ,
1523 5030 1622 5071 nec
1652 5030 1791 5071 vera:
1820 5015 1945 5071 vita:

365 5109 659 5179 participes
678 5107 841 5177 effici,
868 5123 967 5165 nec
992 5122 1146 5164 mens
1175 5116 1356 5163 nostra
1387 5108 1586 5164 divinae
1616 5124 1680 5164 ac
1710 5123 1850 5164 verat
1872 5108 1948 5163 lu-

366 5199 442 5256 cis
472 5215 640 5271 capax
669 5199 795 5255 erit.
840 5199 997 5270 Nam,
1028 5200 1281 5254 Turbatus
1310 5208 1404 5269 est,
1438 5201 1530 5268 ait,
1570 5218 1602 5254 a
1628 5205 1801 5271 furore
1823 5216 1943 5255 ocu-

369 5291 446 5346 lus
472 5308 613 5345 meus
647 5290 873 5362 (Psalm.
906 5308 977 5356 vr,
1007 5292 1083 5362 8).
1130 5290 1314 5360 Neque
1356 5292 1631 5362 sapientiae
1661 5291 1948 5363 participes

371 5384 590 5450 erimus,
619 5384 829 5439 etiamsi
858 5385 1010 5439 nobis
1038 5383 1167 5454 ipsis
1208 5384 1477 5453 sapientes
1504 5383 1806 5452 videamur,
1829 5400 1951 5440 cum

374 5476 627 5545 scriptum
667 5476 773 5531 sit:
806 5476 982 5531 Furor
1022 5477 1077 5531 in
1126 5478 1246 5531 sinu
1288 5477 1631 5547 insipientium
1664 5475 1951 5543 habitabit;

374 5568 467 5623 sed
490 5584 663 5639 neque
688 5572 952 5626 salutares
974 5570 1313 5625 discretionis
1353 5572 1532 5625 radios
1557 5571 1815 5641 consequi
1840 5585 1954 5640 pos-

375 5676 577 5733 sumus,
594 5665 697 5721 etsi
719 5664 786 5721 ab
806 5665 1108 5721 hominibus
1127 5680 1386 5737 perquam
1409 5666 1677 5737 sapientes
1689 5664 1953 5722 existime-

2057 1772 2200 1829 ferre
2241 1776 2507 1843 voluerit,
2575 1777 2786 1831 studeat
2830 1793 2890 1832 se
2941 1780 3318 1833 commotiouis
3362 1782 3613 1849 perturba
3634 1782 3651 1829 ν’

2058 1865 2324 1935 tionisque
2350 1874 2625 1934 expertem
2677 1867 2985 1934 custodire;
3040 1886 3108 1925 ne
3140 1871 3268 1925 dum
3318 1874 3479 1925 alium
3526 1872 3641 1927 vult

2054 1971 2262 2021 curare,
2298 1958 2545 2010 morbum
2576 1956 2678 2011 sibi
2711 1958 2888 2011 trahat
2936 1975 3071 2013 neve
3094 1962 3301 2016 dicatur
3332 1965 3378 2017 ci
3410 1980 3641 2034 evange-

2055 2048 2215 2101 licum
2248 2049 2377 2102 illud
2410 2067 2423 2101 :
2456 2049 2673 2118 Medice,
2706 2068 2827 2103 cura
2858 2053 3072 2119 teipsum
3103 2052 3262 2124 (Luc.
3297 2072 3366 2121 tv,
3397 2058 3502 2124 €15)
3530 2074 3543 2121 ;
3574 2072 3639 2112 ac

2056 2155 2271 2194 rursum
2299 2159 2311 2193 :
2346 2141 2485 2208 Quid
2513 2151 2567 2195 tu
2606 2143 2743 2197 vides
2773 2143 3019 2213 festucam
3052 2146 3103 2197 in
3161 2146 3307 2199 oculo
3337 2148 3509 2213 fratris
3541 2151 3636 2216 tui,

2056 2234 2247 2284 trabem
2275 2240 2444 2285 autem
2472 2234 2525 2286 in
2554 2233 2703 2288 oculo
2730 2242 2815 2288 tuo
2837 2252 2938 2289 non
2973 2237 3355 2307 intelligis?aut
3382 2242 3638 2305 quomodo

2055 2327 2191 2381 dices
2205 2327 2355 2397 fratri
2378 2337 2463 2382 tuo
2479 2344 2498 2382 :
2513 2329 2656 2396 Sine,
2679 2331 2879 2401 ejiciam
2893 2332 3139 2400 festucam
3172 2349 3234 2385 ex
3255 2333 3400 2385 oculo
3423 2344 3529 2398 tuo,
3554 2334 3639 2402 qui

2054 2420 2249 2473 trabem
2278 2419 2330 2473 in
2360 2420 2570 2491 proprio
2584 2421 2731 2474 oculo
2749 2422 2905 2475 [tabes
2934 2423 3236 2494 operientem
3265 2426 3412 2477 illum
3446 2426 3643 2495 (.llarc.

2054 2527 2148 2578 vn,
2180 2511 2307 2583 25)?
2359 2511 2608 2580 Qualibet
2636 2512 2779 2569 enim
2812 2515 2879 2569 de
2905 2531 3087 2584 causa,
3136 2518 3229 2571 irae
3261 2527 3437 2573 motus
3481 2520 3637 2575 effer-

2052 2615 2260 2674 vescat,
2289 2608 2486 2662 mentis
2517 2609 2701 2663 oculos
2726 2621 2981 2675 excatcat,
3017 2627 3188 2679 neque
3214 2613 3339 2666 sinit
3366 2613 3639 2670 hominem

2054 2701 2326 2772 respicere
2368 2701 2549 2756 Solem
2576 2701 2819 2771 juStitiaa.
2872 2705 3332 2770 Quemadmodum
3372 2710 3513 2762 enim
3546 2710 3641 2780 qui

2054 2794 2230 2850 oculis
2258 2794 2485 2863 imponit
2509 2810 2671 2849 aurea
2695 2804 2749 2849 et
2772 2796 3018 2864 plumbea
3046 2800 3258 2851 metalla
3284 2840 3300 2865 ,
3340 2816 3491 2867 atque
3535 2803 3638 2855 im-

2053 2886 2203 2953 pedit
2227 2884 2444 2939 videndi
2475 2885 2785 2939 facultatem
2812 2929 2827 2952 ,
2860 2902 2960 2941 nec
2987 2889 3137 2943 aurei
3168 2890 3369 2941 metalli
3409 2892 3636 2957 pretium

2054 2982 2292 3051 aliquam
2325 2981 2452 3035 facit
2482 2984 2738 3037 cmcitatis
2761 2984 3116 3038 differentiam
3144 3026 3158 3051 ,
3206 2984 3278 3037 ita
3306 3001 3369 3037 ex
3400 2985 3636 3054 qualibet

2054 3088 2217 3128 causa
2245 3072 2339 3126 ira:
2366 3075 2660 3128 commotio
2685 3076 3009 3129 accendatur
3035 3117 3049 3140 ,
3096 3077 3289 3130 anima:
3315 3076 3528 3130 videndi
3560 3076 3635 3130 fa-

2054 3167 2307 3223 cultatem
2337 3166 2675 3221 obteuebrat.
2710 3166 2859 3219 Tunc
2902 3166 3071 3219 solum
3098 3168 3247 3237 juxta
3280 3177 3522 3221 naturam
3557 3168 3637 3223 in—

2056 3260 2365 3331 dignatione
2392 3260 2615 3324 utimur,
2644 3275 2766 3313 cum
2790 3258 3047 3315 adversus
3072 3262 3293 3317 vitiosas
3321 3271 3371 3315 et
3398 3264 3634 3333 volupta-

2052 3350 2160 3405 rias
2188 3351 2539 3420 cogitationes
2567 3366 2685 3406 eam
2717 3367 3012 3407 movemus.
3062 3355 3117 3409 ld
3159 3355 3355 3426 quippe
3384 3370 3478 3409 uos
3511 3372 3637 3424 pro-

2052 3440 2211 3513 pheta
2228 3442 2395 3497 David
2422 3442 2577 3497 docet
2605 3459 2725 3498 cum
2747 3443 2820 3497 ait
2838 3462 2849 3497 :
2865 3442 3164 3499 Irascimini
3189 3457 3235 3499 et
3253 3446 3411 3501 nolite
3427 3464 3635 3518 peccare

2053 3532 2277 3603 (Psalm.
2311 3550 2384 3601 tv,
2414 3532 2506 3605 5);
2548 3534 2599 3590 id
2632 3548 2714 3591 est
2738 3577 2753 3603 ,
2788 3536 3044 3592 adversus
3086 3538 3330 3609 preprias
3359 3542 3636 3607 passiones

2052 3624 2185 3678 iram
2219 3635 2431 3681 movete
2455 3667 2469 3693 ,
2504 3642 2603 3682 nec
2630 3644 2733 3681 non
2763 3627 3018 3685 adversus
3046 3645 3235 3698 pravas
3257 3632 3631 3701 cogitationes,
3664 3652 3667 3657 ν

2051 3734 2225 3791 neque
2253 3720 2463 3791 agendo
2495 3737 2614 3791 qua:
2637 3720 2788 3775 vobis
2818 3724 3177 3792 suggeruntur
3198 3724 3265 3778 ab
3295 3726 3418 3789 illis,
3444 3740 3632 3794 pecce-

2050 3812 2122 3866 tis
2165 3826 2371 3882 :quam
2419 3811 2578 3884 plane
2627 3812 3122 3881 interpretationem
3169 3815 3441 3880 declarat,
3474 3816 3633 3885 {quod
3670 3798 3671 3801 η

2050 3906 2291 3975 sequitur
2319 3923 2332 3961 :
2364 3905 2492 3970 Qua:
2518 3904 2688 3958 dicitis
2714 3944 2729 3969 ,
2759 3904 2931 3972 inquit
2955 3944 2970 3968 ,
3001 3906 3053 3956 in
3082 3904 3317 3956 cordibus
3340 3907 3513 3958 uestris
3534 3948 3547 3971 ,
3578 3907 3631 3958 in
3667 3888 3673 3901 ’

2052 3998 2301 4054 cubilibus
2347 4001 2527 4053 vestris
2574 3997 2977 4069 compungimini
3025 3994 3252 4067 (Ibid);
3285 3997 3334 4049 id
3367 4007 3482 4063 est,
3507 4013 3631 4053 cum

2050 4093 2394 4149 ascenderint
2422 4108 2599 4161 prava:
2630 4091 2982 4161 cogitationes
3013 4088 3064 4142 in
3095 4103 3188 4142 cor
3217 4098 3455 4142 vestrum
3480 4132 3493 4156 ,
3538 4088 3630 4157 eji~

2051 4187 2154 4241 cite
2201 4186 2359 4253 illas,
2410 4186 2745 4240 concitantes
2776 4183 3034 4237 adversus
3060 4196 3152 4236 eas
3184 4182 3313 4235 iram
3368 4188 3630 4245 vestram;
3668 4170 3669 4173 “

2050 4290 2332 4351 postquam
2362 4294 2492 4334 vero
2538 4279 2725 4349 ejecta:
2754 4277 2991 4341 fuerint,
3044 4276 3193 4345 quasi
3240 4274 3291 4328 in
3347 4272 3485 4326 lecto
3534 4287 3631 4331 seu
3668 4340 3669 4343 η

2054 4375 2382 4442 quiete,tum
2409 4372 2832 4443 compungimini
2862 4370 2927 4424 ad
2956 4368 3341 4438 paenitentiam.
3360 4366 3451 4420 llis
3472 4381 3631 4436 porro

2055 4475 2316 4519 consonat
2344 4464 2539 4519 beatus
2569 4461 2787 4525 Paulus,
2810 4462 2899 4530 qui
2924 4461 3145 4527 hujusce
3167 4460 3291 4514 dicti
3326 4460 3630 4514 testimonio

2048 4563 2132 4609 est
2155 4569 2283 4609 usus
2309 4594 2324 4618 ,
2358 4562 2515 4624 atque
2544 4552 2673 4605 illttd
2704 4551 2901 4619 adjecit
2941 4568 2953 4602 :
2986 4550 3081 4606 Sol
3122 4568 3223 4604 non
3253 4552 3450 4603 occidat
3479 4566 3630 4617 super
3674 4556 3675 4559 “

2047 4644 2371 4698 iracundiam
2393 4652 2630 4712 uestram,
2669 4639 2827 4695 nolite
2846 4641 2970 4695 dare
2995 4642 3161 4695 locum
3189 4642 3394 4694 diabolo
3418 4639 3630 4711 (Ephes.
3666 4626 3671 4655 ⁷

2046 4750 2120 4803 ιν,
2137 4735 2262 4807 ‘26);
2284 4734 2336 4789 id
2360 4742 2463 4800 est,
2485 4750 2551 4788 ne
2584 4734 2764 4805 pravis
2785 4734 3199 4805 cogitationibus
3221 4736 3630 4800 consentiendo,
3664 4720 3669 4759 έ

2049 4828 2229 4884 Solem
2255 4828 2482 4899 justitiae
2506 4825 2776 4883 Christum
2799 4827 3091 4892 irritantes,
3126 4827 3374 4882 efﬁciatis
3402 4836 3460 4880 ut
3492 4826 3632 4881 occi~

2048 4922 2140 4985 dat
2170 4924 2225 4977 in
2245 4920 2500 4977 cordibus
2528 4921 2753 4987 vestris;
2785 4928 2841 4973 ut
2861 4935 2928 4975 ne
2957 4920 3072 4987 ejus
3099 4919 3344 4974 discessu
3376 4920 3551 4972 locum
3583 4918 3632 4975 in
3692 4924 3695 4975 Ϊ

2049 5016 2205 5072 vobis
2254 5015 2492 5071 inveniat
2534 5013 2803 5069 diabolus.
2848 5013 2923 5068 De
2970 5014 3071 5067 isto
3101 5011 3225 5068 Sole
3254 5012 3329 5065 ait
3365 5011 3506 5066 Deus
3539 5024 3632 5077 per
3690 5038 3695 5087 λ

2050 5108 2366 5181 prophetam
2390 5126 2403 5161 :
2431 5107 2741 5161 Timentibus
2765 5122 2946 5161 nomen
2968 5120 3134 5159 meum
3159 5104 3349 5158 orietur
3372 5102 3466 5157 Sol
3479 5101 3633 5173 justi-
3687 5096 3692 5105 ’

2053 5204 2156 5271 tite,
2188 5212 2237 5257 et
2268 5201 2515 5255 medicina
2538 5200 2629 5254 erit
2650 5200 2703 5251 in
2727 5197 2825 5252 alis
2845 5200 2956 5269 ejus
2985 5194 3240 5269 (Malaclt.
3274 5193 3442 5264 n52).
3482 5191 3633 5259 Quod

2053 5296 2099 5350 si
2126 5295 2325 5350 dictum
2356 5291 2485 5347 illud
2518 5289 2812 5361 (Apostoli)
2841 5288 2909 5343 ad
2936 5289 3166 5343 litteram
3196 5284 3539 5353 accipiamus,
3566 5298 3634 5337 ne

2052 5386 2268 5459 quidem
2297 5384 2363 5438 ad
2409 5398 2658 5438 occasum
2690 5396 2858 5453 usque
2892 5381 3019 5435 solis
3057 5377 3366 5434 conceditur
3395 5373 3549 5429 nobis
3576 5380 3635 5430 ut

2056 5477 2187 5531 iram
2220 5490 2524 5532 servemus.
2553 5473 2689 5542 Quid
2714 5474 2871 5543 igitur
2894 5472 2961 5527 de
2986 5472 3089 5526 illis
3119 5470 3359 5525 dicemus
3388 5467 3477 5538 qui
3505 5465 3635 5520 feris

2057 5580 2163 5626 tate
2192 5579 2353 5640 atque
2407 5565 2608 5622 insania
2635 5565 2803 5621 vitiati
2827 5563 3069 5631 affectus,
3096 5578 3199 5616 non
3224 5561 3289 5614 ad
3317 5572 3482 5629 usque
3505 5556 3635 5612 solis

2058 5667 2280 5733 hujusce
2298 5678 2548 5722 occasum
2567 5659 2937 5718 tantummodo
2959 5667 3173 5714 servant
3187 5657 3345 5721 iram,
3360 5652 3453 5709 sed
3472 5652 3635 5708 etiam
