4042 6188
409 259 517 316 B87
1396 246 1451 301 S.
1494 239 1824 300 EUCHERII
1862 234 2342 295 LUGDUNENSIS
2384 229 2694 289 EPISCOPI

412 374 479 430 ad
511 372 709 427 multos
747 368 863 424 dies
894 364 1193 437 producunt
1229 374 1347 415 eam
1378 399 1391 424 ,
1422 373 1451 412 a
1496 365 1683 410 mutuo
1728 354 1999 420 colloquio
2026 354 2077 414 Α
2104 365 2211 421 que
2241 349 2307 402 iis
2337 346 2541 437 sentire
2570 340 2817 437 concedit
2861 340 3058 411 quibus
3086 339 3195 437 sint
3217 338 3572 437 .passionibus
3599 344 3721 437 ob-

414 466 777 519 abstinentes:
808 472 981 526 neque
1002 454 1182 510 verbis
1208 452 1437 508 ulterius
1463 448 1796 504 iracundiam
1830 462 1893 501 ex
1906 447 2004 514 pri-

415 567 564 611 munt
588 568 736 607 suam
766 593 779 617 ,
807 549 900 604 sed
933 547 1150 603 silentio
1190 544 1255 599 ad
1292 544 1521 597 invicem
1567 550 1801 601 servato,
1854 539 2001 592 virus

413 645 690 702 memoria:
719 640 1034 709 injuriarum
1063 636 1130 691 ad
1162 650 1315 690 suam
1351 632 1644 701 perniciem
1670 629 2001 686 accendunt:

416 738 726 803 ignorantes
758 746 865 785 non
897 728 1055 783 modo
1093 742 1121 781 a
1163 732 1383 795 peccato
1413 722 1559 794 quod
1604 736 1767 790 opere
1814 734 2006 789 perpe-

416 835 587 878 tratur
616 820 996 876 abstinendum
1030 832 1185 883 esse,
1233 814 1329 869 sed
1358 814 1522 869 etiam
1560 813 1626 866 ab
1664 827 1729 866 eo
1768 810 1908 881 quod
1951 809 2004 863 in

416 926 597 973 mente
619 915 948 985 concipitur;
1001 926 1067 965 ne
1094 908 1331 964 tenebris
1363 906 1755 962 recordationis
1783 904 2009 972 injuria-

417 1028 535 1067 rum
558 1010 838 1064 obscurata
868 1018 1042 1068 mens,
1075 1000 1291 1057 excidat
1315 1014 1346 1052 a
1373 999 1573 1053 lumine
1600 996 1923 1066 cognitionis
1946 1010 2008 1049 ac

417 1104 778 1165 discretionis,
816 1107 975 1168 atque
1011 1097 1249 1165 privetur
1292 1093 1465 1147 sancti
1512 1090 1747 1160 Spiritus
1798 1088 2011 1143 habita-

420 1199 587 1253 tione.
635 1193 998 1261 Quamobrem
1030 1189 1182 1259 jubet.
1204 1186 1465 1241 Dominus
1506 1184 1560 1237 in
1592 1182 1900 1251 Evangeliis
1926 1197 2009 1236 re-

419 1290 586 1361 linqui
646 1302 842 1343 munus
888 1299 1050 1352 super
1106 1282 1310 1345 altare,
1367 1288 1421 1332 et
1463 1275 1805 1331 reconciliari
1859 1274 2009 1328 fratri

422 1382 637 1453 (Matth.
671 1395 723 1444 v,
752 1378 841 1448 4):
892 1375 1032 1445 quod
1073 1372 1190 1426 fieri
1221 1378 1451 1440 nequeat
1493 1376 1769 1435 acceptum
1814 1380 2012 1420 munus

422 1486 543 1525 esse
570 1512 584 1534 ,
628 1468 785 1521 nobis
829 1468 907 1520 ira
954 1480 1015 1519 ac
1052 1464 1369 1532 injuriarum
1399 1459 1659 1515 memoria
1711 1458 2010 1526 occupatis.

422 1559 713 1629 Apostolus
739 1571 873 1610 vero
901 1570 1022 1609 cum
1047 1554 1141 1616 ait,
1173 1553 1291 1607 sine
1320 1550 1721 1605 intermissione
1746 1548 2011 1603 orandum

423 1665 563 1708 esse.
598 1648 650 1701 in
683 1646 940 1715 omnique
970 1645 1092 1699 loco
1120 1641 1410 1698 elevandas
1437 1655 1558 1695 esse
1586 1646 1802 1694 sanctas
1823 1651 2013 1691 manus

2111 437 2289 502 noxii;
2320 436 2622 504 quinimmo
2655 431 2721 485 iis
2746 445 2881 501 quas
2909 429 3150 500 suggerit
3178 429 3481 499 phantasiis
3509 431 3721 487 suadet

2110 531 2243 601 ipsis
2280 527 2422 599 quod
2466 523 2951 594 aequanimitatem,
2994 521 3141 592 quod
3188 521 3549 579 humilitatem
3595 526 3719 578 sint

2108 622 2342 676 assecuti
2371 661 2385 684 ,
2414 618 2590 673 donec
2619 616 2778 670 adest
2817 629 2976 669 nemo
3004 615 3093 684 qui
3134 615 3372 669 concitet
3418 624 3473 669 et
3508 617 3716 686 probet

2109 715 2286 783 ipsos;
2312 728 2435 768 cum
2464 710 2663 767 accidit
2690 718 2869 764 autem
2898 708 3115 763 occasio
3145 723 3247 775 qua
3279 710 3619 764 concitentur
3649 720 3719 764 et

2110 812 2501 871 exerceantur,
2550 801 2849 859 recondita:
2879 799 3061 855 statim
3109 815 3175 855 ac
3218 800 3422 870 pridem
3467 803 3718 857 occultae

2111 898 2414 968 passiones,
2446 910 2547 951 ceu
2570 892 2808 950 ell‘rencs
2839 892 2963 963 equi
2986 908 3053 948 ex
3076 892 3300 946 stabulis
3325 904 3711 961 erumpentes,

2111 1007 2172 1045 ac
2204 992 2360 1061 longa
2394 991 2574 1061 quiete
2602 997 2655 1043 et
2682 988 2964 1043 otiositate
3013 986 3250 1056 perpasti
3278 1027 3294 1053 ,
3328 986 3718 1041 vehementius

2112 1083 2495 1152 ell'eratiusque
2524 1082 2763 1149 equitem
2797 1080 2849 1133 in
2883 1079 3178 1149 perniciem
3209 1079 3525 1148 conjiciunt.
3571 1080 3716 1133 Pas-

2112 1174 2296 1230 siones
2325 1173 2522 1243 quippe
2568 1172 2621 1227 in
2648 1172 2760 1225 otio
2800 1185 2977 1239 neque
3006 1169 3253 1224 excitata:
3284 1171 3350 1224 ab
3396 1170 3712 1225 hominibus

2114 1265 2287 1336 magis
2334 1265 2629 1319 elferantur
2668 1263 2720 1317 iu
2765 1262 2963 1318 nobis:
2999 1262 3279 1330 ipsamque
3328 1262 3605 1331 patientia:
3656 1271 3713 1317 et

2114 1356 2536 1424 mquanimitatis
2581 1354 2825 1409 umbram
2851 1396 2866 1420 ,
2911 1368 3073 1423 quam
3106 1352 3388 1422 phantasia
3420 1362 3617 1408 tantum
3652 1363 3712 1408 et

2114 1449 2371 1519 opinione
2400 1457 2665 1514 tenemus,
2682 1447 2727 1499 si
2751 1444 3008 1498 fratribus
3035 1458 3133 1497 nos
3155 1443 3572 1513 immisceamus,
3605 1460 3713 1515 per

2114 1544 2426 1599 solitudinis
2457 1544 2650 1608 otium,
2674 1542 2743 1597 ob
2775 1542 3156 1612 negligentiam
3186 1542 3519 1597 exercitandi
3550 1547 3711 1597 amit-

2118 1637 2301 1690 timus.
2343 1634 2810 1701 Quemadmodum
2862 1634 3003 1688 enim
3033 1643 3299 1688 venenata
3333 1634 3579 1689 animalia
3604 1677 3619 1701 ,
3654 1636 3709 1690 in

424 1741 465 1812 (l
498 1740 677 1793 Thess.
712 1754 769 1799 v,
804 1737 868 1790 l7
898 1737 941 1807 ),
973 1736 1178 1805 absque
1209 1735 1311 1799 ira,
1344 1732 1555 1787 etiamsi
1587 1731 1640 1785 in
1671 1731 1783 1785 sola
1811 1728 2016 1798 cogita-
2045 1730 2094 1791 B
2119 1728 2335 1783 deserto
2357 1736 2411 1781 et
2442 1728 2492 1781 in
2520 1727 2790 1781 cubilibus
2831 1726 2943 1781 suis
2974 1726 3370 1793 recumbentis,
3406 1738 3529 1782 tunc
3561 1726 3712 1782 furo-

423 1832 571 1885 tione
602 1832 690 1894 sit,
718 1827 769 1883 id
803 1827 1071 1898 agendum
1095 1840 1215 1880 esse
1244 1825 1419 1879 docet.
1446 1823 1632 1877 Restat
1658 1822 1821 1890 igitur
1850 1831 1907 1874 ut
1930 1820 2015 1875 vel

424 1936 715 1992 numquam
744 1934 981 1984 oremus,
1008 1927 1167 1986 atque
1188 1916 1257 1970 ita
1286 1914 1502 1969 obnoxii
1526 1914 1697 1967 simus
1717 1911 2015 1983 apostolico

423 2025 701 2085 praecepto
726 2056 740 2079 ,
774 2021 865 2068 aut
892 2012 935 2067 si
974 2016 1238 2080 praecepta
1280 2022 1500 2063 servare
1525 2021 1778 2062 curemus
1799 2045 1814 2070 ,
1838 2012 1898 2059 ut
1920 2006 2013 2058 ab.

426 2122 559 2177 sque
591 2108 665 2160 ira
691 2114 743 2160 et
768 2104 1145 2159 recordatione
1176 2100 1492 2169 injuriarum
1516 2097 1647 2153 illud
1672 2112 1917 2167 agamus.
1948 2096 2018 2151 At

426 2197 858 2269 quandoquidem
888 2197 1204 2265 plerumque
1245 2192 1631 2261 contingitut,
1684 2187 2017 2243 contristatis

427 2298 519 2344 aut
562 2288 888 2357 perturbatis
939 2286 1240 2351 fratribus,
1288 2299 1389 2338 nos
1435 2298 1548 2337 rem
1606 2291 2018 2335 contemnamus

427 2392 587 2448 atque
617 2380 858 2433 dicamus
885 2393 990 2432 non
1022 2393 1120 2432 nos
1152 2378 1205 2431 in
1245 2390 1403 2429 causa
1434 2388 1557 2429 esse
1587 2372 1729 2440 quod
1762 2372 1841 2425 illi
1890 2386 2017 2426 con-

428 2471 743 2533 tristentur;
774 2469 1076 2521 animarum
1102 2465 1366 2531 medicus,
1394 2472 1453 2518 ut
1474 2464 1567 2517 ira:
1594 2463 1906 2516 occasiones
1933 2476 2021 2515 ra-

430 2560 629 2615 dicitus
645 2559 842 2613 evellat
864 2572 927 2612 ex
952 2557 1117 2612 corde
1144 2566 1353 2619 nostro,
1376 2570 1482 2609 non
1508 2554 1689 2619 modo,
1710 2557 1756 2609 si
1776 2570 1871 2608 nos
1893 2568 2020 2607 con-

431 2650 627 2707 tristati
655 2658 711 2704 et
735 2650 853 2703 irati
879 2650 1048 2703 simus
1083 2648 1137 2702 in
1183 2648 1403 2702 fratrem
1435 2655 1680 2700 nostrum
1709 2686 1723 2710 ,
1765 2646 1920 2714 jubet
1965 2654 2021 2699 ut

431 2757 629 2799 munus
655 2743 1048 2812 relinquamus,
1076 2751 1130 2797 et
1156 2741 1573 2796 reconciliemur
1594 2740 1693 2807 ipsi
1720 2738 1937 2811 (Matth.
1962 2754 2017 2804 v,

433 2840 522 2911 d);
557 2837 649 2893 sed
681 2837 893 2891 etiamsi
926 2836 1041 2905 ipse
1065 2836 1118 2889 in
1148 2848 1247 2888 nos
1268 2834 1392 2903 jure
1415 2849 1485 2887 an
1514 2832 1707 2901 injuria
1732 2834 2020 2898 irascatur,

434 2944 496 2989 ut
538 2931 892 2988 evcusatione
935 2938 1121 2986 nostra
1157 2931 1292 2984 iram
1319 2931 1435 2998 ejus
1465 2927 1722 2983 sedemus
1746 2968 1759 2991 ,
1812 2934 1868 2981 et
1897 2935 2023 2981 tunc

434 3040 634 3081 munus
678 3023 991 3078 offeramus.
1033 3021 1139 3077 Sed
1181 3019 1310 3091 quid
1352 3019 1558 3074 diutius
1600 3018 1932 3089 evangelicis
1971 3026 2025 3072 et

2119 1836 2234 1876 rem
2266 1835 2421 1874 suum
2448 1819 2861 1883 demonstrant,
2892 1832 3014 1871 cum
3045 1817 3389 1873 accedentem
3422 1818 3711 1889 quemdam

2119 1911 2337 1980 capiunt
2366 1951 2380 1975 ,
2413 1912 2485 1964 ita
2516 1910 2762 1962 homines
2792 1907 3141 1979 passionibus
3171 1909 3388 1963 obnoxii
3417 1951 3429 1973 ,
3462 1925 3563 1964 non
3593 1911 3709 1963 vir-

2121 2002 2249 2056 tutis
2272 2001 2489 2067 atl‘ectu,
2506 2000 2602 2055 sed
2626 2016 2691 2056 ex
2706 2000 2907 2054 deserti
2935 2000 3042 2054 loci
3073 2002 3373 2056 necessaria
3396 2002 3710 2056 conditione

2120 2093 2494 2162 quiescentes,
2527 2104 2635 2145 tum
2668 2092 2864 2145 animae
2892 2090 3041 2145 virus
3073 2102 3327 2146 evomunt
3351 2133 3365 2157 ,
3395 2107 3514 2146 cum
3544 2107 3705 2147 acce-

2120 2184 2336 2239 dentem
2371 2185 2676 2255 quempiam
2719 2192 2774 2239 et
2797 2184 3103 2240 irritantem
3146 2201 3205 2241 se
3228 2185 3705 2256 apprehenderint.

2121 2276 2483 2342 Quamobrem
2516 2275 2605 2343 qui
2638 2276 3071 2331 mansuetudinis
3096 2277 3477 2346 perfectionem
3513 2280 3714 2348 exqui-

2122 2378 2269 2435 runt,
2286 2384 2381 2437 par
2396 2367 2620 2423 omnino
2648 2378 2731 2423 est
2759 2377 2817 2423 ut
2847 2384 2956 2423 non
2976 2369 3135 2425 modo
3153 2370 3439 2425 adversum
3461 2371 3710 2428 homines

2122 2480 2228 2518 non
2257 2464 2582 2528 irascantur,
2615 2464 2708 2518 sed
2741 2478 2915 2534 neque
2946 2464 3203 2519 adversus
3234 2465 3415 2533 bruta,
3448 2466 3612 2520 immo
3642 2481 3709 2520 ne

2122 2557 2688 2613 adversusinanimata
2703 2557 2939 2627 quidem.
2958 2558 3176 2613 Memini
3203 2574 3286 2613 me
3303 2574 3427 2613 cum
3448 2560 3501 2613 in
3524 2574 3708 2615 eremo

2123 2653 2374 2724 degerem
2404 2695 2420 2720 ,
2468 2662 2654 2706 contra
2683 2652 2949 2706 calamum
3000 2651 3134 2705 iram
3164 2653 3523 2722 concepisse,
3566 2653 3711 2724 quod

2126 2748 2241 2818 ejus
2268 2746 2430 2801 modo
2460 2747 2720 2809 densitas,
2753 2744 2916 2799 modo
2944 2744 3177 2799 tenuitas
3207 2744 3545 2814 displiceret;
3577 2760 3709 2799 con-

2125 2850 2205 2896 tra
2247 2839 2450 2909 lignum
2479 2838 2629 2904 item,
2653 2836 2794 2907 quod
2819 2836 3136 2891 exscindere
3164 2851 3285 2891 cum
3311 2838 3527 2904 vellem,
3559 2836 3705 2892 cele-

2125 2935 2258 2988 riter
2288 2946 2393 2987 non
2416 2944 2628 3001 possem
2656 2947 2672 2995 ;
2700 2944 2913 2984 rursum
2939 2937 3127 2983 contra
3162 2928 3447 2999 igniarium
3479 2931 3707 2993 silicem,

2127 3024 2291 3097 quod,
2327 3039 2412 3079 me
2437 3023 2724 3078 festinante
2756 3023 2931 3092 ignem
2955 3022 3211 3089 educere,
3235 3036 3340 3076 non
3358 3024 3535 3076 statim
3562 3023 3715 3077 exsi-

436 3114 753 3184 apostolicis
779 3112 1064 3182 praeceptis
1088 3112 1458 3174 immorentur.
1477 3124 1599 3165 cum
1619 3124 1687 3164 ex
1704 3108 1871 3162 νείρτὶ
1894 3108 2023 3162 ἱιειῐι
2051 3113 2095 3173 C
2130 3118 2259 3172 liret
2282 3115 2635 3180 scintilla;ita
2663 3114 2913 3169 nimirum
2941 3124 3220 3184 grassatur
3251 3114 3352 3178 ira,
3370 3123 3426 3167 ut
3449 3114 3513 3167 ad
3543 3130 3711 3184 usque

436 3208 557 3277 lege
592 3210 751 3262 liceat
782 3208 882 3261 hoc
910 3204 1182 3260 ediscere:
1209 3219 1327 3274 qua:
1353 3203 1569 3258 tametsi
1606 3218 1675 3257 cx
1698 3202 1788 3256 illa
1820 3200 2028 3256 severi—

438 3312 549 3355 tate
568 3300 857 3355 deﬂectere
885 3314 945 3352 ac
959 3314 1079 3353 sese
1099 3306 1462 3366 attemperare
1480 3295 1694 3350 videtur
1708 3339 1722 3363 ,
1746 3295 1816 3348 ita
1836 3294 2025 3347 habet:

440 3393 527 3448 Ne
556 3394 727 3447 oderis
757 3394 968 3461 fratrem
994 3399 1140 3443 tuum
1168 3391 1218 3441 in
1250 3388 1402 3440 corde
1424 3399 1510 3440 tuo
1539 3386 1724 3457 (Levit.
1755 3402 1868 3454 xtx,
1903 3386 2027 3454 i7):

440 3500 505 3539 ac
537 3498 781 3537 rursum:
829 3481 942 3533 Via:
970 3495 1143 3532 eorum
1170 3480 1257 3547 qui
1283 3479 1597 3547 injuriarum
1628 3478 1928 3531 memoriam
1957 3486 2029 3530 te-

442 3584 582 3637 nent,
609 3576 677 3625 ad
700 3583 915 3625 mortem
945 3570 1129 3643 (Prov.
1168 3586 1261 3635 xu,
1290 3569 1403 3640 25).
1454 3570 1566 3625 Hoc
1596 3571 1741 3625 enim
1775 3570 1895 3625 loco
1922 3586 2030 3625 non

442 3668 605 3722 modo
628 3680 747 3719 eam
770 3680 891 3734 quae
914 3665 965 3717 in
985 3679 1121 3733 opus
1148 3664 1471 3733 prorumpit,
1501 3663 1595 3718 sed
1618 3679 1734 3719 eam
1763 3664 1890 3719 item
1913 3680 2033 3734 qua:

444 3768 627 3815 mente
653 3758 925 3811 retinetur
948 3759 1104 3825 iram,
1131 3767 1278 3813 vetat
1307 3768 1469 3827 atque
1492 3759 1796 3813 ulciscitur.
1832 3760 2034 3826 Quam-

444 3853 633 3909 obrem
658 3860 874 3920 oportet
903 3850 1100 3905 divinis
1132 3850 1341 3921 legibus
1371 3851 1717 3915 inbaarentes,
1738 3852 1868 3907 tctis
1902 3851 2031 3905 viri-

449 3946 550 3999 bus
565 3953 755 3999 contra
776 3944 1025 4014 Spiritum
1054 3943 1148 3997 irae
1176 3944 1481 4009 decertare,
1497 3953 1553 3998 et
1570 3952 1761 3997 contra
1786 3944 2031 3998 morbum

448 4036 599 4091 illum
632 4038 773 4088 intra
812 4050 911 4089 nos
954 4036 1149 4089 situm:
1178 4051 1355 4103 neque
1395 4045 1584 4090 contra
1617 4035 1863 4090 homines
1897 4037 2034 4091 iram

448 4125 747 4190 concitare,
775 4141 837 4180 ac
863 4126 983 4179 ideo
1006 4126 1350 4181 solitudinem
1375 4136 1428 4181 et
1450 4128 1878 4196 segregationem
1906 4144 2035 4184 con-

448 4216 683 4279 sectari;
725 4230 832 4283 quo
876 4216 1085 4269 scilicet
1130 4216 1346 4269 nemine
1377 4216 1447 4270 ibi
1483 4224 1750 4285 praesente
1796 4219 1886 4287 qui
1936 4235 2036 4275 nos

447 4307 688 4363 concitet
715 4306 779 4361 ad
808 4308 966 4373 iram,
994 4306 1172 4361 virtus
1193 4308 1615 4376 :equanimitatis
1648 4308 1806 4366 facile
1832 4311 1885 4365 in
1909 4316 2036 4367 soli-

449 4400 636 4455 tudine
666 4409 1019 4454 exerceatur:
1052 4414 1171 4453 nam
1205 4407 1315 4452 tum
1347 4414 1415 4455 ex
1444 4400 1718 4469 superbia,
1749 4409 1861 4456 tum
1890 4404 2035 4474 quod

2132 3209 2463 3265 insensibilia
2478 3216 2533 3263 et
2553 3209 2840 3262 inanimata
2854 3206 3202 3262 eﬂ’eratur.Si
3229 3208 3506 3276 cupiamus
3532 3206 3712 3275 itaque

2132 3302 2388 3371 consequi
2416 3300 2809 3355 beatitudinem
2841 3298 3041 3355 Christi
3066 3340 3082 3367 ,
3111 3314 3216 3353 non
3249 3298 3406 3352 modo
3435 3298 3567 3351 iram
3595 3313 3713 3367 qua:

2132 3392 2199 3445 ad
2253 3406 2387 3459 opus
2421 3389 2746 3460 prorumpit,
2773 3389 2852 3444 uti
2890 3404 3052 3459 supra
3082 3390 3283 3445 dictum
3313 3397 3434 3451 est,
3459 3404 3715 3444 coercere

2132 3484 2391 3539 debemus
2418 3524 2434 3551 ,
2477 3483 2572 3539 sed
2627 3498 2744 3538 eam
2778 3498 2992 3553 quoque
3016 3498 3135 3553 quae
3183 3491 3361 3538 mente
3389 3483 3711 3550 concipitur.

2133 3575 2249 3630 Non
2290 3576 2435 3630 enim
2477 3574 2810 3629 tantumdem
2852 3574 3011 3629 aﬂ'ert
3051 3574 3294 3628 utilitatis
3338 3589 3398 3627 os
3434 3574 3714 3628 continere

2136 3681 2290 3722 suum
2309 3708 2325 3733 ,
2354 3678 2407 3723 et
2437 3666 2695 3723 furiosum
2728 3667 3032 3737 quodquam
3065 3667 3267 3722 dictum
3294 3682 3398 3720 non
3429 3665 3670 3736 proferre
3696 3707 3709 3729 ,

2136 3767 2395 3829 quantum
2443 3773 2538 3813 cor
2585 3773 2813 3829 purgare
2859 3758 2924 3813 ab
2972 3758 3283 3827 injuriarum
3333 3759 3613 3822 memoria,
3661 3766 3713 3812 et

2139 3868 2331 3922 pravas
2360 3868 2464 3907 non
2497 3852 2681 3908 fovere
2710 3852 3085 3922 cogitationes.
3117 3852 3283 3906 Docet
3312 3852 3458 3907 enim
3489 3866 3709 3921 evange'

2138 3944 2239 3999 lica
2280 3942 2523 3999 doctrina
2570 3944 2781 3999 excisas
2832 3953 3087 4014 oportere
3114 3950 3456 4012 peccatorum
3508 3942 3713 3998 radices

2137 4037 2315 4106 potius
2345 4050 2505 4105 quam
2535 4050 2737 4089 ramos.
2797 4036 2986 4091 Excisa
3016 4036 3212 4104 quippe
3244 4047 3274 4090 a
3304 4034 3470 4090 corde
3508 4033 3601 4088 ira:
3628 4049 3714 4089 ra-

2140 4128 2281 4192 dice,
2311 4128 2515 4182 nullum
2538 4128 2744 4195 odium,
2770 4128 2916 4183 nulla
2948 4128 3147 4183 invidia
3177 4128 3243 4183 ad
3273 4143 3409 4198 opus
3437 4143 3606 4198 usque
3632 4128 3717 4185 de-

2139 4220 2397 4273 ducetur:
2433 4234 2556 4273 nam
2603 4221 2695 4290 qui
2725 4220 2837 4273 odit
2867 4219 3083 4275 fratrem
3114 4234 3266 4273 suum
3296 4219 3562 4275 homicida
3592 4228 3713 4284 est,

2140 4312 2391 4365 nimirum
2420 4313 2596 4379 quoad
2632 4312 2882 4367 affectum
2910 4313 3017 4367 odii
3057 4313 3253 4368 occidit
3276 4328 3417 4368 eum.
3464 4312 3711 4366 Occisum

2141 4413 2319 4459 autem
2348 4403 2493 4458 videt
2522 4404 2670 4458 illum
2702 4404 2876 4458 Deus:
2906 4403 3059 4470 cujus
3080 4402 3392 4473 sanguinem
3417 4444 3431 4468 ,
3462 4415 3567 4454 non
3597 4401 3713 4472 gla-

450 4491 688 4546 nolimus
717 4506 818 4545 nos
845 4492 989 4555 ipsos
1017 4490 1268 4547 incusare
1291 4534 1307 4559 ,
1334 4503 1641 4564 nostraeque
1666 4495 1916 4566 segnitiei
1941 4497 2036 4552 ira:
2062 4494 2117 4555 D
2140 4494 2230 4550 dio
2257 4496 2480 4550 effusum
2520 4495 2708 4551 vident
2739 4496 2983 4549 homines
3001 4536 3015 4561 ,
3050 4495 3145 4550 sed
3175 4511 3243 4549 ex
3269 4493 3455 4549 aﬂ‘ectu
3491 4490 3599 4547 odii
3624 4491 3713 4548 ille

450 4595 641 4637 causas
672 4583 943 4637 ascribere
972 4623 987 4648 ,
1020 4583 1254 4639 efficitur
1280 4592 1337 4637 ut
1367 4595 1689 4655 exoptemus
1710 4602 1739 4641 a
1773 4584 2036 4645 fratribus

449 4674 1017 4744 segregari.Quamdiu
1036 4676 1215 4746 itaque
1230 4676 1615 4732 imbecillitatis
1628 4690 1828 4734 nostra:
1843 4697 2034 4738 causas

451 4764 574 4819 aliis
603 4766 951 4834 imputamus,
970 4767 1304 4836 impossibile
1326 4778 1529 4825 estnos
1548 4771 1613 4824 ad
1643 4772 2031 4840 perfectionem

454 4861 877 4931 mquanimitatis
897 4861 1185 4932 attingere.
1224 4862 1444 4916 Summa
1472 4865 1672 4935 quippe
1701 4867 2037 4923 emendatio-

450 4954 538 5007 nis
571 4961 793 5019 nostrae,
835 4968 944 5007 non
973 4967 1038 5008 ex
1089 4953 1319 5021 proximi
1348 4969 1472 5023 erga
1502 4970 1602 5009 nos
1632 4957 2036 5025 aequanimitate

451 5043 749 5109 obtinetur,
797 5044 891 5098 sed
918 5059 983 5099 ex
1012 5054 1197 5100 nostra
1228 5061 1355 5117 erga
1386 5047 1689 5116 proximum
1715 5050 2039 5119 longanimi-

455 5141 568 5189 tate
596 5149 659 5189 ac
687 5136 1001 5204 injuriarum
1028 5136 1325 5191 oblivione.
1354 5136 1486 5192 Cum
1509 5149 1689 5195 autem
1720 5144 2035 5209 aequanimi-

454 5227 581 5281 tatis
603 5236 877 5281 certamen
922 5225 1185 5297 fugientes
1215 5243 1457 5283 eremum
1489 5231 1723 5299 petimus
1765 5240 1821 5287 et
1845 5234 2037 5289 solitu-

453 5320 658 5388 dinem,
674 5333 1039 5391 quascumque
1062 5320 1195 5375 illuc
1217 5321 1453 5375 nondum
1476 5331 1691 5379 curatas
1710 5324 2036 5396 sedatasque

453 5414 735 5483 passiones
764 5412 1037 5469 afferimus
1059 5455 1073 5479 ,
1106 5414 1346 5469 occultas
1376 5431 1469 5470 eas
1492 5461 1505 5486 ,
1534 5432 1638 5473 non
1665 5418 1870 5474 deletas
1910 5436 2037 5478 esse

453 5512 727 5572 putemus.
776 5504 1064 5559 Enimvero
1104 5520 1323 5560 eremus
1360 5516 1521 5577 atque
1552 5524 1801 5565 secessus
1831 5512 1897 5567 iis
1946 5514 2037 5583 qui

456 5595 695 5648 nondum
723 5596 1231 5665 passionibusliberi
1265 5607 1409 5663 sunt,
1428 5614 1534 5654 non
1566 5616 1849 5659 reservare
1878 5605 2037 5660 modo

457 5682 917 5754 imperfectiones,
950 5689 1043 5743 sed
1074 5703 1164 5743 eas
1195 5689 1469 5745 occultare
1491 5707 1708 5761 quoque
1733 5699 1901 5751 novit.
1936 5697 2041 5753 Ne-

2141 4589 2349 4643 occisus
2393 4588 2514 4642 fuit.
2559 4589 2701 4642 Deus
2729 4588 2908 4656 itaque
2939 4603 3045 4643 non
3082 4587 3245 4642 modo
3293 4602 3386 4656 pro
3423 4585 3710 4655 operibus,

2142 4682 2236 4736 sed
2264 4682 2424 4735 etiam
2452 4696 2549 4751 pro
2579 4681 2999 4751 cogitationibus
3027 4688 3081 4734 et
3107 4680 3387 4750 proposito
3436 4679 3715 4747 unicuique

2142 4789 2371 4829 coronas
2392 4784 2481 4828 aut
2509 4775 2769 4845 supplicia
2795 4773 3089 4837 retribuet,
3123 4771 3575 4843 quemadmodum
3608 4774 3715 4842 ipse

2142 4881 2239 4936 per
2266 4868 2584 4938 prophetam
2616 4870 2720 4921 ait:
2747 4868 2856 4937 Ego
2881 4867 3039 4922 venio
3061 4867 3346 4921 collectum
3378 4881 3559 4933 opera,
3578 4865 3717 4934 cogi-

2142 4960 2377 5014 tationes
2397 4968 2451 5014 et
2478 4960 2855 5014 meditationes
2885 4975 3093 5015 eorum.
3115 4963 3190 5014 Ac
3205 4974 3419 5014 rursum
3438 4961 3471 5012 A
3485 4958 3716 5027 postolus

2143 5050 2219 5102 ait
2254 5067 2266 5101 :
2300 5048 2447 5104 Inter
2470 5068 2523 5104 se
2550 5051 2763 5104 invicem
2791 5051 3184 5121 coqitationibus
3214 5050 3601 5113 accusantibus,
3631 5058 3717 5102 aut

2144 5143 2295 5196 etiam
2324 5143 2731 5213 defendentibus,
2765 5145 2816 5197 in
2841 5144 2924 5197 die
2952 5160 3065 5198 cum
3084 5144 3342 5213 judicabit
3368 5142 3502 5197 Deus
3528 5143 3720 5196 occulta

2144 5234 2404 5288 hominum
2438 5234 2614 5307 (Rom.
2649 5251 2708 5301 tt,
2742 5234 2854 5305 15).
2888 5236 3008 5305 Ipse
3035 5243 3214 5289 autem
3245 5234 3504 5289 Dominus
3528 5233 3722 5288 docens

2143 5335 2401 5396 Oportere
2442 5342 2540 5381 nos
2586 5342 2801 5382 omnem
2836 5326 3166 5382 iracundiam
3198 5326 3474 5397 deponere
3499 5366 3515 5393 ,
3565 5327 3639 5380 ait
3668 5328 3717 5380 in

2143 5420 2446 5491 Evangeliis
2474 5437 2486 5472 :
2519 5419 2669 5486 Quod
2693 5421 2995 5491 quicumque
3017 5420 3257 5471 irascitur
3284 5418 3435 5490 fratri
3464 5434 3578 5488 suo,
3611 5433 3720 5471 reus

2142 5516 2237 5568 erit
2254 5514 2457 5586 judicio
2481 5513 2698 5584 (Matth.
2730 5530 2785 5580 v,
2814 5512 2929 5584 ἓξ).
2982 5513 3056 5567 lta
3081 5512 3227 5567 enim
3251 5511 3451 5567 habent
3477 5520 3721 5567 accurata

2144 5605 2497 5675 exemplaria:
2549 5620 2671 5659 nam
2725 5605 2813 5659 illa
2860 5619 2988 5670 vox,
3030 5613 3237 5667 temere,
3281 5601 3555 5669 adjectitia
3606 5610 3720 5655 est:

2145 5697 2286 5768 quod
2316 5697 2488 5767 palam
2528 5707 2612 5754 est
2651 5714 2716 5753 ex
2755 5697 3087 5768 praacedenti
3132 5695 3427 5764 Scriptura
3462 5694 3715 5751 clausula.

3595 222 3726 282 888
