4042 6188
342 296 452 379 889

1327 317 1667 377 EPITOMES
1708 314 1990 374 OPEllUM
2030 316 2353 376 CASSIANI
2399 321 2530 397 UB.
2570 322 2637 379 ll.

3517 330 3623 390 890

347 439 558 510 Scopus
588 452 819 509 namque
847 434 1057 492 Domini
1089 435 1206 490 vult
1235 448 1337 490 nos
1366 435 1602 491 radicem
1635 450 1698 490 ac
1724 432 1937 489 scintil-
1964 435 2019 493 Α
2045 446 2142 502 pro
2190 448 2370 489 rerum
2409 435 2721 492 conditione
2763 448 3031 497 movente.
3061 443 3402 515 Quapmpter
3435 454 3624 502 contra

347 534 453 589 lam
486 536 582 589 ira:
612 545 830 602 prorsus
859 527 1204 593 abscindere,
1233 543 1297 583 ac
1324 544 1392 583 ne
1423 530 1697 583 minimam
1731 528 1823 583 iraa
1850 542 1938 582 oc-

348 627 624 683 casionem
658 626 795 679 intra
826 636 923 676 nos
951 636 1202 686 servare;
1235 630 1295 675 ut
1324 637 1389 676 ne
1412 622 1622 678 scilicet
1648 623 1692 677 si
1720 637 1783 677 ex
1808 636 1940 677 con-

350 730 608 774 sentanea
641 715 850 770 ratione
880 714 1014 767 iram
1060 714 1395 768 concitemus
1421 758 1434 781 ,
1467 715 1683 770 demum
1714 716 1764 768 in
1796 716 1937 770 bruti

351 809 515 862 animi
544 806 780 860 furorem
812 804 1140 860 incidamus.
1170 805 1402 874 Hujusce
1432 823 1593 875 porro
1617 805 1790 861 morbi
1824 805 1939 860 haec

351 910 432 954 est
464 898 701 969 perfecta
733 898 963 964 medela,
993 906 1051 951 ut
1074 899 1279 954 scilicet
1303 915 1622 970 persuasum
1646 900 1939 955 habeamus

350 992 506 1045 nobis
538 1008 715 1063 neque
743 992 883 1062 justa
908 1007 1083 1063 neque
1114 993 1309 1062 injusta
1333 995 1400 1048 de
1425 1009 1588 1048 causa
1611 994 1779 1050 licere
1803 992 1941 1048 indi-

346 1084 662 1151 gnationem
710 1083 986 1137 concitare
1023 1092 1284 1138 nostram.
1338 1085 1470 1140 Nam
1511 1084 1555 1138 si
1595 1085 1816 1155 spiritus
1844 1085 1938 1138 ira:

349 1186 586 1229 mentem
619 1176 870 1230 obscuret
900 1176 1054 1231 nobis
1076 1217 1091 1241 ,
1122 1191 1296 1246 neque
1325 1177 1413 1230 lux
1441 1176 1814 1241 discretionis,
1847 1190 1939 1230 ne-

350 1280 455 1335 que
477 1267 608 1320 recti
642 1267 857 1322 consilii
880 1266 1210 1336 justitiaeqne
1239 1267 1663 1335 gubernaculum
1698 1268 1749 1320 in
1783 1267 1937 1321 nobis

350 1360 682 1427 reperietur;
710 1376 883 1431 neque
906 1360 1093 1428 spiritu
1126 1361 1218 1413 irm
1250 1360 1564 1415 dominante
1594 1360 1708 1414 fieri
1763 1369 1941 1429 potest

350 1458 409 1502 ut
439 1450 616 1505 anima
657 1462 842 1505 nostra
884 1449 1141 1517 templum
1188 1448 1363 1504 sancti
1396 1449 1628 1518 Spiritus
1650 1447 1935 1505 efficiatur.

348 1539 573 1595 Demum
606 1550 822 1611 oportet
842 1550 899 1593 ιιι
930 1543 1187 1594 incertam
1214 1540 1607 1596 mortishoram
1631 1558 1743 1612 pra:
1768 1545 1937 1597 oculis

351 1630 641 1689 habentes.
675 1629 1045 1685 custodiamus
1077 1645 1175 1685 nos
1197 1631 1264 1685 ab
1284 1632 1386 1696 ira,
1415 1646 1477 1686 ac
1506 1632 1741 1687 sciamus
1762 1648 1936 1703 neque

347 1726 587 1789 ascesin,
623 1740 794 1795 neque
848 1727 1278 1795 temperantiam,
1316 1741 1489 1793 neque
1538 1727 1933 1784 abdicationem

2042 526 2329 583 interiores
2354 529 2657 599 passiones,
2673 538 2841 586 totum
2873 532 3029 588 nobis
3052 535 3120 589 sit
3140 536 3360 592 bellum.
3384 538 3454 592 lis
3477 540 3619 595 enim

2042 617 2139 673 Dei
2193 620 2396 674 auxilio
2445 620 2656 689 ejectis,
2714 638 2823 678 non
2853 624 2971 680 dico
2999 640 3117 680 eum
3149 626 3473 697 hominibus,
3528 632 3623 686 sed

2042 726 2165 766 cum
2194 712 2323 768 feris
2351 714 2515 768 etiam
2538 714 2694 769 facile
2719 715 3000 785 degemus,
3023 719 3172 788 juxta
3199 719 3327 773 illttd
3348 722 3622 777 heatiJobi

2041 806 2277 861 dictum:
2312 804 2572 863 Immanes
2602 812 2725 878 ferte
2753 826 2925 877 pacem
2951 822 3114 864 tecum
3141 811 3391 865 habebunt
3422 812 3621 883 (Job.v,

2040 896 2155 968 23).
2185 896 2241 952 In
2292 899 2479 967 primis
2509 899 2671 969 igitur
2691 901 3032 970 pugnandum
3062 911 3246 956 contra
3270 903 3513 971 spiritum
3537 903 3627 958 tri-

2045 988 2230 1055 stitiae,
2297 989 2387 1060 qui
2444 991 2676 1045 animam
2726 991 3025 1061 conjicitiu
3058 992 3520 1061 desperationem;
3567 1001 3628 1047 ut

2041 1078 2287 1151 (malum)
2318 1081 2447 1135 illud
2482 1097 2551 1136 ex
2585 1081 2748 1137 corde
2782 1092 2968 1138 nostro
3007 1084 3292 1152 pellamus.
3317 1084 3449 1138 Illud
3478 1087 3620 1139 enim

2042 1186 2149 1226 non
2179 1173 2311 1228 sivit
2337 1172 2565 1229 Cainum
2605 1184 2727 1244 post
2755 1174 2940 1231 fratris
2965 1177 3165 1231 caedem
3194 1178 3486 1247 pmnitere,
3532 1194 3625 1232 ne-

2041 1277 2145 1331 que
2186 1262 2377 1319 Judam
2429 1274 2551 1335 post
2598 1266 2815 1321 Domini
2860 1268 3243 1337 proditionem.
3286 1270 3415 1323 Eam
3452 1269 3622 1323 solam

2044 1354 2336 1411 habeamus
2377 1358 2649 1411 tristitiam
2700 1374 2819 1427 quae
2863 1358 3234 1428 paenitentiam
3282 1369 3623 1429 peccatorum

2042 1448 2261 1517 respicit
2290 1490 2304 1513 ,
2336 1463 2456 1503 cum
2490 1449 2628 1503 bona
2663 1463 2759 1519 spe
2802 1450 3139 1519 conjunctam
3166 1490 3180 1514 ,
3223 1460 3277 1505 et
3303 1466 3422 1520 quae
3464 1451 3626 1506 caele—

2042 1541 2203 1595 stium
2240 1539 2503 1596 bonorum
2526 1541 2922 1608 possessionem
2953 1542 3235 1608 conciliat;
3260 1544 3326 1597 de
3354 1558 3455 1612 qua
3487 1543 3627 1599 dixit

2043 1633 2335 1701 Apostolus
2374 1649 2386 1685 :
2421 1632 2550 1698 Qua:
2578 1634 2858 1687 secundum
2888 1633 3055 1688 Deum
3082 1635 3289 1689 tristitia
3309 1642 3380 1688 est
3408 1634 3475 1707 (ll
3501 1633 3621 1689 Cor.

2040 1740 2133 1790 vn,
2161 1723 2441 1794 10)........
2476 1725 2548 1778 Ea
2574 1725 2753 1794 itaque
2786 1726 3003 1779 tristitia
3025 1740 3145 1795 quae
3174 1726 3504 1794 paenitentia:
3529 1740 3626 1794 spe

347 1819 426 1872 rei
458 1818 633 1871 omnis
662 1817 957 1872 materialis
980 1858 992 1879 ,
1036 1833 1211 1888 neque
1234 1818 1440 1888 jejunia
1477 1827 1532 1874 et
1555 1819 1783 1889 vigilias,
1836 1821 1936 1874 uli-
1967 1815 2014 1874 B
2040 1817 2133 1870 alit
2161 1815 2431 1880 animam,
2479 1816 2672 1885 gaudio
2715 1819 3006 1871 commixta
3052 1827 3136 1871 est
3162 1835 3174 1869 :
3200 1832 3369 1887 quare
3393 1817 3624 1872 alacrem

350 1910 487 1964 litati
529 1909 687 1962 nobis
738 1910 874 1973 fore,
927 1910 970 1961 si
1028 1910 1100 1961 ira
1159 1919 1320 1978 atque
1369 1910 1494 1964 odio
1545 1912 1799 1981 correpti,
1858 1913 1935 1967 rei

349 1999 518 2054 simus
541 1999 764 2068 judicio.
799 1999 916 2065 Quo
946 2000 1150 2053 utinam
1183 2000 1500 2064 liberemur,
1525 2002 1693 2069 gratia
1730 2002 1935 2057 Domini

350 2092 516 2145 nostri
551 2090 679 2144 Jesu
709 2089 942 2154 Christi,
968 2091 1052 2144 cui
1079 2091 1245 2160 gloria
1283 2092 1332 2144 in
1366 2092 1559 2144 szecula
1592 2092 1934 2146 saeculorum.

423 2185 473 2238 5.
511 2183 680 2253 (Cass.
718 2183 848 2237 Inst.
884 2185 921 2237 Ι.
954 2201 1006 2239 tx
1034 2225 1047 2249 ,
1075 2191 1129 2238 'c.
1165 2187 1189 2239 l
1223 2194 1268 2238 et
1299 2186 1464 2256 seqq.)
1496 2185 1752 2252 Quintum
1786 2187 1938 2241 nobis

349 2281 432 2327 est
456 2282 727 2328 certamen
750 2275 1010 2328 adversus
1037 2273 1287 2341 spiritum
1319 2274 1573 2337 tristitiae.
1591 2276 1679 2343 qui
1702 2274 1935 2329 animam

350 2366 607 2421 obscurat
657 2376 900 2421 nostram
939 2375 996 2421 ut
1024 2367 1154 2420 nulli
1184 2366 1353 2435 possit
1401 2367 1667 2436 spirituali
1697 2376 1937 2421 contem-

350 2458 571 2528 plationi
626 2474 843 2521 vacare,
904 2459 1228 2529 cobibetque
1280 2460 1426 2513 illam
1477 2460 1545 2513 ab
1598 2461 1744 2513 omni
1797 2462 1937 2516 bono

349 2563 534 2617 Opere.
565 2547 696 2604 Cum
726 2552 868 2603 enim
897 2564 1099 2619 pravus
1131 2550 1221 2605 ille
1243 2551 1463 2619 spiritus
1490 2553 1723 2606 animam
1753 2568 1940 2623 appre-

350 2639 606 2695 ltenderit
655 2651 928 2711 totamque
976 2642 1368 2706 obscuraverit,
1424 2658 1527 2697 non
1579 2660 1770 2714 preces
1814 2663 1934 2702 cum

347 2732 624 2788 alacritate
654 2732 875 2789 fundere
905 2734 1174 2796 concedit.
1213 2735 1394 2789 nonin
1435 2750 1711 2790 sacrarum
1744 2738 1935 2794 lectio-

346 2839 472 2877 num
504 2826 756 2894 capienda
792 2827 1020 2880 utilitate
1061 2842 1285 2893 vacare,
1343 2844 1448 2882 nou
1484 2828 1741 2883 fratribus
1782 2846 1935 2886 man-

348 2924 554 2970 suetum
586 2928 637 2972 et
670 2918 1016 2973 commodum
1045 2933 1168 2973 esse
1196 2918 1353 2973 sinit:
1380 2919 1559 2973 odium
1590 2921 1765 2975 omnis
1795 2924 1938 2976 circa

345 3019 507 3076 opera
556 3008 756 3073 studii,
806 3010 1088 3079 ipsiusque
1112 3011 1235 3063 vita:
1276 3008 1633 3078 professionis
1678 3014 1935 3080 suggerit.

349 3097 485 3151 Dum
519 3100 704 3152 omnia
751 3100 982 3169 denique
1016 3101 1273 3153 salutaria
1319 3101 1513 3155 anima:
1545 3102 1765 3155 consilia
1811 3117 1940 3156 con-

348 3189 519 3244 fundit
553 3192 792 3260 tristitia,
811 3195 1034 3262 ejusque
1064 3194 1372 3247 ﬁrmitatem
1397 3208 1459 3247 ac
1482 3196 1939 3264 perseverantiam

346 3280 546 3344 solvit,
589 3282 744 3351 quasi
773 3284 991 3336 stultam
1022 3284 1171 3337 illam
1215 3291 1269 3337 et
1310 3286 1592 3339 attonitam
1632 3285 1830 3349 efficit,
1878 3302 1941 3343 ac

349 3373 564 3429 demum
599 3390 715 3430 eam
759 3375 1155 3443 desperationis
1202 3377 1529 3446 cogitatione
1558 3378 1745 3448 illigat.
1800 3380 1940 3445 Qua-

346 3476 571 3535 propter
598 3481 735 3520 unus
764 3467 921 3521 nobis
968 3470 1038 3522 sit
1078 3482 1271 3535 scopus
1298 3514 1310 3538 ,
1347 3469 1629 3537 spirituale
1661 3481 1938 3527 certamen

344 3571 578 3621 certare,
610 3559 831 3628 spiritus
866 3559 1118 3627 nequitia:
1141 3576 1261 3613 cum
1298 3561 1409 3615 Deo
1437 3562 1651 3616 vincere
1675 3605 1688 3629 ,
1719 3574 1774 3618 et
1794 3566 1940 3619 omni

344 3652 588 3710 custodia
643 3666 738 3706 cor
791 3663 1034 3706 nostrum
1094 3667 1319 3709 servare
1371 3670 1399 3707 a
1460 3656 1651 3725 spiritu
1707 3657 1941 3712 tristitia:

345 3745 531 3818 (Prov.
562 3761 635 3808 tv,
662 3743 775 3814 25).
800 3744 1267 3810 Quemadmodum
1301 3747 1446 3800 enim
1480 3746 1623 3802 tinea
1657 3750 1943 3803 vestimen-

345 3850 481 3905 tum,
511 3848 565 3893 ct
591 3840 794 3893 vermis
824 3839 1053 3907 lignum,
1087 3839 1156 3892 ita
1189 3840 1405 3892 tristitia
1432 3841 1671 3895 eorrodit
1706 3841 1941 3896 hominis

341 3933 601 3997 animam,
626 3931 750 3985 dum
776 3932 965 3986 suadet
998 3932 1076 3985 illi
1114 3933 1258 3986 utab
1290 3934 1437 3987 omni
1474 3934 1643 4003 probo
1669 3938 1943 3991 consortio

341 4024 600 4090 declinet,
632 4039 808 4093 neque
834 4024 1085 4078 concedit
1111 4024 1188 4078 illi
1218 4035 1274 4078 ut
1315 4040 1343 4078 a
1372 4027 1512 4080 veris
1543 4027 1731 4083 amicis
1760 4028 1939 4082 consi-

346 4116 477 4171 lium
502 4117 865 4187 accipiat,nec
879 4126 938 4171 ut
956 4117 1137 4171 mitem
1164 4126 1216 4172 et
1236 4118 1511 4188 paciticam
1532 4121 1938 4190 responsionem

341 4207 431 4263 det
462 4209 623 4277 ipsis:
658 4209 752 4264 sed
783 4210 1016 4263 animam
1068 4210 1353 4264 conturbat
1386 4221 1553 4266 totam
1606 4212 1849 4278 tristitia,
1886 4222 1941 4268 et

351 4300 554 4354 incuria
606 4302 820 4372 replet;
867 4312 1028 4373 atque
1068 4302 1284 4358 demum
1319 4305 1511 4359 suadet
1554 4312 1614 4358 ut
1662 4305 1830 4376 fugiat
1874 4308 1942 4359 ab

345 4389 677 4461 hominibus,
709 4395 861 4463 quasi
888 4394 989 4448 sibi
1015 4395 1065 4447 in
1087 4409 1245 4448 causa
1263 4394 1461 4449 fuerint
1482 4398 1937 4465 perturbationis;

340 4498 517 4553 neque
547 4487 673 4539 sinit
698 4499 817 4540 eam
850 4498 1166 4552 agnoscere,
1197 4501 1301 4538 non
1334 4489 1594 4549 exterius,
1646 4488 1739 4541 sed
1798 4489 1940 4541 inte-

2040 1916 2095 1961 et
2123 1907 2190 1962 ad
2216 1922 2377 1961 omne
2407 1908 2605 1961 bonuut
2649 1922 2786 1976 Opus
2826 1908 3213 1978 obsequentem
3256 1909 3432 1966 reddit
3456 1908 3627 1966 homi-

2040 2015 2183 2068 nem,
2217 2015 2439 2055 accessu
2465 2015 2679 2071 quoque
2703 2000 2914 2055 facilem
2938 2010 2994 2056 et
3024 2001 3301 2056 humilem.

2041 2110 2144 2166 Hie
2170 2113 2306 2166 deest
2331 2129 2489 2166 unum
2512 2112 2715 2182 folium,
2745 2113 2940 2166 scilicet
2966 2114 3105 2183 quod
3134 2123 3362 2178 superest
3385 2115 3626 2168 adversus

2110 2184 2332 2237 tristitia:
2348 2185 2610 2254 spiritum,
2645 2193 2691 2237 et
2726 2184 2929 2237 initium
2954 2200 3129 2238 eorum
3156 2200 3273 2255 quae
3301 2184 3543 2239 dicuntur
3563 2185 3628 2238 de

2109 2255 2331 2324 torporis
2352 2256 2556 2323 spiritu.

2110 2366 2162 2419 6.
2206 2364 2377 2435 (Cass.
2436 2363 2570 2419 Inst.
2623 2366 2739 2429 1.x,
2795 2384 2842 2420 c.
2886 2369 2954 2422 15
3001 2376 3045 2421 ει
3088 2366 3374 2438 seqq.).....
3426 2367 3623 2423 Panem

2040 2457 2386 2513 manducent.
2418 2458 2711 2513 Audiamus
2734 2474 2891 2527 quam
2911 2462 3184 2529 sapienter
3209 2460 3363 2514 nobis
3380 2458 3629 2515 ostendat

2042 2550 2331 2619 Apostolus
2362 2551 2594 2619 torporis
2624 2551 2850 2620 hujusce
2877 2566 3089 2607 causas.
3134 2550 3397 2623 Inquietos
3429 2553 3629 2622 quippe

2039 2651 2197 2697 vocat
2225 2641 2293 2712 (ll
2335 2641 2512 2696 Thess.
2548 2658 2637 2707 ttt,
2681 2644 2739 2712 6)
2777 2657 2873 2698 eos
2902 2644 2989 2713 qui
3022 2659 3127 2698 non
3159 2654 3480 2713 operantur:
3512 2644 3613 2698 hac

2041 2750 2144 2787 una
2167 2748 2300 2789 voce
2325 2736 2547 2789 multam
2578 2734 2860 2789 declarans
2890 2736 3170 2789 malitiam.
3205 2735 3309 2801 Qui
3331 2736 3472 2788 enim
3497 2736 3630 2788 otio-

2040 2842 2133 2881 sus
2151 2834 2255 2893 est,
2284 2828 2465 2883 verbis
2495 2842 2709 2898 quoque
2743 2829 3067 2881 temerarius
3097 2827 3302 2889 existit,
3328 2832 3630 2895 promptus-

2042 2935 2145 2989 que
2172 2919 2237 2973 ad
2267 2920 2679 2974 conviciandum
2702 2960 2715 2982 ,
2748 2933 2810 2971 ac
2837 2918 3053 2973 demum
3087 2917 3153 2970 ad
3181 2918 3419 2987 quietam
3463 2914 3628 2970 vitam

2042 3011 2304 3082 agendam
2327 3011 2561 3079 ineptus,
2591 3018 2647 3064 et
2678 3011 2911 3078 torporis
2940 3023 3149 3064 servus.
3172 3006 3421 3076 Praecipit
3450 3007 3630 3077 itaque

2046 3113 2106 3157 ut
2135 3103 2538 3167 subtraltamus,
2562 3102 2614 3156 id
2643 3110 2746 3166 est,
2766 3116 3111 3172 segregemus
3140 3116 3238 3155 nos
3261 3099 3459 3163 abillo,
3479 3099 3629 3169 quasi

2047 3210 2075 3247 a
2107 3192 2365 3263 pestifero
2384 3195 2598 3249 morbo.
2631 3192 2833 3247 Deinde
2849 3193 2974 3262 quid
3006 3193 3108 3244 ait:
3143 3192 3206 3244 Et
3232 3208 3331 3245 non
3352 3191 3630 3244 secundum

2047 3286 2371 3340 traditionem
2400 3303 2551 3350 quam
2591 3295 2892 3357 acceperunt
2922 3301 2955 3337 a
2980 3283 3123 3338 nobis
3149 3284 3216 3353 (ll
3239 3282 3419 3337 Thess.
3442 3297 3523 3352 tu,
3547 3281 3626 3350 6),

2047 3394 2110 3433 ac
2141 3393 2237 3448 per
2266 3378 2367 3433 hoc
2397 3379 2597 3433 dictum
2630 3378 2867 3433 ostendit
2896 3394 2990 3433 eos
3021 3392 3143 3433 esse
3173 3376 3439 3448 superbos
3461 3418 3474 3441 ,
3502 3392 3631 3431 con-

2045 3480 2366 3540 temptores,
2400 3482 2453 3526 et
2479 3472 2898 3539 apostolicarum
2933 3470 3281 3525 traditionum
3309 3469 3626 3523 violatores.

2045 3566 2122 3618 Ac
2150 3577 2364 3616 rursum
2402 3581 2413 3614 :
2457 3563 2634 3633 Neque
2662 3564 2821 3634 gratis
2848 3579 3050 3634 panem,
3084 3562 3178 3628 ait,
3208 3560 3630 3615 manducavimus

2045 3658 2110 3710 ab
2144 3656 2344 3727 aliqua,
2376 3657 2466 3712 sed
2503 3659 2555 3710 in
2583 3657 2756 3710 labore
2783 3667 2825 3709 et
2858 3659 2908 3711 in
2940 3658 3264 3729 fatigatione,
3306 3664 3452 3709 nocte
3477 3662 3524 3707 et
3548 3652 3631 3706 die

2047 3760 2350 3820 aperantes,
2399 3766 2461 3802 ne
2508 3764 2657 3817 quem
2694 3758 2914 3801 vestrum
2962 3764 3285 3818 gravarentus
3322 3746 3512 3817 (Ibid.,
3550 3745 3627 3813 8).

2047 3840 2247 3894 Doctor
2270 3839 2359 3893 ille
2390 3839 2670 3905 Gentium,
2707 3838 2981 3907 Evangelii
3014 3853 3212 3905 praeco,
3266 3840 3355 3906 qui
3389 3837 3632 3891 sublatus

2045 3938 2326 3999 estusque
2363 3930 2427 3983 ad
2474 3930 2692 3983 tertium
2724 3928 2921 3983 caelum
2946 3925 3014 3998 (ll
3035 3924 3155 3979 Cor.
3198 3940 3290 3991 xu,
3328 3924 3411 3994 ‘2),
3442 3926 3529 3994 qui
3559 3928 3633 3981 ait

2042 4025 2270 4094 jussisse
2288 4024 2575 4079 Dominum
2605 4032 2662 4077 ut
2684 4038 2779 4077 eos
2796 4022 2883 4091 qui
2913 4020 3265 4087 Evangelium
3289 4018 3628 4087 annuntiant,

2045 4133 2110 4173 ex
2140 4118 2432 4187 Evangelio
2473 4116 2661 4170 vivant
2689 4115 2731 4187 (l
2760 4113 2882 4169 Cor.
2920 4130 2972 4169 ιι
2993 4154 3008 4178 ,
3037 4113 3147 4180 14),
3175 4111 3229 4166 iu
3261 4110 3443 4166 labore
3473 4118 3631 4165 nocte

2045 4220 2098 4266 et
2124 4212 2213 4265 die
2239 4212 2586 4281 operabatur,
2614 4225 2680 4264 ne
2699 4224 2857 4279 quem
2880 4215 3150 4277 gravaret.
3181 4205 3318 4273 Quid
3350 4203 3512 4274 igitur
3532 4217 3631 4257 nos

2045 4319 2269 4373 agemus
2306 4304 2399 4372 qui
2434 4318 2546 4371 prae
2573 4312 2791 4371 torpore
2818 4315 2954 4370 Opus
2984 4312 3298 4353 aversamur
3319 4336 3335 4361 ,
3378 4307 3632 4362 corpora-

2045 4395 2261 4463 lemque
2305 4395 2670 4463 perquirimus
2698 4398 2967 4461 quietem;
2998 4391 3192 4461 quibus
3222 4402 3321 4442 nec
3354 4386 3632 4457 Evangelii

2046 4482 2383 4551 praedicatio,
2419 4498 2593 4551 neque
2637 4482 3004 4535 Ecclesiarum
3049 4494 3177 4533 cura
3207 4477 3496 4532 commissa
3526 4486 3626 4544 est,

338 4578 455 4631 rius
478 4578 853 4647 :rgritudinem
881 4591 1003 4630 esse
1031 4577 1211 4637 sitam,
1238 4592 1359 4645 quae
1392 4587 1516 4630 tunc
1541 4586 1784 4646 apparet,
1810 4594 1929 4633 cum
1959 4558 2010 4615 Ῐ)
2036 4576 2130 4629 sed
2155 4575 2321 4628 solius
2346 4575 2538 4628 anima:
2556 4573 2788 4641 propriae
2801 4572 3110 4626 sollicitudo
3127 4571 3405 4626 incumbit.
3430 4571 3633 4625 Deinde

340 4670 656 4738 ingruentes
684 4669 1012 4722 tentationes
1043 4670 1416 4737 experimento
1458 4668 1605 4721 illam
1636 4671 1818 4738 palam
1861 4672 1937 4723 fa-

336 4762 503 4817 ciunt.
561 4759 860 4829 Numquam
888 4759 1029 4813 enim
1083 4759 1245 4812 homo
1273 4758 1500 4813 laedetur
1547 4760 1615 4813 ab
1641 4761 1782 4825 alio,
1834 4762 1937 4816 nisi

340 4854 487 4909 intus
519 4853 680 4907 situm
706 4850 905 4905 haheat
934 4851 1206 4914 morbum,
1240 4850 1448 4905 scilicet
1477 4852 1783 4919 passionum
1814 4868 1940 4907 cauo

336 4958 426 4999 sas
461 4958 619 5013 :quze
651 4956 810 4996 causa
842 4951 925 4997 est
951 4943 1093 5012 quod
1122 4943 1370 4996 omnium
1406 4943 1586 5012 opifex
1637 4953 1693 4998 et
1733 4944 1939 4999 anima-

337 5051 457 5089 rum
487 5035 728 5090 medicus
751 5034 1015 5103 Deus,qui
1032 5035 1179 5088 solus
1199 5034 1367 5104 probe
1395 5044 1445 5089 et
1464 5045 1715 5092 accurate
1738 5039 1934 5091 animat

336 5127 555 5182 vulnera
591 5126 773 5193 novit,
822 5142 930 5180 non
984 5127 1261 5180 hominum
1313 5128 1586 5182 consortia
1631 5129 1937 5199 relinquere

335 5221 617 5291 praecipiat
639 5260 654 5285 ,
707 5220 800 5277 scd
832 5220 1052 5275 malitiae
1081 5235 1272 5275 causas
1318 5220 1370 5273 in
1406 5220 1561 5274 nobis
1588 5220 1935 5289 exscindere,

336 5328 538 5383 gnarus
566 5327 785 5369 causam
818 5314 1065 5367 sanitatis
1101 5312 1328 5379 animat,
1376 5326 1483 5367 non
1510 5313 1560 5366 in
1593 5314 1936 5381 separatione

340 5405 410 5457 ah
428 5405 739 5461 hominibus
761 5406 1019 5473 obtineri,
1047 5406 1138 5460 sed
1169 5407 1221 5460 in
1246 5405 1661 5461 conversatione
1685 5420 1807 5461 cum
1838 5406 1931 5460 ho-

341 5494 575 5550 minibus
598 5506 653 5551 et
682 5497 734 5551 in
767 5498 1178 5555 exercitatione.
1230 5498 1366 5552 Cum
1395 5498 1574 5569 itaque
1602 5500 1671 5551 ob
1699 5513 1928 5554 consen-

340 5595 525 5641 taneas
556 5589 810 5657 quasdam
843 5591 1159 5644 occasiones
1188 5590 1388 5645 fratres
1417 5590 1808 5660 relinquimus,
1844 5607 1929 5645 ne-

334 5695 605 5749 quaquam
640 5684 871 5737 tristitia:
905 5684 1224 5739 oceasiones
1239 5683 1718 5753 praecidimus,sed
1747 5684 1923 5739 solum

332 5775 780 5834 commutavimus
809 5790 932 5842 eas,
976 5776 1167 5832 morbo
1198 5776 1404 5833 scilicet
1439 5777 1590 5834 intus
1616 5777 1803 5844 posito
1831 5792 1923 5834 eas

2038 4666 2238 4720 clarius
2269 4667 2569 4721 ostendens
2613 4674 2871 4734 quantum
2917 4680 2980 4720 ex
3013 4664 3127 4720 etio
3165 4664 3342 4719 damni
3388 4664 3629 4726 accedat.

2038 4758 2344 4827 sultjungit:
2385 4758 2531 4812 Nihil
2582 4768 2851 4829 operantes
2878 4801 2892 4824 ,
2936 4760 3025 4812 sed
3054 4758 3255 4811 curiose
3305 4766 3512 4828 agentes
3556 4758 3626 4827 (ll

2042 4850 2224 4905 Thess.
2252 4866 2334 4915 ιιι,
2370 4851 2495 4921 ll);
2528 4867 2589 4905 ex
2615 4850 2727 4905 otio
2758 4852 3106 4915 inordinatio,
3138 4867 3206 4905 ex
3225 4850 3631 4905 inordinatioue

2042 4940 2220 4995 omnis
2243 4940 2446 4995 malitia
2478 4939 2739 4995 exoritur.
2777 4940 2981 4995 Deinde
3013 4941 3138 4995 huic
3170 4940 3467 4995 remedium
3494 4955 3631 5007 prae~

2045 5049 2238 5103 parans
2260 5036 2370 5103 ait;
2398 5032 2475 5089 Iis
2500 5044 2671 5089 autem
2697 5036 2784 5105 qui
2824 5034 3079 5105 ejusmodi
3099 5042 3217 5087 sunt
3241 5034 3629 5095 denuntinmtts,

2042 5136 2089 5180 et
2131 5126 2431 5195 hortamur,
2475 5138 2529 5180 ut
2561 5144 2677 5181 cum
2714 5128 2920 5182 silentio
2963 5136 3228 5198 operantes
3268 5143 3418 5180 suum
3448 5142 3631 5196 panem

2046 5220 2357 5275 manducent
2400 5218 2593 5288 (Ibid.,
2638 5218 2750 5289 l2),
2799 5228 2962 5287 atque
2996 5233 3118 5273 cum
3158 5233 3349 5290 magna
3386 5217 3634 5289 increpa-

2042 5309 2189 5365 tione
2215 5311 2465 5380 subjicit:
2499 5309 2560 5363 Si
2585 5310 2698 5378 quis
2725 5326 2829 5363 non
2852 5309 2960 5363 vult
2990 5310 3208 5381 aperari,
3240 5325 3331 5363 nec
3362 5309 3631 5362 manducet

2040 5404 2234 5473 (lbid.,
2265 5404 2378 5475 10).
2410 5405 2572 5459 Hisce
2601 5404 2913 5474 apostolicis
2943 5404 3224 5473 praeceptis
3253 5403 3422 5458 sancti
3454 5410 3632 5470 patres

2038 5495 2278 5567 ἐξωριῘί
2306 5494 2525 5560 eruditi,
2569 5510 2636 5550 ne
2665 5494 2891 5549 minimo
2914 5495 3130 5565 quidem
3162 5503 3411 5565 tempore
3438 5505 3632 5547 conce-

2037 5590 2169 5644 dunt
2222 5588 2429 5645 otiosos
2488 5603 2607 5643 esse
2666 5591 2996 5653 monachos,
3046 5588 3279 5645 maxime
3336 5589 3626 5658 juniores,

2032 5684 2183 5754 gnari
2232 5697 2293 5738 se
2351 5699 2445 5751 per
2503 5684 2819 5753 patientiam
2879 5684 3082 5756 operis,
3133 5694 3401 5754 torporem
3453 5683 3632 5738 elimi-

2033 5792 2187 5842 nth
2235 5791 2501 5843 suumque
2556 5777 2660 5835 sibi
2706 5780 3028 5837 alimentum
3081 5791 3419 5846 comparare,
3466 5785 3629 5846 atque
