4042 6188
451 214 575 292 891Ϋ
941 228 1001 284 S.
1043 223 1367 283 EUCIIERII
1404 215 1882 277 LUGDUNENSIS
1919 210 2225 267 EPISCOPI
2266 213 2609 269 EPITOMES
2646 215 2931 268 OPERUM
2970 214 3099 267 LIB.
3140 216 3206 272 il.
3616 222 3732 280 899,

453 348 735 422 egentibus
764 346 960 401 auxilio
990 357 1130 399 esse.
1158 340 1273 395 Non
1305 337 1465 393 modo
1492 335 1635 390 enim
1679 347 1773 404 pro
1799 332 1913 386 suis
1935 343 2027 385 ne-
2053 329 2105 388 A
2131 327 2294 394 mini,
2335 335 2389 383 ut
2431 326 2771 383 ostenderem
2817 328 2872 381 in
2916 336 3169 398 quantam
3223 328 3593 399 insipientiam
3637 334 3731 392 hic

454 441 796 501 eessitatibus
823 448 1134 507 operantur,
1163 434 1258 488 sed
1302 429 1598 501 peregrinis
1618 428 1800 491 etiam,
1825 439 2027 494 paupe-

455 537 627 603 ribus,
646 532 850 588 carceri
874 527 1105 593 traditis,
1139 525 1497 592 omnibusque
1523 521 1708 590 egenis
1730 516 2033 573 necessaria

458 646 523 685 ex
554 643 653 683 suo
680 639 844 694 apere
872 620 1221 691 suppeditant
1255 636 1267 669 ε
1302 615 1637 684 creduntque
1659 612 1897 667 officium
1934 610 2034 664 bu-

455 718 691 790 jusmodi
737 714 1063 770 sacriﬂcium
1102 726 1223 767 esse
1262 710 1377 766 Deo
1412 716 1715 777 acceptum.
1762 706 1877 759 Hoc
1906 705 2035 759 item

456 813 606 865 aiunt
656 810 879 872 Patres,
910 821 1031 860 eum
1062 804 1153 874 qui
1184 811 1455 872 operatur,
1488 816 1607 853 cum
1654 814 1760 853 uno
1790 798 2035 851 daemone

460 918 725 975 pugnare,
749 916 813 956 ac
842 900 1157 971 plerumque
1182 897 1361 950 abillo
1389 894 1659 959 tribulari;
1692 893 1921 946 otiosum
1948 905 2038 944 au-

460 1006 565 1051 tem
595 994 817 1049 inlinitis
840 990 1174 1047 dmmonibus
1198 1002 1317 1042 esse
1341 987 1629 1055 captivum.
1646 983 1834 1053 Opera:
1857 992 2037 1036 autem

460 1088 696 1158 pretium
721 1084 1093 1139 fueritdictnm
1112 1094 1414 1134 memorare
1434 1078 1641 1131 abbatis
1664 1077 1885 1147 κυνεῖς,
1902 1076 2039 1129 inter

462 1180 653 1233 Patres
694 1171 1109 1245 spectatissimi,
1157 1169 1298 1240 quod
1327 1168 1393 1221 ad
1442 1183 1528 1222 me
1577 1167 1788 1221 locutus
1816 1176 1917 1221 est.
1960 1166 2041 1219 Me

460 1270 656 1340 quippe
702 1268 850 1323 brevi
897 1275 1139 1333 tempore
1181 1261 1458 1316 sedentem
1506 1258 1559 1312 in
1605 1273 1819 1322 eremo,
1854 1266 2042 1326 torpor

471 1362 685 1425 afﬂixit,
712 1367 875 1428 atque
898 1355 1161 1410 accedens
1184 1352 1250 1405 ad
1278 1352 1449 1417 illum,
1482 1351 1559 1404 sic
1599 1351 1875 1420 alloquor:
1910 1349 2044 1403 Tor-

464 1469 594 1525 pore
620 1452 859 1522 graviter
889 1449 1142 1511 afﬂictus,
1187 1454 1349 1515 atque
1390 1442 1680 1497 admodum
1720 1443 2041 1505 infirmatus,

466 1560 572 1599 non
605 1545 751 1613 prius
781 1556 848 1595 eo
877 1542 1139 1593 liberatus
1167 1553 1285 1590 sum
1313 1551 1472 1605 quam
1497 1533 1701 1588 abirem
1723 1543 1774 1586 et
1796 1533 2045 1586 abbatem

468 1637 689 1691 Paulum
718 1635 1091 1689 convenirem.
1118 1630 1415 1699 Respondit
1439 1628 1572 1681 mihi
1605 1628 1771 1681 abbas
1793 1626 2003 1695 Moyses
2028 1645 2040 1680 :

2135 421 2346 477 daemon
2382 422 2636 491 conjiciat
2662 421 2956 475 hominem.
2995 422 3093 487 Qui
3124 423 3240 477 vult
3277 424 3456 493 itaque
3492 428 3727 495 perfecte

2135 525 2366 583 certare,
2402 526 2456 570 et
2477 515 2698 583 justitiaa
2712 530 2912 569 corona
2935 514 3203 583 redimiri,
3237 518 3487 572 omnibus
3510 531 3726 591 satagat

2136 609 2311 664 modis
2335 606 2718 663 multiformem
2748 606 2887 661 banc
2910 621 3166 675 superare
3195 606 3383 674 feram,
3413 624 3522 679 prae
3558 617 3725 670 acutis

2138 716 2349 771 semper
2382 700 2589 755 habens
2618 701 2819 757 dictum
2861 700 2989 754 illud
3034 701 3211 755 sancti
3244 702 3462 758 Davidis
3497 725 3509 759 :
3546 708 3728 763 Domi-

2140 811 2236 848 nus
2264 795 2655 862 dissipavitassa
2681 809 2856 848 eorum
2882 793 2971 863 qui
3000 794 3292 849 hominibus
3319 795 3522 867 placent
3552 800 3723 869 (Psal.

2140 904 2233 957 ut,
2258 886 2348 958 6);
2379 888 2623 957 nihilque
2655 896 2781 959 agat
2826 887 3025 941 intuitu
3065 888 3281 943 laudum
3326 890 3685 947 humanarum
3710 937 3726 961 ,

2139 984 2235 1038 sed
2258 982 2560 1037 mercedem
2590 989 2798 1053 quaerat
2824 996 2855 1036 a
2887 983 3017 1048 Deo,
3049 996 3113 1036 ac
3130 982 3473 1052 cogitationes
3489 989 3733 1054 propria:

2142 1077 2334 1145 laudis,
2366 1092 2462 1132 cor
2492 1091 2645 1131 suum
2671 1076 2985 1131 invadentes
3008 1091 3227 1145 semper
3251 1078 3498 1147 abjiciat:
3529 1094 3651 1134 sese
3678 1083 3731 1136 in

2143 1180 2433 1237 conspectu
2458 1169 2552 1223 Dei
2572 1168 2855 1237 deSpiciat.
2876 1168 2989 1222 Hoc
3020 1167 3282 1239 siquidem
3319 1180 3477 1239 pacto
3510 1175 3729 1240 poterit,

2144 1262 2258 1317 Deo
2284 1262 2523 1331 juvante,
2548 1260 2768 1317 liberari
2800 1262 3532 1330 abinanisglorimdwmone,
3561 1266 3731 1334 gratia

2147 1354 2359 1409 Domini
2383 1353 2553 1407 nostri
2576 1354 2725 1421 Jesn,
2752 1355 2837 1408 cui
2866 1354 3032 1424 gloria
3059 1354 3113 1408 in
3144 1355 3363 1409 stecula.
3397 1355 3583 1411 Amen.

2217 1445 2270 1499 8.
2303 1444 2478 1515 (Cass.
2508 1445 2641 1499 Inst.
2677 1446 2713 1497 ι.
2743 1461 2847 1511 xu,
2876 1462 2922 1499 c.
2946 1445 2971 1497 1
3004 1456 3051 1498 et
3074 1446 3254 1517 seqq.)
3290 1446 3537 1501 Octavum
3573 1450 3733 1505 nobis

2148 1549 2231 1594 est
2259 1549 2534 1595 certamen
2582 1539 2843 1594 adversus
2873 1541 3118 1610 spiritum
3150 1543 3444 1611 superbire,
3477 1546 3613 1615 quod
3647 1557 3734 1602 est

2150 1634 2363 1703 gravius
2411 1633 2696 1701 acriusque
2742 1631 2951 1687 caeteris
3002 1633 3294 1699 omnibus,
3352 1650 3455 1703 quo
3512 1637 3734 1705 perfecti

468 1728 817 1798 Pcrspectum
870 1727 1007 1781 habe
1046 1726 1277 1795 teipsum
1322 1722 1543 1776 minime
1572 1720 1639 1773 ab
1675 1736 1741 1774 eo
1785 1719 2042 1773 hactenus
2074 1712 2119 1771 B
2147 1728 2378 1781 maxime
2416 1734 2823 1797 oppugnantur,
2853 1726 3050 1796 quique
3078 1741 3172 1780 eos
3199 1728 3293 1796 qui
3326 1727 3436 1783 fere
3471 1728 3535 1783 ad
3571 1730 3736 1784 γῖτιυ.

468 1822 748 1884 liberasse,
778 1820 945 1873 immo
972 1817 1148 1887 potius
1171 1814 1470 1870 dedititium
1504 1822 1554 1867 te
1571 1822 1733 1883 atque
1760 1826 1971 1866 servum
1996 1811 2045 1865 ei

473 1913 782 1971 tradidisse.
813 1910 959 1965 Scito
976 1908 1133 1979 igitur
1154 1908 1369 1977 gravius
1389 1916 1460 1971 te,
1482 1913 1668 1975 utpote
1689 1905 2044 1968 desertorem,

470 2007 541 2062 ab
565 2021 631 2060 eo
664 2002 1041 2058 debellandum
1088 2014 1229 2068 esse,
1281 1998 1382 2053 nisi
1419 1998 1673 2067 deinceps
1716 2012 1811 2066 per
1837 1997 2047 2065 patien-

479 2101 631 2161 tiam,
678 2096 977 2150 orationem
1010 2102 1065 2149 et
1099 2107 1233 2163 opus
1280 2106 1558 2157 manuum,
1590 2106 1712 2145 eum
1743 2105 2051 2160 oppugnare

470 2189 758 2245 studueris.

541 2284 593 2337 7.
635 2280 803 2354 (Cass.
830 2278 963 2333 Inst.
995 2279 1081 2333 lib.
1111 2294 1185 2343 ιιι,
1212 2296 1260 2332 c.
1285 2278 1311 2331 1
1332 2278 1554 2348 etseqq.)
1574 2277 1870 2346 Septimum
1899 2277 2055 2331 nobis

468 2386 552 2432 est
579 2384 849 2429 certamen
877 2372 1136 2428 adversus
1165 2372 1410 2439 spiritum
1433 2370 1608 2423 inanis
1633 2370 1843 2439 glorire,
1872 2370 2054 2423 multi-

471 2469 697 2523 formem
725 2467 872 2520 illam
902 2479 966 2519 ac
998 2464 1368 2519 tenuissimam
1398 2462 1721 2531 passionem,
1750 2476 1870 2531 quas
1896 2477 1963 2517 ne
1993 2463 2058 2515 ab

470 2576 536 2617 eo
564 2561 776 2631 quidem
803 2559 896 2628 qui
931 2566 1165 2613 tentatur
1194 2556 1695 2625 comprehenditur.
1728 2558 2058 2610 Cmterarum

470 2656 673 2725 quippe
697 2654 1005 2722 passionum
1032 2652 1378 2720 irruptiones,
1405 2652 1701 2719 apertiores
1729 2660 1874 2716 sunt,
1902 2660 2060 2719 atque

472 2747 683 2801 facilius
705 2761 826 2800 cum
849 2746 913 2798 iis
937 2751 1237 2813 pugnatur:
1266 2743 1440 2795 anima
1469 2742 1690 2812 quippe,
1717 2757 1835 2795 cum
1858 2741 2059 2795 bellum

473 2838 750 2909 agnoscit,
792 2835 1140 2906 repugnando
1179 2844 1230 2888 et
1266 2834 1471 2889 orando
1507 2841 1743 2903 superat.
1778 2834 1847 2887 At
1884 2832 2062 2887 inanis

472 2933 660 3003 gloria:
690 2931 893 2985 malitia
924 2929 1269 2983 multiformis
1297 2943 1418 2982 cum
1452 2929 1517 2982 sit
1536 2968 1548 2992 ,
1576 2928 1652 2981 uti
1675 2940 1832 2995 supra
1858 2927 2060 2979 dictum

473 3035 578 3091 est,
612 3031 913 3095 expugnata
944 3023 1178 3077 difficilis
1210 3030 1310 3077 est.
1344 3022 1399 3076 ln
1423 3022 1566 3077 omni
1599 3022 1794 3091 quippe
1825 3019 2059 3075 hominis

474 3117 652 3173 studio
693 3132 930 3187 praesens
970 3130 1029 3170 se
1069 3116 1241 3181 sistit,
1274 3116 1328 3169 in
1363 3113 1551 3168 habitu
1586 3112 1819 3179 scilicet,
1852 3111 2054 3181 forma,
2083 3084 2128 3147 Ο

475 3226 687 3281 gressu,
721 3224 997 3277 sermone,
1042 3209 1259 3279 vigiliis,
1294 3207 1533 3276 jejuniis,
1574 3206 1628 3260 in
1664 3207 1936 3269 oratione,
1982 3205 2059 3259 le-

476 3304 687 3366 ctione,
722 3301 933 3371 quiete,
977 3301 1031 3353 in
1069 3299 1489 3369 aequanimitate.
1531 3297 1599 3351 lis
1630 3297 1774 3350 enim
1806 3295 2059 3351 omnibus

477 3402 705 3449 conatur
738 3391 968 3444 militem
1002 3390 1205 3444 Christi
1241 3390 1553 3445 confodere.
1592 3388 1759 3455 Quem
1798 3388 1943 3442 enim
1970 3402 2062 3442 ve-

478 3490 855 3543 stimentorum
893 3486 1303 3556 sumptuositate
1346 3487 1593 3556 decipere
1643 3487 1857 3555 nequit,
1901 3493 1957 3540 et
1996 3484 2063 3539 ad

481 3593 672 3633 vanam
721 3580 947 3649 gloriam
988 3578 1310 3643 deﬂectere,
1351 3594 1473 3633 eum
1511 3578 1818 3633 vestimenti
1854 3577 2064 3632 vilitate

481 3681 671 3727 tentat.
710 3674 775 3727 Et
808 3688 965 3742 quem
1006 3687 1109 3726 non
1147 3674 1321 3743 potuit
1351 3674 1584 3740 honore,
1626 3690 1745 3730 eum
1785 3673 2065 3730 dedecoris

484 3766 739 3836 patientia
772 3766 835 3819 ad
858 3766 1221 3835 insipientiam
1252 3783 1422 3839 usque
1450 3768 1629 3833 inﬂat;
1659 3784 1813 3837 quem
1841 3766 2065 3822 scientia

484 3858 548 3912 ad
575 3874 763 3913 vanam
782 3859 1005 3930 gloriam
1032 3859 1297 3915 deducere
1322 3863 1718 3933 nequivit,eum
1741 3875 1804 3914 ex
1828 3858 2064 3924 silentio,

489 3953 639 4021 quasi
683 3954 924 4021 quietum
972 3952 1276 4019 hominem,
1327 3952 1575 4021 decipere
1615 3960 1868 4014 conatur;
1910 3965 2069 4018 quem

488 4044 725 4099 ciborum
766 4046 970 4099 lautitia
1020 4045 1087 4099 ad
1128 4046 1405 4099 mollitiem
1460 4045 1672 4101 trahere
1720 4058 1826 4097 non
1871 4045 2067 4111 valuit,

487 4152 607 4193 eum
632 4138 841 4207 jejunio
864 4138 928 4190 ad
957 4138 1171 4191 laudum
1205 4138 1548 4204 cupiditatem
1577 4136 1811 4191 deducit.
1844 4137 2070 4194 Demum

483 4244 618 4300 Opus
641 4244 819 4295 omne,
867 4243 1027 4283 omne
1063 4228 1333 4293 studium,
1382 4228 1507 4282 belli
1556 4228 1893 4283 occasionem
1946 4231 2069 4285 huic

485 4322 716 4378 daemoni
762 4322 982 4390 praebet.
1032 4320 1112 4375 Ad
1157 4319 1273 4374 hare
1322 4322 1409 4388 qui
1462 4320 1528 4374 ab
1574 4320 1665 4375 illo
1707 4332 2065 4393 oppugnatur,

487 4430 886 4486 nonnumquam
932 4411 1034 4469 sibi
1087 4415 1226 4469 sacri
1276 4414 1478 4469 ordinis
1531 4414 1731 4486 gradus
1785 4417 2077 4486 contingit;

486 4504 701 4565 Memini
731 4508 1007 4578 cujusdam
1039 4508 1204 4576 senis,
1235 4508 1346 4578 qui,
1371 4522 1495 4563 cum
1523 4508 1576 4563 in
1605 4507 1763 4563 Scete
1785 4507 2059 4579 degerem,

489 4602 737 4657 cellulam
764 4602 895 4656 adiit
922 4602 1198 4670 cujusdam
1232 4601 1411 4657 fratris
1438 4602 1686 4657 visitandi
1716 4618 1895 4673 causa,
1927 4613 1982 4658 et
2007 4613 2066 4659 ut

486 4695 663 4766 ianuae
693 4695 844 4751 cellae
873 4696 1344 4765 appropinquavit,
1380 4696 1552 4765 ipsum
1580 4696 1781 4752 audivit
1815 4698 1957 4752 intus
1986 4698 2067 4753 lo-

488 4799 771 4859 quentem;
815 4796 869 4842 et
895 4803 1016 4842 cum
1053 4796 1264 4857 putaret
1302 4802 1465 4843 senex
1503 4788 1963 4859 quidpiam,illum
1999 4805 2067 4844 ex

489 4881 765 4950 Scriptura
797 4888 1062 4948 repetere,
1098 4880 1246 4934 stetit
1274 4880 1690 4946 auscultaturus,
1712 4888 1873 4950 atque
1900 4881 2068 4936 sensit

491 4974 637 5028 illum
668 4989 733 5028 ex
766 4972 908 5025 inani
940 4971 1106 5040 gloria
1132 4969 1387 5035 insanire,
1416 4986 1480 5026 ac
1506 4984 1627 5026 sese
1663 4971 1945 5026 diaconum
1976 4987 2065 5025 or-

490 5068 697 5133 dinare,
739 5064 1245 5135 catechumenisque
1287 5064 1653 5120 dimissionem
1711 5064 1961 5119 tribuere.
2013 5064 2069 5119 id

491 5176 610 5216 cum
641 5158 879 5215 audisset
909 5170 1103 5223 senex,
1132 5158 1350 5213 demum
1394 5168 1575 5229 aperta
1601 5159 1763 5229 janua
1803 5159 2067 5225 introivit,

491 5256 573 5311 cui
607 5253 771 5309 frater
790 5264 1077 5307 occurrens
1112 5250 1179 5305 de
1209 5264 1357 5306 more
1382 5250 1632 5305 salutavit
1662 5267 1811 5315 eum,
1845 5250 2073 5320 rogavit-

492 5362 597 5417 que
634 5361 700 5399 an
731 5343 820 5399 diu
856 5343 922 5398 ad
951 5343 1169 5413 januam
1210 5343 1469 5398 stetisset.
1494 5342 1629 5397 Tum
1663 5358 1826 5398 senex
1864 5342 2071 5411 placide

492 5439 773 5509 respondit
800 5438 874 5493 illi
902 5458 914 5491 :
947 5438 1065 5495 Mox
1098 5436 1296 5507 inquit,
1336 5437 1556 5501 adveni,
1588 5453 1708 5492 cum
1743 5448 1794 5491 tu
1820 5439 2073 5492 catechu-

494 5532 667 5587 menis
713 5529 1079 5585 dimissionem
1126 5528 1420 5583 tribuebas.
1476 5530 1570 5584 His
1630 5529 1794 5583 frater
1847 5529 2072 5594 auditis,

494 5623 726 5693 procidit
751 5621 817 5675 ad
849 5621 992 5675 senis
1036 5621 1232 5690 pedes,
1271 5630 1328 5674 ut
1368 5622 1613 5690 precibus
1650 5624 1945 5691 postularet
1974 5622 2073 5677 sibi

498 5712 698 5765 erroris
735 5711 1104 5778 hujuscemodi
1147 5711 1539 5769 liberationem.
1578 5713 1811 5780 Hujusce
1848 5715 1927 5769 rei
1964 5728 2076 5769 me-

2150 1824 2260 1871 tum
2318 1818 2583 1885 fastigium
2633 1831 2947 1887 pervenere,
2993 1817 3319 1873 subvertere
3374 1831 3625 1885 conatur;
3673 1837 3737 1877 ac

2149 1910 2321 1965 morbi
2352 1910 2591 1980 pestiferi
2614 1912 2785 1965 instar
2822 1926 2930 1966 non
2972 1919 3179 1980 partem
3209 1914 3476 1982 corporis,
3514 1915 3607 1969 sed
3657 1925 3739 1971 to-

2148 2012 2262 2059 tum
2295 2006 2489 2074 perdit.
2528 2004 2597 2059 Et
2634 2004 2756 2058 alia:
2795 2004 3013 2074 quidem
3046 2004 3266 2074 singulas
3302 2006 3605 2075 passiones,
3646 2015 3741 2061 ta--

2152 2098 2309 2152 metsi
2340 2097 2572 2151 animam
2594 2098 2835 2165 turbant,
2870 2096 2992 2166 quia
3026 2106 3201 2151 tamen
3228 2112 3342 2151 cum
3378 2112 3480 2150 una
3524 2106 3743 2153 tantum

2155 2191 2352 2244 virtute
2392 2188 2496 2243 sibi
2529 2190 2773 2257 opposita
2811 2189 3078 2259 pugnant‘,
3134 2197 3289 2257 atque
3322 2204 3435 2242 eam
3475 2205 3746 2258 superare

2157 2284 2421 2347 nituntur,
2460 2298 2526 2335 ex
2565 2292 2716 2349 parte
2756 2282 2929 2336 solum
2980 2282 3210 2335 animam
3257 2282 3541 2336 obscurant
3573 2293 3745 2351 atque

2156 2377 2505 2443 conturbant;
2550 2375 2818 2445 superbiae
2866 2384 3041 2430 autem
3081 2376 3259 2445 passio
3298 2383 3461 2429 totam
3504 2376 3743 2430 tenebris

2157 2468 2404 2532 oﬂuudit,
2429 2477 2482 2522 et
2510 2468 2575 2521 ad
2606 2476 2902 2523 extremam
2937 2466 3155 2521 deducit
3194 2466 3429 2522 ruinam.
3479 2466 3647 2536 thue
3676 2466 3743 2521 li-

2159 2560 2368 2629 quidius
2403 2558 2542 2627 quod
2584 2559 2785 2614 dictum
2837 2567 2921 2613 est
2961 2558 3356 2628 excogitemus,
3403 2560 3502 2612 hac
3538 2559 3743 2613 ratione

2160 2670 2272 2708 rem
2306 2654 2670 2722 speculemur.
2694 2651 2844 2708 Gula:
2876 2652 3059 2707 vitium
3095 2652 3471 2706 abstinentiam
3500 2666 3743 2705 corrum-

2162 2762 2290 2817 pere
2319 2748 2533 2817 satagit,
2575 2744 2863 2801 fornicatio
2899 2745 3311 2810 continentiam,
3352 2746 3574 2799 avaritia
3613 2761 3745 2813 pau-

2163 2850 2450 2910 pertatem,
2509 2840 2802 2910 indignatio
2858 2838 3354 2905 mansuetudinem,
3411 2853 3474 2893 ac
3518 2839 3747 2909 reliqnze

2164 2932 2370 3002 species
2398 2933 2637 2997 malitiae,
2668 2933 2964 2987 contrarias
2994 2932 3095 2985 sibi
3119 2930 3371 2995 virtutes;
3398 2939 3450 2983 at
3474 2930 3748 2998 superbia:

2164 3026 2367 3081 malitia
2404 3040 2523 3079 cum
2566 3024 2779 3078 misera:
2818 3024 3008 3076 anima:
3044 3021 3372 3088 dominatur,
3416 3021 3548 3075 haud
3580 3037 3750 3077 secus

2162 3119 2275 3187 agit
2314 3133 2471 3187 quam
2510 3115 3003 3171 truculentissimus
3052 3114 3267 3183 quidam
3314 3124 3599 3186 tyrannus,
3652 3114 3747 3183 qui

2162 3211 2337 3280 ampla
2370 3221 2423 3266 et
2458 3210 2673 3265 excelsa
2713 3221 2863 3277 capta
2888 3207 3052 3272 urbe,
3088 3217 3253 3261 totam
3280 3207 3443 3261 diruit
3473 3216 3527 3261 et
3564 3221 3592 3258 a
3621 3208 3747 3261 fun-

2162 3303 2427 3357 damentis
2454 3302 2664 3357 evertit.
2697 3298 2861 3368 Cujus
2892 3302 2969 3355 rei
3005 3301 3158 3354 testis
3194 3309 3275 3353 est
3314 3299 3532 3367 angelus
3565 3297 3653 3363 qui
3680 3312 3750 3353 ex

2163 3400 2301 3453 coelo
2332 3406 2550 3465 propter
2582 3395 2884 3464 superbiam
2916 3392 3139 3457 cecidit;
3186 3392 3274 3462 qui
3320 3406 3349 3444 a
3384 3391 3492 3445 Deo
3532 3403 3751 3445 creatus

2164 3498 2219 3545 et
2246 3489 2390 3543 omni
2420 3488 2617 3542 virtute
2643 3503 2706 3541 ac
2737 3486 2996 3556 sapientia
3023 3494 3271 3550 ornatus,
3303 3499 3405 3537 non
3436 3483 3527 3538 Dei
3558 3486 3751 3553 gratiae

2165 3582 2281 3637 htec
2313 3579 2581 3634 ascribere
2607 3578 2803 3643 voluit,
2846 3576 2941 3630 sed
2974 3575 3205 3645 propria!
3244 3583 3475 3639 naturae;
3514 3574 3657 3627 unde
3690 3591 3752 3631 se

2168 3676 2280 3731 Deo
2309 3674 2565 3745 :rqualem
2598 3687 2719 3727 esse
2755 3670 2955 3740 putavit
2983 3688 2994 3723 :
3026 3685 3182 3740 quam
3214 3669 3329 3738 ejus
3365 3666 3751 3739 cogitationem

2168 3783 2399 3837 arguens
2428 3765 2691 3835 propheta
2721 3764 2854 3824 dicit
2878 3782 2888 3817 :
2918 3761 3109 3817 Dixisti
3136 3764 3189 3815 in
3220 3763 3373 3816 corde
3401 3773 3518 3815 tua:
3546 3762 3750 3817 Sedabo

2168 3862 2222 3913 in
2250 3869 2418 3914 monte
2445 3855 2645 3912 excelso
2666 3898 2681 3924 ,
2724 3871 2913 3927 ponam
2944 3854 3185 3908 thronum
3212 3870 3379 3909 meum
3417 3871 3569 3917 supra
3592 3852 3752 3908 nubes

2170 3961 2218 4007 et
2236 3951 2418 4006 similis
2446 3966 2531 4003 ero
2553 3948 2815 4003 Altissimo
2845 3946 3001 4018 (Isai.
3028 3963 3137 4013 xxv,
3171 3949 3282 4016 15).
3327 3945 3405 4000 Tu
3429 3964 3543 4001 vero
3573 3948 3747 4011 homo,

2172 4055 2218 4099 et
2248 4062 2349 4097 non
2379 4041 2513 4096 Deus
2554 4040 2691 4111 (Id.,
2740 4056 2871 4094 xxxi
2895 4082 2908 4105 ,
2937 4038 3013 4110 3).
3048 4038 3305 4109 Alinsque
3333 4040 3587 4109 propheta
3635 4040 3746 4092 ait:

2175 4136 2312 4199 Quid
2333 4135 2569 4205 gloriaris
2591 4133 2644 4185 in
2665 4130 2862 4185 malitia
2883 4130 2969 4201 qui
2992 4140 3168 4199 patens
3185 4132 3277 4184 es?
3298 4140 3351 4185 ct
3382 4131 3563 4200 paucis
3581 4130 3749 4185 inter-

2168 4226 2327 4295 iectis
2352 4242 2364 4278 :
2399 4224 2637 4277 Dilexisti
2666 4224 2837 4276 omnia
2863 4222 3012 4276 verba
3041 4222 3635 4293 demersionis,linguam
3657 4223 3749 4276 do~

2172 4321 2355 4374 losum.
2388 4318 2669 4387 Pr0plerea
2710 4316 2845 4370 Deus
2873 4316 3091 4369 destruet
3122 4318 3245 4370 tein
3268 4317 3440 4385 ﬁnem,
3488 4318 3666 4369 evellet
3699 4326 3746 4372 te

2174 4422 2220 4467 et
2252 4414 2525 4481 transferet
2547 4418 2595 4464 te
2624 4410 2687 4463 de
2711 4408 3037 4463 tabernaculo
3063 4418 3169 4475 tuo,
3193 4417 3238 4461 et
3265 4406 3488 4460 radicem
3517 4414 3659 4459 tuam
3688 4408 3754 4463 de

2171 4518 2305 4561 terra
2326 4504 2623 4559 viventium.
2663 4501 2915 4555 Videbunt
2951 4502 3082 4571 justi
3113 4509 3161 4553 et
3197 4497 3474 4563 timebunt,
3514 4505 3559 4549 et
3587 4514 3753 4567 super

2172 4616 2285 4653 eum
2314 4596 2551 4651 ridebunt
2596 4603 2643 4648 et
2682 4594 2850 4647 dicent
2884 4592 3061 4648 :Ecce
3103 4592 3253 4646 homo
3295 4590 3380 4662 qui
3424 4606 3528 4643 non
3574 4594 3753 4659 posuit

2174 4691 2339 4746 Deum
2384 4689 2674 4760 adjutorem
2714 4702 2897 4752 suum,
2934 4694 2981 4738 et
3020 4683 3291 4752 praevaluit
3317 4682 3374 4735 in
3404 4681 3629 4737 vanitate
3655 4700 3753 4738 sua

2176 4779 2398 4854 (Psalm.
2432 4777 2531 4850 ιι).
2561 4778 2687 4834 Haec
2712 4793 2835 4833 eum
2866 4778 3125 4841 sciamus,
3167 4775 3453 4829 timeamus
3479 4815 3493 4839 ,
3522 4782 3576 4828 et
3606 4775 3755 4829 omni

2176 4872 2414 4929 custodia
2447 4884 2726 4926 servemus
2760 4884 2854 4923 cor
2890 4874 3133 4922 nostrum
3171 4865 3354 4935 (Prov.
3386 4881 3460 4935 tv,
3491 4866 3584 4935 23)
3617 4880 3645 4919 a
3675 4866 3754 4921 le-

2177 4964 2374 5021 thifero
2414 4964 2604 5033 spiritu
2643 4961 2911 5032 superbia:
2935 5006 2948 5029 ,
2992 4960 3147 5015 nobis
3189 4959 3321 5029 ipsis
3348 4959 3465 5015 haec
3504 4959 3755 5028 Apostoli

2180 5057 2470 5115 recitantes
2492 5096 2508 5123 ,
2540 5053 2754 5127 quando
2783 5052 2995 5108 virtutis
3024 5052 3325 5122 cuiuspiam
3351 5066 3485 5122 opus
3512 5051 3756 5122 perfece-

2177 5156 2346 5210 rimus
2376 5172 2388 5207 :
2422 5151 2546 5206 Non
2571 5168 2662 5222 ego
2691 5157 2881 5218 autem,
2900 5148 2989 5201 sed
3010 5146 3178 5218 gratia
3200 5145 3295 5200 Dei
3321 5162 3434 5214 quas
3460 5161 3658 5199 mecum
3685 5154 3758 5199 est

2178 5245 2385 5319 (lCor.
2418 5258 2509 5310 xv,
2543 5242 2736 5312 {0);et
2762 5238 2905 5310 quod
2934 5254 2961 5291 a
2989 5238 3220 5292 Domino
3246 5236 3445 5291 dictum
3473 5247 3556 5291 est
3582 5253 3596 5288 :
3632 5235 3760 5290 Sine

2179 5356 2259 5393 me
2284 5336 2416 5392 nihil
2440 5336 2643 5407 potestis
2665 5337 2831 5405 facere
2850 5332 3027 5403 (Joan.
3061 5346 3153 5397 xv,
3187 5329 3277 5401 5):
3324 5339 3378 5384 et
3406 5327 3547 5398 quod
3574 5342 3606 5381 a
3634 5344 3761 5397 pro-

2178 5433 2339 5503 pheta
2364 5430 2567 5485 dictum
2599 5435 2681 5481 est
2706 5444 2719 5479 :
2746 5423 2866 5479 Nisi
2888 5423 3143 5478 Dominus
3166 5421 3492 5491 mdiﬁcaverit
3522 5419 3757 5486 domum,

2179 5525 2235 5578 in
2258 5540 2443 5577 vanum
2463 5520 2819 5574 laboraverunt
2846 5516 2932 5587 qui
2956 5514 3215 5581 cdiﬁcant
3239 5528 3351 5566 eam
3384 5508 3554 5582 (Psal.
3573 5525 3759 5577 cxxvt,

2185 5619 2271 5687 1);
2303 5618 2635 5685 iterumque:
2670 5609 2792 5665 Non
2817 5608 3047 5673 volentis,
3074 5621 3230 5672 neque
3252 5604 3521 5668 currentis,
3544 5602 3636 5655 sed
3664 5602 3761 5653 mi.

2186 5710 2395 5765 serentis
2424 5716 2496 5762 est
2520 5706 2615 5760 Dei
2641 5704 2815 5775 (Rom.
2845 5716 2919 5769 sx,
2954 5700 3063 5768 i6).
3093 5698 3225 5753 Nam
3270 5696 3481 5753 etiamsi
3501 5694 3626 5765 quis
3650 5692 3760 5749 ala-

3964 440 4042 605 ὲ

4001 688 4042 835 ς

3994 866 4037 1007 Ι

3972 1036 4023 1163 ,ἐ

3980 1170 4042 1299 ‘E

3984 1322 4029 1451 E

3984 1584 4042 2001 ἓ

3980 2052 4042 2354 l

3986 2364 4042 2487 Ἦ

3984 2501 4042 2927 ξ

4004 2974 4039 3088 t

4000 3098 4035 3211 ί

4000 3254 4029 3311 4

3986 5176 3997 5185 ν

4026 5062 4035 5095 ε

4022 5100 4031 5145 l

4024 5186 4035 5227 ἰ

3994 5370 4035 5535 ‘3

4020 5558 4035 5596 1

4034 5668 4035 5717 l
