4042 6188
712 292 804 350 AD
841 292 1068 350 OPEBA
1106 291 1162 348 S.
1203 289 1531 349 EUCHERII
1569 289 1937 348 APPENDIX.
1977 287 2450 347 COMMENTARII
2486 287 2552 345 IN
2589 287 2906 345 GENESIM.
2948 287 3076 345 LIB.
3118 288 3160 344 Ι.

3485 283 3595 377 894.

323 413 518 471 critate
545 413 758 469 fervens
778 450 794 476 ,
844 425 908 465 ac
949 407 1224 479 proposito
1250 408 1525 466 studiosus
1554 409 1749 477 fuerit,
1803 408 1898 464 sed
1924 413 1975 472 Α
2003 407 2096 463 Dei
2125 407 2270 462 salus
2299 405 2540 474 accedat,
2574 407 2722 461 testis
2753 416 2837 461 est
2867 382 3005 461 latro
3033 407 3126 463 ille
3149 407 3238 477 qui
3269 420 3378 462 non
3399 407 3452 462 in
3476 408 3587 463 vir-

325 521 490 563 carne
521 506 755 573 illigatus
785 509 836 558 et
864 501 1146 570 sanguine,
1170 512 1274 556 non
1299 502 1498 572 poterit
1523 501 1589 556 ad
1617 499 1901 571 perfectio-

321 615 450 657 nem
481 601 764 671 pervenire
787 638 803 664 ,
835 595 939 651 nisi
966 595 1032 650 ad
1079 595 1197 650 haac
1243 597 1424 652 omnia
1455 596 1509 651 in
1535 593 1905 650 misericordia

321 700 378 748 et
410 692 465 747 in
495 693 664 763 gratia
691 689 894 743 Christi
925 689 1224 758 speraverit
1260 705 1275 744 :
1308 703 1453 755 nam,
1480 687 1633 757 juxta
1661 687 1904 742 divinum

322 782 582 839 Jacobum
623 797 638 836 :
669 779 834 835 Omne
858 780 1037 833 datum
1059 779 1263 844 bonum,
1287 788 1336 834 et
1356 795 1502 834 omne
1524 779 1713 834 donum
1737 783 1906 851 perfe-

321 884 460 930 ctum
479 875 744 928 desursum
761 879 852 938 est,
868 872 1178 929 descendens
1199 888 1231 925 a
1255 871 1409 926 Patre
1424 871 1673 926 luminum
1694 869 1899 942 (Jacob.

321 979 364 1033 ι,
393 965 504 1037 17).
537 966 604 1020 Et
629 965 830 1020 Paulus
857 965 959 1020 ait:
979 961 1117 1031 Quid
1143 965 1277 1019 enim
1303 962 1458 1018 habes
1477 962 1614 1035 quod
1640 978 1742 1016 non
1759 977 1902 1016 acce-

320 1057 480 1132 pisti?
501 1058 562 1114 Si
592 1067 763 1112 autent
788 1057 1048 1125 accepisti,
1065 1057 1189 1124 quid
1214 1056 1449 1128 gloriaris
1474 1055 1623 1124 quasi
1645 1069 1745 1108 non
1767 1069 1904 1109 acce-

321 1150 455 1221 peris
478 1150 520 1221 (ι
543 1149 662 1204 Cor.
693 1165 766 1216 tv,
788 1147 1007 1221 7)?Sed
1033 1145 1102 1202 de
1129 1147 1319 1202 alienis
1346 1145 1502 1202 donis
1523 1145 1767 1216 quasLde
1799 1147 1902 1200 tuis

321 1241 622 1298 extollatis.
651 1240 802 1309 Quod
829 1249 1010 1296 autem
1040 1238 1198 1294 nobis
1225 1237 1397 1306 gratia
1449 1245 1503 1292 et
1531 1235 1902 1291 misericordia

2009 499 2138 553 tutis
2183 497 2461 567 praemium
2508 511 2728 566 regnum
2770 498 3030 554 caelorum
3068 498 3294 568 adeptus
3332 507 3445 568 est,
3489 497 3585 554 sed

2007 589 2182 661 gratia
2214 595 2268 644 et
2292 587 2659 642 misericordia
2691 587 2784 642 Dei
2817 587 2969 660 (Luc.
3001 604 3152 654 χχιιι,
3180 587 3437 662 4‘5).H:‘ec
3461 603 3582 644 cum

2010 681 2177 752 probe
2219 689 2441 735 nossent
2486 688 2667 749 patres
2696 680 2903 746 nostri,
2946 696 3052 736 una
3089 696 3277 736 omnes
3315 682 3583 740 sententia

2006 773 2348 828 tradiderunt
2385 788 2490 827 non
2529 786 2686 841 posse
2733 785 2830 827 nos
2872 771 3085 827 ﬁrmum
3113 773 3180 828 ad
3218 773 3431 828 virtutis
3461 789 3584 844 per-

2005 866 2493 937 fectionemjacere
2512 861 2939 932 fundamentum,
2970 865 3072 920 nisi
3099 880 3193 936 per
3221 865 3579 920 humilitatem

2005 976 2125 1032 qua
2150 977 2179 1014 a
2211 960 2340 1026 fide,
2370 958 2781 1016 mansuetudine
2799 968 2852 1012 et
2881 957 3116 1027 perfecta
3136 967 3443 1028 paupertate
3461 973 3583 1026 pro-

2003 1054 2173 1119 cedit;
2202 1053 2396 1123 quibus
2423 1052 2660 1122 perfecta
2691 1053 2930 1108 charitas
2956 1051 3229 1106 obtinetur
3269 1053 3438 1120 gratia
3481 1051 3581 1104 Do-

2006 1145 2134 1200 mini
2163 1144 2332 1200 nOStri
2365 1143 2491 1199 Jesu
2522 1143 2745 1216 Christi,
2777 1161 2899 1199 cum
2928 1158 3033 1215 quo
3059 1142 3204 1198 Patri
3233 1143 3423 1214 gloria,
3457 1153 3578 1197 cum

2005 1245 2192 1294 sancto
2221 1237 2426 1310 Spiritu
2456 1237 2509 1292 iu
2538 1238 2759 1294 saecula.
2785 1239 2975 1292 Amen.

1471 1479 2432 1592 APPENDIX

960 1811 1626 1962 OPERA
1728 1811 1874 1964 S.
1920 1669 2942 1964 ADEUCHERII

1804 2054 2093 2096 CONTINENS

343 2199 812 2275 SCRIPTA
884 2195 1095 2272 VEL
1172 2194 1492 2270 DUBIE
1571 2190 1781 2264 VEL
1855 2191 2194 2265 FALSO
2271 2194 2364 2267 s.
2449 2195 2783 2268 PATRI
2847 2195 3476 2284 ATTRIBUTA

707 2486 1981 2622 COMMENTARII
2091 2486 2277 2614 IN
2376 2485 3166 2617 GENESIM

1476 2690 1540 2743 IN
1572 2689 1732 2743 ΤΗΕὸ
1764 2690 1986 2741 LIBROS
2029 2689 2416 2744 DISTRlBUTI.

1784 2818 2112 2835 _

1346 2913 1826 3024 LIBER
1903 2912 2531 3022 PRIMUS.

384 3087 644 3160 verentes
697 3101 1014 3171 multiplicia
1067 3111 1390 3171 congerere,
1450 3113 1518 3152 ne
1569 3099 1880 3171 stomachus
1913 3103 1958 3162 Β
1987 3097 2127 3152 facta
2161 3098 2601 3171 sunt,_o_rdinem
2630 3106 2836 3155 texere.
2881 3099 3138 3156 Creatura
3178 3103 3297 3158 caeli
3339 3112 3392 3158 et
3421 3112 3577 3161 terrai

315 3177 602 3247 legentium
636 3169 904 3247 saturatus
935 3186 1039 3247 non
1080 3170 1266 3247 solum
1299 3169 1760 3247 oblatanrenuat,_
1789 3170 1882 3247 sed

321 3239 605 3316 et'ingesta
633 3243 876 3316 rejiciat,
895 3242 1208 3310 priusquam
1237 3239 1302 3292 de
1331 3239 1511 3316 mundi
1540 3240 1800 3316 principio
1821 3241 1892 3294 sit

316 3311 665 3388 loquéndnm,
689 3311 972 3388 dicendum
995 3320 1078 3365 est
1096 3319 1283 3388 contra
1305 3323 1398 3362 eos
1417 3311 1503 3388 qui
1523 3311 1892 3388 mesacrilcgo

317 3381 519 3444 de'Deo
536 3388 815 3457 disputare
831 3386 1088 3457 nituntur,
1111 3381 1352 3457 dicentes
1378 3397 1389 3431 :
1413 3381 1589 3457 Quare
1607 3381 1732 3435 fecit
1753 3383 1891 3438 Deus

313 3461 505 3515 coelum
555 3451 639 3513 et'
671 3455 903 3511 terram?
943 3454 1078 3520 Quid
1125 3451 1356 3506 faciebat
1411 3451 1550 3505 Deus
1600 3462 1887 3522 antequam

316 3534 509 3586 ciuium
542 3537 597 3585 et
626 3538 824 3583 terram
849 3524 1086 3578 faceret?
1105 3523 1214 3577 Cur
1238 3537 1372 3576 nova
1403 3523 1649 3576 voluntas
1677 3524 1728 3577 in
1759 3528 1888 3591 Deo,

315 3613 369 3654 ut
390 3601 644 3655 conderet
673 3595 949 3661 mundum,
978 3603 1164 3650 exorta
1194 3593 1310 3647 est?
1331 3593 1434 3646 Sed
1455 3595 1889 3659 respondendum

314 3683 396 3726 est
419 3673 520 3724 illis
556 3690 568 3726 :
594 3671 738 3724 Nova
763 3670 1008 3722 voluntas
1035 3668 1085 3719 in
1112 3666 1221 3719 Deo
1247 3674 1433 3718 exerta
1463 3681 1570 3717 non
1599 3675 1684 3718 est
1718 3683 1730 3716 :
1766 3667 1889 3734 quia

315 3745 413 3797 etsi
435 3746 484 3796 in
501 3759 560 3796 re
581 3739 810 3794 mundus
830 3752 934 3791 non
957 3745 1096 3802 erat,
1119 3738 1171 3790 in
1191 3744 1393 3789 alterna
1415 3747 1592 3789 tamen
1618 3736 1891 3790 voluntate

315 3828 530 3881 semper
558 3819 704 3875 erat;
735 3823 863 3881 ergo
908 3807 1107 3862 frustra
1139 3807 1338 3860 dicitur
1375 3822 1388 3858 :
1436 3807 1575 3881 Cur,
1621 3822 1713 3881 per
1745 3818 1887 3881 tanta

316 3877 465 3938 retro
496 3891 732 3946 tempora
775 3880 888 3934 Deo
914 3887 1156 3943 vacante,
1193 3891 1331 3930 nova
1360 3879 1616 3929 mundum
1661 3877 1890 3932 faciendi

318 3965 434 4008 orta
460 3954 643 4007 fuisset
673 3950 949 4021 cogitatio,
983 3951 1195 4018 quando
1227 3950 1278 4021 in
1304 3962 1403 4002 suo
1434 3957 1637 4001 :eternn
1679 3963 1892 4014 semper

313 4035 491 4078 manet
516 4019 956 4077 censilio’tmmdi
985 4019 1348 4080 constructio;
1381 4034 1480 4071 nec
1511 4027 1722 4086 tempus
1764 4030 1889 4072 ante

314 4095 654 4163 principium,
682 4093 774 4147 sed
802 4092 1076 4145 mternitas
1097 4091 1225 4155 fuit;
1255 4100 1463 4163 tempus
1487 4091 1628 4142 enim
1648 4105 1675 4143 a
1699 4089 1893 4144 substi-

313 4160 521 4219 tutione
541 4173 828 4227 creaturas,
855 4176 961 4216 non
993 4173 1236 4214 creatura
1265 4160 1430 4228 cmpit
1453 4176 1480 4211 a
1517 4169 1780 4218 tempore.

385 4235 534 4304 (Cap.
567 4236 608 4289 1.
640 4263 711 4275 -——
736 4231 1003 4304 Vers._i.)
1039 4230 1103 4304 In
1137 4233 1396 4304 principio
1439 4231 1557 4298 fecit
1593 4229 1760 4304 Deus.
1795 4232 1892 4304 llic

314 4302 503 4360 sensus
543 4306 750 4360 duobus
797 4302 969 4357 modis
1015 4303 1134 4357 sine
1167 4302 1463 4356 offensione
1491 4302 1757 4369 accipitur
1788 4318 1802 4356 :
1838 4303 1890 4356 id

314 4388 395 4431 est
421 4418 435 4439 ,
475 4384 567 4430 aut
611 4377 841 4444 primum
866 4374 1104 4428 omnium
1142 4369 1300 4444 fecit;
1356 4383 1448 4444 aut
1493 4373 1544 4426 in
1588 4374 1886 4444 principio,

313 4448 453 4515 quod
483 4455 565 4502 est
595 4443 865 4514 Sapientia
889 4486 904 4509 ,
940 4444 991 4497 id
1020 4453 1123 4515 est,
1156 4444 1208 4496 in
1244 4443 1423 4496 Verbo
1445 4458 1544 4515 suo
1591 4443 1745 4515 fecit;
1775 4446 1888 4515 ipse

313 4512 396 4573 est
416 4519 557 4573 enim
584 4512 770 4582 Filius,
789 4529 884 4585 per
904 4529 1070 4585 quem,
1084 4513 1218 4566 facta
1243 4520 1367 4566 sunt
1386 4513 1568 4566 omnia
1591 4512 1795 4582 (Joan.,
1825 4513 1886 4582 t);

311 4589 426 4658 ipse
457 4583 802 4655 principium,
828 4587 880 4637 in
911 4598 1019 4651 quo
1049 4583 1191 4658 facta
1223 4591 1347 4658 sunt
1375 4585 1575 4658 omnia.

382 4651 570 4732 (lb‘id.)
593 4651 788 4710 Caelum
815 4663 862 4707 et
892 4662 1103 4732 (errant.
1139 4653 1192 4707 Si
1217 4653 1392 4732 primo
1421 4654 1657 4732 omnium
1687 4651 1886 4732 factum

310 4722 400 4784 est
423 4722 618 4783 caelum
650 4734 706 4779 et
736 4736 902 4788 terra,
931 4724 1104 4792 angeli
1136 4722 1474 4792 postmodum
1498 4722 1622 4792 facti
1653 4734 1808 4780 sunt;
1842 4724 1888 4778 si

308 4799 485 4868 angeli
510 4806 633 4851 ante
661 4795 787 4850 facti
815 4791 1099 4868 sunt,_non
1127 4793 1300 4868 primo
1321 4795 1559 4868 omnium
1590 4791 1718 4868 fecit
1747 4793 1889 4868 Dens

308 4863 503 4926 coelum
531 4876 587 4921 et
609 4878 824 4921 terram.
856 4865 990 4920 Caeli
1021 4865 1236 4919 nomine
1257 4863 1470 4932 quidam
1502 4864 1800 4927 caelestem,
1835 4865 1887 4919 id

307 4949 410 5006 est,
436 4940 731 5009 angelicam
753 4946 1054 5009 creaturam
1077 4945 1313 4989 creatam
1343 4934 1632 4998 aestimant,
1649 4934 1715 4987 ad
1734 4935 1888 5002 cujus

307 5007 768 5080 comparationem
793 5008 990 5063 calum
1023 5007 1122 5080 hoc
1151 5013 1886 5080 corporeumterra_nuncu-

309 5074 485 5152 pato}.
504 5082 684 5135 Terrae
708 5089 886 5152 autem
907 5074 1419 5152 nominemateriam
1442 5075 1582 5128 illam
1601 5075 1886 5130 informem

309 5147 583 5217 insinuat,
627 5167 694 5206 ex
732 5165 835 5220 qua
877 5149 976 5220 hoc
1011 5147 1225 5220 visibile
1264 5147 1461 5220 caelum
1514 5156 1570 5200 et
1615 5155 1791 5220 terra,
1833 5155 1888 5201 et

310 5216 574 5278 universa
602 5216 772 5277 moles
822 5219 980 5288 hujus
1027 5217 1211 5288 mundi
1258 5216 1482 5288 formata
1523 5226 1640 5283 est,
1687 5217 1755 5270 de
1781 5233 1887 5286 qua

311 5296 564 5348 scribitur
598 5312 609 5345 :
659 5293 762 5358 Qui
801 5286 966 5359 feci—sti
1005 5286 1254 5342 mundum
1289 5287 1353 5340 de
1396 5287 1605 5354 informi
1649 5289 1886 5341 materia.

310 5364 416 5419 Sed
445 5365 662 5418 materia
686 5365 822 5416 facta
844 5371 926 5415 est
949 5373 1015 5415 ex
1039 5359 1228 5426 nihilo,
1254 5359 1436 5412 mundi
1455 5369 1631 5412 autem
1653 5360 1885 5424 Species,

312 5435 381 5488 de
427 5434 642 5486 informi
671 5433 926 5496 materia,
958 5445 1078 5499 qua:
1102 5429 1226 5484 ccli
1256 5439 1310 5484 et
1341 5439 1504 5484 terrae
1534 5431 1755 5484 nomine
1787 5445 1886 5496 ap-

349 5504 506 5558 ellata
537 5511 620 5555 est
661 5521 674 5555 :
707 5519 810 5557 non
842 5503 968 5572 quia
1012 5502 1122 5572 jam
1171 5501 1272 5554 hoc
1298 5511 1448 5567 erat,
1493 5501 1590 5572 sed
1619 5502 1741 5572 quia
1776 5500 1886 5567 jam

349 5518 506 5558 enata
537 5518 620 5555 est
661 5521 674 5555 :
707 5519 810 5557 non
842 5518 968 5572 quta
1012 5518 1122 5571 1am
1171 5518 1272 5554 noc
1298 5518 1448 5567 erat,
1497 5518 1590 5555 seu
1619 5518 1741 5568 quia
1776 5518 1886 5567 iam

309 5518 417 5627 Rue
464 5572 588 5627 inde
611 5587 729 5627 esse
758 5584 989 5640 poterat.
1023 5571 1204 5626 Primo
1231 5572 1390 5642 igitur
1417 5571 1804 5626 voluitcmlum
1831 5578 1889 5624 et

311 5656 508 5704 terram
543 5645 687 5699 velut
739 5645 1026 5712 quamdam
1075 5643 1404 5713 spiritualem
1440 5642 1887 5710 corporalemque

310 5718 590 5775 materiam
620 5715 827 5783 dicere,
860 5725 917 5771 et
966 5715 1082 5782 sic,
1112 5714 1564 5784 quemadmodum
1611 5713 1884 5782 sigillatitn

1997 3169 2292 3241 quomodo
2337 3169 2687 3225 ltistorialiter
2713 3171 2780 3223 ab
2809 3172 3037 3224 exordio
3069 3173 3313 3241 principii
3362 3179 3576 3232 condita

1997 3240 2087 3313 sit,
2121 3239 2375 3313 legimus;
2417 3241 2509 3313 sed
2557 3241 2787 3313 qualiter
2814 3243 2865 3294 in
2898 3243 3133 3296 Ecclesia
3184 3239 3497 3313 spiritaliter
3547 3263 3576 3305 a

1998 3310 2310 3387 doctoribus
2339 3311 2655 3377 accipiatur,
2681 3311 3160 3387 intelligantusaln
3183 3310 3434 3386 principio
3459 3320 3577 3387 fecit

1999 3381 2136 3436 Deus
2159 3382 2342 3435 mlum
2372 3392 2419 3434 et
2449 3391 2658 3436 terram.
2690 3382 3011 3452 Principium
3036 3381 3283 3439 Christus
3313 3381 3415 3449 est,
3439 3381 3578 3442 sicut

1994 3453 2110 3527 ipse
2132 3453 2205 3505 ait
2223 3453 2272 3505 iu
2296 3452 2498 3527 Evang.
2523 3469 2536 3504 :
2570 3453 2678 3527 Ego
2703 3455 3026 3524 principium,
3055 3458 3142 3521 qui
3158 3466 3205 3509 et
3231 3456 3414 3527 loquor
3441 3461 3578 3513 vobis

1996 3522 2192 3592 (Idem,
2215 3524 2358 3595 vttt).
2377 3524 2430 3576 lu
2453 3522 2554 3578 hoc
2578 3525 2735 3591 igitur
2759 3522 3018 3592 principio
3035 3527 3159 3581 fecit
3191 3522 3328 3582 Deus
3353 3531 3570 3595 caelum,

1993 3595 2045 3668 id
2067 3606 2168 3668 est,
2194 3594 2481 3668 spiritales,
2508 3595 2594 3664 qui
2618 3597 2854 3650 CGEICSlia
2880 3598 3206 3652 meditantur
3229 3611 3280 3653 et
3303 3594 3570 3668 quatrunt.

1993 3665 2052 3720 In
2102 3665 2219 3738 ipso
2270 3664 2398 3738 fecit
2443 3677 2496 3718 et
2527 3668 2769 3721 carnales
2795 3709 2811 3733 ,
2856 3671 2946 3738 qui
2981 3678 3255 3725 terrenum
3295 3664 3568 3728 hominem

1993 3736 2221 3792 necdum
2252 3736 2644 3801 deposuerunt.

2063 3806 2243 3873 (Vers.
2275 3806 2356 3875 ἓ.)
2390 3807 2549 3860 Terra
2572 3816 2740 3862 autem
2766 3820 2871 3862 erat
2898 3810 3065 3864 inanis
3096 3822 3145 3865 et
3169 3827 3350 3863 vacua.
3384 3813 3439 3866 ld
3466 3822 3570 3878 est,

1992 3879 2167 3932 adhuc
2198 3879 2443 3932 informis
2471 3891 2586 3932 erat
2619 3881 2732 3947 ipsa
2781 3882 3003 3933 materia
3038 3898 3051 3934 :
3088 3881 3208 3948 quia
3242 3883 3468 3935 necdum
3507 3900 3573 3939 ex

1993 3963 2054 4002 ea
2087 3951 2282 4002 cmlum
2334 3961 2387 4002 et
2434 3959 2596 4013 terra,
2632 3951 2858 4003 necdum
2907 3952 3084 4004 omnia
3132 3952 3358 4004 formata
3389 3962 3570 4018 erant,

1993 4033 2114 4086 qua:
2143 4021 2361 4073 formari
2390 4022 2663 4074 restabant
2693 4039 2704 4073 :
2740 4023 2854 4076 lurc
2875 4024 3012 4074 enim
3039 4020 3283 4084 materia,
3309 4037 3372 4074 ex
3404 4021 3574 4075 nihilo

1995 4089 2155 4154 facta,
2189 4092 2466 4156 pra’cessit
2493 4100 2672 4145 tamen
2706 4107 2794 4146 res
2815 4108 2882 4146 ex
2912 4108 2970 4146 se
3000 4093 3187 4158 factas,
3219 4105 3322 4144 non
3353 4093 3569 4160 quidem

1993 4161 2294 4215 :rternitate
2319 4163 2405 4215 vel
2431 4174 2694 4231 tempore,
2718 4165 2854 4216 sicut
2881 4164 3136 4232 praecedit
3153 4164 3348 4232 lignum
3365 4178 3570 4225 arcam;

1993 4231 2086 4284 sed
2117 4233 2232 4285 sola
2286 4234 2510 4300 origine,
2562 4234 2728 4297 sicut,
2759 4231 3012 4301 praesedit
3039 4250 3140 4288 vox
3183 4236 3440 4296 verbum,
3489 4235 3574 4287 vel

1993 4316 2158 4356 sonus
2213 4314 2428 4356 cantum
2466 4323 2479 4356 :
2515 4319 2636 4358 nam
2669 4306 2754 4370 qui
2800 4306 2914 4358 vivit
2954 4308 3006 4358 in
3052 4317 3301 4360 wternum
3328 4346 3342 4366 ,
3388 4306 3574 4357 creavit

1994 4375 2168 4426 omnia
2184 4374 2354 4427 simul.
2378 4375 2539 4427 'l‘erra
2564 4379 2742 4429 carnis
2761 4385 2959 4428 nostrae
2984 4378 3153 4430 inanis
3172 4387 3286 4429 erat
3309 4385 3361 4429 et
3383 4389 3572 4440 vacoa,

1996 4445 2304 4512 priusquam
2337 4445 2596 4498 doctrina:
2639 4448 2910 4512 acciperet
2952 4446 3204 4499 formam.
3241 4441 3308 4496 Et
3354 4449 3574 4499 tenebras

1995 4523 2140 4566 erant
2164 4530 2316 4586 super
2341 4515 2525 4586 {aciem
2566 4513 2757 4582 abyssi.
2787 4516 2911 4568 Haec
2939 4516 3219 4569 tenebrosa
3246 4516 3470 4586 abyssus
3495 4518 3574 4584 ip.

1995 4597 2108 4654 sam
2139 4584 2313 4637 adhuc
2341 4585 2586 4638 informis
2615 4586 2849 4639 materiae
2879 4586 3260 4640 obscuritatem
3294 4584 3570 4654 designat,

1993 4653 2116 4720 quia
2148 4654 2380 4707 nondum
2412 4655 2513 4706 ulla
2538 4655 2744 4722 species
2767 4654 2937 4708 videri
2966 4667 3059 4709 aut
3090 4657 3308 4711 tractari
3337 4653 3566 4724 poterat.

1995 4725 2232 4797 Abyssus
2260 4740 2490 4794 namque
2514 4725 2777 4797 immensa
2808 4741 3065 4796 aquarum
3095 4728 3426 4796 profunditas
3474 4744 3569 4797 ap-

1995 4794 2256 4865 pellatur.
2313 4799 2437 4865 quia
2496 4794 2814 4850 delictorum
2859 4794 3106 4851 caecitas
3134 4809 3189 4853 et
3234 4794 3568 4865 ignorantia,

1993 4864 2255 4938 profunda
2285 4864 2585 4920 obscuritas
2616 4868 2779 4920 corda
2805 4877 2985 4921 nostra
3018 4864 3334 4938 tegebatfb‘t
3356 4864 3570 4938 spiritus

1997 4935 2092 5008 pet"
2123 4935 2377 5008 ferebatur
2421 4953 2574 5008 super
2601 4953 2778 5007 aquas.
2829 4938 3000 4992 Etiam
3050 4935 3303 5008 aquarum
3356 4935 3573 4994 nomine

1995 5005 2163 5080 ipsam
2193 5006 2337 5080 illam
2385 5005 2671 5080 informem
2726 5009 3002 5080 materiam
3049 5005 3419 5074 demonstrat,
3453 5027 3572 5080 qua:

1994 5076 2306 5145 suhjacebat
2335 5077 2401 5130 ad
2439 5077 2766 5131 voluntatem
2799 5077 3068 5133 Creatoris
3112 5081 3176 5136 ad
3207 5076 3569 5135 cnnfirmanda

1994 5146 2047 5200 in
2079 5148 2190 5201 suis
2232 5148 2521 5216 generibus
2551 5148 2732 5202 omnia
2763 5166 2776 5201 :
2813 5164 2935 5203 nam
2981 5153 3096 5205 sive
3127 5161 3322 5205 terram
3360 5152 3570 5204 inanem

1995 5217 2163 5290 dicas,
2193 5221 2310 5272 sive
2327 5220 2968 5290 abyssumtenebrosam,
2992 5222 3104 5276 sive
3125 5237 3342 5290 aquam,
3363 5222 3572 5276 diversa

1997 5289 2210 5356 quidem
2240 5289 2474 5352 nomina,
2507 5289 2601 5344 sed
2633 5305 2733 5343 una
2760 5291 3056 5356 cadentque
3092 5289 3338 5346 materia.
3372 5293 3573 5347 Idcirco

1999 5367 2140 5412 terra
2171 5362 2343 5413 inanis
2370 5371 2424 5414 et
2447 5375 2636 5425 vacua,
2662 5362 2786 5429 quia
2811 5364 3044 5415 nondum
3074 5375 3190 5416 erat
3222 5364 3571 5417 universitate

1992 5441 2358 5502 creaturarum
2390 5433 2683 5502 completa.
2719 5431 2822 5485 Pro
2862 5447 2934 5502 eo,
2979 5433 3216 5502 abyssus
3247 5434 3530 5487 tenebrosa
3559 5473 3572 5496 .

1991 5501 2114 5568 quia
2147 5502 2379 5568 Speciem
2414 5501 2629 5556 luminis
2659 5502 2893 5556 nondum
2924 5501 3177 5556 habebat.
3209 5501 3313 5556 Pro
3339 5519 3405 5557 eo
3435 5519 3572 5572 aqua

1991 5582 2198 5642 vocata,
2233 5573 2356 5640 quia
2403 5573 2514 5626 sive
2545 5586 2694 5636 caro,
2723 5573 2837 5628 sive
2865 5574 3042 5627 omnia
3064 5615 3078 5637 ,
3109 5589 3232 5642 qua:
3262 5574 3572 5642 gignuntur,

1991 5639 2210 5696 humida
2235 5639 2360 5696 sunt
2381 5686 2393 5709 ,
2434 5652 2488 5697 et
2513 5659 2580 5698 ex
2612 5643 2837 5698 humore
2864 5655 3113 5698 concreta
3129 5639 3290 5698 sunt.
3320 5639 3464 5700 Nam
3515 5657 3574 5702 et

1989 5711 2094 5769 hoc
2119 5714 2317 5770 caelum
2343 5729 2694 5786 corporeum,
2727 5715 2869 5787 quod
2894 5715 3296 5773 firmamentum
3323 5728 3571 5780 vocatur,
