4042 6188
522 262 631 316 895
1546 256 1638 311 AD
1675 254 1905 311 OPERA
1944 253 2002 309 S.
2046 250 2375 310 EUCHERII
2416 256 2783 314 APPENDIX.

523 377 755 435 secunda
784 376 872 434 die
897 386 1021 447 post
1055 375 1419 450 conditionem
1451 375 1585 430 lucis
1634 376 1829 450 factum
1874 383 1986 450 est;
2045 379 2103 428 et
2127 373 2181 435 Α
2205 388 2436 450 quorum
2463 377 2661 450 unitas,
2687 386 2741 450 ut
2765 377 3166 450 ostenderetur.
3198 392 3308 433 non
3330 384 3419 432 est
3438 378 3666 450 dictum,
3692 384 3805 443 dies

524 451 641 505 haec
690 460 826 504 terra
860 445 983 502 tunc
1030 447 1238 516 accepit
1290 445 1557 511 formam,
1606 446 1821 515 quando
1873 447 2100 516 abyssus

521 521 771 577 distincta
799 529 899 575 est.
930 518 1064 587 Ipsae
1090 532 1303 587 quoque
1332 532 1483 587 aqua:
1507 526 1630 572 tunc
1658 518 1891 586 speciem
1915 532 2101 585 sump-

520 599 744 655 serunt,
789 592 1011 659 quando.
1036 589 1088 642 in
1139 605 1299 642 unum
1343 590 1441 643 sub
1482 589 1819 644 ﬁrmamento
1861 590 2101 643 collectae

518 671 671 725 sunt;
726 676 789 715 ac
823 676 917 729 per
942 660 1045 713 hoc
1085 675 1193 713 non
1241 659 1371 714 illitd
1420 660 1614 715 caelum
1643 660 1746 714 hoc
1782 676 2100 729 corporeum

517 733 742 797 coelum,
776 733 871 787 sed
901 731 1191 799 spiritualis
1218 731 1567 801 intelligenda
1599 741 1682 786 est
1704 733 1907 787 creatio
1938 747 2101 799 ange-

515 803 723 865 lorum;
776 819 872 857 nec
927 803 1012 857 illa
1064 811 1205 855 terra
1258 801 1341 856 vel
1387 803 1652 871 abyssus,
1708 804 1819 855 brec
1867 802 2097 856 visibilia

515 875 810 939 elementa;
843 874 937 929 sed
978 872 1109 927 illud
1159 872 1558 936 intelligendum
1590 882 1709 939 est,
1764 872 2008 927 informis
2048 883 2101 927 et

514 946 741 999 obscura
776 946 958 998 mundi
1002 946 1246 997 materia.
1303 942 1367 995 Et
1410 944 1626 998 tenebrie
1660 953 1805 998 erant
1835 961 1991 1011 super
2021 946 2101 1013 fa-

515 1017 643 1069 ciem
669 1018 857 1086 abyssi.
886 1014 1110 1082 Quidam
1135 1013 1316 1086 dicere
1341 1015 1513 1069 solent
1538 1032 1550 1067 :
1584 1015 1735 1069 Unde
1764 1023 1920 1068 erant
1944 1024 2095 1069 tene-

513 1087 625 1141 brae
650 1085 938 1157 antequam
967 1086 1118 1139 ﬁeret
1149 1085 1274 1138 lux?
1306 1086 1437 1152 Quis
1484 1101 1578 1140 eas
1621 1086 1853 1140 fecerat?
1904 1091 2007 1140 Aut
2053 1088 2095 1141 si

515 1173 675 1212 nemo
722 1157 941 1220 fecerat,
975 1168 1190 1209 aeterna:
1240 1166 1385 1209 sunt.
1432 1156 1633 1223 Quibus
1683 1157 2037 1225 respondetur
2080 1176 2091 1209 :

512 1228 629 1283 Non
650 1229 772 1298 quia
800 1229 999 1297 aliquid
1027 1236 1152 1280 sunt
1178 1227 1433 1291 tenebrat,
1468 1228 1562 1281 sed
1593 1229 1705 1298 ipsa
1740 1228 1873 1281 lucis
1897 1227 2093 1282 absen-

517 1300 589 1352 tia
643 1296 745 1355 hoc
773 1296 968 1354 nomen
1018 1299 1259 1367 accepit:
1306 1298 1444 1351 sicut
1476 1298 1617 1351 enim
1649 1296 1919 1353 silentium
1964 1300 2095 1354 nihil

513 1381 619 1428 est.
666 1372 759 1426 sed
789 1372 876 1425 ubi
907 1387 1007 1422 vox
1040 1385 1143 1423 non
1172 1378 1286 1432 est,
1318 1369 1586 1422 silentium
1619 1370 1814 1423 dicitur
1848 1388 1860 1423 :
1896 1372 1975 1423 sic
2016 1382 2095 1424 te-

512 1442 694 1495 nebrm
724 1442 852 1495 nihil
878 1451 1019 1506 sunt,
1053 1440 1144 1491 sed
1166 1440 1251 1493 ubi
1281 1440 1371 1492 lux
1402 1454 1506 1493 non
1527 1448 1633 1506 est,
1655 1440 2092 1495 tenebrazdicun-

512 1519 618 1563 tur.
653 1510 721 1564 Et
773 1512 1003 1580 Spiritus
1051 1509 1148 1564 Dei
1182 1510 1437 1579 ferebatur
1462 1526 1616 1580 super
1647 1528 1825 1579 aquas.
1867 1512 2095 1579 Spiritus

512 1592 760 1649 sanctus,
807 1581 949 1636 Deus
976 1593 1090 1646 est,
1122 1584 1210 1649 qui
1242 1596 1347 1634 non
1382 1581 1501 1634 loco
1530 1582 1836 1635 continetur
1870 1591 1961 1636 aut
1985 1584 2095 1637 dis-

513 1652 767 1717 tenditur,
824 1669 921 1707 nec
953 1662 1253 1719 temporum
1286 1652 1669 1705 mutationibus
1691 1652 1962 1721 subjacet,
1995 1655 2091 1709 sed

511 1733 597 1777 est
627 1725 820 1793 ubique
850 1738 1088 1792 praesens
1116 1739 1179 1776 ac
1215 1733 1378 1777 totus.
1415 1723 1717 1792 Superferri
1761 1732 1939 1778 autem
1986 1725 2091 1779 Do-

511 1796 641 1847 mini
690 1794 921 1863 Spiritus
948 1796 1100 1864 aquis
1139 1794 1368 1855 dicitur.
1423 1809 1527 1847 non
1558 1794 1961 1862 pervagatione,
1993 1797 2087 1851 scd

511 1874 810 1934 potestate;
846 1882 950 1920 non
983 1865 1253 1926 localiter,
1305 1865 1399 1919 sed
1434 1864 1821 1935 potentialiter;
1855 1882 1959 1920 non
1995 1882 2091 1935 per

510 1937 682 2003 spatia
702 1937 938 1992 locorum
956 1938 1092 1990 sicut
1118 1947 1275 1989 terras
1288 1936 1369 1989 sol
1382 1934 1660 2000 suﬁ'ertur,
1680 1936 1772 1989 sed
1790 1952 1881 2001 per
1902 1934 2090 2003 poten-

513 2010 637 2059 tiam
670 2007 1014 2062 sublimitatis
1050 2022 1182 2061 suae.
1217 2007 1357 2060 Deus
1386 2006 1531 2059 enim
1562 2021 1667 2061 non
1700 2021 1765 2060 ex
1798 2008 2085 2074 indigentia

510 2076 635 2130 fecit
683 2092 845 2145 Opera
872 2095 989 2144 sua,
1040 2079 1133 2133 sed
1166 2093 1231 2132 ex
1266 2077 1620 2131 benelicentia
1653 2085 1811 2145 atque
1841 2080 2088 2149 omnipo-

511 2149 677 2201 tentia
706 2166 718 2201 :
750 2150 839 2218 qui
872 2150 1005 2204 nihil
1036 2150 1282 2219 indigens
1304 2149 1481 2201 omnia
1508 2156 1678 2211 creat,
1703 2158 1757 2202 et
1780 2150 2087 2206 misericors

508 2228 700 2274 cuncta
733 2222 996 2285 viviﬁcat,
1029 2230 1078 2274 et
1112 2222 1162 2274 in
1195 2219 1528 2289 plenitudine
1557 2229 1743 2273 saneta
1775 2234 2082 2287 permanet;

509 2304 613 2342 non
657 2293 853 2345 neStris
884 2292 1219 2360 ampliandus
1250 2290 1526 2353 laudibus,
1559 2291 1651 2343 sed
1698 2292 1809 2343 suis
1851 2294 2087 2347 innotes-

508 2360 710 2414 Cendus
737 2364 1072 2417 collaudatur
1099 2361 1351 2430 operibus
1376 2378 1387 2411 :
1416 2374 1586 2429 neque
1606 2362 1748 2414 enim
1784 2362 1972 2416 horum
2006 2364 2087 2418 in-

509 2430 654 2499 diget
678 2448 796 2499 quae
821 2433 963 2489 facit.
1002 2433 1253 2501 Indignus
1282 2432 1478 2500 quippe
1500 2440 1658 2496 atque
1682 2446 1879 2498 egenus
1908 2448 2082 2500 amor,

508 2501 788 2569 subjicitur
818 2503 978 2557 rebus
1013 2518 1147 2572 quas
1176 2501 1347 2570 diligit
1381 2519 1392 2553 :
1423 2501 1770 2571 quamobrem
1802 2519 1905 2558 non
1937 2504 2082 2559 indi-

507 2585 644 2643 guus
692 2588 844 2627 amor
897 2574 1224 2640 superfertur
1276 2572 1437 2625 rebus
1512 2586 1643 2641 quas
1694 2573 1885 2643 diligit.
1960 2576 2083 2632 Ideo

509 2640 709 2714 dictum
743 2652 861 2709 est,
894 2644 1181 2713 superferri
1211 2652 1473 2697 creaturae
1507 2640 1763 2710 Spiritum
1794 2640 2037 2701 sanctum
2065 2689 2079 2714 ,

509 2713 631 2784 quia
653 2728 758 2767 non
780 2728 848 2768 ex
870 2715 1158 2784 indigentia
1180 2726 1432 2784 operatus
1453 2726 1532 2768 est
1562 2716 1727 2782 ipsam
1755 2727 2077 2773 creaturam.

505 2781 705 2857 ll’rogeo
728 2794 903 2840 autem
927 2781 1066 2855 quod
1093 2788 1145 2840 in
1169 2781 1368 2857 nostris
1388 2781 1664 2839 codicibus
1692 2788 1949 2855 scriptum
1972 2800 2074 2857 est,

506 2853 789 2925 ferebatur,
851 2857 901 2910 in
945 2853 1179 2911 llebraao
1226 2856 1455 2910 habetur
1491 2864 1733 2921 nan-na,
1789 2853 1929 2926 quod
1982 2853 2081 2916 nos

503 2926 775 2998 appellare
808 2943 1092 2994 possumus
1116 2970 1130 2994 ,
1162 2927 1456 2992 incubabat,
1488 2928 1599 2980 sive
1630 2931 1927 2996 con/“avebat
1955 2973 1970 2998 ,
2024 2933 2077 2988 in

503 2997 906 3053 similitudinem
937 3000 1203 3064 volucris,
1260 3012 1361 3052 ova
1415 2998 1593 3051 calore
1639 2997 1962 3055 animantis.
1992 3003 2074 3057 Ex

502 3080 607 3139 quo
626 3069 1003 3139 intelligimus,
1038 3085 1140 3124 non
1170 3070 1238 3125 de
1262 3071 1452 3138 spiritu
1479 3069 1661 3122 mundi
1692 3070 1817 3137 dici,
1852 3079 1910 3125 ut
1940 3088 2078 3127 non-

2208 445 2452 522 primns:
2488 447 2582 501 sed
2603 488 2616 512 ,
2645 449 2753 522 dies
2790 465 2950 502 unus.
2982 448 3243 522 Exoritur
3266 456 3450 522 autem
3481 445 3707 522 quaestio
3737 456 3801 514 de

2204 517 2411 585 angelis
2436 558 2451 583 ,
2497 534 2602 588 quo
2633 518 2791 572 modo
2820 522 2870 573 in
2902 518 3181 574 creatione
3210 534 3307 575 sex
3339 517 3551 576 dierum
3583 536 3798 588 praeter-

2204 588 2817 666 mittantuI,_tamquam
2852 605 2954 666 non
2988 591 3093 666 sint
3127 591 3179 643 in
3209 592 3468 666 operibus
3497 593 3627 649 Dei?
3657 595 3799 666 Opus

2203 667 2384 712 autem
2447 658 2541 713 Dei
2590 676 2711 714 esse
2748 661 2968 733 angelos
3010 662 3246 731 hymnus
3288 664 3448 733 trium
3511 658 3799 733 puerorum

2205 738 2431 804 testatur
2456 749 2468 782 :
2499 746 2621 804 nam
2646 746 2765 804 cuin
2786 731 3104 804 praedictum
3130 742 3302 804 esset,
3334 731 3648 804 Benedicite,
3667 756 3782 792 om.

2200 801 2289 853 nia
2326 818 2483 867 opera
2525 802 2729 854 Domini
2774 802 2996 856 Domino
3038 799 3156 872 (Ps.
3192 801 3310 873 cn);
3357 805 3408 858 in
3442 799 3790 867 exsecutione

2205 872 2521 943 earumdem
2551 888 2801 942 operum,
2832 874 2996 928 etiam
3030 874 3251 943 angelos
3272 872 3595 930 nominavit.
3631 881 3699 934 Et
3740 882 3797 937 in

2206 939 2457 1005 Psalmis.
2480 939 2602 1017 cum
2617 944 2821 999 diceret
2845 945 2985 1017 inter
3002 939 3223 1017 cancra,
3244 944 3471 1001 Laudate
3482 947 3793 1017 Dominum,

2202 1016 2574 1091 omnes_angeli
2596 1015 3010 1091 ejusj‘subjecit,
3033 1016 3289 1091 Quoniam
3304 1018 3408 1091 ipse
3429 1019 3562 1071 dixit
3584 1030 3631 1072 et
3655 1015 3796 1091 facta

2199 1092 2318 1159 sunt
2345 1084 2465 1159 (P3.
2496 1088 2671 1154 erm).
2697 1086 2792 1159 llis
2817 1102 2945 1155 ergo
2966 1088 3262 1159 exemplis,
3280 1084 3445 1159 a'Deo
3469 1084 3792 1159 angeli'tacti

2199 1152 2661 1230 demonstrantur,
2693 1152 2919 1230 sedgqulo
2947 1157 3035 1211 die
3060 1152 3225 1213 creati
3259 1158 3364 1230 sint
3403 1152 3665 1230 nusquam
3704 1162 3792 1219 in-

2200 1222 2321 1301 ΕΜ.
2362 1225 2647 1301 δεάᾹῳιίιι
2696 1222 3058 1301 ἱηᾼδὸιίριυτε
3109 1238 3295 1301 sancta
3346 1222 3542 1301 legitur
3587 1232 3787 1290 dixisse

2199 1292 2365 1348 Deum
2398 1337 2412 1361 ,
2473 1292 2692 1362 Quando
2741 1298 2881 1364 facta
2904 1292 3050 1353 "sunt
3078 1300 3283 1363 sidera,
3322 1292 3662 1356 lauvdaverunt
3706 1321 3787 1359 me

2198 1379 2370 1443 omnes
2396 1369 2712 1443 angelimei;
2733 1369 3213 1443 jam_erantangeli
3238 1381 3431 1438 quarto
3444 1372 3548 1443 die,
3568 1375 3785 1443 quando

2196 1435 2376 1510 sidera
2418 1435 2631 1492 condita
2657 1435 2800 1493 sunt.
2842 1439 2983 1510 Ergo
3013 1435 3132 1495 nec'
3160 1435 3434 1496 die'tertia
3470 1435 3600 1497 facti
3631 1455 3779 1499 sunt.

2200 1504 2255 1558 lu
2288 1520 2533 1584 promptu
2561 1520 2643 1584 est
2666 1512 2809 1584 enim
2840 1504 2981 1580 quod
3008 1511 3096 1564 die
3118 1512 3207 1584 illa
3233 1521 3377 1568 terra
3404 1513 3470 1568 ab
3494 1515 3645 1584 aquis
3670 1516 3784 1570 dis-

2196 1581 2625 1653 cerpta,pabnli
2670 1582 2889 1635 herbam
2919 1583 3201 1651 produxit;
3239 1598 3369 1653 ergo
3407 1599 3506 1638 nec
3541 1581 3781 1641 secundo

2196 1646 2282 1719 die
2317 1646 2589 1703 factisqu
2611 1694 2624 1715 ,
2667 1658 2793 1705 tunc
2820 1646 2961 1706 enim
3012 1654 3153 1707 faeto
3185 1646 3555 1719 ﬁrmamento,
3589 1655 3779 1712 divisio

2196 1717 2645 1793 fuitsuperiorum
2661 1732 2819 1791 atque
2842 1724 3152 1777 inferiorum
3172 1739 3434 1793 aquarum
3453 1767 3467 1789 ,
3486 1717 3560 1778 nil
3583 1727 3776 1781 mirum

2193 1788 2336 1868 enim
2367 1792 2411 1845 si
2444 1788 2771 1868 inoperibtis
2793 1809 2887 1848 sex
2916 1794 3122 1849 dierum
3146 1788 3322 1865 angeli
3348 1788 3486 1868 lucis
3508 1795 3776 1864 significa-

2195 1865 2340 1933 liene
2352 1865 2517 1917 creati
2535 1865 2908 1933 intelliguntur
2925 1885 2934 1918 :
2954 1878 3078 1920 ante
3091 1879 3306 1920 omnem
3323 1867 3463 1921 enim
3479 1876 3775 1924 creaturam

2193 1929 2318 2006 facti
2348 1945 2491 2000 sunt,
2525 1935 2646 2003 quia
2681 1929 2826 2002 prior
2858 1937 3097 1991 omnium
3134 1946 3314 1991 creata
3352 1946 3435 1991 est
3481 1938 3772 2006 sapientia;

2190 2003 2279 2070 qui
2312 2016 2599 2071 propterea
2628 2006 2879 2077 dicuntur
2903 2008 3163 2077 sapientia
3184 2051 3198 2074 ,
3226 2003 3775 2066 inhaerendo'scilicet

2190 2083 2409 2129 aeternae
2460 2078 2756 2148 sapientiae.
2806 2076 3185 2133 Verumtamen
3235 2079 3489 2148 numquid
3538 2089 3589 2133 et
3634 2089 3764 2137 ante

2191 2150 2436 2219 tempora
2464 2146 2586 2201 facti
2619 2157 2775 2219 sunt,
2806 2148 2926 2217 quia
2962 2150 3111 2219 prior
3140 2146 3541 2204 omnium'facta
3566 2158 3649 2203 est
3676 2165 3771 2205 sa—

2190 2214 2424 2281 pientia,
2460 2218 2605 2286 prior
2650 2214 2854 2273 scilicet
2884 2214 3159 2285 omnium,
3205 2220 3364 2274 etiam
3406 2228 3460 2274 et
3493 2222 3773 2286 tempore?

2187 2285 2485 2359 Oportebat
2534 2290 2676 2343 enim
2712 2300 2768 2342 ut
2813 2300 3059 2346 creatura
3102 2292 3419 2346 inconcusse
3449 2285 3770 2359 adhaerens,

2188 2356 2289 2431 etsi
2320 2372 2425 2412 non
2456 2373 2557 2413 suo
2584 2362 2814 2415 creatori
2846 2363 3092 2431 aequalis,
3127 2362 3273 2416 omni
3304 2360 3491 2417 saltem
3521 2356 3771 2417 creatura

2188 2427 2335 2503 prior
2369 2440 2513 2483 esset
2546 2440 2601 2485 et
2640 2432 2831 2486 melior
2864 2448 2878 2487 :
2913 2427 3009 2503 qui
3043 2433 3257 2503 quidem
3289 2432 3416 2486 dum
3454 2433 3564 2487 sint
3598 2443 3773 2487 muta-

2187 2496 2323 2553 biles
2359 2511 2546 2555 natura
2572 2547 2585 2570 ,
2623 2502 2749 2557 facit
2780 2496 2959 2559 tamen
2991 2496 3086 2560 eos
3113 2504 3475 2560 immutabiles
3501 2512 3658 2571 atque
3688 2503 3770 2557 in-

2186 2579 2470 2640 corruptos
2518 2573 2689 2641 gratia
2744 2577 3070 2642 sempiterna
3122 2592 3133 2627 :
3188 2590 3312 2629 nam
3360 2575 3403 2629 si
3460 2581 3647 2628 natura
3689 2575 3769 2628 in-

2185 2642 2596 2697 commutabiles
2624 2654 2832 2711 essent,
2853 2645 3097 2701 diabolus
3128 2662 3234 2700 non
3256 2646 3441 2714 utique
3457 2645 3763 2709 cecidisset.

2184 2714 2650 2785 commutabilitati
2706 2731 2939 2785 namque
2985 2727 3187 2772 naturae
3221 2717 3272 2770 in
3322 2718 3402 2772 eis
3442 2715 3768 2785 suffragatur

2183 2784 2565 2856 contemplatio
2614 2784 2907 2841 Creatoris.
2948 2787 3077 2843 Inde
3116 2789 3353 2856 privatus
3402 2796 3486 2843 est
3525 2796 3768 2856 apostata

2183 2853 2430 2922 angelus,
2465 2856 2591 2909 dum
2637 2856 3003 2912 fortitudinem
3033 2853 3185 2914 suam
3240 2874 3346 2912 non
3373 2873 3401 2912 a
3430 2853 3574 2923 Deo,
3598 2857 3692 2912 sed
3736 2873 3767 2911 a

2186 2938 2247 2977 se
2271 2925 2439 2980 voluit
2466 2936 2734 2982 constare.
2774 2929 2959 2982 Tanta:
2989 2930 3134 2984 enim
3178 2931 3367 2997 gratiae
3405 2938 3531 2983 sunt
3558 2929 3764 2997 angeli,

2183 3003 2243 3068 ut
2269 3010 2368 3050 nec
2396 2998 2633 3065 ipsorum
2656 2998 2894 3053 accessio
2921 2999 3236 3055 decessiove
3256 2999 3415 3054 fuerit
3438 3009 3762 3068 temporum.

2185 3065 2329 3141 Duas
2352 3069 2494 3141 enim
2524 3084 2645 3124 esse
2676 3085 2763 3124 res
2788 3070 2840 3124 in
2864 3071 3129 3125 creaturis
3163 3080 3403 3130 constat.
3434 3065 3657 3141 quarum
3692 3072 3766 3122 vi-

502 3126 641 3213 iiulli
668 3126 1019 3208 arbii'iantnr',
1053 3141 1145 3196 sed
1178 3141 1245 3195 de
1277 3126 1477 3213 Spiritu
1506 3150 1713 3213 sancto,
1765 3126 1857 3209 qui
1882 3152 1936 3197 et
1966 3126 2081 3213 ipse
2106 3126 2153 3189 (ἶ
2185 3138 2446 3213 cissitudo
2466 3149 2769 3213 temporum
2793 3141 3179 3213 comprehendi
3203 3157 3307 3195 non
3329 3126 3474 3213 valel't
3496 3158 3511 3197 :
3537 3141 3764 3211 primum

502 3208 801 3281 viviﬁcator
848 3214 1085 3265 omnium
1136 3229 1163 3264 a
1218 3211 1479 3281 principio
1521 3211 1738 3265 dicitur.
1784 3208 1874 3268 Sic
1904 3208 2083 3271 autem

502 3278 823 3352 viviﬁcator,
851 3284 999 3352 quasi
1031 3278 1279 3337 conditor
1302 3293 1355 3336 et
1387 3282 1549 3337 Deus.
1588 3282 1776 3335 Emitte
1804 3286 1975 3351 enim,
2011 3289 2085 3342 ait

503 3348 773 3424 Scriptura
793 3348 909 3424 (Ps.
926 3351 1061 3422 cui),
1089 3353 1339 3424 Spiritum
1359 3362 1524 3419 tuum,
1544 3364 1592 3406 et
1617 3354 1940 3409 creabantur.
1963 3348 2083 3412 No-

502 3421 722 3503 tandum
751 3421 975 3503 quodin
1004 3421 1365 3503 ipso'exordio
1388 3426 1506 3479 coeli
1537 3434 1596 3503 ei
1623 3434 1812 3503 teme,
1849 3432 2081 3503 tota‘tri-

503 3490 645 3544 nitas
689 3490 984 3548 insinuatur
1026 3494 1297 3549 Creatoris
1349 3513 1361 3547 :
1407 3511 1527 3548 nam
1562 3494 1740 3559 Pater,
1792 3490 1841 3550 in
1876 3498 1968 3552 Dei
2002 3500 2084 3553 in-

504 3560 758 3630 telligitur
788 3565 1033 3630 nomine;
1068 3565 1250 3631 Filius,
1287 3567 1337 3620 in
1368 3567 1646 3635 principii;
1692 3567 1922 3635 Spiritus
1954 3586 2082 3626 vero

502 3640 756 3707 sanctus,
807 3636 895 3704 qui
928 3637 1363 3704 superferebatnr
1393 3637 1567 3706 aquis.
1617 3637 1852 3707 Spiritus
1900 3651 2079 3697 autem

503 3700 601 3754 Dei
627 3719 789 3772 super
817 3700 909 3781 cor
930 3700 1171 3761 nostrum
1194 3700 1543 3781 ieiiebrosum
1574 3719 1628 3763 et
1651 3700 1899 3777 fluidum,
1929 3714 2079 3781 quasi

501 3785 665 3849 super
694 3790 859 3844 aquas
884 3777 994 3845 jam
1018 3778 1474 3848 superferebatur,
1504 3782 1555 3833 in
1587 3794 1693 3849 quo
1721 3777 2080 3839 subsistentes

500 3846 1000 3923 requiescereiuus,
1050 3846 1307 3921 cujusque
1364 3846 1758 3906 viviﬁcaremur
1812 3852 1976 3920 ﬂatu,
2025 3864 2082 3910 et

498 3920 650 3982 cujus
682 3920 819 3973 unda
850 3920 1176 3976 ablueretur.

570 3985 747 4061 (Vers.
781 3991 861 4060 5.)
890 3990 1036 4046 Dixit
1089 3991 1249 4055 Deus,
1282 3989 1402 4045 Fiat
1430 3993 1542 4046 tux.
1576 3991 1643 4045 Et
1674 3994 1812 4061 facta
1856 4004 1929 4047 cst
1967 3998 2074 4050 lux.

497 4055 554 4133 Si
582 4055 634 4133 in
668 4060 756 4115 die
785 4055 947 4128 dixit,
980 4064 1346 4130 temporaliter
1386 4063 1556 4127 dixit;
1612 4055 1682 4116 si'
1708 4066 2079 4133 temporaliter

497 4128 669 4195 dixit,
727 4146 821 4196 per
855 4128 1425 4201 aliquam'creaturain
1469 4133 1631 4197 dixit;
1663 4149 1792 4201 ergo
1821 4128 1947 4190 'non
1995 4150 2077 4194 est

496 4203 669 4277 prima
698 4209 943 4277 creatura
976 4203 1085 4277 lux,
1104 4204 1524 4277 quiajamlerat.
1552 4218 1647 4273 per
1666 4219 1827 4273 quam
1849 4207 2073 4277 diceret,

496 4266 758 4344 Fiattua.
794 4273 927 4327 Vere
950 4275 1093 4328 enim
1119 4266 1218 4329 nec
1242 4266 1294 4327 in
1322 4266 1410 4329 die
1439 4266 1603 4339 dixit,
1639 4266 1738 4329 nec
1767 4266 2077 4344 temporali;

496 4348 580 4394 ter
609 4342 776 4414 dixit,
802 4344 925 4414 quia
953 4358 1077 4398 ante
1103 4360 1317 4401 omnem
1342 4356 1642 4400 creaturam
1674 4342 1893 4401 verbum
1919 4365 2074 4406 suttm

492 4414 698 4486 genuit.
724 4412 899 4469 Diciio
920 4418 1098 4486 itaque
1119 4418 1231 4484 Dei,
1257 4417 1478 4472 verbum
1504 4417 1597 4472 Dei
1622 4426 1703 4472 est
1728 4432 1741 4469 :
1769 4420 1862 4473 sed
1891 4419 2066 4476 divina

2188 3210 2332 3263 enim
2382 3210 2581 3280 angeli,
2619 3222 2835 3280 propter
2868 3212 3011 3282 quod
3060 3210 3568 3268 incommutabiliter
3598 3214 3764 3266 iuliae.

2188 3290 2309 3333 rent
2330 3281 2606 3347 Creatori;
2636 3281 2932 3339 secundum
2962 3284 3182 3339 materia
3213 3284 3300 3339 illa
3333 3283 3611 3349 informis,
3644 3282 3765 3353 quia

2188 3365 2287 3404 nec
2317 3352 2434 3426 ejus
2474 3353 2954 3426 comprehenditur
2988 3365 3199 3426 tempus
3238 3355 3547 3426 priusquam
3598 3352 3673 3410 ex
3703 3368 3763 3409 ea

2187 3422 2363 3496 omnia
2398 3422 2494 3476 ista
2526 3422 2883 3496 formarentur
2914 3442 3031 3495 qua:
3058 3422 3424 3496 temporaliter
3454 3425 3762 3479 volvuntur.

2187 3492 2330 3546 Dixit
2355 3508 2568 3563 quoque
2604 3495 2763 3563 Deus,
2792 3494 2915 3549 Fiat
2932 3492 3047 3551 ’lux.
3078 3497 3137 3552 ld
3167 3492 3269 3556 est.
3298 3496 3622 3551 illuminatio
3648 3511 3765 3551 cre-

2186 3563 2428 3617 dulitatis
2457 3576 2732 3634 appareat.
2768 3568 2941 3621 Prima
2968 3568 3113 3622 enim
3139 3569 3226 3623 die
3256 3570 3427 3623 lucem
3454 3567 3578 3621 ﬁdei
3595 3566 3765 3629 dedit,

2186 3636 2309 3696 quia
2343 3635 2514 3703 prima
2548 3646 2629 3690 est
2666 3637 2718 3691 in
2749 3642 3102 3695 conversione
3135 3638 3291 3694 ﬁdes.
3336 3639 3489 3694 Unde
3533 3649 3586 3692 et
3625 3638 3764 3692 istud

2184 3707 2418 3777 primum
2452 3706 2505 3761 in
2540 3708 2631 3761 Dei
2671 3711 2953 3777 przeceptis
2999 3712 3309 3765 mandatum
3354 3717 3466 3775 est,
3512 3707 3763 3763 Dominus

2183 3775 2327 3853 Deus
2372 3787 2511 3853 tuus,
2533 3775 2708 3853 _Deus
2736 3775 2966 3853 unusest
2998 3780 3176 3853 (Deut.
3208 3781 3305 3853 Vl).
3348 3781 3761 3853 Propterquam

2183 3848 2342 3903 ﬁdem
2385 3849 2501 3916 ipse
2533 3849 2790 3906 Dominus
2818 3852 2981 3907 etiam
3007 3848 3309 3908 'visibiliter
3346 3852 3399 3907 in
3440 3848 3641 3906 mundo
3668 3865 3763 3919 ap-

2182 3933 2372 3989 parere
2398 3921 2583 3974 voluit.

2253 3990 2432 4060 (Vers.
2470 3994 2504 4045 4
2539 3991 2680 4060 seq.)
2714 3990 2783 4046 Et
2813 3993 2935 4046 vidit
2961 3991 3101 4047 Deus
3128 3995 3321 4059 lucem,
3350 3993 3470 4061 quia
3499 3990 3630 4045 bona
3660 3999 3758 4044 est.

2180 4059 2313 4133 Nam
2356 4062 2497 4129 quod
2542 4062 2722 4117 subito
2760 4064 2957 4119 viderit
3002 4063 3145 4118 Deus
3191 4059 3391 4130 lucem,
3432 4061 3573 4133 quod
3614 4067 3763 4133 esset

2180 4129 2346 4198 bona,
2378 4140 2433 4186 et
2459 4133 2595 4186 visio
2625 4134 2673 4187 ei
2711 4135 3003 4188 contulerit
3026 4134 3334 4202 scientiam,
3368 4129 3489 4190 eum
3523 4133 3576 4187 in
3604 4131 3761 4186 nobis

2179 4216 2342 4257 omne
2377 4218 2511 4271 opus
2557 4205 2826 4272 pracedat
2864 4206 3113 4260 voluntas
3156 4218 3362 4270 nostra,
3395 4206 3521 4260 dum
3560 4203 3761 4272 cogita-

2179 4287 2331 4344 mus,
2366 4273 2495 4344 quid
2538 4275 2755 4341 onerari
2797 4274 3119 4341 debeamus;
3168 4294 3277 4332 non
3318 4277 3459 4331 enim
3508 4276 3759 4344 ignorans

2180 4343 2382 4418 aliquis
2400 4343 2529 4399 facit
2549 4346 2784 4418 aliquid,
2812 4346 2941 4400 dum
2966 4349 3168 4416 cogitat
3192 4347 3423 4418 qualiter
3454 4343 3759 4418 ﬁaht,_quae

2179 4414 2421 4470 facienda
2443 4416 2728 4485 cogitando
2746 4416 3018 4487 disposuit
3036 4414 3060 4472 Ξ
3069 4428 3124 4472 et
3140 4414 3256 4472 cuin
3281 4418 3381 4472 hoc
3402 4416 3456 4470 in
3482 4416 3758 4468 hominem

495 4484 772 4565 Scriptura
808 4484 1055 4565 parvulis
1074 4503 1394 4565 congruens,
1428 4496 1484 4543 et
1526 4490 1756 4565 quodam
1788 4492 1950 4565 modo
1979 4507 2075 4549 eos
2102 4503 2153 4565 υ
2179 4488 2506 4565 cade_re_noii
2534 4487 2724 4555 possit,
2751 4497 2810 4565 ut
2837 4484 3037 4565 aliquid
3068 4491 3312 4560 ignorans
3340 4487 3522 4565 facis},
3550 4494 3757 4565 quanto

493 4555 731 4631 laetans,
786 4567 841 4611 ut
872 4558 1155 4627 proﬁciant
1181 4555 1272 4615 ἐι
1297 4560 1476 4615 cibum
1509 4555 1804 4631 spiritalem
1836 4564 2069 4631 capiant,

494 4626 665 4699 voluit
716 4626 929 4695 semper
982 4646 1077 4699 per
1117 4646 1332 4685 omnem
1378 4626 1640 4687 creatura:
1696 4626 2070 4690 formationem

492 4696 782 4754 dictionem
814 4700 907 4775 Dei
932 4696 1239 4775 nuncupare
1269 4720 1297 4775 εγ
1318 4712 1407 4775 ut,
1423 4702 1571 4757 verbi
1599 4718 1781 4775 causa,
1815 4704 1862 4758 si
1895 4708 2071 4775 requi-

492 4783 583 4823 ras
620 4786 729 4841 quo
778 4774 938 4825 modo
985 4772 1122 4828 facta
1157 4785 1241 4828 est
1288 4774 1413 4827 lux?
1437 4774 1645 4836 audias,
1695 4774 1748 4827 In
1782 4776 1945 4829 verbo
1974 4772 2071 4833 Dei

490 4851 628 4907 erat,
658 4852 713 4896 ut
737 4842 910 4898 ﬁeret.
934 4844 1050 4909 Quo
1072 4845 1233 4898 modo
1256 4844 1452 4899 factum
1476 4854 1560 4898 est
1576 4845 1808 4899 ctelum?
1828 4846 1882 4899 ln
1907 4849 2071 4903 verbo

492 4911 589 4966 Dei
615 4924 750 4978 erat,
787 4923 843 4967 ut
868 4914 1043 4986 ﬁeret.
1074 4916 1140 4969 Et
1167 4926 1362 4969 caetera
1397 4930 1493 4986 per
1518 4915 1784 4982 ordinem,
1819 4919 1861 4972 si
1892 4922 2073 4986 requi-

489 4998 578 5038 ras
604 4999 708 5053 quo
741 4986 899 5040 modo
930 4985 1065 5040 facta
1091 4986 1253 5040 sunt?
1274 4986 1329 5040 In
1363 4985 1528 5040 verbo
1558 4986 1649 5041 Dei
1679 4996 1852 5053 erant,
1889 5000 1944 5043 ut
1973 4992 2067 5045 tie-

487 5066 630 5129 rent.
661 5056 775 5111 Hoc
803 5058 944 5111 enim
976 5068 1079 5124 est,
1108 5057 1249 5112 Dixit
1283 5056 1420 5110 Deus
1447 5074 1458 5107 :
1494 5055 1617 5110 Fiat
1641 5059 1759 5125 lux,
1786 5058 1941 5125 dixit,
1974 5076 2070 5129 pro

488 5125 645 5199 fecit,
672 5129 850 5199 posuit
879 5129 1134 5199 scriptor,
1166 5140 1223 5183 ut
1248 5129 1610 5195 celeritatem,
1638 5129 1723 5183 vel
1756 5125 2066 5187 facilitatem

483 5198 667 5271 operis
696 5198 785 5271 Dei
816 5198 1156 5266 ostenderet;
1187 5214 1360 5271 neque
1387 5201 1533 5254 enim
1556 5201 1929 5271 corporalibus
1953 5219 2068 5258 mo-

483 5268 569 5324 dis
598 5270 831 5340 loquitur
857 5272 1037 5326 divina
1072 5268 1309 5327 natura}
1344 5287 1444 5325 nec
1471 5268 1687 5337 quoties
1714 5270 1880 5339 dixit,
1908 5274 2067 5329 toties

484 5342 651 5397 verba
681 5342 930 5397 formavit
962 5361 974 5395 :
1011 5359 1174 5398 unum
1199 5342 1341 5415 enim
1366 5342 1602 5415 Verbum
1632 5342 1815 5415 genuit
1841 5356 2066 5398 coaeter-

481 5427 611 5468 num
677 5422 730 5468 et
757 5415 1257 5469 consubstantivum
1280 5414 1410 5477 sibi,
1439 5416 1492 5468 in
1525 5430 1629 5483 quo
1671 5415 1851 5469 omnia
1877 5416 2063 5470 ineffa-

477 5485 664 5541 biliter
684 5494 737 5539 et
770 5485 1196 5557 intemporaliter
1227 5485 1391 5550 dixit;
1419 5487 1539 5540 talis
1562 5486 1821 5557 enimDei
1843 5488 2061 5551 locutio,

480 5570 589 5612 non
646 5558 1013 5626 temporaliter
1038 5558 1353 5627 praeteriens
1399 5571 1595 5623 sonus,
1629 5556 1720 5611 sed
1753 5559 1865 5611 sola
1896 5558 2063 5614 dictio

477 5640 559 5683 est
586 5625 828 5681 rationis.
857 5628 997 5681 Dixit
1017 5625 1175 5695 Deus,
1202 5625 1326 5681 Fiat
1348 5628 1457 5681 lux.
1477 5629 1531 5683 ln
1552 5630 1651 5682 bac
1673 5628 1790 5682 luce
1813 5630 2062 5685 historia-

480 5696 1021 5773 literJrecapitulatur‘
1044 5700 1248 5773 creatio
1275 5699 1616 5773 angelorum,
1644 5700 1731 5766 qui
1766 5716 1867 5773 pro
1897 5702 2064 5773 parti-

480 5763 988 5829 cipatione'aeternte
1015 5769 1175 5834 lucis,
1206 5769 1302 5823 lux
1330 5763 1385 5824 e't
1411 5770 1529 5824 dies
1559 5763 1851 5838 nuneupati
1889 5763 2017 5828 sunt
2046 5789 2057 5825 :

2178 4560 2350 4625 magis
2378 4559 2429 4612 in
2466 4558 2652 4623 Deum,
2682 4560 2772 4628 qui
2804 4556 2981 4614 omnia
3010 4556 3214 4614 mterno
3239 4568 3292 4614 et
3320 4556 3495 4614 stabili
3524 4556 3756 4610 concilio

2176 4642 2275 4699 suo
2306 4628 2469 4683 facit?
2498 4630 2639 4699 Ergo
2668 4645 2767 4686 nec
2795 4631 2989 4696 discit,
3023 4630 3118 4687 sed
3148 4632 3303 4687 docet
3333 4631 3528 4684 factum
3556 4628 3608 4699 in
3641 4636 3756 4699 arte

2175 4698 2481 4755 faciendum
2514 4720 2525 4752 :
2561 4696 2615 4755 et
2659 4717 2757 4757 nec
2794 4703 2947 4756 aliter
2984 4704 3141 4771 tacta,
3174 4717 3275 4757 nec
3314 4703 3473 4755 aliter
3511 4696 3754 4753 facienda

2176 4771 2327 4825 vidit.
2355 4772 2434 4826 Eo
2459 4773 2638 4839 itaque
2668 4774 2828 4827 modo
2855 4772 2989 4827 vidit
3015 4772 3173 4837 facta,
3197 4788 3303 4842 quo
3327 4773 3530 4827 viderat
3562 4771 3753 4825 iacien-

2174 4842 2263 4897 da.
2287 4843 2415 4897 Inde
2438 4853 2521 4898 est
2547 4844 2690 4910 quod
2719 4843 2867 4909 dicit,
2892 4843 3032 4897 Vidit
3055 4844 3193 4899 Deus
3213 4844 3350 4914 quod
3379 4853 3509 4899 esset
3536 4843 3753 4914 bonum;

2173 4914 2226 4967 id
2255 4926 2355 4984 est,
2387 4916 2440 4968 in
2468 4929 2528 4970 ea
2562 4914 2799 4969 bonitate
2830 4916 3027 4982 placuit
3050 4926 3108 4970 ut
3136 4913 3401 4977 maneret,
3432 4915 3484 4968 in
3516 4928 3617 4979 qna
3644 4913 3755 4984 pla-

2173 4986 2283 5039 cuit
2313 4996 2369 5039 ut
2395 4986 2551 5040 ﬁeret
2570 5028 2584 5053 ,
2608 4989 2751 5055 quod
2788 4985 2930 5039 fecit.
2970 4984 3035 5038 Et
3065 4986 3234 5039 divisit
3261 4986 3427 5039 lucem
3456 5001 3489 5037 a
3518 4983 3752 5037 tenebris.

2173 5055 2376 5125 Divisio
2406 5057 2544 5111 lucis
2585 5073 2615 5110 ιι
2659 5058 2930 5121 tenebris,
2963 5056 3089 5110 boni
3117 5056 3293 5125 angeli
3326 5056 3561 5124 separati
3586 5069 3614 5107 a
3646 5068 3755 5106 ma-

2171 5124 2258 5198 lis.
2303 5127 2373 5182 Et
2411 5128 2531 5196 quia
2573 5142 2644 5181 ex
2687 5129 2767 5183 bis
2808 5127 3068 5198 quosdam
3103 5124 3424 5197 przesciebat
3453 5142 3546 5194 per
3569 5138 3753 5198 super-

2171 5197 2313 5252 biam
2351 5213 2604 5263 casuros,
2643 5214 2737 5268 per
2776 5196 3368 5254 incommutabilitatem
3409 5196 3756 5267 pra-scientiae

2171 5283 2283 5345 sua;
2322 5269 2505 5323 divisit
2542 5271 2680 5345 inter
2720 5271 2891 5345 bonos
2933 5281 2986 5324 et
3025 5271 3215 5345 malos.
3242 5270 3422 5345 Malos
3459 5268 3616 5345 igitur
3657 5279 3753 5345 ap-

2171 5341 2381 5410 pellans
2419 5342 2698 5409 tenebras,
2733 5339 2906 5396 bon’os
2934 5339 3212 5410 appellans
3242 5341 3417 5396 lucem
3436 5384 3450 5407 ,
3480 5336 3651 5410 inibis
3676 5335 3759 5388 di-

2168 5409 2327 5474 cens,
2358 5411 2503 5467 Vidit
2532 5410 2673 5466 Deus
2702 5413 2822 5482 quia
2856 5412 2977 5466 boni
3009 5409 3166 5477 sunt;
3203 5411 3259 5465 in
3303 5412 3411 5466 illis
3447 5409 3761 5482 nullatenus

2168 5484 2381 5547 dicens,
2421 5485 2559 5537 sicut
2602 5484 2653 5538 in
2694 5478 2945 5537 omnibus
2977 5484 3233 5552 Operibus
3275 5482 3405 5546 Dei,
3446 5479 3585 5552 Vidit
3624 5478 3761 5532 Deus

2166 5557 2288 5626 quia
2314 5556 2503 5630 bonum
2534 5564 2605 5609 est
2626 5569 2736 5630 :_ne
2762 5556 2961 5630 malut_n
2985 5551 3456 5630 prazyarieatorum
3486 5551 3761 5630 vitlerelur
3788 5576 3789 5627 ᾖ

2166 5621 2467 5695 approbare
2510 5627 2846 5695 angelorum.
2898 5625 2962 5679 Et
2987 5621 3178 5678 ’ἀὶυἱεὶι
3221 5624 3387 5678 lucem
3425 5641 3457 5676 a
3499 5621 3757 5695 tenebris;
3788 5621 3801 5657 ι

2167 5688 2297 5754 tunc
2321 5699 2428 5768 jam
2456 5688 2607 5753 Deus
2626 5698 2778 5766 juxta
2807 5696 3165 5767 praescientia:
3192 5711 3301 5768 sua:
3327 5696 3564 5768 graiiam
3582 5688 3760 5743 divisit

2168 5771 2309 5826 inter
2321 5764 2512 5826 lucem
2544 5780 2598 5825 οι
2626 5764 2914 5839 tenebras,
2945 5768 3000 5825 id
3028 5779 3112 5826 est
3130 5806 3147 5837 ,
3179 5766 3317 5824 ﬁlios
3343 5764 3440 5821 Dei
3470 5775 3526 5821 et
3551 5766 3697 5818 luces
3724 5770 3757 5810 ι

3710 262 3814 322 896
