4042 6188
360 182 464 245 897

1385 175 1862 236 COMMENTARH
1900 174 1967 234 IN
2014 174 2339 235 GENESIM.
2389 176 2519 233 LIB.
2560 174 2605 231 Ῑ.

3536 186 3642 245 898

363 295 764 373 peccatoribus,
812 304 1084 363 tamquam
1133 307 1161 345 a
1208 292 1483 373 tenebris,
1528 294 1949 373 just_05_vo.cans
1976 298 2027 358 Α
2055 293 2402 373 lidamentitm
2421 300 2725 373 sanctarum
2752 290 3635 373 scripturarumfirmamentum,

360 364 536 438 diem,
568 380 623 423 et
662 364 788 422 illos
826 377 1073 438 noctem;
1106 379 1226 419 nam
1263 364 1391 438 quia
1435 365 1488 418 in
1529 365 1770 438 Ecclesia
1813 366 1944 438 lucis

362 432 578 499 nomine
614 439 747 506 justi
783 437 1142 506 appellentur,
1176 435 1296 488 audi
1327 436 1679 504 Apostolum,
1721 432 1942 506 fuistis,

364 514 567 580 inquit,
594 504 873 579 aliquando
902 506 1137 580 tenebit,
1172 521 1309 558 nunc
1338 515 1508 559 autem
1534 506 1623 561 lux
1644 507 1698 559 iu
1729 504 1947 580 Domino

366 573 529 654 (Eph.
552 573 640 654 'v).
671 573 940 654 Sequitur,
971 573 1193 629 Factum
1218 585 1518 654 esti-emere
1545 586 1590 629 et
1619 576 1943 654 mane._V_es-

365 645 545 724 peius,
595 645 820 724 condita:
860 647 1459 724 creatitrteterutinus;
1507 661 1695 724 mane,
1732 645 1946 724 initium

366 716 662 778 condendae
699 728 958 774 creatum
998 716 1239 771 alterius.
1284 719 1544 781 Quaerunt
1582 716 1779 783 aliqui,
1822 732 1947 771 cum

368 796 598 863 primum
631 805 946 863 vesperum,
976 796 1159 856 postea
1202 802 1359 863 mane
1398 787 1673 863 Scriptura
1713 802 1950 863 comme-

370 858 690 926 iuoravcrit;
720 858 786 916 ne
816 860 954 915 forte
978 869 1188 911 noctem
1219 860 1367 926 prius
1389 874 1547 926 quam
1576 858 1717 911 diem
1746 858 1951 927 signifi-

373 950 497 989 care
522 933 765 986 videatur
794 949 807 985 :
839 947 941 984 nec
970 929 1254 982 advertunt
1298 930 1525 995 primum
1558 928 1698 997 quod
1741 928 1950 995 prtemi-

370 1006 502 1059 serit
526 1003 664 1056 diem
685 1043 699 1067 ,
730 1001 988 1063 dicendo,
1029 997 1092 1053 Et
1122 999 1313 1053 vocavit
1348 998 1483 1052 Deus
1516 999 1652 1052 diem
1687 999 1869 1061 lucem,
1905 1006 1953 1051 et

371 1075 597 1129 tenebras
623 1082 839 1126 noctem.
872 1071 1000 1124 inde
1029 1078 1114 1124 est
1144 1070 1284 1138 quod
1312 1084 1529 1134 vespera
1568 1069 1687 1122 finis
1720 1068 1827 1121 diei
1860 1070 1948 1134 sit,

371 1158 424 1200 et
454 1160 608 1198 mane
638 1144 758 1197 finis
789 1142 981 1196 noctis.
1012 1140 1151 1205 Ergo
1193 1150 1250 1193 ut
1289 1138 1608 1195 beneficium
1641 1147 1763 1191 ante
1805 1139 1953 1193 obla-

373 1228 488 1269 tum
518 1214 917 1284 prierogativte,
948 1221 1001 1284 et
1021 1212 1289 1284 primatus
1321 1211 1612 1263 nativitatis
1642 1209 1748 1262 diei
1779 1208 1949 1273 daret,

374 1282 529 1356 prius
550 1282 713 1356 finem
736 1283 841 1339 diei
869 1282 1208 1356 significavit,
1239 1290 1357 1356 post
1385 1295 1543 1356 quem
1571 1292 1816 1356 secutura
1847 1294 1952 1356 nox

372 1350 539 1409 esset.
571 1354 771 1409 Deinde
800 1350 986 1421 postea
1018 1354 1175 1406 finem
1208 1352 1381 1404 noctis
1402 1350 1675 1421 adiunxit,
1699 1350 1950 1421 dicendo,

376 1423 695 1494 Factumque
736 1420 809 1478 est
846 1438 1077 1493 uespere,
1115 1431 1161 1474 et
1193 1437 1339 1473 mane
1375 1420 1481 1494 dies
1509 1436 1661 1472 unus.
1699 1420 1821 1494 Dies
1854 1422 1953 1474 iste

374 1511 510 1550 unus
552 1492 697 1564 prior
734 1492 941 1557 factus,
977 1503 1193 1564 pr0pter
1230 1492 1571 1544 concordiam
1618 1492 1951 1564 residuorum

377 1560 687 1635 angelorum
731 1564 807 1618 sic
842 1560 1156 1635 appellatus
1185 1572 1552 1635 est,‘quorum
1585 1560 1954 1635 propterhuui-

378 1630 540 1691 tateiu
574 1630 945 1690 insinuandam
973 1648 1076 1686 non
1108 1632 1224 1687 dies
1255 1631 1483 1696 primus,
1518 1632 1610 1685 sed
1639 1631 1754 1685 dies
1780 1630 1954 1685 dictus

759 1705 958 1759 ideirco
982 1703 1097 1772 ipse
1122 1679 1379 1771 repeiitur
1406 1679 1617 1769 semper
1643 1701 1695 1754 in
1725 1716 1953 1755 exsecu-
1986 1679 2033 1739 Β
2061 1715 2175 1772 rum

380 1780 528 1831 tione
556 1788 916 1830 creaturarum
959 1792 969 1827 :
1001 1771 1123 1842 quia
1155 1776 1269 1840 ipse
1302 1772 1450 1837 dies,
1485 1771 1587 1826 hoc
1621 1784 1737 1839 est,
1769 1780 1955 1826 natura

375 1846 710 1915 angelorum,
737 1846 950 1915 quando
973 1854 1273 1915 creaturam
1304 1847 1678 1915 lpsam,_quam
1712 1842 1850 1896 Deus
1874 1843 1953 1896 fa-

376 1911 553 1971 ciebat
576 1959 589 1980 ,
620 1911 1102 1984 contemplabatur,
1132 1914 1362 1983 quodam
1407 1911 1564 1967 modo
1608 1927 1957 1980 vesperasce-

377 1988 472 2042 bat
519 2007 532 2039 :
584 1996 982 2050 verumtamen,
1028 1986 1149 2054 quia
1199 2000 1303 2037 non
1355 1985 1701 2054 permanebat
1747 1986 1797 2054 in
1839 1984 1955 2051 ejus

380 2068 640 2112 creatura:
665 2059 875 2120 intuitu,
902 2056 995 2110 sed
1015 2052 1230 2109 laudem
1262 2055 1380 2123 ejus
1410 2054 1476 2107 ad
1504 2052 1671 2107 Deum
1694 2053 1953 2120 referens,

380 2127 549 2198 ipsam
601 2130 787 2181 melius
826 2128 879 2180 in
922 2127 1112 2198 divinat
1148 2126 1352 2178 ratione
1390 2124 1788 2198 consiticiebat,
1834 2136 1956 2178 tunc

386 2194 641 2253 continuo
670 2198 822 2268 quasi
848 2212 1001 2251 mane
1034 2197 1230 2253 ﬁebat;
1260 2212 1381 2248 nam
1420 2194 1466 2247 si
1494 2208 1835 2268 permaneret
1868 2211 1958 2250 ηε-

380 2270 552 2336 glecto
573 2266 829 2324 Creatnre
860 2270 911 2321 in
942 2277 1156 2335 aspectu
1189 2276 1471 2329 creaturae,
1500 2266 1607 2336 jam
1629 2280 1745 2336 non
1771 2279 1958 2334 vespe-

379 2333 461 2401 i'a,
508 2343 598 2393 sed
649 2355 751 2393 uox
801 2333 1199 2405 utique—fieret.
1245 2336 1518 2405 Sequitur,
1572 2333 1716 2385 Dixit
1761 2333 1958 2403 quoque

382 2408 544 2475 Deus,
570 2409 689 2461 Fiat
712 2410 1106 2474 firmamentum.
1133 2406 1477 2460 Firmamenti
1503 2406 1735 2475 nomine,
1761 2407 1957 2462 εωιιιω

385 2472 724 2549 significavit,
749 2493 845 2546 pro
865 2494 929 2533 eo
952 2476 1094 2547 quod
1120 2477 1323 2531 fortiter
1346 2488 1397 2530 et
1421 2472 1572 2549 firni‘e
1599 2478 1957 2543 compositum

384 2547 490 2617 est,
514 2552 850 2616 maximeque
874 2558 1154 2616 prOpterea
1174 2556 1418 2601 vocatum
1440 2558 1519 2600 est
1540 2547 1955 2617 firmamentum,

382 2631 601 2689 propter
637 2620 963 2681 firmitatem,
991 2619 1103 2673 sive
1140 2619 1611 2681 sustentationem,
1638 2626 1693 2669 et
1722 2618 1954 2673 intrans-

382 2692 715 2761 gressibilem
741 2690 1027 2761 terminum
1059 2691 1392 2761 superiorum
1420 2703 1699 2756 aquarum.

455 2761 634 2830 (Vers.
678 2758 761 2832 7.)
807 2760 870 2813 Et
914 2762 1033 2830 fecit
1072 2760 1207 2813 Deus
1250 2760 1656 2832 ﬁrmamentum_,
1697 2758 1960 2830 diuisitque

385 2828 541 2902 aquas
562 2832 624 2885 ab
647 2828 812 2900 aquis,
840 2828 951 2901 qua:
971 2841 1112 2885 erant
1128 2832 1220 2884 sub
1247 2832 1588 2895 ﬁrmamento.
1610 2828 1727 2882 Jam
1754 2834 1841 2899 qui
1865 2828 1957 2885 ad-

386 2904 540 2965 didit,
569 2903 632 2956 Et
655 2905 821 2955 divisit
844 2919 1002 2969 aquas
1027 2902 1089 2955 ab
1114 2903 1281 2971 aquis,
1306 2902 1650 2971 qiuereudum
1673 2910 1754 2953 est
1780 2912 1955 2954 utrum

388 2976 529 3027 hunc
564 2990 739 3028 .terem
780 2974 1098 3028 nebulosum
1137 2972 1376 3026 nominet
1408 2971 1835 3035 firmamentum,
1868 2971 1956 3039 qui

2055 364 2107 417 in
2160 364 2394 418 Ecclesia
2451 362 2737 427 Seripturze
2792 364 2989 418 divitue
3044 365 3438 433 intelliguntur;
3500 362 3640 429 sicui

2052 433 2307 503 scriptum
2342 442 2453 501 est,
2488 435 2679 487 (Icelum
2710 434 2985 501 plicabitur
3016 436 3143 488 sicut
3174 436 3320 493 fiber.
3356 440 3642 497 Discvevit-

2051 521 2155 574 que
2184 520 2343 573 super
2373 504 2476 559 hoc
2506 507 2901 559 ﬁrmamentum
2936 520 3123 575 aquas,
3156 508 3208 561 id
3240 520 3353 574 est,
3388 513 3638 568 caelestes

2054 576 2276 644 pupillos
2306 575 2621 645 angelorum
2643 617 2656 639 ,
2689 577 2776 644 qui
2810 592 2915 629 non
2943 591 3077 646 opus
3108 575 3307 633 habent
3338 582 3437 636 hoc
3467 587 3640 639 susci-

2051 660 2181 720 pere
2210 646 2627 720 ﬁrmamentum,
2660 655 2715 698 ut
2746 647 2992 720 legentes
3006 652 3227 720 audiant
3245 652 3481 720 verbum
3508 652 3639 720 Dei;

2053 716 2239 790 vident
2268 716 2561 790 eniin__eum
2595 716 3194 790 semper,_et_diliguut.
3234 719 3339 775 Sed
3372 716 3635 790 superno?

2052 785 2159 840 suit
2198 786 2371 859 ipsum
2403 786 2798 841 firmamentum
2840 787 2971 856 legis
3014 785 3123 859 sine
3163 805 3323 859 super
3352 785 3636 849 infirmita-

2055 866 2164 911 tem
2195 856 2507 910 inferiorum
2544 859 2891 928 populorum,
2929 866 2985 911 ut
3023 858 3093 913 ibi
3125 856 3510 928 suspicientes,
3542 880 3636 919 co-

2055 872 2164 911 tem
2195 872 2507 910 iniermrum
2544 872 2891 982 po'putorum,
2929 872 2985 911 ut
3023 872 3093 913 lDl
3125 874 3510 928 suspicientes,
3542 880 3636 919 co-

2055 937 2314 1003 gnoscant
2344 928 2574 1003 qualiter
2643 928 2913 982 iscernaut
2942 930 3077 1003 inter
3111 931 3345 985 carnalia
3386 942 3440 988 et
3481 937 3639 1003 spiri-

2053 998 2217 1061 talia,
2260 998 2409 1067 quasi
2454 1013 2614 1067 super
2657 1012 2823 1065 aquas
2865 999 3176 1067 superiores
3226 1012 3280 1056 et
3328 998 3631 1061 inferiores.

2055 1066 2331 1145 Sequitur,
2366 1066 2505 1145 Dixit
2531 1084 2726 1145 quoque
2757 1068 2915 1133 Deus,
2938 1066 3326 1145 ﬁgongrrgentur
3353 1092 3499 1145 aqua:
3526 1092 3640 1145 quin

2056 1140 2149 1192 sub
2178 1138 2302 1192 calo
2331 1140 2529 1213 suntin
2558 1140 2725 1192 locum
2750 1155 2928 1192 unum.
2963 1140 3019 1194 Si
3049 1138 3217 1195 totum
3244 1138 3633 1213 aquis'plen'uui

2057 1216 2329 1280 era_t,_quo
2358 1209 2516 1263 modo
2549 1217 2796 1280 poterant
2829 1224 2981 1279 aqua:
3011 1209 3323 1280 congregari
3354 1209 3635 1271 in'unum?

2060 1278 2169 1352 Sed
2194 1278 2836 1352 jamAsuperius_dictum_
2857 1278 2940 1334 est
2979 1278 3311 1352 quod‘super
3339 1299 3530 1351 aquam
3562 1291 3643 1342 fe-

2058 1350 2273 1403 rebatur
2306 1350 2536 1417 Spiritus
2576 1350 2702 1415 Dei,
2734 1350 2875 1404 unde
2909 1360 3025 1405 erat
3064 1354 3201 1406 Deus
3218 1350 3408 1409 omnia
3442 1360 3637 1411 farina-

2061 1428 2239 1483 turus;
2271 1435 2411 1493 nunc
2438 1436 2569 1493 vero
2598 1436 2719 1474 cum
2750 1420 2968 1493 dicitur,
2994 1420 3372 1493 Congregentur
3390 1428 3442 1479 in
3474 1429 3639 1483 locum

2058 1506 2250 1555 unum,
2286 1490 2386 1562 hoc
2427 1491 2622 1544 dicitur
2670 1499 2726 1543 ut
2774 1491 2859 1544 illa
2891 1490 3119 1547 materiai
3145 1490 3499 1562 intemporalis
3532 1500 3640 1552 f'nr-

2059 1568 2296 1631 inaretur
2325 1560 2379 1614 in
2408 1576 2469 1615 ea
2500 1562 2676 1630 specie
2714 1576 2871 1631 quam
2907 1562 3102 1617 habent
3134 1566 3247 1617 ista:
3278 1560 3431 1630 aqua:
3458 1570 3641 1623 visrbi-

2060 1629 2167 1688 les:
2200 1631 2330 1708 ipsa:
2359 1632 2501 1708 enim
2522 1629 2871 1708 congregata:
2909 1634 2963 1687 in
2991 1650 3155 1708 unum
3175 1676 3188 1698 ,
3224 1635 3333 1703 ipsa
3365 1648 3449 1692 est
3477 1655 3640 1708 aqua-

2225 1700 2477 1777 formatio
2522 1700 3301 1777 harum,’_quas_rvidemusﬂet
3348 1700 3637 1777 tangimus.

2060 1770 2330 1845 Appareat
2362 1774 2530 1825 arida.
2574 1773 2709 1840 Quid
2754 1772 2839 1845 hic
2888 1774 3029 1829 aliud
3079 1770 3485 1845 intelligendum
3532 1792 3636 1845 est,

2062 1843 2162 1894 nisi
2195 1851 2250 1895 ut
2279 1843 2366 1895 illa
2399 1846 2623 1919 materia
2664 1844 2893 1919 accipiat
2919 1845 3184 1919 visibilem
3201 1843 3443 1919 formam
3476 1843 3636 1919 quam

2062 1923 2426 1986 nnnc_terram
2461 1913 2887 1986 istani_videmus
2917 1914 3153 1970 habere?
3195 1914 3455 1986 Superius
3493 1913 3637 1975 enim

2060 1980 2277 2048 quando
2304 1982 2974 2060 cogno_minabat_ur_terra,
3014 1986 3191 2060 inanis
3220 1980 3493 2053 et'vacua,
3523 1992 3641 2060 ipsa

2062 2066 2238 2103 rerum
2297 2052 2518 2105 materia
2576 2054 3280 2127 nominabaturtuonduin
3349 2052 3639 2127 generibus

2060 2130 2426 2196 creaturarum
2456 2123 2721 2191 completa
2752 2124 3110 2196 corporalium
3158 2145 3168 2177 :
3211 2138 3263 2180 et
3292 2123 3432 2196 quod
3467 2136 3640 2185 nomi-

2061 2193 2287 2268 nabatur
2326 2206 2482 2261 aqua,
2515 2208 2674 2268 supra
2722 2211 2887 2268 quant
2924 2195 3193 2268 ferebatur
3238 2193 3470 2267 Spiritus
3522 2203 3637 2268 Dei,

2060 2262 2246 2340 eadem
2278 2276 2466 2340 rursus
2492 2265 2712 2317 materia
2747 2265 3141 2340 nominabatur,
3176 2262 3314 2321 nunc
3344 2285 3472 2323 vero
3499 2262 3635 2340 aqua

2062 2332 2158 2407 ista
2178 2341 2245 2407 tet
2274 2341 2413 2385 terra
2448 2331 2711 2407 formatur
2739 2351 2803 2388 ex
2835 2335 2927 2390 illa
2960 2341 3205 2407 materia,
3238 2353 3357 2406 quae
3388 2340 3517 2407 ipsis
3551 2331 3642 2395 ito-

2061 2403 2291 2455 minibus
2320 2404 2709 2479 appellabatur,
2747 2416 3030 2479 antequam
3068 2403 3295 2479 formam
3338 2403 3488 2479 aqua:
3520 2412 3638 2468 ista:

2060 2486 2194 2541 quas
2235 2488 2377 2551 nunc
2419 2474 2660 2551 videmus
2706 2476 3042 2551 acciperent:
3076 2476 3140 2529 Et
3178 2474 3634 2551 vocavit'aridam,

2060 2552 2269 2621 terram.
2302 2543 2467 2597 Terra
2516 2544 2637 2621 ideo
2670 2557 2893 2599 vocatur
2930 2547 3112 2621 arida,
3145 2548 3266 2613 quia
3316 2550 3455 2605 sicut
3500 2543 3639 2621 ignis

2059 2617 2318 2677 calorem,
2348 2622 2402 2668 et
2428 2628 2562 2683 aqua
2597 2618 2909 2681 humorem;
2942 2619 3012 2671 ita
3048 2629 3185 2672 terra
3218 2617 3541 2678 naturaliter
3556 2624 3642 2676 Ιιειο

2061 2684 2162 2764 bet.
2187 2683 2975 2764 siccitatem.“Cougi:egationes
3012 2706 3211 2758 quoque
3249 2707 3503 2759 aquarum
3542 2711 3637 2764 ap-

2059 2756 2263 2825 pellavit
2292 2757 2471 2830 maria.
2494 2755 2804 2830 Notandum
2836 2759 2978 2827 quod
3007 2755 3183 2813 omnis
3210 2755 3469 2830 aquarum
3505 2755 3638 2817 coii-

2059 2831 2296 2900 gregatio
2327 2830 2377 2900 in
2412 2826 2634 2900 Hebraea
2658 2826 2937 2900 locutione
2968 2830 3127 2882 maria
3158 2826 3554 2900 nuncupentur.

2135 2895 2318 2963 (Vers.
2350 2895 2413 2949 10
2440 2898 2617 2969 seqq.)
2646 2897 2713 2951 El
2735 2900 2865 2969 tvidit
2894 2899 3029 2951 Deus
3052 2903 3173 2969 quia
3195 2903 3323 2952 bona
3342 2895 3443 2955 est.
3478 2903 3641 2959 Docet

2061 2965 2258 3034 bonum
2301 2980 2422 3018 esse
2461 2968 2603 3034 quod
2647 2966 2800 3028 fecit,
2840 2983 2945 3021 n0n
2991 2965 3167 3023 discit.
3202 2969 3462 3024 Germinet
3500 2984 3639 3028 terra

386 3044 576 3098 dividit
599 3060 763 3112 aquas
786 3043 1094 3111 superiores
1122 3044 1338 3116 nubium
1359 3041 1427 3093 ab
1449 3033 1957 3116 inferioribiis,'qu_zc
1984 3054 2031 3116 ρ
2060 3033 2553 3116 ρενὸαιιι.ι’ἱ(εηεεηξ,
2588 3044 2634 3087 et
2668 3038 2951 3116 facientem
2964 3055 3155 3116 semen,
3187 3051 3233 3116 et
3258 3042 3453 3116 lignum
3473 3047 3639 3112 pomi-

384 3115 439 3167 in
470 3117 627 3167 terris
653 3111 857 3176 fluunt;
892 3130 1013 3166 nam
1046 3126 1098 3165 et
1128 3112 1242 3177 ipse
1272 3126 1364 3163 aer
1389 3112 1582 3164 cmlum
1612 3120 1853 3175 vocatur,
1880 3111 1955 3161 si-

383 3195 470 3237 cut
505 3184 769 3251 legimus:
804 3183 1046 3236 Volucrcs
1065 3181 1176 3234 caeli
1199 3179 1371 3251 (Psal.
1404 3188 1551 3247 Viti);
1593 3178 1718 3230 dum
1752 3193 1856 3232 non
1892 3181 1959 3251 de

383 3255 477 3308 illo
507 3250 786 3314 superiore
825 3254 1052 3317 dicatur,
1084 3252 1177 3305 sed
1210 3250 1278 3303 de
1310 3253 1412 3303 isto
1442 3253 1492 3302 in
1533 3262 1638 3317 quo
1666 3264 1791 3302 aves
1824 3250 1958 3302 voli-

387 3334 519 3378 taul.
553 3322 707 3380 Unde
736 3326 898 3392 quaeri
932 3333 1105 3392 potest
1134 3336 1238 3389 quo
1268 3320 1425 3373 modo
1450 3320 1777 3392 elementum
1809 3334 1961 3389 aque

386 3395 557 3465 possit
586 3408 704 3448 esse
735 3389 895 3462 supra
933 3389 1134 3465 caios;
1164 3406 1297 3465 aqua
1329 3393 1475 3465 enim
1513 3389 1656 3465 cedit
1696 3401 1871 3465 terre,
1897 3402 1962 3465 ret

384 3459 479 3520 aer
505 3464 646 3519 cedit
671 3459 844 3534 aquai,
868 3475 921 3518 et
950 3463 1084 3534 ignis
1109 3459 1250 3515 cedit
1277 3464 1387 3515 aeri
1420 3478 1433 3514 :
1466 3460 1605 3534 unde
1632 3459 1963 3527 impossibile

383 3537 595 3591 videtur
624 3546 679 3588 ut
709 3532 997 3588 secundum
1024 3533 1372 3597 elementum,
1406 3532 1547 3597 quod
1587 3540 1667 3585 est
1704 3546 1861 3600 aqua,
1891 3543 1964 3588 sit

383 3622 546 3675 supra
576 3615 847 3673 quartum,
878 3605 1019 3673 quod
1059 3612 1144 3675 est
1174 3604 1341 3675 ignis.
1361 3602 1479 3669 Quo
1509 3601 1667 3655 modo
1694 3613 1746 3675 et
1776 3605 1961 3673 quales

382 3672 491 3730 sitit
511 3672 662 3745 aqure
694 3676 817 3740 ill-.e,
839 3672 969 3742 quas
990 3674 1263 3745 Scriptura
1291 3672 1424 3727 dicit
1446 3685 1606 3745 supra
1628 3672 1814 3738 cwlos,
1842 3689 1961 3728 esse

382 3763 475 3801 eas
506 3743 702 3801 ibidem
732 3746 952 3799 minime
979 3744 1283 3798 dubitamus
1307 3759 1426 3811 quae
1461 3759 1565 3795 non
1595 3743 1832 3796 locorum
1872 3759 1962 3799 se-

385 3817 564 3884 dibus,
598 3815 690 3870 sed
723 3817 981 3884 dignitate
1022 3826 1248 3875 naturm,
1280 3814 1526 3867 videntur
1561 3827 1718 3884 supra
1746 3816 1910 3869 caelos
1945 3832 1959 3868 :

382 3888 519 3941 sicut
541 3883 682 3941 enim
707 3883 874 3941 nubes
898 3889 1014 3940 ista:
1036 3901 1154 3954 qua:
1178 3886 1371 3954 ubique
1393 3892 1518 3938 sunt
1546 3883 1787 3937 feruntur
1804 3900 1965 3954 super

384 3972 565 4011 aerem
589 3998 603 4021 ,
632 3958 772 4027 quod
802 3967 885 4011 est
916 3958 1128 4011 tertium
1159 3955 1513 4019 elementum;
1548 3954 1619 4027 ita
1661 3955 1776 4009 ﬁeri
1809 3970 1964 4023 posse

385 4028 621 4082 arbitror
644 4026 703 4080 ut
722 4043 874 4097 aquae
896 4038 1084 4081 tenues
1107 4034 1265 4096 atque
1291 4027 1517 4079 subtiles
1546 4026 1784 4079 ferantur
1804 4042 1965 4095 super

389 4100 583 4152 ccelum
623 4117 634 4151 :
669 4114 791 4151 nam
833 4113 899 4151 ex
950 4098 1050 4151 hoc
1090 4099 1327 4163 pondere
1365 4098 1782 4159 elementorum,
1816 4098 1965 4151 multi

389 4168 828 4237 phitoSOphorum
852 4168 1298 4223 resurrectionem
1324 4168 1502 4222 carnis
1524 4166 1831 4231 illudentes,
1859 4184 1962 4222 non

386 4254 543 4309 posse
576 4240 686 4294 ﬁeri
718 4241 963 4309 inquiunt
998 4251 1053 4292 ut
1084 4238 1373 4309 homo,qui
1406 4238 1589 4307 utique
1617 4253 1682 4291 ex
1713 4247 1853 4292 terra
1885 4238 1962 4291 fa-

392 4308 509 4363 etus
538 4322 653 4377 est,
685 4312 751 4363 sit
782 4308 831 4363 in
861 4312 1016 4365 cmlo.
1052 4309 1158 4363 Sed
1190 4308 1289 4361 Ιιυε
1313 4309 1510 4361 veritas
1540 4310 1841 4372 convincit,
1874 4309 1965 4378 qui

384 4380 513 4434 facit
559 4382 722 4433 multa
767 4382 1016 4433 animalia
1067 4391 1281 4433 terrena
1332 4380 1557 4432 volitare
1616 4380 1666 4431 in
1722 4395 1865 4442 aere,
1911 4389 1968 4434 et

385 4464 574 4518 aquam
608 4466 728 4505 esse
754 4466 914 4519 supra
947 4465 1125 4503 aerem
1150 4490 1164 4514 ,
1199 4457 1252 4502 et
1280 4449 1477 4517 ignem,
1509 4449 1648 4519 quod
1676 4457 1759 4502 est
1787 4451 1966 4515 utique

384 4530 629 4588 quartum
659 4518 1003 4582 elementum,
1027 4533 1147 4571 esse
1174 4519 1224 4570 in
1251 4527 1412 4571 terra.
1439 4520 1581 4588 Ergo
1605 4518 1695 4570 Dei
1730 4520 1965 4584 potentia

384 4587 502 4658 qua:
533 4592 645 4643 hcce
672 4590 847 4642 facere
876 4588 1222 4656 approbatur,
1249 4588 1374 4641 facit
1402 4597 1461 4640 ut
1489 4595 1543 4655 et
1572 4587 1733 4640 homo
1752 4598 1806 4641 et
1828 4604 1964 4657 aqua

386 4662 449 4713 sit
499 4676 655 4726 supra
697 4659 912 4712 emtum.
948 4662 1125 4726 Aquas
1156 4674 1285 4709 vero
1315 4659 1443 4710 istas
1472 4658 1712 4711 visibiles
1749 4658 1965 4725 quidam

382 4730 547 4797 impie
579 4737 773 4797 negant
803 4728 966 4780 factas
995 4742 1114 4781 esse
1142 4742 1171 4780 a
1205 4728 1312 4779 Deo
1332 4766 1347 4791 ,
1382 4740 1477 4795 pro
1506 4742 1570 4797 eo
1600 4728 1741 4796 quod
1778 4731 1829 4781 in
1862 4728 1966 4783 Ge-

380 4796 497 4855 nesi
552 4796 665 4851 non
705 4809 1198 4867 commemorantur
1246 4798 1333 4867 ubi
1382 4798 1497 4867 sint
1538 4796 1711 4860 factte,
1759 4814 1855 4867 pro
1900 4814 1966 4854 eo

380 4870 523 4939 quod
554 4870 810 4938 scriptum
844 4883 947 4920 non
979 4878 1091 4933 est,
1124 4866 1605 4939 DixitDeusifiant
1634 4866 1805 4935 aquae.
1838 4868 1965 4934 Qui-

381 4937 482 4994 lins
514 4942 586 4993 ita
617 4937 1049 5007 respondendum
1090 4950 1170 4991 est
1204 4954 1215 4989 :
1258 4937 1391 5005 Quia
1438 4938 1565 4991 dum
1613 4939 1812 4993 dictum
1861 4950 1963 5007 est,

383 5009 450 5063 In
475 5010 729 5079 principio
750 5009 868 5078 fecit
892 5008 1025 5061 Deus
1051 5008 1234 5062 caelum
1261 5020 1308 5061 et
1337 5015 1563 5073 terram;
1594 5008 1703 5064 illic
1732 5020 1784 5064 et
1814 5025 1964 5079 aquae

384 5080 743 5151 intelligenda:
774 5087 926 5143 sunt;
960 5094 1067 5133 uno
1096 5079 1237 5133 enim
1261 5080 1478 5133 nomine
1492 5089 1787 5148 utrumque
1816 5096 1965 5135 com-

386 5150 707 5219 prehensum
732 5158 832 5211 est,
860 5157 1015 5218 tropo
1046 5150 1424 5218 metonytnico,
1450 5152 1600 5220 quasi
1634 5166 1727 5219 per
1753 5166 1815 5205 ea
1846 5167 1964 5217 qua:

385 5224 657 5277 cominent
690 5221 739 5275 id
768 5221 908 5290 quod
938 5224 1243 5274 continetur
1276 5238 1286 5273 :
1323 5237 1443 5273 nam
1485 5220 1650 5287 ipsius
1678 5232 1752 5274 est
1781 5237 1921 5275 mare
1943 5260 1961 5288 ,

386 5302 430 5343 e'.
475 5294 581 5360 ipse
620 5293 739 5362 fecit
781 5291 934 5362 illud_.
977 5291 1247 5362 Sequitur,
1280 5290 1588 5358 Vocavitque
1618 5290 1755 5344 Deus
1787 5295 1966 5357 ﬁrma-

388 5358 629 5423 mentum,
652 5366 833 5416 calum
864 5358 981 5432 (Ps.
1016 5360 1185 5431 xcu).
1218 5362 1356 5426 Quid
1386 5376 1468 5416 ρει
1496 5362 1636 5429 quod
1668 5362 1864 5417 C(elum
1896 5362 1966 5417 fa-

386 5442 528 5483 ctum
573 5433 733 5496 dicit,
768 5440 821 5486 et
866 5434 968 5486 hoc
1006 5432 1402 5487 firmamentum
1437 5435 1777 5501 postmodum
1812 5448 1970 5487 voca-

388 5505 506 5553 tur?
538 5504 635 5572 nisi
667 5503 787 5571 quia
818 5511 1003 5557 natura
1034 5503 1299 5572 angelica,
1323 5519 1442 5571 qua:
1474 5505 1616 5570 prius
1650 5505 1968 5559 mirabiliter

387 5576 472 5661 est
499 5570 742 5661 condi-tit,
777 5588 843 5627 ne
883 5570 1355 5661 cadere‘um‘quam
1390 5576 1550 5661 possit
1574 5616 1588 5639 ,
1626 5576 1965 5661 postmodum

389 5647 471 5696 cst
500 5639 797 5699 mirabilius
824 5646 1161 5701 confirmata.
1193 5639 1641 5712 Firmamentum,
1675 5646 1727 5701 id
1758 5660 1861 5713 est,
1884 5661 1967 5702 so-

2063 3104 2230 3171 ferum
2270 3106 2460 3173 faciens
2500 3104 2739 3172 fructum.
2775 3107 3055 3161 Benedixit
3098 3104 3316 3164 herbnn
3373 3104 3635 3170 virentem

2064 3182 2118 3227 et
2152 3174 2351 3241 lignum
2387 3175 2724 3253 pomiferum.
2754 3177 2923 3253 :l‘erra
2951 3179 3094 3231 arida
3136 3191 3187 3253 et
3229 3179 3520 3248 f‘rucmosa,
3544 3200 3640 3253 per

2065 3254 2348 3316 peccatum
2390 3247 2624 3316 hominis
2662 3247 2972 3315 maledicta,
3019 3249 3266 3316 produxit
3317 3247 3555 3308 tribulos
3583 3266 3641 3311 et

2063 3314 2266 3391 spinas.
2306 3314 2477 3391 Unde
2498 3318 2725 3391 qumstio
2756 3314 2996 3391 nascitur
3019 3314 3040 3371 Ξ
3073 3317 3204 3373 Cum
3238 3321 3382 3377 Deus
3410 3327 3635 3391 septima

2064 3386 2152 3438 die
2184 3389 2505 3461 requieverit
2548 3388 2799 3461 abomni
2842 3404 3007 3450 onere
3035 3407 3152 3455 suo,
3185 3408 3290 3461 qui
3332 3386 3491 3448 modo
3523 3396 3639 3451 lucc

2067 3456 2405 3534 postmodum
2452 3459 2688 3534 condidit
2734 3476 2867 3513 nova
2950 3456 3375 3531 quamvis-enim
3420 3481 3639 3534 propter

2065 3536 2343 3599 peccatum
2368 3528 2599 3583 hominis
2624 3531 2739 3585 btec
2765 3528 2981 3585 condita
3003 3534 3270 3599 dicantur,
3299 3528 3432 3589 uiliii
3458 3528 3638 3594 tamen

2068 3597 2408 3677 postmodum
2424 3610 2677 3677 creatum
2703 3610 2787 3655 est
2817 3618 3032 3677 novum,
3064 3608 3187 3677 quia
3220 3597 3324 3659 non
3362 3616 3479 3674 post
3510 3624 3637 3677 pec-

2064 3668 2543 3744 catum_bominis,
2590 3676 2739 3739 quasi
2780 3673 2844 3725 ad
2887 3668 3096 3742 pceuani
3138 3676 3252 3744 ejus
3290 3668 3525 3733 creatum
3569 3682 3642 3735 sit

2064 3739 2277 3807 aliquod
2304 3755 2522 3804 novum,
2555 3743 2790 3796 maxime
2822 3739 2947 3798 dum
2976 3746 3025 3797 in
3053 3739 3299 3800 eumdem
3330 3749 3504 3803 lucum
3530 3766 3635 3806 non

2066 3808 2276 3882 dicatur
2319 3827 2330 3861 :
2375 3810 2566 3882 Spinas
2594 3821 2641 3863 et
2679 3814 2892 3865 tribulos
2920 3818 3087 3882 pariat
3114 3824 3279 3879 terra;
3306 3819 3429 3882 sed,
3464 3818 3641 3874 Parict

2066 3879 2155 3953 tibi
2178 3889 2332 3953 terra,
2359 3879 2514 3949 quasi
2542 3882 2747 3953 diceret
2773 3901 2782 3936 :
2812 3879 3031 3953 incipiet
3056 3886 3147 3940 tibi
3180 3888 3324 3939 nasci
3350 3879 3642 3945 ad’laboris

2066 3950 2469 4024 exitiumquod
2500 3952 2626 4005 olim
2656 3964 2894 4007 creatum
2925 3950 3016 4009 est
3050 3956 3114 4007 ad
3156 3956 3404 4023 pabulum
3430 3958 3643 4024 jumen-

2069 4027 2267 4075 torum.
2302 4020 2492 4096 iierbte
2522 4033 2701 4077 autem
2734 4039 3051 4090 venenosae,
3084 4020 3405 4094 quamquam
3430 4020 3497 4079 ad
3530 4044 3641 4096 poe-

2068 4106 2193 4144 nam
2233 4092 2319 4146 vel
2353 4095 2573 4146 exitium
2605 4096 2910 4150 mortalium
2942 4098 3047 4150 sint
3076 4092 3301 4162 c'reatce,
3340 4092 3543 4151 habent
3565 4110 3641 4151 ta-

2068 4176 2189 4214 men
2232 4162 2359 4231 ipsa:
2397 4164 2638 4232 qnazdam
2682 4166 2919 4221 remedia
2962 4166 3331 4220 salubritatum
3383 4185 3395 4221 :
3439 4180 3489 4222 et
3525 4184 3644 4237 quae

2068 4242 2459 4307 nonprtestant
2487 4250 2694 4307 escam,
2729 4237 3047 4292 medicinam
3082 4237 3407 4305 ministrant,
3431 4251 3483 4293 et
3527 4256 3645 4307 qua:

2069 4304 2373 4377 tinxiaﬂsunt
2397 4307 2585 4377 usibus
2608 4305 2906 4377 hominum,
2925 4308 3203 4361 innoxium
3231 4304 3472 4377 prtebent
3492 4304 3644 4377 feris,

2071 4381 2127 4426 et
2152 4374 2341 4448 avibus
2379 4376 2656 4448 pabulum.
2684 4376 2847 4431 Juxta
2886 4395 3044 4448 genus
3066 4374 3243 4431 suum.
3286 4377 3351 4433 Ut
3385 4390 3528 4434 esset
3555 4374 3651 4432 na-

2072 4445 2345 4497 scentibus
2374 4446 2599 4520 singulis
2624 4448 2795 4500 virtus
2817 4445 3125 4520 seminaria,
3159 4458 3212 4520 et
3234 4449 3525 4503 secundum
3556 4466 3650 4520 ge-

2072 4528 2173 4566 nus
2199 4528 2385 4567 eorum
2419 4516 2611 4568 similia
2643 4527 3014 4579 nascerentur,
3052 4518 3307 4572 distincta
3336 4516 3648 4574 similitudi-

2072 4597 2160 4647 ne,
2204 4584 2345 4637 sicut
2383 4586 2613 4660 origi_ne.
2657 4585 2784 4640 Post
2825 4587 2960 4660 haec,
3008 4588 3094 4642 die
3136 4596 3316 4653 tertio,
3350 4592 3570 4660 collegit
3597 4591 3650 4646 in

2072 4668 2235 4726 unum
2266 4668 2428 4726 aquas
2455 4655 2737 4726 inferiores
2764 4657 2934 4711 salsas
2967 4675 2981 4711 ε
3018 4660 3116 4712 hoc
3148 4668 3268 4726 est,
3299 4655 3542 4714 hominés
3572 4664 3653 4715 in-

2071 4722 2286 4798 ﬁdeles,
2319 4724 2793 4798 qniAcupi‘ditatum
2823 4738 3171 4798 tempestate,
3206 4722 3264 4785 et
3290 4732 3649 4786 tentationum

2070 4794 2367 4870 earualium
2409 4794 2657 4870 fluctibus
2687 4794 3019 4870 quatiuntur,
3051 4811 3103 4852 et
3141 4802 3194 4854 in
3237 4803 3464 4870 seipsis,
3498 4802 3654 4869 quasi

2070 4865 2392 4939 amaritudo,
2410 4865 2777 4939 includuntur.
2804 4868 3221 4939 Segregavitque
3242 4865 3402 4927 abeis
3419 4865 3647 4926 aridam.

2069 4934 2328 5013 Populum
2354 4937 2558 5013 scilicet
2585 4937 2789 5013 fontem
2824 4934 2946 4994 fidei
2972 4934 3275 5013 sitientem;
3311 4945 3530 5013 fixitque
3561 4944 3656 4997 de-

2070 5004 2198 5081 hinc
2225 5010 2578 5081 superborum
2607 5011 2828 5075 limites,
2862 5021 2923 5081 et
2942 5012 3185 5066 coercuit
3214 5004 3329 5081 eos,
3361 5004 3650 5069 ne'turhu-

2069 5077 2231 5149 lentis
2268 5077 2610 5145 iniquitatum
2650 5094 2871 5135 suarum
2904 5080 3175 5144 fluctibus,
3200 5077 3426 5149 aridam,
3465 5084 3513 5137 id
3546 5095 3652 5149 est,

2068 5147 2297 5200 animam
2344 5149 2611 5221 sitientem
2661 5150 2828 5204 Deum
2874 5154 3197 5207 conturbent
3238 5171 3251 5206 :
3292 5147 3556 5221 liceatque
3603 5147 3653 5207 ei

2068 5220 2370 5288 germinare
2406 5220 2665 5292 bonorum
2703 5236 2925 5290 operum
2970 5224 3209 5291 fructus,
3242 5220 3534 5277 secundum
3562 5237 3657 5292 ge-

2070 5304 2172 5343 nus
2208 5305 2384 5343 suum.
2419 5290 2656 5361 Diligens
2689 5292 3008 5358 proximum,
3045 5294 3097 5347 in
3127 5295 3381 5349 subsidiis
3412 5290 3654 5348 neces—si-

2072 5370 2237 5413 tatum
2263 5363 2581 5427 carnalium,
2611 5362 2815 5417 habens
2847 5364 2897 5418 in
2930 5380 2987 5417 se
3015 5380 3221 5431 semen,
3251 5369 3547 5420 secundum
3578 5362 3655 5416 si-

2070 5432 2426 5504 militudinem
2448 5474 2461 5495 ,
2495 5444 2551 5486 ut
2592 5450 2656 5489 ex
2690 5449 2784 5488 sua
2832 5436 3144 5504 infirmitate
3173 5436 3553 5504 compatiatur,
3586 5432 3655 5486 ad

2070 5503 2497 5575 subveniendum
2550 5505 2931 5575 indigentibus.
2983 5502 3311 5569 Producens,
3354 5515 3410 5560 et
3449 5507 3651 5575 lignum

2070 5576 2207 5627 forte
2239 5574 2432 5628 robore
2452 5615 2467 5640 ,
2498 5586 2551 5629 et
2580 5572 2945 5641 fructiferum,
2978 5578 3028 5630 id
3057 5586 3174 5643 est,
3206 5572 3554 5643 beneficium,
3585 5572 3653 5628 ad

2070 5645 2407 5716 eripiendum
2453 5663 2573 5700 eum
2610 5652 2698 5719 qui
2746 5648 2997 5717 injuriam
3025 5648 3245 5719 patitur,
3267 5648 3333 5703 de
3374 5660 3538 5703 manu
3566 5657 3658 5717 po-
