  <div class='ocr_page' id='page_1' title='image "/cluster/home/n/w/nwhite01/storage/ocr_20150623/50/uva.x000827094/460.png"; bbox 0 0 4042 6188; ppageno 0'>
   <div class='ocr_carea' id='block_1_1' title="bbox 282 195 390 257">
    <p class='ocr_par' dir='ltr' id='par_1_1' title="bbox 282 195 390 257">
     <span class='ocr_line' id='line_1_1' title="bbox 282 195 390 257; baseline 0 -9"><span class='ocrx_word' id='word_1_1' title='bbox 282 195 390 257; x_wconf 75' lang='lat'><strong>901</strong></span> 
     </span>
    </p>
   </div>
   <div class='ocr_carea' id='block_1_2' title="bbox 1290 192 2506 256">
    <p class='ocr_par' dir='ltr' id='par_1_2' title="bbox 1290 192 2506 256">
     <span class='ocr_line' id='line_1_2' title="bbox 1290 192 2506 256; baseline 0.002 -7"><span class='ocrx_word' id='word_1_2' title='bbox 1290 192 1767 252; x_wconf 74' lang='lat' dir='ltr'><strong>COMMENTARII</strong></span> <span class='ocrx_word' id='word_1_3' title='bbox 1807 196 1874 254; x_wconf 77' lang='lat' dir='ltr'><strong>1N</strong></span> <span class='ocrx_word' id='word_1_4' title='bbox 1911 195 2234 255; x_wconf 82' lang='lat' dir='ltr'><strong>GENESIM.</strong></span> <span class='ocrx_word' id='word_1_5' title='bbox 2277 198 2402 256; x_wconf 70' lang='grc' dir='ltr'><strong>[ΑΒ.</strong></span> <span class='ocrx_word' id='word_1_6' title='bbox 2442 199 2506 255; x_wconf 89' lang='grc'><strong>1..</strong></span> 
     </span>
    </p>
   </div>
   <div class='ocr_carea' id='block_1_3' title="bbox 3450 208 3552 268">
    <p class='ocr_par' dir='ltr' id='par_1_3' title="bbox 3450 208 3552 268">
     <span class='ocr_line' id='line_1_3' title="bbox 3450 208 3552 268; baseline 0.039 -4"><span class='ocrx_word' id='word_1_7' title='bbox 3450 208 3552 268; x_wconf 73' lang='lat'><strong>90!</strong></span> 
     </span>
    </p>
   </div>
   <div class='ocr_carea' id='block_1_4' title="bbox 281 307 3552 386">
    <p class='ocr_par' dir='ltr' id='par_1_4' title="bbox 281 307 3552 386">
     <span class='ocr_line' id='line_1_4' title="bbox 281 307 3552 386; baseline 0.005 -22"><span class='ocrx_word' id='word_1_8' title='bbox 281 309 554 386; x_wconf 78' lang='lat' dir='ltr'><strong>mundum</strong></span> <span class='ocrx_word' id='word_1_9' title='bbox 571 307 729 386; x_wconf 75' lang='lat' dir='ltr'><strong>quasi</strong></span> <span class='ocrx_word' id='word_1_10' title='bbox 748 307 968 386; x_wconf 80' lang='lat' dir='ltr'><strong>domum</strong></span> <span class='ocrx_word' id='word_1_11' title='bbox 991 316 1343 386; x_wconf 56' lang='lat' dir='ltr'><strong>praepararet,</strong></span> <span class='ocrx_word' id='word_1_12' title='bbox 1368 317 1422 363; x_wconf 88' lang='lat' dir='ltr'><strong>et</strong></span> <span class='ocrx_word' id='word_1_13' title='bbox 1447 311 1526 386; x_wconf 72' lang='lat' dir='ltr'><strong>sic</strong></span> <span class='ocrx_word' id='word_1_14' title='bbox 1548 321 1667 380; x_wconf 88' lang='lat' dir='ltr'><strong>post</strong></span> <span class='ocrx_word' id='word_1_15' title='bbox 1694 313 1868 386; x_wconf 88' lang='lat' dir='ltr'><strong>in_tro-</strong></span> <span class='ocrx_word' id='word_1_16' title='bbox 1894 317 1942 375; x_wconf 80' lang='grc' dir='ltr'><strong>Α</strong></span> <span class='ocrx_word' id='word_1_17' title='bbox 1970 311 2208 386; x_wconf 80' lang='lat' dir='ltr'><strong>cipatus;</strong></span> <span class='ocrx_word' id='word_1_18' title='bbox 2237 312 2398 382; x_wconf 88' lang='lat' dir='ltr'><strong>hujus</strong></span> <span class='ocrx_word' id='word_1_19' title='bbox 2430 316 2679 383; x_wconf 81' lang='lat' dir='ltr'><strong>corporei</strong></span> <span class='ocrx_word' id='word_1_20' title='bbox 2703 316 2828 373; x_wconf 75' lang='lat' dir='ltr'><strong>cmli</strong></span> <span class='ocrx_word' id='word_1_21' title='bbox 2865 326 3114 385; x_wconf 83' lang='lat' dir='ltr'><strong>ornatus,</strong></span> <span class='ocrx_word' id='word_1_22' title='bbox 3154 320 3356 380; x_wconf 80' lang='lat' dir='ltr'><strong>sidera.</strong></span> <span class='ocrx_word' id='word_1_23' title='bbox 3390 327 3470 377; x_wconf 89' lang='lat' dir='ltr'><strong>sol</strong></span> <span class='ocrx_word' id='word_1_24' title='bbox 3500 335 3552 386; x_wconf 80' lang='lat' dir='ltr'><strong>et</strong></span> 
     </span>
    </p>
   </div>
   <div class='ocr_carea' id='block_1_5' title="bbox 279 377 1865 441">
    <p class='ocr_par' dir='ltr' id='par_1_5' title="bbox 279 377 1865 441">
     <span class='ocr_line' id='line_1_5' title="bbox 279 377 1865 441; baseline -0.001 -1"><span class='ocrx_word' id='word_1_25' title='bbox 279 385 513 440; x_wconf 75' lang='lat' dir='ltr'><strong>duceret</strong></span> <span class='ocrx_word' id='word_1_26' title='bbox 542 379 920 440; x_wconf 73' lang='lat' dir='ltr'><strong>habitatorem,</strong></span> <span class='ocrx_word' id='word_1_27' title='bbox 955 377 1004 430; x_wconf 88' lang='lat' dir='ltr'><strong>id</strong></span> <span class='ocrx_word' id='word_1_28' title='bbox 1037 389 1140 441; x_wconf 84' lang='lat' dir='ltr'><strong>est,</strong></span> <span class='ocrx_word' id='word_1_29' title='bbox 1164 378 1440 433; x_wconf 87' lang='lat' dir='ltr'><strong>dominum</strong></span> <span class='ocrx_word' id='word_1_30' title='bbox 1471 377 1687 438; x_wconf 82' lang='lat' dir='ltr'><strong>domus.</strong></span> <span class='ocrx_word' id='word_1_31' title='bbox 1717 381 1865 438; x_wconf 82' lang='lat' dir='ltr'><strong>Fecit</strong></span> 
     </span>
    </p>
   </div>
   <div class='ocr_carea' id='block_1_6' title="bbox 271 449 1860 516">
    <p class='ocr_par' dir='ltr' id='par_1_6' title="bbox 271 449 1860 516">
     <span class='ocr_line' id='line_1_6' title="bbox 271 449 1860 516; baseline 0.003 -12"><span class='ocrx_word' id='word_1_32' title='bbox 271 455 428 511; x_wconf 76' lang='lat' dir='ltr'><strong>Deus</strong></span> <span class='ocrx_word' id='word_1_33' title='bbox 459 451 713 506; x_wconf 76' lang='lat' dir='ltr'><strong>hominem</strong></span> <span class='ocrx_word' id='word_1_34' title='bbox 749 449 818 504; x_wconf 86' lang='lat' dir='ltr'><strong>ad</strong></span> <span class='ocrx_word' id='word_1_35' title='bbox 857 449 1132 516; x_wconf 77' lang='lat' dir='ltr'><strong>imaginem</strong></span> <span class='ocrx_word' id='word_1_36' title='bbox 1170 459 1215 502; x_wconf 84' lang='lat' dir='ltr'><strong>et</strong></span> <span class='ocrx_word' id='word_1_37' title='bbox 1259 451 1647 507; x_wconf 69' lang='lat' dir='ltr'><strong>similitudinem</strong></span> <span class='ocrx_word' id='word_1_38' title='bbox 1692 472 1860 509; x_wconf 88' lang='lat' dir='ltr'><strong>suam.</strong></span> 
     </span>
    </p>
   </div>
   <div class='ocr_carea' id='block_1_7' title="bbox 271 521 1865 590">
    <p class='ocr_par' dir='ltr' id='par_1_7' title="bbox 271 521 1865 590">
     <span class='ocr_line' id='line_1_7' title="bbox 271 521 1865 590; baseline 0.001 -10"><span class='ocrx_word' id='word_1_39' title='bbox 271 526 403 581; x_wconf 86' lang='lat' dir='ltr'><strong>Non</strong></span> <span class='ocrx_word' id='word_1_40' title='bbox 431 525 574 578; x_wconf 90' lang='lat' dir='ltr'><strong>enim</strong></span> <span class='ocrx_word' id='word_1_41' title='bbox 605 522 899 576; x_wconf 84' lang='lat' dir='ltr'><strong>secundum</strong></span> <span class='ocrx_word' id='word_1_42' title='bbox 943 521 1175 572; x_wconf 86' lang='lat' dir='ltr'><strong>formam</strong></span> <span class='ocrx_word' id='word_1_43' title='bbox 1208 526 1453 590; x_wconf 90' lang='lat' dir='ltr'><strong>corporis</strong></span> <span class='ocrx_word' id='word_1_44' title='bbox 1485 525 1647 579; x_wconf 84' lang='lat' dir='ltr'><strong>homo</strong></span> <span class='ocrx_word' id='word_1_45' title='bbox 1691 525 1865 582; x_wconf 85' lang='lat' dir='ltr'><strong>factus</strong></span> 
     </span>
    </p>
   </div>
   <div class='ocr_carea' id='block_1_8' title="bbox 271 591 1862 661">
    <p class='ocr_par' dir='ltr' id='par_1_8' title="bbox 271 591 1862 661">
     <span class='ocr_line' id='line_1_8' title="bbox 271 591 1862 661; baseline -0.001 -8"><span class='ocrx_word' id='word_1_46' title='bbox 271 609 367 652; x_wconf 88' lang='lat' dir='ltr'><strong>est</strong></span> <span class='ocrx_word' id='word_1_47' title='bbox 395 595 460 647; x_wconf 89' lang='lat' dir='ltr'><strong>ad</strong></span> <span class='ocrx_word' id='word_1_48' title='bbox 506 594 790 661; x_wconf 86' lang='lat' dir='ltr'><strong>imaginem</strong></span> <span class='ocrx_word' id='word_1_49' title='bbox 840 591 956 652; x_wconf 92' lang='lat' dir='ltr'><strong>Dei,</strong></span> <span class='ocrx_word' id='word_1_50' title='bbox 992 591 1086 644; x_wconf 89' lang='lat' dir='ltr'><strong>sed</strong></span> <span class='ocrx_word' id='word_1_51' title='bbox 1137 595 1433 646; x_wconf 89' lang='lat' dir='ltr'><strong>secundum</strong></span> <span class='ocrx_word' id='word_1_52' title='bbox 1483 597 1862 652; x_wconf 78' lang='lat' dir='ltr'><strong>rationabilem</strong></span> 
     </span>
    </p>
   </div>
   <div class='ocr_carea' id='block_1_9' title="bbox 272 662 1860 739">
    <p class='ocr_par' dir='ltr' id='par_1_9' title="bbox 272 662 1860 739">
     <span class='ocr_line' id='line_1_9' title="bbox 272 662 1860 739; baseline -0.001 -17"><span class='ocrx_word' id='word_1_53' title='bbox 272 676 542 729; x_wconf 85' lang='lat' dir='ltr'><strong>mentem,</strong></span> <span class='ocrx_word' id='word_1_54' title='bbox 569 665 721 739; x_wconf 78' lang='lat' dir='ltr'><strong>juxta</strong></span> <span class='ocrx_word' id='word_1_55' title='bbox 743 663 883 730; x_wconf 89' lang='lat' dir='ltr'><strong>quod</strong></span> <span class='ocrx_word' id='word_1_56' title='bbox 917 662 1310 739; x_wconf 85' lang='lat' dir='ltr'><strong>ait_Apo_stolus</strong></span> <span class='ocrx_word' id='word_1_57' title='bbox 1346 682 1358 716; x_wconf 87' lang='lat'><strong>:</strong></span> <span class='ocrx_word' id='word_1_58' title='bbox 1386 665 1860 739; x_wconf 77' lang='lat' dir='ltr'><strong>Renooaminispi-</strong></span> 
     </span>
    </p>
   </div>
   <div class='ocr_carea' id='block_1_10' title="bbox 272 733 1860 809">
    <p class='ocr_par' dir='ltr' id='par_1_10' title="bbox 272 733 1860 809">
     <span class='ocr_line' id='line_1_10' title="bbox 272 733 1860 809; baseline 0.004 -24"><span class='ocrx_word' id='word_1_59' title='bbox 272 742 387 793; x_wconf 76' lang='lat' dir='ltr'><strong>ritu</strong></span> <span class='ocrx_word' id='word_1_60' title='bbox 431 736 609 788; x_wconf 86' lang='lat' dir='ltr'><strong>mentis</strong></span> <span class='ocrx_word' id='word_1_61' title='bbox 636 744 857 809; x_wconf 72' lang='lat' dir='ltr'><strong>_uestrae,</strong></span> <span class='ocrx_word' id='word_1_62' title='bbox 903 744 952 786; x_wconf 80' lang='lat' dir='ltr'><strong>et</strong></span> <span class='ocrx_word' id='word_1_63' title='bbox 996 733 1197 809; x_wconf 75' lang='lat' dir='ltr'><strong>induite</strong></span> <span class='ocrx_word' id='word_1_64' title='bbox 1213 751 1425 809; x_wconf 86' lang='lat' dir='ltr'><strong>_novu_m</strong></span> <span class='ocrx_word' id='word_1_65' title='bbox 1455 737 1743 809; x_wconf 64' lang='lat' dir='ltr'><strong>nominem,</strong></span> <span class='ocrx_word' id='word_1_66' title='bbox 1772 733 1860 809; x_wconf 69' lang='lat' dir='ltr'><strong>qui</strong></span> 
     </span>
    </p>
   </div>
   <div class='ocr_carea' id='block_1_11' title="bbox 272 803 1854 876">
    <p class='ocr_par' dir='ltr' id='par_1_11' title="bbox 272 803 1854 876">
     <span class='ocr_line' id='line_1_11' title="bbox 272 803 1854 876; baseline 0 -14"><span class='ocrx_word' id='word_1_67' title='bbox 272 806 557 876; x_wconf 77' lang='lat' dir='ltr'><strong>secundum</strong></span> <span class='ocrx_word' id='word_1_68' title='bbox 621 804 785 876; x_wconf 70' lang='lat' dir='ltr'><strong>Deum</strong></span> <span class='ocrx_word' id='word_1_69' title='bbox 819 813 1035 876; x_wconf 76' lang='lat' dir='ltr'><strong>creatus</strong></span> <span class='ocrx_word' id='word_1_70' title='bbox 1073 813 1147 876; x_wconf 75' lang='lat' dir='ltr'><strong>est</strong></span> <span class='ocrx_word' id='word_1_71' title='bbox 1177 803 1341 876; x_wconf 85' lang='lat' dir='ltr'><strong>(Eph.</strong></span> <span class='ocrx_word' id='word_1_72' title='bbox 1395 808 1493 876; x_wconf 83' lang='lat' dir='ltr'><strong>iv).</strong></span> <span class='ocrx_word' id='word_1_73' title='bbox 1551 808 1618 860; x_wconf 81' lang='lat' dir='ltr'><strong>Et</strong></span> <span class='ocrx_word' id='word_1_74' title='bbox 1669 803 1796 862; x_wconf 83' lang='lat' dir='ltr'><strong>alibi</strong></span> <span class='ocrx_word' id='word_1_75' title='bbox 1842 827 1854 861; x_wconf 89' lang='lat'>:</span> 
     </span>
    </p>
   </div>
   <div class='ocr_carea' id='block_1_12' title="bbox 271 873 1855 948">
    <p class='ocr_par' dir='ltr' id='par_1_12' title="bbox 271 873 1855 948">
     <span class='ocr_line' id='line_1_12' title="bbox 271 873 1855 948; baseline -0.001 -15"><span class='ocrx_word' id='word_1_76' title='bbox 271 874 538 938; x_wconf 71' lang='lat' dir='ltr'><strong>Exuentcs</strong></span> <span class='ocrx_word' id='word_1_77' title='bbox 553 891 657 938; x_wconf 82' lang='lat' dir='ltr'><strong>vos,</strong></span> <span class='ocrx_word' id='word_1_78' title='bbox 681 875 876 943; x_wconf 86' lang='lat' dir='ltr'><strong>inquit,</strong></span> <span class='ocrx_word' id='word_1_79' title='bbox 895 884 1106 948; x_wconf 72' lang='lat' dir='ltr'><strong>veterem</strong></span> <span class='ocrx_word' id='word_1_80' title='bbox 1128 873 1407 948; x_wconf 58' lang='lat' dir='ltr'><strong>nominem,</strong></span> <span class='ocrx_word' id='word_1_81' title='bbox 1426 873 1629 931; x_wconf 73' lang='lat' dir='ltr'><strong>induite</strong></span> <span class='ocrx_word' id='word_1_82' title='bbox 1649 895 1855 948; x_wconf 80' lang='lat' dir='ltr'><strong>novum,</strong></span> 
     </span>
    </p>
   </div>
   <div class='ocr_carea' id='block_1_13' title="bbox 268 944 1858 1020">
    <p class='ocr_par' dir='ltr' id='par_1_13' title="bbox 268 944 1858 1020">
     <span class='ocr_line' id='line_1_13' title="bbox 268 944 1858 1020; baseline 0.001 -18"><span class='ocrx_word' id='word_1_83' title='bbox 268 953 363 1019; x_wconf 90' lang='lat' dir='ltr'><strong>qui</strong></span> <span class='ocrx_word' id='word_1_84' title='bbox 390 956 663 1020; x_wconf 80' lang='lat' dir='ltr'><strong>renovatur</strong></span> <span class='ocrx_word' id='word_1_85' title='bbox 689 948 753 1020; x_wconf 82' lang='lat' dir='ltr'><strong>in</strong></span> <span class='ocrx_word' id='word_1_86' title='bbox 773 947 1087 1020; x_wconf 62' lang='lat' dir='ltr'><strong>agnitionem</strong></span> <span class='ocrx_word' id='word_1_87' title='bbox 1125 944 1244 1020; x_wconf 77' lang='lat' dir='ltr'><strong>Dei,</strong></span> <span class='ocrx_word' id='word_1_88' title='bbox 1276 949 1560 1001; x_wconf 75' lang='lat' dir='ltr'><strong>secundum</strong></span> <span class='ocrx_word' id='word_1_89' title='bbox 1582 944 1858 1020; x_wconf 80' lang='lat' dir='ltr'><strong>imaginem</strong></span> 
     </span>
    </p>
   </div>
   <div class='ocr_carea' id='block_1_14' title="bbox 269 1014 1853 1091">
    <p class='ocr_par' dir='ltr' id='par_1_14' title="bbox 269 1014 1853 1091">
     <span class='ocr_line' id='line_1_14' title="bbox 269 1014 1853 1091; baseline 0.001 -19"><span class='ocrx_word' id='word_1_90' title='bbox 269 1014 408 1091; x_wconf 78' lang='lat' dir='ltr'><strong>ejus,</strong></span> <span class='ocrx_word' id='word_1_91' title='bbox 458 1019 545 1085; x_wconf 88' lang='lat' dir='ltr'><strong>qui</strong></span> <span class='ocrx_word' id='word_1_92' title='bbox 590 1019 776 1091; x_wconf 76' lang='lat' dir='ltr'><strong>creauit</strong></span> <span class='ocrx_word' id='word_1_93' title='bbox 813 1014 932 1070; x_wconf 76' lang='lat' dir='ltr'><strong>eum</strong></span> <span class='ocrx_word' id='word_1_94' title='bbox 967 1014 1231 1091; x_wconf 32' lang='lat' dir='ltr'><strong>(Calain).</strong></span> <span class='ocrx_word' id='word_1_95' title='bbox 1265 1020 1398 1072; x_wconf 87' lang='lat' dir='ltr'><strong>Hinc</strong></span> <span class='ocrx_word' id='word_1_96' title='bbox 1435 1030 1662 1088; x_wconf 85' lang='lat' dir='ltr'><strong>apparet</strong></span> <span class='ocrx_word' id='word_1_97' title='bbox 1690 1014 1853 1090; x_wconf 50' lang='lat' dir='ltr'><strong>&#39;quod</strong></span> 
     </span>
    </p>
   </div>
   <div class='ocr_carea' id='block_1_15' title="bbox 267 1087 1854 1155">
    <p class='ocr_par' dir='ltr' id='par_1_15' title="bbox 267 1087 1854 1155">
     <span class='ocr_line' id='line_1_15' title="bbox 267 1087 1854 1155; baseline 0 -11"><span class='ocrx_word' id='word_1_98' title='bbox 267 1087 379 1145; x_wconf 81' lang='lat' dir='ltr'><strong>non</strong></span> <span class='ocrx_word' id='word_1_99' title='bbox 412 1089 705 1146; x_wconf 83' lang='lat' dir='ltr'><strong>secundum</strong></span> <span class='ocrx_word' id='word_1_100' title='bbox 755 1102 972 1155; x_wconf 83' lang='lat' dir='ltr'><strong>corpus,</strong></span> <span class='ocrx_word' id='word_1_101' title='bbox 1024 1087 1120 1142; x_wconf 88' lang='lat' dir='ltr'><strong>sed</strong></span> <span class='ocrx_word' id='word_1_102' title='bbox 1167 1087 1484 1144; x_wconf 82' lang='lat' dir='ltr'><strong>Secundum</strong></span> <span class='ocrx_word' id='word_1_103' title='bbox 1515 1087 1854 1144; x_wconf 77' lang='lat' dir='ltr'><strong>intellectum</strong></span> 
     </span>
    </p>
   </div>
   <div class='ocr_carea' id='block_1_16' title="bbox 265 1158 1855 1230">
    <p class='ocr_par' dir='ltr' id='par_1_16' title="bbox 265 1158 1855 1230">
     <span class='ocr_line' id='line_1_16' title="bbox 265 1158 1855 1230; baseline 0.001 -15"><span class='ocrx_word' id='word_1_104' title='bbox 265 1164 493 1222; x_wconf 87' lang='lat' dir='ltr'><strong>mentis,</strong></span> <span class='ocrx_word' id='word_1_105' title='bbox 530 1161 595 1214; x_wconf 89' lang='lat' dir='ltr'><strong>ad</strong></span> <span class='ocrx_word' id='word_1_106' title='bbox 630 1161 916 1227; x_wconf 81' lang='lat' dir='ltr'><strong>imaginem</strong></span> <span class='ocrx_word' id='word_1_107' title='bbox 957 1158 1051 1230; x_wconf 85' lang='lat' dir='ltr'><strong>Dei</strong></span> <span class='ocrx_word' id='word_1_108' title='bbox 1083 1160 1249 1230; x_wconf 82' lang='lat' dir='ltr'><strong>factus</strong></span> <span class='ocrx_word' id='word_1_109' title='bbox 1274 1170 1356 1213; x_wconf 77' lang='lat' dir='ltr'><strong>cst.</strong></span> <span class='ocrx_word' id='word_1_110' title='bbox 1392 1161 1575 1222; x_wconf 91' lang='lat' dir='ltr'><strong>homo,</strong></span> <span class='ocrx_word' id='word_1_111' title='bbox 1606 1164 1855 1230; x_wconf 78' lang='lat' dir='ltr'><strong>quamvis</strong></span> 
     </span>
    </p>
   </div>
   <div class='ocr_carea' id='block_1_17' title="bbox 263 1229 1855 1302">
    <p class='ocr_par' dir='ltr' id='par_1_17' title="bbox 263 1229 1855 1302">
     <span class='ocr_line' id='line_1_17' title="bbox 263 1229 1855 1302; baseline 0.001 -17"><span class='ocrx_word' id='word_1_112' title='bbox 263 1242 322 1285; x_wconf 89' lang='lat' dir='ltr'><strong>et</strong></span> <span class='ocrx_word' id='word_1_113' title='bbox 342 1233 522 1302; x_wconf 86' lang='lat' dir='ltr'><strong>ipsum</strong></span> <span class='ocrx_word' id='word_1_114' title='bbox 545 1245 742 1297; x_wconf 86' lang='lat' dir='ltr'><strong>corpus</strong></span> <span class='ocrx_word' id='word_1_115' title='bbox 766 1240 1006 1283; x_wconf 88' lang='lat' dir='ltr'><strong>nostrum</strong></span> <span class='ocrx_word' id='word_1_116' title='bbox 1031 1229 1102 1281; x_wconf 91' lang='lat' dir='ltr'><strong>ita</strong></span> <span class='ocrx_word' id='word_1_117' title='bbox 1131 1229 1568 1302; x_wconf 80' lang='lat' dir='ltr'><strong>sitfabricatum,</strong></span> <span class='ocrx_word' id='word_1_118' title='bbox 1599 1229 1855 1286; x_wconf 15' lang='lat' dir='ltr'><strong>uitus-ten-</strong></span> 
     </span>
    </p>
   </div>
   <div class='ocr_carea' id='block_1_18' title="bbox 264 1300 1852 1369">
    <p class='ocr_par' dir='ltr' id='par_1_18' title="bbox 264 1300 1852 1369">
     <span class='ocr_line' id='line_1_18' title="bbox 264 1300 1852 1369; baseline 0.001 -14"><span class='ocrx_word' id='word_1_119' title='bbox 264 1300 377 1357; x_wconf 70' lang='lat' dir='ltr'><strong>dat</strong></span> <span class='ocrx_word' id='word_1_120' title='bbox 395 1317 493 1356; x_wconf 92' lang='lat' dir='ltr'><strong>nos</strong></span> <span class='ocrx_word' id='word_1_121' title='bbox 525 1302 780 1355; x_wconf 86' lang='lat' dir='ltr'><strong>meliores</strong></span> <span class='ocrx_word' id='word_1_122' title='bbox 830 1316 951 1355; x_wconf 90' lang='lat' dir='ltr'><strong>esse</strong></span> <span class='ocrx_word' id='word_1_123' title='bbox 998 1314 1155 1366; x_wconf 88' lang='lat' dir='ltr'><strong>quam</strong></span> <span class='ocrx_word' id='word_1_124' title='bbox 1204 1300 1422 1366; x_wconf 83' lang='lat' dir='ltr'><strong>bestias,</strong></span> <span class='ocrx_word' id='word_1_125' title='bbox 1465 1311 1520 1354; x_wconf 90' lang='lat' dir='ltr'><strong>et</strong></span> <span class='ocrx_word' id='word_1_126' title='bbox 1567 1313 1852 1369; x_wconf 64' lang='lat' dir='ltr'><strong>proiitei&#39;ca</strong></span> 
     </span>
    </p>
   </div>
   <div class='ocr_carea' id='block_1_19' title="bbox 262 1370 1849 1437">
    <p class='ocr_par' dir='ltr' id='par_1_19' title="bbox 262 1370 1849 1437">
     <span class='ocr_line' id='line_1_19' title="bbox 262 1370 1849 1437; baseline -0.001 -10"><span class='ocrx_word' id='word_1_127' title='bbox 262 1373 583 1428; x_wconf 84' lang='lat' dir='ltr'><strong>dissimiles.</strong></span> <span class='ocrx_word' id='word_1_128' title='bbox 612 1373 700 1426; x_wconf 83' lang='lat' dir='ltr'><strong>Illa</strong></span> <span class='ocrx_word' id='word_1_129' title='bbox 727 1375 873 1426; x_wconf 89' lang='lat' dir='ltr'><strong>enim</strong></span> <span class='ocrx_word' id='word_1_130' title='bbox 897 1373 1079 1424; x_wconf 83' lang='lat' dir='ltr'><strong>omnia</strong></span> <span class='ocrx_word' id='word_1_131' title='bbox 1106 1370 1356 1424; x_wconf 83' lang='lat' dir='ltr'><strong>inclinata</strong></span> <span class='ocrx_word' id='word_1_132' title='bbox 1381 1381 1507 1425; x_wconf 89' lang='lat' dir='ltr'><strong>sunt</strong></span> <span class='ocrx_word' id='word_1_133' title='bbox 1534 1375 1600 1425; x_wconf 88' lang='lat' dir='ltr'><strong>ad</strong></span> <span class='ocrx_word' id='word_1_134' title='bbox 1628 1383 1849 1437; x_wconf 81' lang='lat' dir='ltr'><strong>terram,</strong></span> 
     </span>
    </p>
   </div>
   <div class='ocr_carea' id='block_1_20' title="bbox 261 1442 1850 1510">
    <p class='ocr_par' dir='ltr' id='par_1_20' title="bbox 261 1442 1850 1510">
     <span class='ocr_line' id='line_1_20' title="bbox 261 1442 1850 1510; baseline -0.001 -12"><span class='ocrx_word' id='word_1_135' title='bbox 261 1442 505 1499; x_wconf 77' lang='lat' dir='ltr'><strong>hominis</strong></span> <span class='ocrx_word' id='word_1_136' title='bbox 532 1457 711 1497; x_wconf 87' lang='lat' dir='ltr'><strong>autem</strong></span> <span class='ocrx_word' id='word_1_137' title='bbox 743 1458 940 1508; x_wconf 88' lang='lat' dir='ltr'><strong>corpus</strong></span> <span class='ocrx_word' id='word_1_138' title='bbox 967 1450 1210 1495; x_wconf 86' lang='lat' dir='ltr'><strong>erectum</strong></span> <span class='ocrx_word' id='word_1_139' title='bbox 1243 1452 1325 1494; x_wconf 89' lang='lat' dir='ltr'><strong>est</strong></span> <span class='ocrx_word' id='word_1_140' title='bbox 1364 1460 1378 1493; x_wconf 77' lang='grc' dir='ltr'><em>τ</em></span> <span class='ocrx_word' id='word_1_141' title='bbox 1411 1443 1555 1510; x_wconf 89' lang='lat' dir='ltr'><strong>quod</strong></span> <span class='ocrx_word' id='word_1_142' title='bbox 1583 1444 1850 1510; x_wconf 86' lang='lat' dir='ltr'><strong>signiticat</strong></span> 
     </span>
    </p>
   </div>
   <div class='ocr_carea' id='block_1_21' title="bbox 259 1511 1846 1582">
    <p class='ocr_par' dir='ltr' id='par_1_21' title="bbox 259 1511 1846 1582">
     <span class='ocr_line' id='line_1_21' title="bbox 259 1511 1846 1582; baseline 0 -14"><span class='ocrx_word' id='word_1_143' title='bbox 259 1520 501 1569; x_wconf 82' lang='lat' dir='ltr'><strong>animam</strong></span> <span class='ocrx_word' id='word_1_144' title='bbox 552 1524 792 1567; x_wconf 80' lang='lat' dir='ltr'><strong>nostram</strong></span> <span class='ocrx_word' id='word_1_145' title='bbox 838 1516 891 1567; x_wconf 89' lang='lat' dir='ltr'><strong>in</strong></span> <span class='ocrx_word' id='word_1_146' title='bbox 940 1511 1214 1579; x_wconf 89' lang='lat' dir='ltr'><strong>supernis,</strong></span> <span class='ocrx_word' id='word_1_147' title='bbox 1243 1511 1296 1565; x_wconf 90' lang='lat' dir='ltr'><strong>id</strong></span> <span class='ocrx_word' id='word_1_148' title='bbox 1339 1523 1442 1578; x_wconf 91' lang='lat' dir='ltr'><strong>est,</strong></span> <span class='ocrx_word' id='word_1_149' title='bbox 1471 1513 1538 1566; x_wconf 92' lang='lat' dir='ltr'><strong>ad</strong></span> <span class='ocrx_word' id='word_1_150' title='bbox 1585 1514 1846 1582; x_wconf 83' lang='lat' dir='ltr'><strong>spiritalia</strong></span> 
     </span>
    </p>
   </div>
   <div class='ocr_carea' id='block_1_22' title="bbox 255 1584 1128 1650">
    <p class='ocr_par' dir='ltr' id='par_1_22' title="bbox 255 1584 1128 1650">
     <span class='ocr_line' id='line_1_22' title="bbox 255 1584 1128 1650; baseline -0.007 -10"><span class='ocrx_word' id='word_1_151' title='bbox 255 1584 466 1641; x_wconf 80' lang='lat' dir='ltr'><strong>debere</strong></span> <span class='ocrx_word' id='word_1_152' title='bbox 489 1601 704 1650; x_wconf 85' lang='lat' dir='ltr'><strong>semper</strong></span> <span class='ocrx_word' id='word_1_153' title='bbox 726 1599 845 1637; x_wconf 63' lang='lat' dir='ltr'><strong>esse</strong></span> <span class='ocrx_word' id='word_1_154' title='bbox 870 1591 1128 1637; x_wconf 86' lang='lat' dir='ltr'><strong>erectam.</strong></span> 
     </span>
    </p>
   </div>
   <div class='ocr_carea' id='block_1_23' title="bbox 252 1651 1839 1725">
    <p class='ocr_par' dir='ltr' id='par_1_23' title="bbox 252 1651 1839 1725">
     <span class='ocr_line' id='line_1_23' title="bbox 252 1651 1839 1725; baseline -0.001 -15"><span class='ocrx_word' id='word_1_155' title='bbox 252 1666 271 1710; x_wconf 53' lang='grc' dir='ltr'><strong><em>ξ</em></strong></span> <span class='ocrx_word' id='word_1_156' title='bbox 331 1658 516 1725; x_wconf 80' lang='lat' dir='ltr'><strong>(Vers.</strong></span> <span class='ocrx_word' id='word_1_157' title='bbox 547 1655 661 1724; x_wconf 65' lang='grc'><strong>⁴27.)</strong></span> <span class='ocrx_word' id='word_1_158' title='bbox 687 1654 766 1706; x_wconf 78' lang='lat' dir='ltr'><strong>Ad</strong></span> <span class='ocrx_word' id='word_1_159' title='bbox 788 1655 1063 1724; x_wconf 80' lang='lat' dir='ltr'><strong>imaginem</strong></span> <span class='ocrx_word' id='word_1_160' title='bbox 1090 1651 1186 1704; x_wconf 85' lang='lat' dir='ltr'><strong>Dei</strong></span> <span class='ocrx_word' id='word_1_161' title='bbox 1207 1654 1391 1706; x_wconf 85' lang='lat' dir='ltr'><strong>creavit</strong></span> <span class='ocrx_word' id='word_1_162' title='bbox 1420 1655 1590 1707; x_wconf 86' lang='lat' dir='ltr'><strong>illum.</strong></span> <span class='ocrx_word' id='word_1_163' title='bbox 1625 1655 1722 1709; x_wconf 83' lang='lat' dir='ltr'><strong>Hic</strong></span> <span class='ocrx_word' id='word_1_164' title='bbox 1745 1659 1839 1708; x_wconf 90' lang='lat' dir='ltr'><strong>ho-</strong></span> 
     </span>
    </p>
   </div>
   <div class='ocr_carea' id='block_1_24' title="bbox 254 1702 1917 1794">
    <p class='ocr_par' dir='ltr' id='par_1_24' title="bbox 254 1702 1917 1794">
     <span class='ocr_line' id='line_1_24' title="bbox 254 1702 1917 1794; baseline -0.001 -12"><span class='ocrx_word' id='word_1_165' title='bbox 254 1702 721 1794; x_wconf 42' lang='lat' dir='ltr'><strong>inti,ws-ectiniltlim</strong></span> <span class='ocrx_word' id='word_1_166' title='bbox 772 1702 1036 1790; x_wconf 78' lang='lat' dir='ltr'><strong>auiniam,</strong></span> <span class='ocrx_word' id='word_1_167' title='bbox 1066 1724 1284 1794; x_wconf 77' lang='lat' dir='ltr'><strong>causali</strong></span> <span class='ocrx_word' id='word_1_168' title='bbox 1319 1729 1544 1794; x_wconf 78' lang='lat' dir='ltr'><strong>ratione</strong></span> <span class='ocrx_word' id='word_1_169' title='bbox 1599 1737 1833 1781; x_wconf 82' lang='lat' dir='ltr'><strong>creatur.</strong></span> <span class='ocrx_word' id='word_1_170' title='bbox 1870 1702 1917 1763; x_wconf 75' lang='grc' dir='ltr'><strong>Β</strong></span> 
     </span>
    </p>
   </div>
   <div class='ocr_carea' id='block_1_25' title="bbox 252 1792 1838 1864">
    <p class='ocr_par' dir='ltr' id='par_1_25' title="bbox 252 1792 1838 1864">
     <span class='ocr_line' id='line_1_25' title="bbox 252 1792 1838 1864; baseline -0.001 -12"><span class='ocrx_word' id='word_1_171' title='bbox 252 1792 396 1852; x_wconf 83' lang='lat' dir='ltr'><strong>Nam</strong></span> <span class='ocrx_word' id='word_1_172' title='bbox 447 1799 622 1850; x_wconf 82' lang='lat' dir='ltr'><strong>adhuc</strong></span> <span class='ocrx_word' id='word_1_173' title='bbox 664 1800 927 1864; x_wconf 84' lang='lat' dir='ltr'><strong>sequitur,</strong></span> <span class='ocrx_word' id='word_1_174' title='bbox 963 1805 1020 1847; x_wconf 92' lang='lat' dir='ltr'><strong>ut</strong></span> <span class='ocrx_word' id='word_1_175' title='bbox 1046 1792 1115 1846; x_wconf 88' lang='lat' dir='ltr'><strong>de</strong></span> <span class='ocrx_word' id='word_1_176' title='bbox 1147 1794 1274 1845; x_wconf 88' lang='lat' dir='ltr'><strong>limo</strong></span> <span class='ocrx_word' id='word_1_177' title='bbox 1305 1793 1593 1850; x_wconf 79' lang='lat' dir='ltr'><strong>formetur.</strong></span> <span class='ocrx_word' id='word_1_178' title='bbox 1627 1796 1838 1850; x_wconf 83' lang='lat' dir='ltr'><strong>Mascu-</strong></span> 
     </span>
    </p>
   </div>
   <div class='ocr_carea' id='block_1_26' title="bbox 253 1864 1838 1936">
    <p class='ocr_par' dir='ltr' id='par_1_26' title="bbox 253 1864 1838 1936">
     <span class='ocr_line' id='line_1_26' title="bbox 253 1864 1838 1936; baseline 0 -14"><span class='ocrx_word' id='word_1_179' title='bbox 253 1869 369 1922; x_wconf 85' lang='lat' dir='ltr'><strong>lum</strong></span> <span class='ocrx_word' id='word_1_180' title='bbox 408 1879 456 1922; x_wconf 86' lang='lat' dir='ltr'><strong>et</strong></span> <span class='ocrx_word' id='word_1_181' title='bbox 497 1869 738 1936; x_wconf 72' lang='lat' dir='ltr'><strong>[emittant</strong></span> <span class='ocrx_word' id='word_1_182' title='bbox 769 1868 888 1933; x_wconf 73' lang='lat' dir='ltr'><strong>fecit</strong></span> <span class='ocrx_word' id='word_1_183' title='bbox 917 1880 1020 1936; x_wconf 77' lang='lat' dir='ltr'><strong>eos.</strong></span> <span class='ocrx_word' id='word_1_184' title='bbox 1068 1864 1175 1916; x_wconf 78' lang='lat' dir='ltr'><strong>Nec</strong></span> <span class='ocrx_word' id='word_1_185' title='bbox 1200 1864 1326 1917; x_wconf 90' lang='lat' dir='ltr'><strong>dum</strong></span> <span class='ocrx_word' id='word_1_186' title='bbox 1371 1868 1513 1920; x_wconf 90' lang='lat' dir='ltr'><strong>enim</strong></span> <span class='ocrx_word' id='word_1_187' title='bbox 1561 1868 1668 1920; x_wconf 85' lang='lat' dir='ltr'><strong>Eva</strong></span> <span class='ocrx_word' id='word_1_188' title='bbox 1701 1869 1838 1922; x_wconf 87' lang='lat' dir='ltr'><strong>facta</strong></span> 
     </span>
    </p>
   </div>
   <div class='ocr_carea' id='block_1_27' title="bbox 252 1934 1840 2006">
    <p class='ocr_par' dir='ltr' id='par_1_27' title="bbox 252 1934 1840 2006">
     <span class='ocr_line' id='line_1_27' title="bbox 252 1934 1840 2006; baseline -0.001 -14"><span class='ocrx_word' id='word_1_189' title='bbox 252 1934 611 1998; x_wconf 79' lang='lat' dir='ltr'><strong>describitur,</strong></span> <span class='ocrx_word' id='word_1_190' title='bbox 637 1952 742 2003; x_wconf 89' lang='lat' dir='ltr'><strong>quo</strong></span> <span class='ocrx_word' id='word_1_191' title='bbox 769 1937 931 1990; x_wconf 89' lang='lat' dir='ltr'><strong>modo</strong></span> <span class='ocrx_word' id='word_1_192' title='bbox 961 1934 1044 1988; x_wconf 90' lang='lat' dir='ltr'><strong>hic</strong></span> <span class='ocrx_word' id='word_1_193' title='bbox 1077 1938 1348 1990; x_wconf 86' lang='lat' dir='ltr'><strong>masculus</strong></span> <span class='ocrx_word' id='word_1_194' title='bbox 1380 1946 1434 1989; x_wconf 90' lang='lat' dir='ltr'><strong>et</strong></span> <span class='ocrx_word' id='word_1_195' title='bbox 1478 1938 1676 1990; x_wconf 83' lang='lat' dir='ltr'><strong>femina</strong></span> <span class='ocrx_word' id='word_1_196' title='bbox 1717 1955 1840 2006; x_wconf 89' lang='lat' dir='ltr'><strong>per-</strong></span> 
     </span>
    </p>
   </div>
   <div class='ocr_carea' id='block_1_28' title="bbox 253 2007 1840 2077">
    <p class='ocr_par' dir='ltr' id='par_1_28' title="bbox 253 2007 1840 2077">
     <span class='ocr_line' id='line_1_28' title="bbox 253 2007 1840 2077; baseline -0.001 -14"><span class='ocrx_word' id='word_1_197' title='bbox 253 2009 514 2065; x_wconf 80' lang='lat' dir='ltr'><strong>hibetur?</strong></span> <span class='ocrx_word' id='word_1_198' title='bbox 544 2008 640 2062; x_wconf 91' lang='lat' dir='ltr'><strong>sed</strong></span> <span class='ocrx_word' id='word_1_199' title='bbox 671 2009 792 2077; x_wconf 86' lang='lat' dir='ltr'><strong>quia</strong></span> <span class='ocrx_word' id='word_1_200' title='bbox 825 2008 892 2060; x_wconf 91' lang='lat' dir='ltr'><strong>de</strong></span> <span class='ocrx_word' id='word_1_201' title='bbox 919 2007 1108 2060; x_wconf 87' lang='lat' dir='ltr'><strong>eodem</strong></span> <span class='ocrx_word' id='word_1_202' title='bbox 1137 2007 1305 2061; x_wconf 89' lang='lat' dir='ltr'><strong>latere</strong></span> <span class='ocrx_word' id='word_1_203' title='bbox 1329 2016 1446 2060; x_wconf 91' lang='lat' dir='ltr'><strong>erat</strong></span> <span class='ocrx_word' id='word_1_204' title='bbox 1479 2009 1676 2061; x_wconf 88' lang='lat' dir='ltr'><strong>femina</strong></span> <span class='ocrx_word' id='word_1_205' title='bbox 1707 2024 1840 2076; x_wconf 88' lang='lat' dir='ltr'><strong>pro-</strong></span> 
     </span>
    </p>
   </div>
   <div class='ocr_carea' id='block_1_29' title="bbox 252 2078 1838 2146">
    <p class='ocr_par' dir='ltr' id='par_1_29' title="bbox 252 2078 1838 2146">
     <span class='ocr_line' id='line_1_29' title="bbox 252 2078 1838 2146; baseline -0.001 -12"><span class='ocrx_word' id='word_1_206' title='bbox 252 2095 502 2144; x_wconf 72' lang='lat' dir='ltr'><strong>cessura,</strong></span> <span class='ocrx_word' id='word_1_207' title='bbox 538 2081 590 2133; x_wconf 91' lang='lat' dir='ltr'><strong>in</strong></span> <span class='ocrx_word' id='word_1_208' title='bbox 627 2080 717 2132; x_wconf 92' lang='lat' dir='ltr'><strong>illo</strong></span> <span class='ocrx_word' id='word_1_209' title='bbox 755 2078 866 2145; x_wconf 88' lang='lat' dir='ltr'><strong>jam</strong></span> <span class='ocrx_word' id='word_1_210' title='bbox 898 2085 1246 2146; x_wconf 75' lang='lat' dir='ltr'><strong>computatur</strong></span> <span class='ocrx_word' id='word_1_211' title='bbox 1271 2093 1371 2145; x_wconf 88' lang='lat' dir='ltr'><strong>per</strong></span> <span class='ocrx_word' id='word_1_212' title='bbox 1394 2078 1774 2143; x_wconf 60' lang='lat' dir='ltr'><strong>substantiam,</strong></span> <span class='ocrx_word' id='word_1_213' title='bbox 1809 2094 1838 2133; x_wconf 89' lang='lat' dir='ltr'><strong>a</strong></span> 
     </span>
    </p>
   </div>
   <div class='ocr_carea' id='block_1_30' title="bbox 252 2147 1836 2220">
    <p class='ocr_par' dir='ltr' id='par_1_30' title="bbox 252 2147 1836 2220">
     <span class='ocr_line' id='line_1_30' title="bbox 252 2147 1836 2220; baseline -0.001 -15"><span class='ocrx_word' id='word_1_214' title='bbox 252 2167 363 2220; x_wconf 88' lang='lat' dir='ltr'><strong>quo</strong></span> <span class='ocrx_word' id='word_1_215' title='bbox 391 2163 508 2206; x_wconf 90' lang='lat' dir='ltr'><strong>erat</strong></span> <span class='ocrx_word' id='word_1_216' title='bbox 541 2150 886 2218; x_wconf 85' lang='lat' dir='ltr'><strong>producenda</strong></span> <span class='ocrx_word' id='word_1_217' title='bbox 920 2164 1017 2217; x_wconf 88' lang='lat' dir='ltr'><strong>per</strong></span> <span class='ocrx_word' id='word_1_218' title='bbox 1043 2147 1322 2220; x_wconf 61' lang='lat' dir='ltr'><strong>formam.</strong></span> <span class='ocrx_word' id='word_1_219' title='bbox 1350 2151 1486 2217; x_wconf 70' lang='lat' dir='ltr'><strong>lirgo</strong></span> <span class='ocrx_word' id='word_1_220' title='bbox 1535 2150 1836 2204; x_wconf 88' lang='lat' dir='ltr'><strong>secundum</strong></span> 
     </span>
    </p>
   </div>
   <div class='ocr_carea' id='block_1_31' title="bbox 252 2217 1834 2293">
    <p class='ocr_par' dir='ltr' id='par_1_31' title="bbox 252 2217 1834 2293">
     <span class='ocr_line' id='line_1_31' title="bbox 252 2217 1834 2293; baseline -0.001 -17"><span class='ocrx_word' id='word_1_221' title='bbox 252 2217 552 2293; x_wconf 74' lang='lat' dir='ltr'><strong>originem,</strong></span> <span class='ocrx_word' id='word_1_222' title='bbox 575 2222 739 2293; x_wconf 79' lang='lat' dir='ltr'><strong>Adam</strong></span> <span class='ocrx_word' id='word_1_223' title='bbox 773 2229 827 2273; x_wconf 90' lang='lat' dir='ltr'><strong>et</strong></span> <span class='ocrx_word' id='word_1_224' title='bbox 859 2221 968 2272; x_wconf 83' lang='lat' dir='ltr'><strong>Eva</strong></span> <span class='ocrx_word' id='word_1_225' title='bbox 1009 2217 1328 2293; x_wconf 6' lang='lat' dir='ltr'><strong>simttlgfacti</strong></span> <span class='ocrx_word' id='word_1_226' title='bbox 1354 2230 1505 2293; x_wconf 85' lang='lat' dir='ltr'><strong>sunt;</strong></span> <span class='ocrx_word' id='word_1_227' title='bbox 1534 2222 1834 2293; x_wconf 84' lang='lat' dir='ltr'><strong>secundum</strong></span> 
     </span>
    </p>
   </div>
   <div class='ocr_carea' id='block_1_32' title="bbox 252 2290 1836 2360">
    <p class='ocr_par' dir='ltr' id='par_1_32' title="bbox 252 2290 1836 2360">
     <span class='ocr_line' id='line_1_32' title="bbox 252 2290 1836 2360; baseline -0.001 -14"><span class='ocrx_word' id='word_1_228' title='bbox 252 2290 502 2359; x_wconf 74' lang='lat' dir='ltr'><strong>Speciem</strong></span> <span class='ocrx_word' id='word_1_229' title='bbox 532 2305 658 2346; x_wconf 90' lang='lat' dir='ltr'><strong>vero</strong></span> <span class='ocrx_word' id='word_1_230' title='bbox 705 2291 911 2357; x_wconf 77' lang='lat' dir='ltr'><strong>fomite,</strong></span> <span class='ocrx_word' id='word_1_231' title='bbox 941 2302 1128 2360; x_wconf 90' lang='lat' dir='ltr'><strong>postea</strong></span> <span class='ocrx_word' id='word_1_232' title='bbox 1176 2290 1374 2343; x_wconf 80' lang='lat' dir='ltr'><strong>femina</strong></span> <span class='ocrx_word' id='word_1_233' title='bbox 1425 2291 1491 2345; x_wconf 87' lang='lat' dir='ltr'><strong>de</strong></span> <span class='ocrx_word' id='word_1_234' title='bbox 1531 2292 1705 2345; x_wconf 88' lang='lat' dir='ltr'><strong>latere</strong></span> <span class='ocrx_word' id='word_1_235' title='bbox 1735 2293 1836 2346; x_wconf 89' lang='lat' dir='ltr'><strong>viri</strong></span> 
     </span>
    </p>
   </div>
   <div class='ocr_carea' id='block_1_33' title="bbox 250 2362 610 2418">
    <p class='ocr_par' dir='ltr' id='par_1_33' title="bbox 250 2362 610 2418">
     <span class='ocr_line' id='line_1_33' title="bbox 250 2362 610 2418; baseline -0.003 0"><span class='ocrx_word' id='word_1_236' title='bbox 250 2362 484 2418; x_wconf 89' lang='lat' dir='ltr'><strong>formata</strong></span> <span class='ocrx_word' id='word_1_237' title='bbox 510 2375 610 2418; x_wconf 88' lang='lat' dir='ltr'><strong>est.</strong></span> 
     </span>
    </p>
   </div>
   <div class='ocr_carea' id='block_1_34' title="bbox 325 2431 1837 2506">
    <p class='ocr_par' dir='ltr' id='par_1_34' title="bbox 325 2431 1837 2506">
     <span class='ocr_line' id='line_1_34' title="bbox 325 2431 1837 2506; baseline 0 -20"><span class='ocrx_word' id='word_1_238' title='bbox 325 2435 512 2506; x_wconf 50' lang='grc' dir='ltr'><strong>(γυνθ.</strong></span> <span class='ocrx_word' id='word_1_239' title='bbox 542 2432 658 2506; x_wconf 80' lang='grc'>28.)</span> <span class='ocrx_word' id='word_1_240' title='bbox 692 2432 1055 2506; x_wconf 78' lang='lat' dir='ltr'><strong>Benedixitque</strong></span> <span class='ocrx_word' id='word_1_241' title='bbox 1084 2431 1186 2484; x_wconf 87' lang='lat' dir='ltr'><strong>illis</strong></span> <span class='ocrx_word' id='word_1_242' title='bbox 1216 2431 1376 2496; x_wconf 83' lang='lat' dir='ltr'><strong>Deus,</strong></span> <span class='ocrx_word' id='word_1_243' title='bbox 1408 2432 1587 2506; x_wconf 78' lang='lat' dir='ltr'><strong>et_ait,</strong></span> <span class='ocrx_word' id='word_1_244' title='bbox 1616 2431 1837 2487; x_wconf 74' lang='lat' dir='ltr'><strong>Crescite</strong></span> 
     </span>
    </p>
   </div>
   <div class='ocr_carea' id='block_1_35' title="bbox 250 2499 1833 2574">
    <p class='ocr_par' dir='ltr' id='par_1_35' title="bbox 250 2499 1833 2574">
     <span class='ocr_line' id='line_1_35' title="bbox 250 2499 1833 2574; baseline -0.001 -14"><span class='ocrx_word' id='word_1_245' title='bbox 250 2515 297 2560; x_wconf 85' lang='lat' dir='ltr'><strong>el</strong></span> <span class='ocrx_word' id='word_1_246' title='bbox 334 2499 783 2574; x_wconf 44' lang='lat' dir='ltr'><strong>‘multiplicamini,</strong></span> <span class='ocrx_word' id='word_1_247' title='bbox 827 2513 876 2557; x_wconf 83' lang='lat' dir='ltr'><strong>et</strong></span> <span class='ocrx_word' id='word_1_248' title='bbox 939 2499 1130 2573; x_wconf 77' lang='lat' dir='ltr'><strong>replete</strong></span> <span class='ocrx_word' id='word_1_249' title='bbox 1176 2513 1364 2555; x_wconf 79' lang='lat' dir='ltr'><strong>teriam</strong></span> <span class='ocrx_word' id='word_1_250' title='bbox 1415 2499 1542 2573; x_wconf 85' lang='lat' dir='ltr'><strong>(Ps.</strong></span> <span class='ocrx_word' id='word_1_251' title='bbox 1576 2508 1833 2571; x_wconf 67' lang='lat' dir='ltr'><strong>Cxxxvii).</strong></span> 
     </span>
    </p>
   </div>
   <div class='ocr_carea' id='block_1_36' title="bbox 251 2574 1836 2644">
    <p class='ocr_par' dir='ltr' id='par_1_36' title="bbox 251 2574 1836 2644">
     <span class='ocr_line' id='line_1_36' title="bbox 251 2574 1836 2644; baseline -0.003 -12"><span class='ocrx_word' id='word_1_252' title='bbox 251 2578 487 2644; x_wconf 82' lang='lat' dir='ltr'><strong>Quidam</strong></span> <span class='ocrx_word' id='word_1_253' title='bbox 516 2577 704 2638; x_wconf 88' lang='lat' dir='ltr'><strong>nostri,</strong></span> <span class='ocrx_word' id='word_1_254' title='bbox 740 2590 841 2627; x_wconf 91' lang='lat' dir='ltr'><strong>non</strong></span> <span class='ocrx_word' id='word_1_255' title='bbox 892 2576 1184 2627; x_wconf 83' lang='lat' dir='ltr'><strong>secundum</strong></span> <span class='ocrx_word' id='word_1_256' title='bbox 1221 2575 1492 2627; x_wconf 74' lang='lat' dir='ltr'><strong>carnalem</strong></span> <span class='ocrx_word' id='word_1_257' title='bbox 1533 2574 1836 2628; x_wconf 84' lang='lat' dir='ltr'><strong>fecundita-</strong></span> 
     </span>
    </p>
   </div>
   <div class='ocr_carea' id='block_1_37' title="bbox 251 2644 1834 2714">
    <p class='ocr_par' dir='ltr' id='par_1_37' title="bbox 251 2644 1834 2714">
     <span class='ocr_line' id='line_1_37' title="bbox 251 2644 1834 2714; baseline -0.003 -11"><span class='ocrx_word' id='word_1_258' title='bbox 251 2659 363 2703; x_wconf 90' lang='lat' dir='ltr'><strong>tem</strong></span> <span class='ocrx_word' id='word_1_259' title='bbox 415 2649 603 2701; x_wconf 89' lang='lat' dir='ltr'><strong>volunt</strong></span> <span class='ocrx_word' id='word_1_260' title='bbox 636 2647 886 2714; x_wconf 83' lang='lat' dir='ltr'><strong>intelligi,</strong></span> <span class='ocrx_word' id='word_1_261' title='bbox 918 2646 1010 2697; x_wconf 86' lang='lat' dir='ltr'><strong>sed</strong></span> <span class='ocrx_word' id='word_1_262' title='bbox 1046 2650 1261 2707; x_wconf 67' lang='lat' dir='ltr'><strong>animae,</strong></span> <span class='ocrx_word' id='word_1_263' title='bbox 1294 2656 1346 2696; x_wconf 90' lang='lat' dir='ltr'><strong>ut</strong></span> <span class='ocrx_word' id='word_1_264' title='bbox 1380 2654 1464 2699; x_wconf 88' lang='lat' dir='ltr'><strong>est</strong></span> <span class='ocrx_word' id='word_1_265' title='bbox 1492 2646 1619 2697; x_wconf 91' lang='lat' dir='ltr'><strong>illud</strong></span> <span class='ocrx_word' id='word_1_266' title='bbox 1651 2663 1664 2699; x_wconf 87' lang='lat'><strong>:</strong></span> <span class='ocrx_word' id='word_1_267' title='bbox 1693 2644 1834 2699; x_wconf 80' lang='lat' dir='ltr'><strong>Mul-</strong></span> 
     </span>
    </p>
   </div>
   <div class='ocr_carea' id='block_1_38' title="bbox 252 2715 1831 2804">
    <p class='ocr_par' dir='ltr' id='par_1_38' title="bbox 252 2715 1831 2804">
     <span class='ocr_line' id='line_1_38' title="bbox 252 2715 1831 2804; baseline -0.004 -31"><span class='ocrx_word' id='word_1_268' title='bbox 252 2719 781 2804; x_wconf 54' lang='lat' dir='ltr'><strong>l-iplicabisinanitnn</strong></span> <span class='ocrx_word' id='word_1_269' title='bbox 811 2733 922 2804; x_wconf 43' lang='lat' dir='ltr'><strong>inea</strong></span> <span class='ocrx_word' id='word_1_270' title='bbox 942 2715 1380 2804; x_wconf 42' lang='lat' dir='ltr'><strong>virtutemhu‘tliic</strong></span> <span class='ocrx_word' id='word_1_271' title='bbox 1397 2716 1538 2804; x_wconf 85' lang='lat' dir='ltr'><strong>quod</strong></span> <span class='ocrx_word' id='word_1_272' title='bbox 1565 2719 1831 2804; x_wconf 84' lang='lat' dir='ltr'><strong>sequitur:</strong></span> 
     </span>
    </p>
   </div>
   <div class='ocr_carea' id='block_1_39' title="bbox 252 2783 1832 2863">
    <p class='ocr_par' dir='ltr' id='par_1_39' title="bbox 252 2783 1832 2863">
     <span class='ocr_line' id='line_1_39' title="bbox 252 2783 1832 2863; baseline -0.001 -19"><span class='ocrx_word' id='word_1_273' title='bbox 252 2783 324 2844; x_wconf 77' lang='lat' dir='ltr'><strong>Et</strong></span> <span class='ocrx_word' id='word_1_274' title='bbox 351 2794 557 2863; x_wconf 79' lang='lat' dir='ltr'><strong>implete</strong></span> <span class='ocrx_word' id='word_1_275' title='bbox 585 2801 790 2842; x_wconf 88' lang='lat' dir='ltr'><strong>terram.</strong></span> <span class='ocrx_word' id='word_1_276' title='bbox 823 2787 1044 2863; x_wconf 73' lang='lat' dir='ltr'><strong>Terram</strong></span> <span class='ocrx_word' id='word_1_277' title='bbox 1069 2783 1371 2863; x_wconf 61' lang='lat' dir='ltr'><strong>intelligunt</strong></span> <span class='ocrx_word' id='word_1_278' title='bbox 1399 2783 1832 2863; x_wconf 23' lang='lat' dir='ltr'><strong>earnem,‘quam</strong></span> 
     </span>
    </p>
   </div>
   <div class='ocr_carea' id='block_1_40' title="bbox 252 2860 1833 2928">
    <p class='ocr_par' dir='ltr' id='par_1_40' title="bbox 252 2860 1833 2928">
     <span class='ocr_line' id='line_1_40' title="bbox 252 2860 1833 2928; baseline -0.003 -12"><span class='ocrx_word' id='word_1_279' title='bbox 252 2860 446 2928; x_wconf 69' lang='lat' dir='ltr'><strong>itnplei</strong></span> <span class='ocrx_word' id='word_1_280' title='bbox 476 2861 669 2927; x_wconf 83' lang='lat' dir='ltr'><strong>anima,</strong></span> <span class='ocrx_word' id='word_1_281' title='bbox 707 2870 761 2913; x_wconf 89' lang='lat' dir='ltr'><strong>et</strong></span> <span class='ocrx_word' id='word_1_282' title='bbox 788 2860 1118 2922; x_wconf 78' lang='lat' dir='ltr'><strong>dominatur,</strong></span> <span class='ocrx_word' id='word_1_283' title='bbox 1155 2874 1275 2911; x_wconf 86' lang='lat' dir='ltr'><strong>cum</strong></span> <span class='ocrx_word' id='word_1_284' title='bbox 1317 2862 1366 2911; x_wconf 93' lang='lat' dir='ltr'><strong>in</strong></span> <span class='ocrx_word' id='word_1_285' title='bbox 1411 2860 1611 2912; x_wconf 82' lang='lat' dir='ltr'><strong>virtute</strong></span> <span class='ocrx_word' id='word_1_286' title='bbox 1646 2861 1833 2912; x_wconf 87' lang='lat' dir='ltr'><strong>multi-</strong></span> 
     </span>
    </p>
   </div>
   <div class='ocr_carea' id='block_1_41' title="bbox 252 2928 1832 3003">
    <p class='ocr_par' dir='ltr' id='par_1_41' title="bbox 252 2928 1832 3003">
     <span class='ocr_line' id='line_1_41' title="bbox 252 2928 1832 3003; baseline -0.001 -17"><span class='ocrx_word' id='word_1_287' title='bbox 252 2933 522 3003; x_wconf 85' lang='lat' dir='ltr'><strong>plicatur;</strong></span> <span class='ocrx_word' id='word_1_288' title='bbox 571 2933 841 2986; x_wconf 80' lang='lat' dir='ltr'><strong>carnalem</strong></span> <span class='ocrx_word' id='word_1_289' title='bbox 890 2940 1065 3003; x_wconf 83' lang='lat' dir='ltr'><strong>autem</strong></span> <span class='ocrx_word' id='word_1_290' title='bbox 1121 2928 1284 3003; x_wconf 83' lang='lat' dir='ltr'><strong>fetum</strong></span> <span class='ocrx_word' id='word_1_291' title='bbox 1335 2945 1444 2982; x_wconf 91' lang='lat' dir='ltr'><strong>non</strong></span> <span class='ocrx_word' id='word_1_292' title='bbox 1484 2941 1655 3003; x_wconf 80' lang='lat' dir='ltr'><strong>_tuuc_</strong></span> <span class='ocrx_word' id='word_1_293' title='bbox 1684 2931 1832 2984; x_wconf 87' lang='lat' dir='ltr'><strong>nasci</strong></span> 
     </span>
    </p>
   </div>
   <div class='ocr_carea' id='block_1_42' title="bbox 251 2999 1831 3073">
    <p class='ocr_par' dir='ltr' id='par_1_42' title="bbox 251 2999 1831 3073">
     <span class='ocr_line' id='line_1_42' title="bbox 251 2999 1831 3073; baseline -0.003 -16"><span class='ocrx_word' id='word_1_294' title='bbox 251 2999 496 3073; x_wconf 75' lang='lat' dir='ltr'><strong>potuisse</strong></span> <span class='ocrx_word' id='word_1_295' title='bbox 527 3006 577 3056; x_wconf 92' lang='lat' dir='ltr'><strong>in</strong></span> <span class='ocrx_word' id='word_1_296' title='bbox 609 3003 876 3073; x_wconf 81' lang='lat' dir='ltr'><strong>paradiso,</strong></span> <span class='ocrx_word' id='word_1_297' title='bbox 910 3000 1166 3073; x_wconf 80' lang='lat' dir='ltr'><strong>sedfOiis</strong></span> <span class='ocrx_word' id='word_1_298' title='bbox 1186 3002 1422 3069; x_wconf 79' lang='lat' dir='ltr'><strong>gignere,</strong></span> <span class='ocrx_word' id='word_1_299' title='bbox 1453 2999 1831 3073; x_wconf 69' lang='lat' dir='ltr'><strong>sicutlactum</strong></span> 
     </span>
    </p>
   </div>
   <div class='ocr_carea' id='block_1_43' title="bbox 250 3065 2917 3146">
    <p class='ocr_par' dir='ltr' id='par_1_43' title="bbox 250 3065 2917 3146">
     <span class='ocr_line' id='line_1_43' title="bbox 250 3065 2917 3146; baseline -0.002 -17"><span class='ocrx_word' id='word_1_300' title='bbox 250 3065 357 3129; x_wconf 65' lang='lat' dir='ltr'><strong>cst.</strong></span> <span class='ocrx_word' id='word_1_301' title='bbox 393 3077 502 3127; x_wconf 81' lang='lat' dir='ltr'><strong>Nos</strong></span> <span class='ocrx_word' id='word_1_302' title='bbox 530 3065 706 3126; x_wconf 81' lang='lat' dir='ltr'><strong>auiem</strong></span> <span class='ocrx_word' id='word_1_303' title='bbox 749 3088 856 3125; x_wconf 90' lang='lat' dir='ltr'><strong>non</strong></span> <span class='ocrx_word' id='word_1_304' title='bbox 900 3065 1576 3146; x_wconf 39' lang='lat' dir='ltr'><strong>dubitamus,‘secundum</strong></span> <span class='ocrx_word' id='word_1_305' title='bbox 1609 3069 1829 3146; x_wconf 82' lang='lat' dir='ltr'><strong>benedi-</strong></span> <span class='ocrx_word' id='word_1_306' title='bbox 1859 3081 1902 3142; x_wconf 71' lang='grc' dir='ltr'><strong>ρ</strong></span> <span class='ocrx_word' id='word_1_307' title='bbox 1938 3067 1982 3133; x_wconf 90' lang='grc' dir='ltr'><strong>(ι</strong></span> <span class='ocrx_word' id='word_1_308' title='bbox 2013 3065 2132 3146; x_wconf 38' lang='lat' dir='ltr'><strong>Cor‘.</strong></span> <span class='ocrx_word' id='word_1_309' title='bbox 2164 3067 2245 3146; x_wconf 79' lang='lat' dir='ltr'><strong>ii).</strong></span> <span class='ocrx_word' id='word_1_310' title='bbox 2272 3068 2422 3146; x_wconf 81' lang='lat' dir='ltr'><strong>Quod</strong></span> <span class='ocrx_word' id='word_1_311' title='bbox 2473 3065 2601 3146; x_wconf 74' lang='lat' dir='ltr'><strong>vero</strong></span> <span class='ocrx_word' id='word_1_312' title='bbox 2623 3065 2917 3146; x_wconf 73' lang='lat' dir='ltr'><strong>sequitur:</strong></span> 
     </span>
    </p>
   </div>
   <div class='ocr_carea' id='block_1_44' title="bbox 248 3141 1832 3209">
    <p class='ocr_par' dir='ltr' id='par_1_44' title="bbox 248 3141 1832 3209">
     <span class='ocr_line' id='line_1_44' title="bbox 248 3141 1832 3209; baseline -0.004 -10"><span class='ocrx_word' id='word_1_313' title='bbox 248 3147 493 3199; x_wconf 90' lang='lat' dir='ltr'><strong>ctionem</strong></span> <span class='ocrx_word' id='word_1_314' title='bbox 525 3146 641 3206; x_wconf 86' lang='lat' dir='ltr'><strong>Dei,</strong></span> <span class='ocrx_word' id='word_1_315' title='bbox 666 3142 1017 3209; x_wconf 86' lang='lat' dir='ltr'><strong>corporaliter</strong></span> <span class='ocrx_word' id='word_1_316' title='bbox 1047 3142 1288 3209; x_wconf 88' lang='lat' dir='ltr'><strong>potuisse</strong></span> <span class='ocrx_word' id='word_1_317' title='bbox 1333 3141 1451 3192; x_wconf 89' lang='lat' dir='ltr'><strong>illos</strong></span> <span class='ocrx_word' id='word_1_318' title='bbox 1497 3143 1546 3191; x_wconf 87' lang='lat' dir='ltr'><strong>iii</strong></span> <span class='ocrx_word' id='word_1_319' title='bbox 1583 3141 1832 3207; x_wconf 78' lang='lat' dir='ltr'><strong>pat‘adiso</strong></span> 
     </span>
    </p>
   </div>
   <div class='ocr_carea' id='block_1_45' title="bbox 250 3210 1837 3282">
    <p class='ocr_par' dir='ltr' id='par_1_45' title="bbox 250 3210 1837 3282">
     <span class='ocr_line' id='line_1_45' title="bbox 250 3210 1837 3282; baseline -0.006 -11"><span class='ocrx_word' id='word_1_320' title='bbox 250 3215 636 3282; x_wconf 86' lang='lat' dir='ltr'><strong>multiplicari,</strong></span> <span class='ocrx_word' id='word_1_321' title='bbox 662 3221 717 3266; x_wconf 89' lang='lat' dir='ltr'><strong>et</strong></span> <span class='ocrx_word' id='word_1_322' title='bbox 741 3214 785 3265; x_wconf 88' lang='lat' dir='ltr'><strong>si</strong></span> <span class='ocrx_word' id='word_1_323' title='bbox 819 3228 922 3264; x_wconf 88' lang='lat' dir='ltr'><strong>non</strong></span> <span class='ocrx_word' id='word_1_324' title='bbox 953 3218 1286 3282; x_wconf 80' lang='lat' dir='ltr'><strong>peccassent,</strong></span> <span class='ocrx_word' id='word_1_325' title='bbox 1314 3216 1555 3282; x_wconf 81' lang='lat' dir='ltr'><strong>coituros</strong></span> <span class='ocrx_word' id='word_1_326' title='bbox 1583 3212 1699 3282; x_wconf 80' lang='lat' dir='ltr'><strong>sine</strong></span> <span class='ocrx_word' id='word_1_327' title='bbox 1731 3210 1837 3263; x_wconf 90' lang='lat' dir='ltr'><strong>ulla</strong></span> 
     </span>
    </p>
   </div>
   <div class='ocr_carea' id='block_1_46' title="bbox 250 3280 1834 3354">
    <p class='ocr_par' dir='ltr' id='par_1_46' title="bbox 250 3280 1834 3354">
     <span class='ocr_line' id='line_1_46' title="bbox 250 3280 1834 3354; baseline -0.006 -12"><span class='ocrx_word' id='word_1_328' title='bbox 250 3280 502 3342; x_wconf 79' lang='lat' dir='ltr'><strong>libidinis</strong></span> <span class='ocrx_word' id='word_1_329' title='bbox 542 3283 1071 3354; x_wconf 76' lang='lat' dir='ltr'><strong>p’erturbatione_,ut_</strong></span> <span class='ocrx_word' id='word_1_330' title='bbox 1122 3281 1365 3333; x_wconf 86' lang='lat' dir='ltr'><strong>membra</strong></span> <span class='ocrx_word' id='word_1_331' title='bbox 1405 3280 1521 3354; x_wconf 84' lang='lat' dir='ltr'><strong>sola</strong></span> <span class='ocrx_word' id='word_1_332' title='bbox 1563 3280 1834 3348; x_wconf 84' lang='lat' dir='ltr'><strong>voluntas,</strong></span> 
     </span>
    </p>
   </div>
   <div class='ocr_carea' id='block_1_47' title="bbox 250 3351 1836 3415">
    <p class='ocr_par' dir='ltr' id='par_1_47' title="bbox 250 3351 1836 3415">
     <span class='ocr_line' id='line_1_47' title="bbox 250 3351 1836 3415; baseline -0.006 -1"><span class='ocrx_word' id='word_1_333' title='bbox 250 3371 365 3414; x_wconf 88' lang='lat' dir='ltr'><strong>non</strong></span> <span class='ocrx_word' id='word_1_334' title='bbox 421 3351 584 3411; x_wconf 83' lang='lat' dir='ltr'><strong>libido</strong></span> <span class='ocrx_word' id='word_1_335' title='bbox 641 3361 903 3408; x_wconf 82' lang='lat' dir='ltr'><strong>moveret.</strong></span> <span class='ocrx_word' id='word_1_336' title='bbox 939 3351 1074 3404; x_wconf 87' lang='lat' dir='ltr'><strong>illud</strong></span> <span class='ocrx_word' id='word_1_337' title='bbox 1127 3360 1305 3404; x_wconf 90' lang='lat' dir='ltr'><strong>tamen</strong></span> <span class='ocrx_word' id='word_1_338' title='bbox 1361 3352 1689 3404; x_wconf 86' lang='lat' dir='ltr'><strong>credendum</strong></span> <span class='ocrx_word' id='word_1_339' title='bbox 1733 3360 1836 3415; x_wconf 90' lang='lat' dir='ltr'><strong>est,</strong></span> 
     </span>
    </p>
   </div>
   <div class='ocr_carea' id='block_1_48' title="bbox 251 3421 1838 3499">
    <p class='ocr_par' dir='ltr' id='par_1_48' title="bbox 251 3421 1838 3499">
     <span class='ocr_line' id='line_1_48' title="bbox 251 3421 1838 3499; baseline -0.004 -17"><span class='ocrx_word' id='word_1_340' title='bbox 251 3429 400 3499; x_wconf 87' lang='lat' dir='ltr'><strong>quod</strong></span> <span class='ocrx_word' id='word_1_341' title='bbox 447 3437 602 3499; x_wconf 74' lang='lat' dir='ltr'><strong>tanta</strong></span> <span class='ocrx_word' id='word_1_342' title='bbox 638 3425 923 3499; x_wconf 76' lang='lat' dir='ltr'><strong>multitudo</strong></span> <span class='ocrx_word' id='word_1_343' title='bbox 964 3421 1111 3477; x_wconf 89' lang='lat' dir='ltr'><strong>nasci</strong></span> <span class='ocrx_word' id='word_1_344' title='bbox 1144 3426 1318 3490; x_wconf 89' lang='lat' dir='ltr'><strong>potuit</strong></span> <span class='ocrx_word' id='word_1_345' title='bbox 1357 3423 1632 3474; x_wconf 88' lang='lat' dir='ltr'><strong>hominum</strong></span> <span class='ocrx_word' id='word_1_346' title='bbox 1661 3424 1838 3492; x_wconf 80' lang='lat' dir='ltr'><strong>quoad</strong></span> 
     </span>
    </p>
   </div>
   <div class='ocr_carea' id='block_1_49' title="bbox 250 3497 1840 3568">
    <p class='ocr_par' dir='ltr' id='par_1_49' title="bbox 250 3497 1840 3568">
     <span class='ocr_line' id='line_1_49' title="bbox 250 3497 1840 3568; baseline -0.004 -14"><span class='ocrx_word' id='word_1_347' title='bbox 250 3497 432 3568; x_wconf 80' lang='lat' dir='ltr'><strong>usque</strong></span> <span class='ocrx_word' id='word_1_348' title='bbox 463 3497 967 3568; x_wconf 81' lang='lat' dir='ltr'><strong>praedeStinatorum</strong></span> <span class='ocrx_word' id='word_1_349' title='bbox 1016 3505 1328 3568; x_wconf 72' lang='lat' dir='ltr'><strong>sanctgrum</strong></span> <span class='ocrx_word' id='word_1_350' title='bbox 1380 3507 1840 3568; x_wconf 77' lang='lat' dir='ltr'><strong>nuinerus__com-</strong></span> 
     </span>
    </p>
   </div>
   <div class='ocr_carea' id='block_1_50' title="bbox 251 3563 1840 3640">
    <p class='ocr_par' dir='ltr' id='par_1_50' title="bbox 251 3563 1840 3640">
     <span class='ocr_line' id='line_1_50' title="bbox 251 3563 1840 3640; baseline -0.005 -16"><span class='ocrx_word' id='word_1_351' title='bbox 251 3563 522 3640; x_wconf 30' lang='lat' dir='ltr'><strong>ple’retu&#39;r,</strong></span> <span class='ocrx_word' id='word_1_352' title='bbox 551 3568 739 3640; x_wconf 85' lang='lat' dir='ltr'><strong>quanti</strong></span> <span class='ocrx_word' id='word_1_353' title='bbox 771 3575 834 3640; x_wconf 80' lang='lat' dir='ltr'><strong>et</strong></span> <span class='ocrx_word' id='word_1_354' title='bbox 874 3579 1015 3640; x_wconf 78' lang='lat' dir='ltr'><strong>nunc</strong></span> <span class='ocrx_word' id='word_1_355' title='bbox 1043 3580 1138 3633; x_wconf 85' lang='lat' dir='ltr'><strong>per</strong></span> <span class='ocrx_word' id='word_1_356' title='bbox 1175 3563 1269 3640; x_wconf 81' lang='lat' dir='ltr'><strong>Dei</strong></span> <span class='ocrx_word' id='word_1_357' title='bbox 1311 3564 1840 3640; x_wconf 30' lang='lat' dir='ltr'><strong>gratiainucolliguu-</strong></span> 
     </span>
    </p>
   </div>
   <div class='ocr_carea' id='block_1_51' title="bbox 254 3634 1836 3703">
    <p class='ocr_par' dir='ltr' id='par_1_51' title="bbox 254 3634 1836 3703">
     <span class='ocr_line' id='line_1_51' title="bbox 254 3634 1836 3703; baseline -0.005 -8"><span class='ocrx_word' id='word_1_358' title='bbox 254 3634 366 3696; x_wconf 78' lang='lat' dir='ltr'><strong>iur.</strong></span> <span class='ocrx_word' id='word_1_359' title='bbox 404 3640 469 3693; x_wconf 73' lang='lat' dir='ltr'><strong>Et</strong></span> <span class='ocrx_word' id='word_1_360' title='bbox 497 3634 835 3693; x_wconf 72' lang='lat' dir='ltr'><strong>dominamini</strong></span> <span class='ocrx_word' id='word_1_361' title='bbox 866 3637 1087 3703; x_wconf 87' lang='lat' dir='ltr'><strong>piscibus</strong></span> <span class='ocrx_word' id='word_1_362' title='bbox 1119 3636 1296 3699; x_wconf 87' lang='lat' dir='ltr'><strong>maris,</strong></span> <span class='ocrx_word' id='word_1_363' title='bbox 1321 3646 1366 3688; x_wconf 82' lang='lat' dir='ltr'><strong>et</strong></span> <span class='ocrx_word' id='word_1_364' title='bbox 1394 3634 1681 3689; x_wconf 79' lang='lat' dir='ltr'><strong>volatilibus</strong></span> <span class='ocrx_word' id='word_1_365' title='bbox 1702 3636 1836 3703; x_wconf 78' lang='lat' dir='ltr'><strong>cwli,</strong></span> 
     </span>
    </p>
   </div>
   <div class='ocr_carea' id='block_1_52' title="bbox 254 3705 1836 3774">
    <p class='ocr_par' dir='ltr' id='par_1_52' title="bbox 254 3705 1836 3774">
     <span class='ocr_line' id='line_1_52' title="bbox 254 3705 1836 3774; baseline -0.004 -8"><span class='ocrx_word' id='word_1_366' title='bbox 254 3722 305 3767; x_wconf 81' lang='lat' dir='ltr'><strong>et</strong></span> <span class='ocrx_word' id='word_1_367' title='bbox 340 3713 589 3765; x_wconf 79' lang='lat' dir='ltr'><strong>universis</strong></span> <span class='ocrx_word' id='word_1_368' title='bbox 619 3707 948 3762; x_wconf 83' lang='lat' dir='ltr'><strong>animalibus.</strong></span> <span class='ocrx_word' id='word_1_369' title='bbox 976 3705 1136 3760; x_wconf 87' lang='lat' dir='ltr'><strong>Salvo</strong></span> <span class='ocrx_word' id='word_1_370' title='bbox 1171 3707 1470 3769; x_wconf 89' lang='lat' dir='ltr'><strong>intellectu,</strong></span> <span class='ocrx_word' id='word_1_371' title='bbox 1505 3722 1612 3774; x_wconf 90' lang='lat' dir='ltr'><strong>quo</strong></span> <span class='ocrx_word' id='word_1_372' title='bbox 1657 3709 1836 3759; x_wconf 88' lang='lat' dir='ltr'><strong>omni-</strong></span> 
     </span>
    </p>
   </div>
   <div class='ocr_carea' id='block_1_53' title="bbox 256 3778 1840 3846">
    <p class='ocr_par' dir='ltr' id='par_1_53' title="bbox 256 3778 1840 3846">
     <span class='ocr_line' id='line_1_53' title="bbox 256 3778 1840 3846; baseline -0.004 -8"><span class='ocrx_word' id='word_1_373' title='bbox 256 3782 364 3838; x_wconf 88' lang='lat' dir='ltr'><strong>bus</strong></span> <span class='ocrx_word' id='word_1_374' title='bbox 414 3781 774 3836; x_wconf 87' lang='lat' dir='ltr'><strong>animantibus</strong></span> <span class='ocrx_word' id='word_1_375' title='bbox 816 3778 981 3831; x_wconf 90' lang='lat' dir='ltr'><strong>homo</strong></span> <span class='ocrx_word' id='word_1_376' title='bbox 1017 3778 1357 3841; x_wconf 87' lang='lat' dir='ltr'><strong>dominatur;</strong></span> <span class='ocrx_word' id='word_1_377' title='bbox 1392 3778 1663 3846; x_wconf 78' lang='lat' dir='ltr'><strong>spiritales</strong></span> <span class='ocrx_word' id='word_1_378' title='bbox 1709 3793 1840 3832; x_wconf 89' lang='lat' dir='ltr'><strong>vero</strong></span> 
     </span>
    </p>
   </div>
   <div class='ocr_carea' id='block_1_54' title="bbox 254 3849 1840 3917">
    <p class='ocr_par' dir='ltr' id='par_1_54' title="bbox 254 3849 1840 3917">
     <span class='ocr_line' id='line_1_54' title="bbox 254 3849 1840 3917; baseline -0.004 -8"><span class='ocrx_word' id='word_1_379' title='bbox 254 3867 454 3909; x_wconf 90' lang='lat' dir='ltr'><strong>omnes</strong></span> <span class='ocrx_word' id='word_1_380' title='bbox 497 3853 835 3911; x_wconf 86' lang='lat' dir='ltr'><strong>alTectiones,</strong></span> <span class='ocrx_word' id='word_1_381' title='bbox 867 3861 918 3902; x_wconf 86' lang='lat' dir='ltr'><strong>et</strong></span> <span class='ocrx_word' id='word_1_382' title='bbox 951 3855 1128 3903; x_wconf 86' lang='lat' dir='ltr'><strong>motus</strong></span> <span class='ocrx_word' id='word_1_383' title='bbox 1158 3849 1376 3910; x_wconf 74' lang='lat' dir='ltr'><strong>anitum,</strong></span> <span class='ocrx_word' id='word_1_384' title='bbox 1411 3849 1547 3917; x_wconf 85' lang='lat' dir='ltr'><strong>quos</strong></span> <span class='ocrx_word' id='word_1_385' title='bbox 1577 3849 1840 3903; x_wconf 85' lang='lat' dir='ltr'><strong>habemus</strong></span> 
     </span>
    </p>
   </div>
   <div class='ocr_carea' id='block_1_55' title="bbox 255 3919 1842 3988">
    <p class='ocr_par' dir='ltr' id='par_1_55' title="bbox 255 3919 1842 3988">
     <span class='ocr_line' id='line_1_55' title="bbox 255 3919 1842 3988; baseline -0.004 -9"><span class='ocrx_word' id='word_1_386' title='bbox 255 3925 382 3980; x_wconf 84' lang='lat' dir='ltr'><strong>istis</strong></span> <span class='ocrx_word' id='word_1_387' title='bbox 429 3924 748 3978; x_wconf 82' lang='lat' dir='ltr'><strong>animalibus</strong></span> <span class='ocrx_word' id='word_1_388' title='bbox 790 3921 1023 3988; x_wconf 84' lang='lat' dir='ltr'><strong>similes,</strong></span> <span class='ocrx_word' id='word_1_389' title='bbox 1053 3919 1300 3972; x_wconf 86' lang='lat' dir='ltr'><strong>subditos</strong></span> <span class='ocrx_word' id='word_1_390' title='bbox 1343 3919 1635 3984; x_wconf 84' lang='lat' dir='ltr'><strong>haberent,</strong></span> <span class='ocrx_word' id='word_1_391' title='bbox 1665 3930 1718 3973; x_wconf 88' lang='lat' dir='ltr'><strong>et</strong></span> <span class='ocrx_word' id='word_1_392' title='bbox 1744 3919 1842 3973; x_wconf 88' lang='lat' dir='ltr'><strong>do-</strong></span> 
     </span>
    </p>
   </div>
   <div class='ocr_carea' id='block_1_56' title="bbox 257 3990 1841 4059">
    <p class='ocr_par' dir='ltr' id='par_1_56' title="bbox 257 3990 1841 4059">
     <span class='ocr_line' id='line_1_56' title="bbox 257 3990 1841 4059; baseline -0.003 -9"><span class='ocrx_word' id='word_1_393' title='bbox 257 3995 600 4050; x_wconf 86' lang='lat' dir='ltr'><strong>minarentur</strong></span> <span class='ocrx_word' id='word_1_394' title='bbox 645 4007 829 4046; x_wconf 88' lang='lat' dir='ltr'><strong>eoruin</strong></span> <span class='ocrx_word' id='word_1_395' title='bbox 882 4006 975 4059; x_wconf 87' lang='lat' dir='ltr'><strong>per</strong></span> <span class='ocrx_word' id='word_1_396' title='bbox 1026 3990 1459 4058; x_wconf 88' lang='lat' dir='ltr'><strong>temperantiam.</strong></span> <span class='ocrx_word' id='word_1_397' title='bbox 1508 3991 1624 4055; x_wconf 89' lang='lat' dir='ltr'><strong>Quo</strong></span> <span class='ocrx_word' id='word_1_398' title='bbox 1681 3992 1841 4045; x_wconf 92' lang='lat' dir='ltr'><strong>modo</strong></span> 
     </span>
    </p>
   </div>
   <div class='ocr_carea' id='block_1_57' title="bbox 259 4061 1842 4135">
    <p class='ocr_par' dir='ltr' id='par_1_57' title="bbox 259 4061 1842 4135">
     <span class='ocr_line' id='line_1_57' title="bbox 259 4061 1842 4135; baseline -0.003 -15"><span class='ocrx_word' id='word_1_399' title='bbox 259 4069 474 4133; x_wconf 90' lang='lat' dir='ltr'><strong>accepit</strong></span> <span class='ocrx_word' id='word_1_400' title='bbox 499 4071 824 4135; x_wconf 73' lang='lat' dir='ltr'><strong>potestatem</strong></span> <span class='ocrx_word' id='word_1_401' title='bbox 850 4061 1162 4125; x_wconf 84' lang='lat' dir='ltr'><strong>bestiarum,</strong></span> <span class='ocrx_word' id='word_1_402' title='bbox 1196 4061 1634 4135; x_wconf 83' lang='lat' dir='ltr'><strong>cumvideamus</strong></span> <span class='ocrx_word' id='word_1_403' title='bbox 1661 4061 1729 4135; x_wconf 81' lang='lat' dir='ltr'><strong>ab</strong></span> <span class='ocrx_word' id='word_1_404' title='bbox 1761 4063 1842 4116; x_wconf 90' lang='lat' dir='ltr'><strong>eis</strong></span> 
     </span>
    </p>
   </div>
   <div class='ocr_carea' id='block_1_58' title="bbox 259 4132 1842 4202">
    <p class='ocr_par' dir='ltr' id='par_1_58' title="bbox 259 4132 1842 4202">
     <span class='ocr_line' id='line_1_58' title="bbox 259 4132 1842 4202; baseline -0.003 -11"><span class='ocrx_word' id='word_1_405' title='bbox 259 4132 470 4191; x_wconf 88' lang='lat' dir='ltr'><strong>multos</strong></span> <span class='ocrx_word' id='word_1_406' title='bbox 501 4132 734 4190; x_wconf 52' lang='lat' dir='ltr'><strong>&#39;occidi?</strong></span> <span class='ocrx_word' id='word_1_407' title='bbox 777 4132 901 4188; x_wconf 86' lang='lat' dir='ltr'><strong>Post</strong></span> <span class='ocrx_word' id='word_1_408' title='bbox 934 4143 1214 4202; x_wconf 71' lang='lat' dir='ltr'><strong>pet-catum</strong></span> <span class='ocrx_word' id='word_1_409' title='bbox 1260 4132 1402 4185; x_wconf 90' lang='lat' dir='ltr'><strong>enim</strong></span> <span class='ocrx_word' id='word_1_410' title='bbox 1444 4134 1647 4200; x_wconf 90' lang='lat' dir='ltr'><strong>primus</strong></span> <span class='ocrx_word' id='word_1_411' title='bbox 1676 4132 1842 4186; x_wconf 86' lang='lat' dir='ltr'><strong>homo</strong></span> 
     </span>
    </p>
   </div>
   <div class='ocr_carea' id='block_1_59' title="bbox 263 4202 1841 4272">
    <p class='ocr_par' dir='ltr' id='par_1_59' title="bbox 263 4202 1841 4272">
     <span class='ocr_line' id='line_1_59' title="bbox 263 4202 1841 4272; baseline -0.003 -11"><span class='ocrx_word' id='word_1_412' title='bbox 263 4206 553 4261; x_wconf 89' lang='lat' dir='ltr'><strong>damnatus</strong></span> <span class='ocrx_word' id='word_1_413' title='bbox 583 4205 761 4259; x_wconf 88' lang='lat' dir='ltr'><strong>amisit</strong></span> <span class='ocrx_word' id='word_1_414' title='bbox 800 4202 1188 4270; x_wconf 83' lang='lat' dir='ltr'><strong>perfectionem</strong></span> <span class='ocrx_word' id='word_1_415' title='bbox 1220 4203 1368 4255; x_wconf 89' lang='lat' dir='ltr'><strong>illam</strong></span> <span class='ocrx_word' id='word_1_416' title='bbox 1409 4218 1512 4272; x_wconf 88' lang='lat' dir='ltr'><strong>qua</strong></span> <span class='ocrx_word' id='word_1_417' title='bbox 1543 4204 1610 4257; x_wconf 91' lang='lat' dir='ltr'><strong>ad</strong></span> <span class='ocrx_word' id='word_1_418' title='bbox 1647 4205 1841 4272; x_wconf 85' lang='lat' dir='ltr'><strong>imagi-</strong></span> 
     </span>
    </p>
   </div>
   <div class='ocr_carea' id='block_1_60' title="bbox 262 4274 1839 4340">
    <p class='ocr_par' dir='ltr' id='par_1_60' title="bbox 262 4274 1839 4340">
     <span class='ocr_line' id='line_1_60' title="bbox 262 4274 1839 4340; baseline -0.003 -8"><span class='ocrx_word' id='word_1_419' title='bbox 262 4292 387 4332; x_wconf 85' lang='lat' dir='ltr'><strong>nem</strong></span> <span class='ocrx_word' id='word_1_420' title='bbox 435 4277 530 4333; x_wconf 91' lang='lat' dir='ltr'><strong>Dei</strong></span> <span class='ocrx_word' id='word_1_421' title='bbox 583 4277 756 4331; x_wconf 86' lang='lat' dir='ltr'><strong>fuerat</strong></span> <span class='ocrx_word' id='word_1_422' title='bbox 802 4275 993 4339; x_wconf 85' lang='lat' dir='ltr'><strong>factus,</strong></span> <span class='ocrx_word' id='word_1_423' title='bbox 1027 4283 1085 4327; x_wconf 92' lang='lat' dir='ltr'><strong>ut</strong></span> <span class='ocrx_word' id='word_1_424' title='bbox 1131 4275 1381 4327; x_wconf 88' lang='lat' dir='ltr'><strong>omnibus</strong></span> <span class='ocrx_word' id='word_1_425' title='bbox 1429 4274 1839 4340; x_wconf 87' lang='lat' dir='ltr'><strong>dominaretur;</strong></span> 
     </span>
    </p>
   </div>
   <div class='ocr_carea' id='block_1_61' title="bbox 262 4346 1845 4416">
    <p class='ocr_par' dir='ltr' id='par_1_61' title="bbox 262 4346 1845 4416">
     <span class='ocr_line' id='line_1_61' title="bbox 262 4346 1845 4416; baseline -0.001 -14"><span class='ocrx_word' id='word_1_426' title='bbox 262 4349 464 4404; x_wconf 88' lang='lat' dir='ltr'><strong>merito</strong></span> <span class='ocrx_word' id='word_1_427' title='bbox 505 4353 645 4402; x_wconf 90' lang='lat' dir='ltr'><strong>enim</strong></span> <span class='ocrx_word' id='word_1_428' title='bbox 693 4355 1039 4416; x_wconf 88' lang='lat' dir='ltr'><strong>peccatorum</strong></span> <span class='ocrx_word' id='word_1_429' title='bbox 1086 4352 1261 4398; x_wconf 90' lang='lat' dir='ltr'><strong>actum</strong></span> <span class='ocrx_word' id='word_1_430' title='bbox 1308 4353 1410 4412; x_wconf 88' lang='lat' dir='ltr'><strong>est,</strong></span> <span class='ocrx_word' id='word_1_431' title='bbox 1437 4355 1494 4398; x_wconf 89' lang='lat' dir='ltr'><strong>ut</strong></span> <span class='ocrx_word' id='word_1_432' title='bbox 1523 4346 1845 4400; x_wconf 83' lang='lat' dir='ltr'><strong>naturaliter</strong></span> 
     </span>
    </p>
   </div>
   <div class='ocr_carea' id='block_1_62' title="bbox 263 4415 1413 4489">
    <p class='ocr_par' dir='ltr' id='par_1_62' title="bbox 263 4415 1413 4489">
     <span class='ocr_line' id='line_1_62' title="bbox 263 4415 1413 4489; baseline -0.004 -16"><span class='ocrx_word' id='word_1_433' title='bbox 263 4433 525 4489; x_wconf 74' lang='lat' dir='ltr'><strong>prOspera</strong></span> <span class='ocrx_word' id='word_1_434' title='bbox 554 4416 1135 4489; x_wconf 54' lang='lat' dir='ltr'><strong>efﬁcerentnrjiomiui</strong></span> <span class='ocrx_word' id='word_1_435' title='bbox 1167 4415 1413 4489; x_wconf 86' lang='lat' dir='ltr'><strong>adversa.</strong></span> 
     </span>
    </p>
   </div>
   <div class='ocr_carea' id='block_1_63' title="bbox 240 4483 1845 4561">
    <p class='ocr_par' dir='ltr' id='par_1_63' title="bbox 240 4483 1845 4561">
     <span class='ocr_line' id='line_1_63' title="bbox 240 4483 1845 4561; baseline -0.003 -18"><span class='ocrx_word' id='word_1_436' title='bbox 240 4483 282 4543; x_wconf 74' lang='grc' dir='ltr'><strong>ι’</strong></span> <span class='ocrx_word' id='word_1_437' title='bbox 335 4483 521 4561; x_wconf 66' lang='grc' dir='ltr'><strong>(νει-ε.</strong></span> <span class='ocrx_word' id='word_1_438' title='bbox 555 4489 670 4558; x_wconf 79' lang='grc'><strong>51.)</strong></span> <span class='ocrx_word' id='word_1_439' title='bbox 711 4487 851 4561; x_wconf 71' lang='lat' dir='ltr'><strong>Vidit</strong></span> <span class='ocrx_word' id='word_1_440' title='bbox 897 4483 1032 4561; x_wconf 77' lang='lat' dir='ltr'><strong>Deus</strong></span> <span class='ocrx_word' id='word_1_441' title='bbox 1081 4486 1254 4561; x_wconf 76' lang='lat' dir='ltr'><strong>omnia</strong></span> <span class='ocrx_word' id='word_1_442' title='bbox 1294 4501 1409 4553; x_wconf 71' lang='lat' dir='ltr'><strong>quae</strong></span> <span class='ocrx_word' id='word_1_443' title='bbox 1447 4487 1584 4554; x_wconf 80' lang='lat' dir='ltr'><strong>fecit,</strong></span> <span class='ocrx_word' id='word_1_444' title='bbox 1619 4496 1666 4540; x_wconf 85' lang='lat' dir='ltr'><strong>et</strong></span> <span class='ocrx_word' id='word_1_445' title='bbox 1700 4495 1845 4561; x_wconf 79' lang='lat' dir='ltr'><strong>erant</strong></span> 
     </span>
    </p>
   </div>
   <div class='ocr_carea' id='block_1_64' title="bbox 263 4556 1845 4616">
    <p class='ocr_par' dir='ltr' id='par_1_64' title="bbox 263 4556 1845 4616">
     <span class='ocr_line' id='line_1_64' title="bbox 263 4556 1845 4616; baseline -0.003 -1"><span class='ocrx_word' id='word_1_446' title='bbox 263 4556 411 4616; x_wconf 70' lang='lat' dir='ltr'><strong>valde</strong></span> <span class='ocrx_word' id='word_1_447' title='bbox 450 4564 607 4616; x_wconf 86' lang='lat' dir='ltr'><strong>bona.</strong></span> <span class='ocrx_word' id='word_1_448' title='bbox 652 4556 889 4613; x_wconf 69' lang='lat' dir='ltr'><strong>Attende</strong></span> <span class='ocrx_word' id='word_1_449' title='bbox 930 4556 1296 4608; x_wconf 81' lang='lat' dir='ltr'><strong>universalem</strong></span> <span class='ocrx_word' id='word_1_450' title='bbox 1341 4568 1649 4610; x_wconf 87' lang='lat' dir='ltr'><strong>creaturam</strong></span> <span class='ocrx_word' id='word_1_451' title='bbox 1688 4558 1845 4611; x_wconf 83' lang='lat' dir='ltr'><strong>valde</strong></span> 
     </span>
    </p>
   </div>
   <div class='ocr_carea' id='block_1_65' title="bbox 263 4626 1843 4694">
    <p class='ocr_par' dir='ltr' id='par_1_65' title="bbox 263 4626 1843 4694">
     <span class='ocr_line' id='line_1_65' title="bbox 263 4626 1843 4694; baseline -0.003 -8"><span class='ocrx_word' id='word_1_452' title='bbox 263 4631 463 4686; x_wconf 83' lang='lat' dir='ltr'><strong>bonam</strong></span> <span class='ocrx_word' id='word_1_453' title='bbox 517 4629 724 4692; x_wconf 85' lang='lat' dir='ltr'><strong>vocari,</strong></span> <span class='ocrx_word' id='word_1_454' title='bbox 774 4626 1124 4694; x_wconf 86' lang='lat' dir='ltr'><strong>singulariter</strong></span> <span class='ocrx_word' id='word_1_455' title='bbox 1175 4640 1305 4694; x_wconf 85' lang='lat' dir='ltr'><strong>vero</strong></span> <span class='ocrx_word' id='word_1_456' title='bbox 1359 4633 1568 4678; x_wconf 90' lang='lat' dir='ltr'><strong>tantum</strong></span> <span class='ocrx_word' id='word_1_457' title='bbox 1626 4630 1843 4681; x_wconf 89' lang='lat' dir='ltr'><strong>bonam.</strong></span> 
     </span>
    </p>
   </div>
   <div class='ocr_carea' id='block_1_66' title="bbox 264 4693 1847 4770">
    <p class='ocr_par' dir='ltr' id='par_1_66' title="bbox 264 4693 1847 4770">
     <span class='ocr_line' id='line_1_66' title="bbox 264 4693 1847 4770; baseline -0.004 -14"><span class='ocrx_word' id='word_1_458' title='bbox 264 4703 444 4770; x_wconf 86' lang='lat' dir='ltr'><strong>Quare</strong></span> <span class='ocrx_word' id='word_1_459' title='bbox 474 4705 568 4765; x_wconf 89' lang='lat' dir='ltr'><strong>ita,</strong></span> <span class='ocrx_word' id='word_1_460' title='bbox 606 4700 706 4752; x_wconf 89' lang='lat' dir='ltr'><strong>nisi</strong></span> <span class='ocrx_word' id='word_1_461' title='bbox 737 4693 1068 4770; x_wconf 28' lang='lat' dir='ltr'><strong>quia’omnis</strong></span> <span class='ocrx_word' id='word_1_462' title='bbox 1103 4693 1446 4770; x_wconf 77' lang='lat' dir='ltr'><strong>pulcliritudo</strong></span> <span class='ocrx_word' id='word_1_463' title='bbox 1475 4712 1597 4764; x_wconf 72' lang='lat' dir='ltr'><strong>qtize</strong></span> <span class='ocrx_word' id='word_1_464' title='bbox 1636 4699 1689 4752; x_wconf 89' lang='lat' dir='ltr'><strong>in</strong></span> <span class='ocrx_word' id='word_1_465' title='bbox 1725 4714 1847 4766; x_wconf 87' lang='lat' dir='ltr'><strong>par-</strong></span> 
     </span>
    </p>
   </div>
   <div class='ocr_carea' id='block_1_67' title="bbox 265 4765 1845 4837">
    <p class='ocr_par' dir='ltr' id='par_1_67' title="bbox 265 4765 1845 4837">
     <span class='ocr_line' id='line_1_67' title="bbox 265 4765 1845 4837; baseline -0.004 -8"><span class='ocrx_word' id='word_1_466' title='bbox 265 4765 410 4830; x_wconf 78' lang='lat' dir='ltr'><strong>tibus</strong></span> <span class='ocrx_word' id='word_1_467' title='bbox 438 4779 654 4826; x_wconf 86' lang='lat' dir='ltr'><strong>constat</strong></span> <span class='ocrx_word' id='word_1_468' title='bbox 680 4765 858 4822; x_wconf 86' lang='lat' dir='ltr'><strong>minus</strong></span> <span class='ocrx_word' id='word_1_469' title='bbox 887 4777 969 4821; x_wconf 87' lang='lat' dir='ltr'><strong>est</strong></span> <span class='ocrx_word' id='word_1_470' title='bbox 1002 4765 1288 4820; x_wconf 84' lang='lat' dir='ltr'><strong>laudabilis</strong></span> <span class='ocrx_word' id='word_1_471' title='bbox 1320 4768 1373 4819; x_wconf 91' lang='lat' dir='ltr'><strong>in</strong></span> <span class='ocrx_word' id='word_1_472' title='bbox 1421 4778 1572 4834; x_wconf 87' lang='lat' dir='ltr'><strong>parte</strong></span> <span class='ocrx_word' id='word_1_473' title='bbox 1601 4765 1758 4837; x_wconf 87' lang='lat' dir='ltr'><strong>quam</strong></span> <span class='ocrx_word' id='word_1_474' title='bbox 1792 4774 1845 4822; x_wconf 92' lang='lat' dir='ltr'><strong>in</strong></span> 
     </span>
    </p>
   </div>
   <div class='ocr_carea' id='block_1_68' title="bbox 265 4838 1846 4908">
    <p class='ocr_par' dir='ltr' id='par_1_68' title="bbox 265 4838 1846 4908">
     <span class='ocr_line' id='line_1_68' title="bbox 265 4838 1846 4908; baseline -0.002 -11"><span class='ocrx_word' id='word_1_475' title='bbox 265 4854 382 4900; x_wconf 87' lang='lat' dir='ltr'><strong>toto</strong></span> <span class='ocrx_word' id='word_1_476' title='bbox 417 4863 430 4898; x_wconf 89' lang='lat'><strong>:</strong></span> <span class='ocrx_word' id='word_1_477' title='bbox 477 4847 617 4896; x_wconf 88' lang='lat' dir='ltr'><strong>sicut</strong></span> <span class='ocrx_word' id='word_1_478' title='bbox 653 4850 710 4896; x_wconf 91' lang='lat' dir='ltr'><strong>et</strong></span> <span class='ocrx_word' id='word_1_479' title='bbox 756 4841 998 4908; x_wconf 87' lang='lat' dir='ltr'><strong>membra</strong></span> <span class='ocrx_word' id='word_1_480' title='bbox 1034 4838 1302 4905; x_wconf 77' lang='lat' dir='ltr'><strong>corporis,</strong></span> <span class='ocrx_word' id='word_1_481' title='bbox 1339 4853 1458 4890; x_wconf 87' lang='lat' dir='ltr'><strong>cum</strong></span> <span class='ocrx_word' id='word_1_482' title='bbox 1501 4841 1606 4892; x_wconf 89' lang='lat' dir='ltr'><strong>sint</strong></span> <span class='ocrx_word' id='word_1_483' title='bbox 1637 4840 1846 4908; x_wconf 84' lang='lat' dir='ltr'><strong>singula</strong></span> 
     </span>
    </p>
   </div>
   <div class='ocr_carea' id='block_1_69' title="bbox 263 4907 1849 4982">
    <p class='ocr_par' dir='ltr' id='par_1_69' title="bbox 263 4907 1849 4982">
     <span class='ocr_line' id='line_1_69' title="bbox 263 4907 1849 4982; baseline -0.008 -12"><span class='ocrx_word' id='word_1_484' title='bbox 263 4915 427 4982; x_wconf 80' lang='lat' dir='ltr'><strong>bona,</strong></span> <span class='ocrx_word' id='word_1_485' title='bbox 466 4913 639 4982; x_wconf 76' lang='lat' dir='ltr'><strong>majus</strong></span> <span class='ocrx_word' id='word_1_486' title='bbox 671 4924 847 4966; x_wconf 84' lang='lat' dir='ltr'><strong>tamen</strong></span> <span class='ocrx_word' id='word_1_487' title='bbox 873 4907 1075 4982; x_wconf 84' lang='lat' dir='ltr'><strong>faciunt</strong></span> <span class='ocrx_word' id='word_1_488' title='bbox 1107 4911 1323 4982; x_wconf 72' lang='lat' dir='ltr'><strong>bonum,</strong></span> <span class='ocrx_word' id='word_1_489' title='bbox 1347 4910 1478 4982; x_wconf 4' lang='lat' dir='ltr'><strong>dum)</strong></span> <span class='ocrx_word' id='word_1_490' title='bbox 1502 4925 1666 4964; x_wconf 85' lang='lat' dir='ltr'><strong>unum</strong></span> <span class='ocrx_word' id='word_1_491' title='bbox 1695 4907 1849 4964; x_wconf 73' lang='lat' dir='ltr'><strong>valde</strong></span> 
     </span>
    </p>
   </div>
   <div class='ocr_carea' id='block_1_70' title="bbox 268 4979 1847 5052">
    <p class='ocr_par' dir='ltr' id='par_1_70' title="bbox 268 4979 1847 5052">
     <span class='ocr_line' id='line_1_70' title="bbox 268 4979 1847 5052; baseline -0.002 -13"><span class='ocrx_word' id='word_1_492' title='bbox 268 4979 468 5040; x_wconf 85' lang='lat' dir='ltr'><strong>bonum</strong></span> <span class='ocrx_word' id='word_1_493' title='bbox 523 4979 722 5052; x_wconf 79' lang='lat' dir='ltr'><strong>corpus</strong></span> <span class='ocrx_word' id='word_1_494' title='bbox 761 4981 1036 5048; x_wconf 80' lang='lat' dir='ltr'><strong>efficiunt,</strong></span> <span class='ocrx_word' id='word_1_495' title='bbox 1091 4990 1146 5034; x_wconf 86' lang='lat' dir='ltr'><strong>et</strong></span> <span class='ocrx_word' id='word_1_496' title='bbox 1184 4979 1633 5048; x_wconf 78' lang='lat' dir='ltr'><strong>pulchritudinem</strong></span> <span class='ocrx_word' id='word_1_497' title='bbox 1693 4997 1847 5036; x_wconf 88' lang='lat' dir='ltr'><strong>suam</strong></span> 
     </span>
    </p>
   </div>
   <div class='ocr_carea' id='block_1_71' title="bbox 269 5052 1847 5121">
    <p class='ocr_par' dir='ltr' id='par_1_71' title="bbox 269 5052 1847 5121">
     <span class='ocr_line' id='line_1_71' title="bbox 269 5052 1847 5121; baseline -0.004 -13"><span class='ocrx_word' id='word_1_498' title='bbox 269 5056 654 5112; x_wconf 82' lang='lat' dir='ltr'><strong>universaliter</strong></span> <span class='ocrx_word' id='word_1_499' title='bbox 696 5052 999 5110; x_wconf 87' lang='lat' dir='ltr'><strong>conferunt.</strong></span> <span class='ocrx_word' id='word_1_500' title='bbox 1039 5053 1177 5106; x_wconf 83' lang='lat' dir='ltr'><strong>Ante</strong></span> <span class='ocrx_word' id='word_1_501' title='bbox 1229 5064 1382 5105; x_wconf 88' lang='lat' dir='ltr'><strong>erant</strong></span> <span class='ocrx_word' id='word_1_502' title='bbox 1431 5054 1635 5121; x_wconf 87' lang='lat' dir='ltr'><strong>singula</strong></span> <span class='ocrx_word' id='word_1_503' title='bbox 1688 5055 1847 5119; x_wconf 82' lang='lat' dir='ltr'><strong>bona,</strong></span> 
     </span>
    </p>
   </div>
   <div class='ocr_carea' id='block_1_72' title="bbox 271 5125 1850 5197">
    <p class='ocr_par' dir='ltr' id='par_1_72' title="bbox 271 5125 1850 5197">
     <span class='ocr_line' id='line_1_72' title="bbox 271 5125 1850 5197; baseline -0.001 -17"><span class='ocrx_word' id='word_1_504' title='bbox 271 5140 494 5197; x_wconf 87' lang='lat' dir='ltr'><strong>propter</strong></span> <span class='ocrx_word' id='word_1_505' title='bbox 528 5129 826 5188; x_wconf 85' lang='lat' dir='ltr'><strong>hominem,</strong></span> <span class='ocrx_word' id='word_1_506' title='bbox 855 5125 1033 5177; x_wconf 89' lang='lat' dir='ltr'><strong>omnia</strong></span> <span class='ocrx_word' id='word_1_507' title='bbox 1058 5125 1210 5176; x_wconf 82' lang='lat' dir='ltr'><strong>valde</strong></span> <span class='ocrx_word' id='word_1_508' title='bbox 1241 5125 1404 5197; x_wconf 76' lang='lat' dir='ltr'><strong>bona,</strong></span> <span class='ocrx_word' id='word_1_509' title='bbox 1435 5130 1560 5193; x_wconf 84' lang='lat' dir='ltr'><strong>quia</strong></span> <span class='ocrx_word' id='word_1_510' title='bbox 1588 5127 1766 5179; x_wconf 87' lang='lat' dir='ltr'><strong>omnia</strong></span> <span class='ocrx_word' id='word_1_511' title='bbox 1795 5125 1850 5179; x_wconf 89' lang='lat' dir='ltr'><strong>in</strong></span> 
     </span>
    </p>
   </div>
   <div class='ocr_carea' id='block_1_73' title="bbox 272 5195 1850 5264">
    <p class='ocr_par' dir='ltr' id='par_1_73' title="bbox 272 5195 1850 5264">
     <span class='ocr_line' id='line_1_73' title="bbox 272 5195 1850 5264; baseline -0.003 -12"><span class='ocrx_word' id='word_1_512' title='bbox 272 5195 524 5254; x_wconf 80' lang='lat' dir='ltr'><strong>decorem</strong></span> <span class='ocrx_word' id='word_1_513' title='bbox 562 5199 792 5253; x_wconf 86' lang='lat' dir='ltr'><strong>hominis</strong></span> <span class='ocrx_word' id='word_1_514' title='bbox 823 5211 1008 5250; x_wconf 85' lang='lat' dir='ltr'><strong>creata</strong></span> <span class='ocrx_word' id='word_1_515' title='bbox 1046 5204 1192 5249; x_wconf 88' lang='lat' dir='ltr'><strong>sunt.</strong></span> <span class='ocrx_word' id='word_1_516' title='bbox 1239 5195 1412 5250; x_wconf 86' lang='lat' dir='ltr'><strong>Homo</strong></span> <span class='ocrx_word' id='word_1_517' title='bbox 1452 5210 1586 5249; x_wconf 89' lang='lat' dir='ltr'><strong>vero</strong></span> <span class='ocrx_word' id='word_1_518' title='bbox 1626 5197 1678 5250; x_wconf 93' lang='lat' dir='ltr'><strong>in</strong></span> <span class='ocrx_word' id='word_1_519' title='bbox 1727 5197 1850 5264; x_wconf 87' lang='lat' dir='ltr'><strong>glo-</strong></span> 
     </span>
    </p>
   </div>
   <div class='ocr_carea' id='block_1_74' title="bbox 273 5265 1850 5337">
    <p class='ocr_par' dir='ltr' id='par_1_74' title="bbox 273 5265 1850 5337">
     <span class='ocr_line' id='line_1_74' title="bbox 273 5265 1850 5337; baseline 0.001 -15"><span class='ocrx_word' id='word_1_520' title='bbox 273 5269 403 5324; x_wconf 82' lang='lat' dir='ltr'><strong>riam</strong></span> <span class='ocrx_word' id='word_1_521' title='bbox 453 5280 511 5324; x_wconf 89' lang='lat' dir='ltr'><strong>et</strong></span> <span class='ocrx_word' id='word_1_522' title='bbox 544 5271 758 5326; x_wconf 82' lang='lat' dir='ltr'><strong>laudem</strong></span> <span class='ocrx_word' id='word_1_523' title='bbox 797 5267 1094 5337; x_wconf 83' lang='lat' dir='ltr'><strong>conditoris</strong></span> <span class='ocrx_word' id='word_1_524' title='bbox 1117 5266 1197 5320; x_wconf 90' lang='lat' dir='ltr'><strong>sui</strong></span> <span class='ocrx_word' id='word_1_525' title='bbox 1235 5265 1408 5319; x_wconf 86' lang='lat' dir='ltr'><strong>factus</strong></span> <span class='ocrx_word' id='word_1_526' title='bbox 1438 5276 1542 5320; x_wconf 90' lang='lat' dir='ltr'><strong>est.</strong></span> <span class='ocrx_word' id='word_1_527' title='bbox 1577 5268 1850 5337; x_wconf 84' lang='lat' dir='ltr'><strong>Sequitur.</strong></span> 
     </span>
    </p>
   </div>
   <div class='ocr_carea' id='block_1_75' title="bbox 257 5336 1854 5411">
    <p class='ocr_par' dir='ltr' id='par_1_75' title="bbox 257 5336 1854 5411">
     <span class='ocr_line' id='line_1_75' title="bbox 257 5336 1854 5411; baseline 0.006 -28"><span class='ocrx_word' id='word_1_528' title='bbox 257 5359 263 5383; x_wconf 72' lang='grc' dir='ltr'><strong>ι</strong></span> <span class='ocrx_word' id='word_1_529' title='bbox 345 5342 499 5411; x_wconf 84' lang='lat' dir='ltr'><strong>(Cap.</strong></span> <span class='ocrx_word' id='word_1_530' title='bbox 535 5341 600 5397; x_wconf 88' lang='lat' dir='ltr'><strong>Il.</strong></span> <span class='ocrx_word' id='word_1_531' title='bbox 626 5371 696 5382; x_wconf 92' lang='lat'><strong>——-</strong></span> <span class='ocrx_word' id='word_1_532' title='bbox 725 5343 878 5394; x_wconf 89' lang='lat' dir='ltr'><strong>Vers.</strong></span> <span class='ocrx_word' id='word_1_533' title='bbox 913 5337 990 5408; x_wconf 87' lang='grc'><strong>1.)</strong></span> <span class='ocrx_word' id='word_1_534' title='bbox 1023 5336 1194 5407; x_wconf 81' lang='lat' dir='ltr'><strong>Igitur</strong></span> <span class='ocrx_word' id='word_1_535' title='bbox 1225 5340 1438 5409; x_wconf 77' lang='lat' dir='ltr'><strong>perfecti</strong></span> <span class='ocrx_word' id='word_1_536' title='bbox 1480 5349 1598 5392; x_wconf 86' lang='lat' dir='ltr'><strong>sunt</strong></span> <span class='ocrx_word' id='word_1_537' title='bbox 1645 5336 1758 5392; x_wconf 73' lang='lat' dir='ltr'><strong>caeli</strong></span> <span class='ocrx_word' id='word_1_538' title='bbox 1803 5347 1854 5393; x_wconf 77' lang='lat' dir='ltr'><strong>et</strong></span> 
     </span>
    </p>
   </div>
   <div class='ocr_carea' id='block_1_76' title="bbox 279 5411 1853 5482">
    <p class='ocr_par' dir='ltr' id='par_1_76' title="bbox 279 5411 1853 5482">
     <span class='ocr_line' id='line_1_76' title="bbox 279 5411 1853 5482; baseline 0.002 -20"><span class='ocrx_word' id='word_1_539' title='bbox 279 5417 430 5465; x_wconf 79' lang='lat' dir='ltr'><strong>terra.</strong></span> <span class='ocrx_word' id='word_1_540' title='bbox 460 5415 602 5468; x_wconf 83' lang='lat' dir='ltr'><strong>Bene</strong></span> <span class='ocrx_word' id='word_1_541' title='bbox 629 5415 910 5482; x_wconf 82' lang='lat' dir='ltr'><strong>pluraliter</strong></span> <span class='ocrx_word' id='word_1_542' title='bbox 939 5419 1106 5464; x_wconf 73' lang='lat' dir='ltr'><strong>eteius</strong></span> <span class='ocrx_word' id='word_1_543' title='bbox 1133 5411 1330 5478; x_wconf 86' lang='lat' dir='ltr'><strong>posuit,</strong></span> <span class='ocrx_word' id='word_1_544' title='bbox 1359 5413 1474 5463; x_wconf 86' lang='lat' dir='ltr'><strong>sive</strong></span> <span class='ocrx_word' id='word_1_545' title='bbox 1498 5413 1628 5463; x_wconf 91' lang='lat' dir='ltr'><strong>illud</strong></span> <span class='ocrx_word' id='word_1_546' title='bbox 1656 5413 1853 5467; x_wconf 69' lang='lat' dir='ltr'><strong>emtum</strong></span> 
     </span>
    </p>
   </div>
   <div class='ocr_carea' id='block_1_77' title="bbox 283 5482 1858 5553">
    <p class='ocr_par' dir='ltr' id='par_1_77' title="bbox 283 5482 1858 5553">
     <span class='ocr_line' id='line_1_77' title="bbox 283 5482 1858 5553; baseline 0.002 -20"><span class='ocrx_word' id='word_1_547' title='bbox 283 5482 546 5553; x_wconf 72' lang='lat' dir='ltr'><strong>spiritale,</strong></span> <span class='ocrx_word' id='word_1_548' title='bbox 567 5489 707 5553; x_wconf 86' lang='lat' dir='ltr'><strong>quod</strong></span> <span class='ocrx_word' id='word_1_549' title='bbox 747 5503 853 5538; x_wconf 89' lang='lat' dir='ltr'><strong>non</strong></span> <span class='ocrx_word' id='word_1_550' title='bbox 885 5484 1154 5546; x_wconf 81' lang='lat' dir='ltr'><strong>videmus,</strong></span> <span class='ocrx_word' id='word_1_551' title='bbox 1186 5497 1280 5551; x_wconf 87' lang='lat' dir='ltr'><strong>per</strong></span> <span class='ocrx_word' id='word_1_552' title='bbox 1311 5482 1453 5551; x_wconf 87' lang='lat' dir='ltr'><strong>quod</strong></span> <span class='ocrx_word' id='word_1_553' title='bbox 1487 5485 1661 5551; x_wconf 80' lang='lat' dir='ltr'><strong>angeli</strong></span> <span class='ocrx_word' id='word_1_554' title='bbox 1693 5483 1858 5550; x_wconf 80' lang='lat' dir='ltr'><strong>signi-</strong></span> 
     </span>
    </p>
   </div>
   <div class='ocr_carea' id='block_1_78' title="bbox 285 5551 1856 5623">
    <p class='ocr_par' dir='ltr' id='par_1_78' title="bbox 285 5551 1856 5623">
     <span class='ocr_line' id='line_1_78' title="bbox 285 5551 1856 5623; baseline 0.003 -20"><span class='ocrx_word' id='word_1_555' title='bbox 285 5551 428 5606; x_wconf 83' lang='lat' dir='ltr'><strong>fieati</strong></span> <span class='ocrx_word' id='word_1_556' title='bbox 472 5551 630 5620; x_wconf 71' lang='lat' dir='ltr'><strong>suni;</strong></span> <span class='ocrx_word' id='word_1_557' title='bbox 675 5560 792 5610; x_wconf 85' lang='lat' dir='ltr'><strong>sive</strong></span> <span class='ocrx_word' id='word_1_558' title='bbox 843 5561 948 5610; x_wconf 88' lang='lat' dir='ltr'><strong>hoc</strong></span> <span class='ocrx_word' id='word_1_559' title='bbox 1002 5569 1348 5621; x_wconf 87' lang='lat' dir='ltr'><strong>corporeum,</strong></span> <span class='ocrx_word' id='word_1_560' title='bbox 1395 5559 1537 5623; x_wconf 85' lang='lat' dir='ltr'><strong>quod</strong></span> <span class='ocrx_word' id='word_1_561' title='bbox 1591 5555 1856 5621; x_wconf 85' lang='lat' dir='ltr'><strong>videmus,</strong></span> 
     </span>
    </p>
   </div>
   <div class='ocr_carea' id='block_1_79' title="bbox 286 5624 1862 5689">
    <p class='ocr_par' dir='ltr' id='par_1_79' title="bbox 286 5624 1862 5689">
     <span class='ocr_line' id='line_1_79' title="bbox 286 5624 1862 5689; baseline 0.003 -14"><span class='ocrx_word' id='word_1_562' title='bbox 286 5625 425 5689; x_wconf 85' lang='lat' dir='ltr'><strong>quod</strong></span> <span class='ocrx_word' id='word_1_563' title='bbox 460 5626 847 5681; x_wconf 74' lang='lat' dir='ltr'><strong>ﬁrmamentum</strong></span> <span class='ocrx_word' id='word_1_564' title='bbox 891 5637 974 5681; x_wconf 88' lang='lat' dir='ltr'><strong>est</strong></span> <span class='ocrx_word' id='word_1_565' title='bbox 1021 5635 1291 5679; x_wconf 71' lang='lat' dir='ltr'><strong>viicatuin.</strong></span> <span class='ocrx_word' id='word_1_566' title='bbox 1326 5624 1393 5678; x_wconf 80' lang='lat' dir='ltr'><strong>Et</strong></span> <span class='ocrx_word' id='word_1_567' title='bbox 1432 5627 1597 5679; x_wconf 86' lang='lat' dir='ltr'><strong>omnis</strong></span> <span class='ocrx_word' id='word_1_568' title='bbox 1649 5639 1862 5680; x_wconf 83' lang='lat' dir='ltr'><strong>ornatus</strong></span> 
     </span>
    </p>
   </div>
   <div class='ocr_carea' id='block_1_80' title="bbox 271 5698 1864 5775">
    <p class='ocr_par' dir='ltr' id='par_1_80' title="bbox 271 5698 1864 5775">
     <span class='ocr_line' id='line_1_80' title="bbox 271 5698 1864 5775; baseline 0.004 -29"><span class='ocrx_word' id='word_1_569' title='bbox 271 5706 488 5775; x_wconf 43' lang='lat' dir='ltr'><strong>.oorum.</strong></span> <span class='ocrx_word' id='word_1_570' title='bbox 518 5698 742 5759; x_wconf 73' lang='lat' dir='ltr'><strong>Ornatus</strong></span> <span class='ocrx_word' id='word_1_571' title='bbox 773 5701 1034 5773; x_wconf 70' lang='lat' dir='ltr'><strong>spiritalis</strong></span> <span class='ocrx_word' id='word_1_572' title='bbox 1064 5701 1216 5768; x_wconf 75' lang='grc' dir='ltr'>εωιί,</span> <span class='ocrx_word' id='word_1_573' title='bbox 1251 5699 1429 5768; x_wconf 79' lang='lat' dir='ltr'><strong>angeli</strong></span> <span class='ocrx_word' id='word_1_574' title='bbox 1457 5707 1586 5754; x_wconf 85' lang='lat' dir='ltr'><strong>sunt</strong></span> <span class='ocrx_word' id='word_1_575' title='bbox 1614 5708 1669 5752; x_wconf 89' lang='lat' dir='ltr'><strong>et</strong></span> <span class='ocrx_word' id='word_1_576' title='bbox 1717 5701 1864 5769; x_wconf 80' lang='lat' dir='ltr'><strong>prin-</strong></span> 
     </span>
    </p>
   </div>
   <div class='ocr_carea' id='block_1_81' title="bbox 1869 4455 1922 4513">
    <p class='ocr_par' dir='ltr' id='par_1_81' title="bbox 1869 4455 1922 4513">
     <span class='ocr_line' id='line_1_81' title="bbox 1869 4455 1922 4513; baseline 0 0"><span class='ocrx_word' id='word_1_577' title='bbox 1869 4455 1922 4513; x_wconf 90' lang='lat' dir='ltr'><strong>D</strong></span> 
     </span>
    </p>
   </div>
   <div class='ocr_carea' id='block_1_82' title="bbox 1968 382 3550 463">
    <p class='ocr_par' dir='ltr' id='par_1_82' title="bbox 1968 382 3550 463">
     <span class='ocr_line' id='line_1_82' title="bbox 1968 382 3550 463; baseline 0.008 -27"><span class='ocrx_word' id='word_1_578' title='bbox 1968 382 2117 463; x_wconf 72' lang='lat' dir='ltr'><strong>luna,</strong></span> <span class='ocrx_word' id='word_1_579' title='bbox 2152 397 2384 463; x_wconf 75' lang='lat' dir='ltr'><strong>ornatus</strong></span> <span class='ocrx_word' id='word_1_580' title='bbox 2407 382 2583 463; x_wconf 76' lang='lat' dir='ltr'><strong>autem</strong></span> <span class='ocrx_word' id='word_1_581' title='bbox 2616 399 2794 455; x_wconf 73' lang='lat' dir='ltr'><strong>terrae,</strong></span> <span class='ocrx_word' id='word_1_582' title='bbox 2824 391 3023 456; x_wconf 77' lang='lat' dir='ltr'><strong>maria,</strong></span> <span class='ocrx_word' id='word_1_583' title='bbox 3055 382 3233 446; x_wconf 84' lang='lat' dir='ltr'><strong>erecta</strong></span> <span class='ocrx_word' id='word_1_584' title='bbox 3269 382 3550 463; x_wconf 81' lang='lat' dir='ltr'><strong>montium,</strong></span> 
     </span>
    </p>
   </div>
   <div class='ocr_carea' id='block_1_83' title="bbox 1967 455 3549 533">
    <p class='ocr_par' dir='ltr' id='par_1_83' title="bbox 1967 455 3549 533">
     <span class='ocr_line' id='line_1_83' title="bbox 1967 455 3549 533; baseline 0.008 -25"><span class='ocrx_word' id='word_1_585' title='bbox 1967 455 2244 533; x_wconf 74' lang='lat' dir='ltr'><strong>subducta</strong></span> <span class='ocrx_word' id='word_1_586' title='bbox 2262 457 2505 533; x_wconf 81' lang='lat' dir='ltr'><strong>vallium,</strong></span> <span class='ocrx_word' id='word_1_587' title='bbox 2531 460 2699 514; x_wconf 87' lang='lat' dir='ltr'><strong>densa</strong></span> <span class='ocrx_word' id='word_1_588' title='bbox 2725 455 3062 530; x_wconf 78' lang='lat' dir='ltr'><strong>camporum,</strong></span> <span class='ocrx_word' id='word_1_589' title='bbox 3084 463 3268 529; x_wconf 82' lang='lat' dir='ltr'><strong>lapsus</strong></span> <span class='ocrx_word' id='word_1_590' title='bbox 3289 455 3549 533; x_wconf 70' lang='lat' dir='ltr'><strong>amnium,</strong></span> 
     </span>
    </p>
   </div>
   <div class='ocr_carea' id='block_1_84' title="bbox 1967 524 3556 601">
    <p class='ocr_par' dir='ltr' id='par_1_84' title="bbox 1967 524 3556 601">
     <span class='ocr_line' id='line_1_84' title="bbox 1967 524 3556 601; baseline 0.01 -25"><span class='ocrx_word' id='word_1_591' title='bbox 1967 524 2198 579; x_wconf 89' lang='lat' dir='ltr'><strong>fontium</strong></span> <span class='ocrx_word' id='word_1_592' title='bbox 2225 526 2505 601; x_wconf 80' lang='lat' dir='ltr'><strong>jngitates,</strong></span> <span class='ocrx_word' id='word_1_593' title='bbox 2539 539 2814 598; x_wconf 88' lang='lat' dir='ltr'><strong>pratorum</strong></span> <span class='ocrx_word' id='word_1_594' title='bbox 2847 524 3091 601; x_wconf 74' lang='lat' dir='ltr'><strong>gemmte,</strong></span> <span class='ocrx_word' id='word_1_595' title='bbox 3125 524 3338 595; x_wconf 70' lang='lat' dir='ltr'><strong>frugum</strong></span> <span class='ocrx_word' id='word_1_596' title='bbox 3381 524 3556 592; x_wconf 58' lang='lat' dir='ltr'><strong>varie;</strong></span> 
     </span>
    </p>
   </div>
   <div class='ocr_carea' id='block_1_85' title="bbox 1965 598 3551 670">
    <p class='ocr_par' dir='ltr' id='par_1_85' title="bbox 1965 598 3551 670">
     <span class='ocr_line' id='line_1_85' title="bbox 1965 598 3551 670; baseline 0.01 -23"><span class='ocrx_word' id='word_1_597' title='bbox 1965 603 2125 670; x_wconf 80' lang='lat' dir='ltr'><strong>tates,</strong></span> <span class='ocrx_word' id='word_1_598' title='bbox 2150 598 2357 670; x_wconf 82' lang='lat' dir='ltr'><strong>umbrae</strong></span> <span class='ocrx_word' id='word_1_599' title='bbox 2387 601 2666 666; x_wconf 90' lang='lat' dir='ltr'><strong>arborum,</strong></span> <span class='ocrx_word' id='word_1_600' title='bbox 2698 598 2897 670; x_wconf 75' lang='lat' dir='ltr'><strong>genera</strong></span> <span class='ocrx_word' id='word_1_601' title='bbox 2940 605 3231 665; x_wconf 79' lang='lat' dir='ltr'><strong>seminum,</strong></span> <span class='ocrx_word' id='word_1_602' title='bbox 3264 605 3551 664; x_wconf 85' lang='lat' dir='ltr'><strong>diversitas</strong></span> 
     </span>
    </p>
   </div>
   <div class='ocr_carea' id='block_1_86' title="bbox 1965 667 3547 740">
    <p class='ocr_par' dir='ltr' id='par_1_86' title="bbox 1965 667 3547 740">
     <span class='ocr_line' id='line_1_86' title="bbox 1965 667 3547 740; baseline 0.011 -22"><span class='ocrx_word' id='word_1_603' title='bbox 1965 667 2280 740; x_wconf 72' lang='lat' dir='ltr'><strong>animalium</strong></span> <span class='ocrx_word' id='word_1_604' title='bbox 2301 669 2481 737; x_wconf 89' lang='lat' dir='ltr'><strong>specie</strong></span> <span class='ocrx_word' id='word_1_605' title='bbox 2503 680 2664 740; x_wconf 87' lang='lat' dir='ltr'><strong>atque</strong></span> <span class='ocrx_word' id='word_1_606' title='bbox 2681 667 2881 740; x_wconf 68' lang='lat' dir='ltr'><strong>genere</strong></span> <span class='ocrx_word' id='word_1_607' title='bbox 2904 675 3135 728; x_wconf 90' lang='lat' dir='ltr'><strong>invicem</strong></span> <span class='ocrx_word' id='word_1_608' title='bbox 3159 676 3547 735; x_wconf 78' lang='lat' dir='ltr'><strong>diﬂerentium.</strong></span> 
     </span>
    </p>
   </div>
   <div class='ocr_carea' id='block_1_87' title="bbox 1967 736 3551 819">
    <p class='ocr_par' dir='ltr' id='par_1_87' title="bbox 1967 736 3551 819">
     <span class='ocr_line' id='line_1_87' title="bbox 1967 736 3551 819; baseline 0.009 -30"><span class='ocrx_word' id='word_1_609' title='bbox 1967 736 2604 818; x_wconf 28' lang='lat' dir='ltr'><strong>Quodautem’creatura</strong></span> <span class='ocrx_word' id='word_1_610' title='bbox 2639 736 2871 819; x_wconf 72' lang='lat' dir='ltr'><strong>hominis</strong></span> <span class='ocrx_word' id='word_1_611' title='bbox 2893 755 3043 798; x_wconf 82' lang='lat' dir='ltr'><strong>sexta</strong></span> <span class='ocrx_word' id='word_1_612' title='bbox 3073 746 3168 819; x_wconf 26' lang='lat' dir='ltr'><strong>die.</strong></span> <span class='ocrx_word' id='word_1_613' title='bbox 3188 745 3422 813; x_wconf 87' lang='lat' dir='ltr'><strong>perfecta</strong></span> <span class='ocrx_word' id='word_1_614' title='bbox 3445 761 3551 819; x_wconf 89' lang='lat' dir='ltr'><strong>est,</strong></span> 
     </span>
    </p>
   </div>
   <div class='ocr_carea' id='block_1_88' title="bbox 1962 815 3550 878">
    <p class='ocr_par' dir='ltr' id='par_1_88' title="bbox 1962 815 3550 878">
     <span class='ocr_line' id='line_1_88' title="bbox 1962 815 3550 878; baseline 0.009 -18"><span class='ocrx_word' id='word_1_615' title='bbox 1962 815 2181 861; x_wconf 86' lang='lat' dir='ltr'><strong>senario</strong></span> <span class='ocrx_word' id='word_1_616' title='bbox 2238 824 2468 864; x_wconf 88' lang='lat' dir='ltr'><strong>numero</strong></span> <span class='ocrx_word' id='word_1_617' title='bbox 2521 816 2819 878; x_wconf 87' lang='lat' dir='ltr'><strong>convenit;</strong></span> <span class='ocrx_word' id='word_1_618' title='bbox 2886 823 2942 869; x_wconf 91' lang='lat' dir='ltr'><strong>et</strong></span> <span class='ocrx_word' id='word_1_619' title='bbox 2990 815 3237 872; x_wconf 89' lang='lat' dir='ltr'><strong>senarius</strong></span> <span class='ocrx_word' id='word_1_620' title='bbox 3289 815 3550 875; x_wconf 79' lang='lat' dir='ltr'><strong>numerus</strong></span> 
     </span>
    </p>
   </div>
   <div class='ocr_carea' id='block_1_89' title="bbox 1962 878 3550 959">
    <p class='ocr_par' dir='ltr' id='par_1_89' title="bbox 1962 878 3550 959">
     <span class='ocr_line' id='line_1_89' title="bbox 1962 878 3550 959; baseline 0.009 -28"><span class='ocrx_word' id='word_1_621' title='bbox 1962 878 2148 959; x_wconf 85' lang='lat' dir='ltr'><strong>mundi</strong></span> <span class='ocrx_word' id='word_1_622' title='bbox 2176 889 2257 933; x_wconf 89' lang='lat' dir='ltr'><strong>est</strong></span> <span class='ocrx_word' id='word_1_623' title='bbox 2289 879 2589 959; x_wconf 73' lang='lat' dir='ltr'><strong>perfectio,</strong></span> <span class='ocrx_word' id='word_1_624' title='bbox 2612 885 2737 952; x_wconf 89' lang='lat' dir='ltr'><strong>quia</strong></span> <span class='ocrx_word' id='word_1_625' title='bbox 2779 883 2833 959; x_wconf 80' lang='lat' dir='ltr'><strong>in</strong></span> <span class='ocrx_word' id='word_1_626' title='bbox 2867 884 2986 954; x_wconf 88' lang='lat' dir='ltr'><strong>ipso</strong></span> <span class='ocrx_word' id='word_1_627' title='bbox 3025 889 3114 940; x_wconf 87' lang='lat' dir='ltr'><strong>die</strong></span> <span class='ocrx_word' id='word_1_628' title='bbox 3145 889 3309 959; x_wconf 86' lang='lat' dir='ltr'><strong>totius</strong></span> <span class='ocrx_word' id='word_1_629' title='bbox 3336 892 3550 959; x_wconf 84' lang='lat' dir='ltr'><strong>generis</strong></span> 
     </span>
    </p>
   </div>
   <div class='ocr_carea' id='block_1_90' title="bbox 1961 951 3548 1028">
    <p class='ocr_par' dir='ltr' id='par_1_90' title="bbox 1961 951 3548 1028">
     <span class='ocr_line' id='line_1_90' title="bbox 1961 951 3548 1028; baseline 0.011 -28"><span class='ocrx_word' id='word_1_630' title='bbox 1961 957 2121 1028; x_wconf 79' lang='lat' dir='ltr'><strong>atque</strong></span> <span class='ocrx_word' id='word_1_631' title='bbox 2151 951 2330 1028; x_wconf 74' lang='lat' dir='ltr'><strong>operis</strong></span> <span class='ocrx_word' id='word_1_632' title='bbox 2375 951 2904 1028; x_wconf 43' lang='lat' dir='ltr'><strong>summa_comple&#39;ta&#39;</strong></span> <span class='ocrx_word' id='word_1_633' title='bbox 2924 965 3007 1028; x_wconf 81' lang='lat' dir='ltr'><strong>est</strong></span> <span class='ocrx_word' id='word_1_634' title='bbox 3039 974 3052 1009; x_wconf 89' lang='lat'><strong>:</strong></span> <span class='ocrx_word' id='word_1_635' title='bbox 3085 958 3228 1012; x_wconf 89' lang='lat' dir='ltr'><strong>unde</strong></span> <span class='ocrx_word' id='word_1_636' title='bbox 3259 961 3312 1012; x_wconf 82' lang='lat' dir='ltr'><strong>et</strong></span> <span class='ocrx_word' id='word_1_637' title='bbox 3337 951 3548 1028; x_wconf 73' lang='lat' dir='ltr'><strong>specia-</strong></span> 
     </span>
    </p>
   </div>
   <div class='ocr_carea' id='block_1_91' title="bbox 1958 1018 3548 1098">
    <p class='ocr_par' dir='ltr' id='par_1_91' title="bbox 1958 1018 3548 1098">
     <span class='ocr_line' id='line_1_91' title="bbox 1958 1018 3548 1098; baseline 0.007 -24"><span class='ocrx_word' id='word_1_638' title='bbox 1958 1018 2067 1098; x_wconf 86' lang='lat' dir='ltr'><strong>lem</strong></span> <span class='ocrx_word' id='word_1_639' title='bbox 2099 1022 2387 1089; x_wconf 89' lang='lat' dir='ltr'><strong>quamdam</strong></span> <span class='ocrx_word' id='word_1_640' title='bbox 2411 1031 2571 1098; x_wconf 87' lang='lat' dir='ltr'><strong>_tenet</strong></span> <span class='ocrx_word' id='word_1_641' title='bbox 2600 1018 2770 1098; x_wconf 74' lang='lat' dir='ltr'><strong>hujus</strong></span> <span class='ocrx_word' id='word_1_642' title='bbox 2800 1027 3009 1098; x_wconf 85' lang='lat' dir='ltr'><strong>numeri</strong></span> <span class='ocrx_word' id='word_1_643' title='bbox 3033 1028 3296 1097; x_wconf 84' lang='lat' dir='ltr'><strong>perfectio</strong></span> <span class='ocrx_word' id='word_1_644' title='bbox 3317 1018 3548 1098; x_wconf 79' lang='lat' dir='ltr'><strong>dignita-</strong></span> 
     </span>
    </p>
   </div>
   <div class='ocr_carea' id='block_1_92' title="bbox 1960 1094 3546 1166">
    <p class='ocr_par' dir='ltr' id='par_1_92' title="bbox 1960 1094 3546 1166">
     <span class='ocr_line' id='line_1_92' title="bbox 1960 1094 3546 1166; baseline 0.011 -24"><span class='ocrx_word' id='word_1_645' title='bbox 1960 1097 2066 1166; x_wconf 83' lang='lat' dir='ltr'><strong>tem</strong></span> <span class='ocrx_word' id='word_1_646' title='bbox 2097 1107 2110 1154; x_wconf 91' lang='lat'><strong>;</strong></span> <span class='ocrx_word' id='word_1_647' title='bbox 2143 1107 2306 1145; x_wconf 91' lang='lat' dir='ltr'><strong>unum</strong></span> <span class='ocrx_word' id='word_1_648' title='bbox 2336 1094 2481 1147; x_wconf 88' lang='lat' dir='ltr'><strong>enim</strong></span> <span class='ocrx_word' id='word_1_649' title='bbox 2527 1105 2582 1166; x_wconf 83' lang='lat' dir='ltr'><strong>et</strong></span> <span class='ocrx_word' id='word_1_650' title='bbox 2613 1097 2719 1148; x_wconf 92' lang='lat' dir='ltr'><strong>duo</strong></span> <span class='ocrx_word' id='word_1_651' title='bbox 2745 1106 2799 1149; x_wconf 85' lang='lat' dir='ltr'><strong>et</strong></span> <span class='ocrx_word' id='word_1_652' title='bbox 2826 1097 2950 1158; x_wconf 88' lang='lat' dir='ltr'><strong>tria.</strong></span> <span class='ocrx_word' id='word_1_653' title='bbox 2981 1094 3074 1152; x_wconf 76' lang='lat' dir='ltr'><strong>sex</strong></span> <span class='ocrx_word' id='word_1_654' title='bbox 3123 1094 3546 1166; x_wconf 80' lang='lat' dir='ltr'><strong>faciuiit;lialiet</strong></span> 
     </span>
    </p>
   </div>
   <div class='ocr_carea' id='block_1_93' title="bbox 1959 1161 3542 1232">
    <p class='ocr_par' dir='ltr' id='par_1_93' title="bbox 1959 1161 3542 1232">
     <span class='ocr_line' id='line_1_93' title="bbox 1959 1161 3542 1232; baseline 0.009 -21"><span class='ocrx_word' id='word_1_655' title='bbox 1959 1161 2101 1232; x_wconf 78' lang='lat' dir='ltr'><strong>enim</strong></span> <span class='ocrx_word' id='word_1_656' title='bbox 2134 1171 2244 1215; x_wconf 91' lang='lat' dir='ltr'><strong>tres</strong></span> <span class='ocrx_word' id='word_1_657' title='bbox 2278 1174 2455 1232; x_wconf 86' lang='lat' dir='ltr'><strong>partes</strong></span> <span class='ocrx_word' id='word_1_658' title='bbox 2484 1164 2641 1228; x_wconf 86' lang='lat' dir='ltr'><strong>tales,</strong></span> <span class='ocrx_word' id='word_1_659' title='bbox 2671 1174 2899 1231; x_wconf 81' lang='lat' dir='ltr'><strong>sextam,</strong></span> <span class='ocrx_word' id='word_1_660' title='bbox 2927 1171 3138 1222; x_wconf 89' lang='lat' dir='ltr'><strong>tertiam</strong></span> <span class='ocrx_word' id='word_1_661' title='bbox 3166 1180 3218 1224; x_wconf 92' lang='lat' dir='ltr'><strong>et</strong></span> <span class='ocrx_word' id='word_1_662' title='bbox 3245 1161 3542 1226; x_wconf 85' lang='lat' dir='ltr'><strong>dimidiam.</strong></span> 
     </span>
    </p>
   </div>
   <div class='ocr_carea' id='block_1_94' title="bbox 1956 1229 3546 1306">
    <p class='ocr_par' dir='ltr' id='par_1_94' title="bbox 1956 1229 3546 1306">
     <span class='ocr_line' id='line_1_94' title="bbox 1956 1229 3546 1306; baseline 0.011 -22"><span class='ocrx_word' id='word_1_663' title='bbox 1956 1229 2122 1306; x_wconf 81' lang='lat' dir='ltr'><strong>Sexta</strong></span> <span class='ocrx_word' id='word_1_664' title='bbox 2169 1229 2288 1300; x_wconf 76' lang='lat' dir='ltr'><strong>ejus</strong></span> <span class='ocrx_word' id='word_1_665' title='bbox 2336 1249 2473 1288; x_wconf 88' lang='lat' dir='ltr'><strong>unus</strong></span> <span class='ocrx_word' id='word_1_666' title='bbox 2527 1245 2634 1300; x_wconf 87' lang='lat' dir='ltr'><strong>est,</strong></span> <span class='ocrx_word' id='word_1_667' title='bbox 2668 1240 2822 1290; x_wconf 88' lang='lat' dir='ltr'><strong>tertia</strong></span> <span class='ocrx_word' id='word_1_668' title='bbox 2872 1229 3240 1306; x_wconf 86' lang='lat' dir='ltr'><strong>duo,dimidia</strong></span> <span class='ocrx_word' id='word_1_669' title='bbox 3291 1254 3420 1297; x_wconf 90' lang='lat' dir='ltr'><strong>tres.</strong></span> <span class='ocrx_word' id='word_1_670' title='bbox 3452 1244 3546 1301; x_wconf 65' lang='lat' dir='ltr'><strong>lla:</strong></span> 
     </span>
    </p>
   </div>
   <div class='ocr_carea' id='block_1_95' title="bbox 1958 1303 3559 1376">
    <p class='ocr_par' dir='ltr' id='par_1_95' title="bbox 1958 1303 3559 1376">
     <span class='ocr_line' id='line_1_95' title="bbox 1958 1303 3559 1376; baseline 0.009 -23"><span class='ocrx_word' id='word_1_671' title='bbox 1958 1303 2118 1376; x_wconf 83' lang='lat' dir='ltr'><strong>trium</strong></span> <span class='ocrx_word' id='word_1_672' title='bbox 2144 1313 2325 1370; x_wconf 87' lang='lat' dir='ltr'><strong>partes</strong></span> <span class='ocrx_word' id='word_1_673' title='bbox 2356 1306 2411 1357; x_wconf 87' lang='lat' dir='ltr'><strong>in</strong></span> <span class='ocrx_word' id='word_1_674' title='bbox 2442 1321 2651 1376; x_wconf 84' lang='lat' dir='ltr'><strong>summa</strong></span> <span class='ocrx_word' id='word_1_675' title='bbox 2685 1309 2869 1369; x_wconf 84' lang='lat' dir='ltr'><strong>ducta.</strong></span> <span class='ocrx_word' id='word_1_676' title='bbox 2906 1310 2956 1362; x_wconf 91' lang='lat' dir='ltr'><strong>id</strong></span> <span class='ocrx_word' id='word_1_677' title='bbox 2983 1303 3093 1376; x_wconf 83' lang='lat' dir='ltr'><strong>est,</strong></span> <span class='ocrx_word' id='word_1_678' title='bbox 3130 1327 3317 1376; x_wconf 89' lang='lat' dir='ltr'><strong>unum,</strong></span> <span class='ocrx_word' id='word_1_679' title='bbox 3347 1315 3454 1367; x_wconf 89' lang='lat' dir='ltr'><strong>duo</strong></span> <span class='ocrx_word' id='word_1_680' title='bbox 3492 1323 3559 1368; x_wconf 38' lang='lat' dir='ltr'><strong>ett</strong></span> 
     </span>
    </p>
   </div>
   <div class='ocr_carea' id='block_1_96' title="bbox 1955 1374 3542 1451">
    <p class='ocr_par' dir='ltr' id='par_1_96' title="bbox 1955 1374 3542 1451">
     <span class='ocr_line' id='line_1_96' title="bbox 1955 1374 3542 1451; baseline 0.009 -27"><span class='ocrx_word' id='word_1_681' title='bbox 1955 1374 2075 1451; x_wconf 75' lang='lat' dir='ltr'><strong>tria,</strong></span> <span class='ocrx_word' id='word_1_682' title='bbox 2110 1376 2268 1427; x_wconf 87' lang='lat' dir='ltr'><strong>smiul</strong></span> <span class='ocrx_word' id='word_1_683' title='bbox 2302 1375 2550 1430; x_wconf 88' lang='lat' dir='ltr'><strong>eumdem</strong></span> <span class='ocrx_word' id='word_1_684' title='bbox 2589 1389 2989 1445; x_wconf 87' lang='lat' dir='ltr'><strong>consummant,</strong></span> <span class='ocrx_word' id='word_1_685' title='bbox 3027 1374 3426 1451; x_wconf 76' lang='lat' dir='ltr'><strong>perﬁi:iuiitqtie</strong></span> <span class='ocrx_word' id='word_1_686' title='bbox 3454 1399 3542 1439; x_wconf 87' lang='lat' dir='ltr'><strong>se-</strong></span> 
     </span>
    </p>
   </div>
   <div class='ocr_carea' id='block_1_97' title="bbox 1958 1446 3543 1523">
    <p class='ocr_par' dir='ltr' id='par_1_97' title="bbox 1958 1446 3543 1523">
     <span class='ocr_line' id='line_1_97' title="bbox 1958 1446 3543 1523; baseline 0.009 -28"><span class='ocrx_word' id='word_1_687' title='bbox 1958 1446 2169 1523; x_wconf 77' lang='lat' dir='ltr'><strong>narium</strong></span> <span class='ocrx_word' id='word_1_688' title='bbox 2201 1461 2509 1523; x_wconf 76' lang='lat' dir='ltr'><strong>numerum,</strong></span> <span class='ocrx_word' id='word_1_689' title='bbox 2538 1463 2672 1523; x_wconf 48' lang='lat' dir='ltr'><strong>qua}</strong></span> <span class='ocrx_word' id='word_1_690' title='bbox 2693 1461 2780 1523; x_wconf 79' lang='lat' dir='ltr'><strong>est</strong></span> <span class='ocrx_word' id='word_1_691' title='bbox 2806 1452 2945 1505; x_wconf 89' lang='lat' dir='ltr'><strong>ratio</strong></span> <span class='ocrx_word' id='word_1_692' title='bbox 2977 1446 3041 1503; x_wconf 37' lang='lat' dir='ltr'><strong>in.</strong></span> <span class='ocrx_word' id='word_1_693' title='bbox 3064 1446 3386 1522; x_wconf 82' lang='lat' dir='ltr'><strong>reliquaruiu</strong></span> <span class='ocrx_word' id='word_1_694' title='bbox 3423 1470 3543 1523; x_wconf 90' lang='lat' dir='ltr'><strong>par-</strong></span> 
     </span>
    </p>
   </div>
   <div class='ocr_carea' id='block_1_98' title="bbox 1955 1514 3538 1590">
    <p class='ocr_par' dir='ltr' id='par_1_98' title="bbox 1955 1514 3538 1590">
     <span class='ocr_line' id='line_1_98' title="bbox 1955 1514 3538 1590; baseline 0.009 -25"><span class='ocrx_word' id='word_1_695' title='bbox 1955 1514 2103 1590; x_wconf 25' lang='lat' dir='ltr'><strong>t_i_ui_n-</strong></span> <span class='ocrx_word' id='word_1_696' title='bbox 2139 1530 2387 1590; x_wconf 85' lang='lat' dir='ltr'><strong>numero.</strong></span> <span class='ocrx_word' id='word_1_697' title='bbox 2424 1514 2592 1586; x_wconf 75' lang='lat' dir='ltr'><strong>igitur</strong></span> <span class='ocrx_word' id='word_1_698' title='bbox 2621 1519 2818 1573; x_wconf 86' lang='lat' dir='ltr'><strong>divisio</strong></span> <span class='ocrx_word' id='word_1_699' title='bbox 2849 1523 3076 1574; x_wconf 90' lang='lat' dir='ltr'><strong>duorum</strong></span> <span class='ocrx_word' id='word_1_700' title='bbox 3125 1514 3197 1574; x_wconf 46' lang='lat' dir='ltr'><strong>in-</strong></span> <span class='ocrx_word' id='word_1_701' title='bbox 3218 1538 3381 1578; x_wconf 91' lang='lat' dir='ltr'><strong>unum</strong></span> <span class='ocrx_word' id='word_1_702' title='bbox 3423 1514 3538 1590; x_wconf 63' lang='lat' dir='ltr'><strong>&#39;cst;</strong></span> 
     </span>
    </p>
   </div>
   <div class='ocr_carea' id='block_1_99' title="bbox 1951 1583 3542 1657">
    <p class='ocr_par' dir='ltr' id='par_1_99' title="bbox 1951 1583 3542 1657">
     <span class='ocr_line' id='line_1_99' title="bbox 1951 1583 3542 1657; baseline 0.008 -21"><span class='ocrx_word' id='word_1_703' title='bbox 1951 1583 2143 1638; x_wconf 88' lang='lat' dir='ltr'><strong>divisio</strong></span> <span class='ocrx_word' id='word_1_704' title='bbox 2181 1589 2339 1640; x_wconf 91' lang='lat' dir='ltr'><strong>trium</strong></span> <span class='ocrx_word' id='word_1_705' title='bbox 2371 1589 2421 1640; x_wconf 91' lang='lat' dir='ltr'><strong>in</strong></span> <span class='ocrx_word' id='word_1_706' title='bbox 2453 1583 2630 1642; x_wconf 56' lang='lat' dir='ltr'><strong>&#39;unum</strong></span> <span class='ocrx_word' id='word_1_707' title='bbox 2674 1599 2778 1644; x_wconf 90' lang='lat' dir='ltr'><strong>est.</strong></span> <span class='ocrx_word' id='word_1_708' title='bbox 2803 1591 2938 1657; x_wconf 84' lang='lat' dir='ltr'><strong>Quid</strong></span> <span class='ocrx_word' id='word_1_709' title='bbox 2977 1591 3120 1645; x_wconf 88' lang='lat' dir='ltr'><strong>aliud</strong></span> <span class='ocrx_word' id='word_1_710' title='bbox 3155 1592 3241 1646; x_wconf 91' lang='lat' dir='ltr'><strong>bic</strong></span> <span class='ocrx_word' id='word_1_711' title='bbox 3284 1583 3542 1649; x_wconf 81' lang='lat' dir='ltr'><strong>numerus</strong></span> 
     </span>
    </p>
   </div>
   <div class='ocr_carea' id='block_1_100' title="bbox 1950 1658 3540 1734">
    <p class='ocr_par' dir='ltr' id='par_1_100' title="bbox 1950 1658 3540 1734">
     <span class='ocr_line' id='line_1_100' title="bbox 1950 1658 3540 1734; baseline 0.008 -28"><span class='ocrx_word' id='word_1_712' title='bbox 1950 1658 2206 1734; x_wconf 79' lang='lat' dir='ltr'><strong>ostendit,</strong></span> <span class='ocrx_word' id='word_1_713' title='bbox 2229 1660 2340 1734; x_wconf 80' lang='lat' dir='ltr'><strong>_ttisi</strong></span> <span class='ocrx_word' id='word_1_714' title='bbox 2365 1659 2713 1734; x_wconf 82' lang='lat' dir='ltr'><strong>Trinitatem,</strong></span> <span class='ocrx_word' id='word_1_715' title='bbox 2735 1676 2854 1728; x_wconf 80' lang='lat' dir='ltr'><strong>qua:</strong></span> <span class='ocrx_word' id='word_1_716' title='bbox 2889 1663 3027 1716; x_wconf 87' lang='lat' dir='ltr'><strong>Dens</strong></span> <span class='ocrx_word' id='word_1_717' title='bbox 3059 1662 3173 1715; x_wconf 85' lang='lat' dir='ltr'><strong>est?</strong></span> <span class='ocrx_word' id='word_1_718' title='bbox 3201 1679 3321 1732; x_wconf 76' lang='lat' dir='ltr'><strong>qua-</strong></span> <span class='ocrx_word' id='word_1_719' title='bbox 3351 1680 3540 1734; x_wconf 78' lang='lat' dir='ltr'><strong>qnam—</strong></span> 
     </span>
    </p>
   </div>
   <div class='ocr_carea' id='block_1_101' title="bbox 1948 1726 3536 1795">
    <p class='ocr_par' dir='ltr' id='par_1_101' title="bbox 1948 1726 3536 1795">
     <span class='ocr_line' id='line_1_101' title="bbox 1948 1726 3536 1795; baseline 0.008 -18"><span class='ocrx_word' id='word_1_720' title='bbox 1948 1726 2028 1780; x_wconf 88' lang='lat' dir='ltr'><strong>vis</strong></span> <span class='ocrx_word' id='word_1_721' title='bbox 2057 1738 2166 1782; x_wconf 89' lang='lat' dir='ltr'><strong>tres</strong></span> <span class='ocrx_word' id='word_1_722' title='bbox 2197 1731 2305 1781; x_wconf 85' lang='lat' dir='ltr'><strong>sint</strong></span> <span class='ocrx_word' id='word_1_723' title='bbox 2337 1744 2606 1795; x_wconf 52' lang='lat' dir='ltr'><strong>personat,</strong></span> <span class='ocrx_word' id='word_1_724' title='bbox 2642 1731 2693 1784; x_wconf 89' lang='lat' dir='ltr'><strong>iii</strong></span> <span class='ocrx_word' id='word_1_725' title='bbox 2739 1726 2840 1785; x_wconf 85' lang='lat' dir='ltr'><strong>una</strong></span> <span class='ocrx_word' id='word_1_726' title='bbox 2875 1745 3053 1787; x_wconf 86' lang='lat' dir='ltr'><strong>tamen</strong></span> <span class='ocrx_word' id='word_1_727' title='bbox 3085 1726 3382 1788; x_wconf 72' lang='lat' dir='ltr'><strong>creduntur</strong></span> <span class='ocrx_word' id='word_1_728' title='bbox 3412 1737 3536 1789; x_wconf 91' lang='lat' dir='ltr'><strong>uni-</strong></span> 
     </span>
    </p>
   </div>
   <div class='ocr_carea' id='block_1_102' title="bbox 1945 1799 3536 1869">
    <p class='ocr_par' dir='ltr' id='par_1_102' title="bbox 1945 1799 3536 1869">
     <span class='ocr_line' id='line_1_102' title="bbox 1945 1799 3536 1869; baseline 0.008 -21"><span class='ocrx_word' id='word_1_729' title='bbox 1945 1805 2055 1869; x_wconf 81' lang='lat' dir='ltr'><strong>tate</strong></span> <span class='ocrx_word' id='word_1_730' title='bbox 2092 1809 2316 1852; x_wconf 67' lang='lat' dir='ltr'><strong>natursr.</strong></span> <span class='ocrx_word' id='word_1_731' title='bbox 2348 1799 2520 1853; x_wconf 91' lang='lat' dir='ltr'><strong>Unum</strong></span> <span class='ocrx_word' id='word_1_732' title='bbox 2548 1816 2699 1869; x_wconf 87' lang='lat' dir='ltr'><strong>ergo,</strong></span> <span class='ocrx_word' id='word_1_733' title='bbox 2721 1813 2776 1856; x_wconf 93' lang='lat' dir='ltr'><strong>et</strong></span> <span class='ocrx_word' id='word_1_734' title='bbox 2807 1804 2934 1862; x_wconf 88' lang='lat' dir='ltr'><strong>duo,</strong></span> <span class='ocrx_word' id='word_1_735' title='bbox 2961 1819 3011 1856; x_wconf 84' lang='lat' dir='ltr'><strong>et</strong></span> <span class='ocrx_word' id='word_1_736' title='bbox 3037 1809 3272 1869; x_wconf 83' lang='lat' dir='ltr'><strong>tria,sex</strong></span> <span class='ocrx_word' id='word_1_737' title='bbox 3305 1807 3536 1860; x_wconf 81' lang='lat' dir='ltr'><strong>iaciunt:</strong></span> 
     </span>
    </p>
   </div>
   <div class='ocr_carea' id='block_1_103' title="bbox 1941 1867 3535 1941">
    <p class='ocr_par' dir='ltr' id='par_1_103' title="bbox 1941 1867 3535 1941">
     <span class='ocr_line' id='line_1_103' title="bbox 1941 1867 3535 1941; baseline 0.008 -22"><span class='ocrx_word' id='word_1_738' title='bbox 1941 1867 2173 1941; x_wconf 76' lang='lat' dir='ltr'><strong>ideoque</strong></span> <span class='ocrx_word' id='word_1_739' title='bbox 2205 1879 2424 1938; x_wconf 89' lang='lat' dir='ltr'><strong>propter</strong></span> <span class='ocrx_word' id='word_1_740' title='bbox 2454 1875 2570 1937; x_wconf 81' lang='lat' dir='ltr'><strong>ejus</strong></span> <span class='ocrx_word' id='word_1_741' title='bbox 2604 1867 2818 1926; x_wconf 76' lang='lat' dir='ltr'><strong>numeri</strong></span> <span class='ocrx_word' id='word_1_742' title='bbox 2852 1867 3272 1941; x_wconf 76' lang='lat' dir='ltr'><strong>perfectionem,</strong></span> <span class='ocrx_word' id='word_1_743' title='bbox 3301 1892 3397 1929; x_wconf 82' lang='lat' dir='ltr'><strong>sex</strong></span> <span class='ocrx_word' id='word_1_744' title='bbox 3425 1877 3535 1933; x_wconf 83' lang='lat' dir='ltr'><strong>die-</strong></span> 
     </span>
    </p>
   </div>
   <div class='ocr_carea' id='block_1_104' title="bbox 1941 1936 3537 2014">
    <p class='ocr_par' dir='ltr' id='par_1_104' title="bbox 1941 1936 3537 2014">
     <span class='ocr_line' id='line_1_104' title="bbox 1941 1936 3537 2014; baseline 0.007 -24"><span class='ocrx_word' id='word_1_745' title='bbox 1941 1936 2044 1992; x_wconf 88' lang='lat' dir='ltr'><strong>bus</strong></span> <span class='ocrx_word' id='word_1_746' title='bbox 2069 1936 2322 2014; x_wconf 78' lang='lat' dir='ltr'><strong>operatus</strong></span> <span class='ocrx_word' id='word_1_747' title='bbox 2363 1948 2446 1992; x_wconf 88' lang='lat' dir='ltr'><strong>est</strong></span> <span class='ocrx_word' id='word_1_748' title='bbox 2484 1936 2699 2014; x_wconf 82' lang='lat' dir='ltr'><strong>omnem</strong></span> <span class='ocrx_word' id='word_1_749' title='bbox 2733 1936 3071 1997; x_wconf 78' lang='lat' dir='ltr'><strong>creaturam.</strong></span> <span class='ocrx_word' id='word_1_750' title='bbox 3104 1947 3237 1998; x_wconf 80' lang='lat' dir='ltr'><strong>Tres</strong></span> <span class='ocrx_word' id='word_1_751' title='bbox 3261 1936 3388 2000; x_wconf 70' lang='lat' dir='ltr'><strong>istae</strong></span> <span class='ocrx_word' id='word_1_752' title='bbox 3414 1961 3537 2014; x_wconf 66' lang='lat' dir='ltr'><strong>paro</strong></span> 
     </span>
    </p>
   </div>
   <div class='ocr_carea' id='block_1_105' title="bbox 1943 2011 3533 2073">
    <p class='ocr_par' dir='ltr' id='par_1_105' title="bbox 1943 2011 3533 2073">
     <span class='ocr_line' id='line_1_105' title="bbox 1943 2011 3533 2073; baseline 0.008 -12"><span class='ocrx_word' id='word_1_753' title='bbox 1943 2016 2025 2061; x_wconf 91' lang='lat' dir='ltr'><strong>tes</strong></span> <span class='ocrx_word' id='word_1_754' title='bbox 2070 2011 2272 2063; x_wconf 90' lang='lat' dir='ltr'><strong>senarii</strong></span> <span class='ocrx_word' id='word_1_755' title='bbox 2320 2012 2527 2063; x_wconf 90' lang='lat' dir='ltr'><strong>numeri</strong></span> <span class='ocrx_word' id='word_1_756' title='bbox 2580 2011 2966 2068; x_wconf 89' lang='lat' dir='ltr'><strong>demonstrant</strong></span> <span class='ocrx_word' id='word_1_757' title='bbox 3017 2015 3176 2068; x_wconf 89' lang='lat' dir='ltr'><strong>nobis</strong></span> <span class='ocrx_word' id='word_1_758' title='bbox 3206 2011 3533 2073; x_wconf 71' lang='lat' dir='ltr'><strong>Trinitatem</strong></span> 
     </span>
    </p>
   </div>
   <div class='ocr_carea' id='block_1_106' title="bbox 1941 2077 3534 2153">
    <p class='ocr_par' dir='ltr' id='par_1_106' title="bbox 1941 2077 3534 2153">
     <span class='ocr_line' id='line_1_106' title="bbox 1941 2077 3534 2153; baseline 0.006 -22"><span class='ocrx_word' id='word_1_759' title='bbox 1941 2077 2156 2153; x_wconf 82' lang='lat' dir='ltr'><strong>Domini</strong></span> <span class='ocrx_word' id='word_1_760' title='bbox 2208 2080 2260 2132; x_wconf 90' lang='lat' dir='ltr'><strong>iti</strong></span> <span class='ocrx_word' id='word_1_761' title='bbox 2300 2081 2543 2134; x_wconf 89' lang='lat' dir='ltr'><strong>trinitate</strong></span> <span class='ocrx_word' id='word_1_762' title='bbox 2588 2082 2827 2150; x_wconf 88' lang='lat' dir='ltr'><strong>numeri,</strong></span> <span class='ocrx_word' id='word_1_763' title='bbox 2863 2101 3131 2138; x_wconf 79' lang='lat' dir='ltr'><strong>mensurae</strong></span> <span class='ocrx_word' id='word_1_764' title='bbox 3176 2094 3230 2138; x_wconf 89' lang='lat' dir='ltr'><strong>et</strong></span> <span class='ocrx_word' id='word_1_765' title='bbox 3277 2089 3534 2153; x_wconf 88' lang='lat' dir='ltr'><strong>ponderis</strong></span> 
     </span>
    </p>
   </div>
   <div class='ocr_carea' id='block_1_107' title="bbox 1941 2149 3532 2222">
    <p class='ocr_par' dir='ltr' id='par_1_107' title="bbox 1941 2149 3532 2222">
     <span class='ocr_line' id='line_1_107' title="bbox 1941 2149 3532 2222; baseline 0.008 -21"><span class='ocrx_word' id='word_1_766' title='bbox 1941 2149 2135 2204; x_wconf 67' lang='lat' dir='ltr'><strong>leciSse</strong></span> <span class='ocrx_word' id='word_1_767' title='bbox 2191 2164 2405 2204; x_wconf 90' lang='lat' dir='ltr'><strong>omnem</strong></span> <span class='ocrx_word' id='word_1_768' title='bbox 2458 2163 2788 2219; x_wconf 89' lang='lat' dir='ltr'><strong>creaturam,</strong></span> <span class='ocrx_word' id='word_1_769' title='bbox 2834 2157 3013 2209; x_wconf 89' lang='lat' dir='ltr'><strong>omnia</strong></span> <span class='ocrx_word' id='word_1_770' title='bbox 3066 2156 3118 2208; x_wconf 93' lang='lat' dir='ltr'><strong>in</strong></span> <span class='ocrx_word' id='word_1_771' title='bbox 3173 2149 3423 2222; x_wconf 80' lang='lat' dir='ltr'><strong>numero,</strong></span> <span class='ocrx_word' id='word_1_772' title='bbox 3478 2170 3532 2212; x_wconf 88' lang='lat' dir='ltr'><strong>et</strong></span> 
     </span>
    </p>
   </div>
   <div class='ocr_carea' id='block_1_108' title="bbox 1941 2223 3533 2296">
    <p class='ocr_par' dir='ltr' id='par_1_108' title="bbox 1941 2223 3533 2296">
     <span class='ocr_line' id='line_1_108' title="bbox 1941 2223 3533 2296; baseline 0.007 -24"><span class='ocrx_word' id='word_1_773' title='bbox 1941 2235 2218 2296; x_wconf 27' lang='lat' dir='ltr'><strong>iiien‘sura,</strong></span> <span class='ocrx_word' id='word_1_774' title='bbox 2249 2231 2311 2296; x_wconf 81' lang='lat' dir='ltr'><strong>et</strong></span> <span class='ocrx_word' id='word_1_775' title='bbox 2341 2223 2581 2296; x_wconf 89' lang='lat' dir='ltr'><strong>pondere</strong></span> <span class='ocrx_word' id='word_1_776' title='bbox 2607 2224 2899 2296; x_wconf 79' lang='lat' dir='ltr'><strong>diSposuit,</strong></span> <span class='ocrx_word' id='word_1_777' title='bbox 2930 2227 3071 2280; x_wconf 91' lang='lat' dir='ltr'><strong>idem</strong></span> <span class='ocrx_word' id='word_1_778' title='bbox 3106 2225 3233 2296; x_wconf 87' lang='lat' dir='ltr'><strong>quia</strong></span> <span class='ocrx_word' id='word_1_779' title='bbox 3265 2229 3444 2280; x_wconf 88' lang='lat' dir='ltr'><strong>omnia</strong></span> <span class='ocrx_word' id='word_1_780' title='bbox 3478 2229 3533 2283; x_wconf 89' lang='lat' dir='ltr'><strong>in</strong></span> 
     </span>
    </p>
   </div>
   <div class='ocr_carea' id='block_1_109' title="bbox 1939 2291 3532 2364">
    <p class='ocr_par' dir='ltr' id='par_1_109' title="bbox 1939 2291 3532 2364">
     <span class='ocr_line' id='line_1_109' title="bbox 1939 2291 3532 2364; baseline 0.006 -21"><span class='ocrx_word' id='word_1_781' title='bbox 1939 2304 2000 2343; x_wconf 89' lang='lat' dir='ltr'><strong>se</strong></span> <span class='ocrx_word' id='word_1_782' title='bbox 2022 2291 2308 2360; x_wconf 68' lang='lat' dir='ltr'><strong>disposuit,</strong></span> <span class='ocrx_word' id='word_1_783' title='bbox 2333 2295 2456 2361; x_wconf 90' lang='lat' dir='ltr'><strong>quia</strong></span> <span class='ocrx_word' id='word_1_784' title='bbox 2479 2295 2659 2347; x_wconf 83' lang='lat' dir='ltr'><strong>omnia</strong></span> <span class='ocrx_word' id='word_1_785' title='bbox 2686 2291 2807 2364; x_wconf 50' lang='lat' dir='ltr'><strong>qua).</strong></span> <span class='ocrx_word' id='word_1_786' title='bbox 2833 2295 2986 2362; x_wconf 84' lang='lat' dir='ltr'><strong>fecit,</strong></span> <span class='ocrx_word' id='word_1_787' title='bbox 3014 2291 3288 2363; x_wconf 83' lang='lat' dir='ltr'><strong>numeros,</strong></span> <span class='ocrx_word' id='word_1_788' title='bbox 3305 2305 3358 2350; x_wconf 86' lang='lat' dir='ltr'><strong>et</strong></span> <span class='ocrx_word' id='word_1_789' title='bbox 3381 2314 3532 2353; x_wconf 90' lang='lat' dir='ltr'><strong>men-</strong></span> 
     </span>
    </p>
   </div>
   <div class='ocr_carea' id='block_1_110' title="bbox 1939 2363 3531 2430">
    <p class='ocr_par' dir='ltr' id='par_1_110' title="bbox 1939 2363 3531 2430">
     <span class='ocr_line' id='line_1_110' title="bbox 1939 2363 3531 2430; baseline 0.006 -16"><span class='ocrx_word' id='word_1_790' title='bbox 1939 2375 2146 2427; x_wconf 87' lang='lat' dir='ltr'><strong>suram,</strong></span> <span class='ocrx_word' id='word_1_791' title='bbox 2180 2371 2234 2416; x_wconf 91' lang='lat' dir='ltr'><strong>et</strong></span> <span class='ocrx_word' id='word_1_792' title='bbox 2269 2364 2476 2430; x_wconf 90' lang='lat' dir='ltr'><strong>pondus</strong></span> <span class='ocrx_word' id='word_1_793' title='bbox 2512 2363 2736 2419; x_wconf 81' lang='lat' dir='ltr'><strong>habent.</strong></span> <span class='ocrx_word' id='word_1_794' title='bbox 2770 2366 2900 2421; x_wconf 81' lang='lat' dir='ltr'><strong>POSt</strong></span> <span class='ocrx_word' id='word_1_795' title='bbox 2947 2372 3064 2422; x_wconf 66' lang='lat' dir='ltr'><strong>haec</strong></span> <span class='ocrx_word' id='word_1_796' title='bbox 3093 2367 3219 2421; x_wconf 85' lang='lat' dir='ltr'><strong>fecit</strong></span> <span class='ocrx_word' id='word_1_797' title='bbox 3250 2367 3396 2421; x_wconf 87' lang='lat' dir='ltr'><strong>Deus</strong></span> <span class='ocrx_word' id='word_1_798' title='bbox 3429 2369 3531 2424; x_wconf 88' lang='lat' dir='ltr'><strong>lio-</strong></span> 
     </span>
    </p>
   </div>
   <div class='ocr_carea' id='block_1_111' title="bbox 1939 2434 3528 2507">
    <p class='ocr_par' dir='ltr' id='par_1_111' title="bbox 1939 2434 3528 2507">
     <span class='ocr_line' id='line_1_111' title="bbox 1939 2434 3528 2507; baseline 0.004 -21"><span class='ocrx_word' id='word_1_799' title='bbox 1939 2434 2140 2507; x_wconf 84' lang='lat' dir='ltr'><strong>minem</strong></span> <span class='ocrx_word' id='word_1_800' title='bbox 2164 2435 2229 2487; x_wconf 88' lang='lat' dir='ltr'><strong>ad</strong></span> <span class='ocrx_word' id='word_1_801' title='bbox 2257 2434 2542 2507; x_wconf 88' lang='lat' dir='ltr'><strong>imaginem</strong></span> <span class='ocrx_word' id='word_1_802' title='bbox 2566 2450 2743 2500; x_wconf 90' lang='lat' dir='ltr'><strong>suam,</strong></span> <span class='ocrx_word' id='word_1_803' title='bbox 2771 2440 3071 2504; x_wconf 88' lang='lat' dir='ltr'><strong>perlectum</strong></span> <span class='ocrx_word' id='word_1_804' title='bbox 3101 2441 3312 2492; x_wconf 89' lang='lat' dir='ltr'><strong>scilicet</strong></span> <span class='ocrx_word' id='word_1_805' title='bbox 3333 2442 3528 2507; x_wconf 89' lang='lat' dir='ltr'><strong>virum,</strong></span> 
     </span>
    </p>
   </div>
   <div class='ocr_carea' id='block_1_112' title="bbox 1939 2503 3531 2576">
    <p class='ocr_par' dir='ltr' id='par_1_112' title="bbox 1939 2503 3531 2576">
     <span class='ocr_line' id='line_1_112' title="bbox 1939 2503 3531 2576; baseline 0.007 -22"><span class='ocrx_word' id='word_1_806' title='bbox 1939 2503 2033 2576; x_wconf 86' lang='lat' dir='ltr'><strong>qui</strong></span> <span class='ocrx_word' id='word_1_807' title='bbox 2082 2521 2185 2576; x_wconf 86' lang='lat' dir='ltr'><strong>non</strong></span> <span class='ocrx_word' id='word_1_808' title='bbox 2237 2506 2530 2572; x_wconf 88' lang='lat' dir='ltr'><strong>quemlibet</strong></span> <span class='ocrx_word' id='word_1_809' title='bbox 2579 2503 2889 2560; x_wconf 84' lang='lat' dir='ltr'><strong>sanctorum</strong></span> <span class='ocrx_word' id='word_1_810' title='bbox 2946 2511 3186 2562; x_wconf 88' lang='lat' dir='ltr'><strong>virorum</strong></span> <span class='ocrx_word' id='word_1_811' title='bbox 3249 2503 3531 2576; x_wconf 76' lang='lat' dir='ltr'><strong>imitando,</strong></span> 
     </span>
    </p>
   </div>
   <div class='ocr_carea' id='block_1_113' title="bbox 1939 2574 3529 2648">
    <p class='ocr_par' dir='ltr' id='par_1_113' title="bbox 1939 2574 3529 2648">
     <span class='ocr_line' id='line_1_113' title="bbox 1939 2574 3529 2648; baseline 0.006 -21"><span class='ocrx_word' id='word_1_812' title='bbox 1939 2574 2033 2627; x_wconf 89' lang='lat' dir='ltr'><strong>sed</strong></span> <span class='ocrx_word' id='word_1_813' title='bbox 2090 2575 2258 2642; x_wconf 88' lang='lat' dir='ltr'><strong>ipsam</strong></span> <span class='ocrx_word' id='word_1_814' title='bbox 2336 2576 2650 2648; x_wconf 66' lang='lat' dir='ltr'><strong>Veritatem</strong></span> <span class='ocrx_word' id='word_1_815' title='bbox 2696 2581 3198 2648; x_wconf 84' lang='lat' dir='ltr'><strong>contemplabiliter</strong></span> <span class='ocrx_word' id='word_1_816' title='bbox 3247 2574 3529 2647; x_wconf 78' lang='lat' dir='ltr'><strong>intuendo,</strong></span> 
     </span>
    </p>
   </div>
   <div class='ocr_carea' id='block_1_114' title="bbox 1940 2646 3526 2720">
    <p class='ocr_par' dir='ltr' id='par_1_114' title="bbox 1940 2646 3526 2720">
     <span class='ocr_line' id='line_1_114' title="bbox 1940 2646 3526 2720; baseline 0.006 -23"><span class='ocrx_word' id='word_1_817' title='bbox 1940 2656 2192 2720; x_wconf 83' lang='lat' dir='ltr'><strong>operatur</strong></span> <span class='ocrx_word' id='word_1_818' title='bbox 2215 2646 2507 2720; x_wconf 81' lang='lat' dir='ltr'><strong>justitiam,</strong></span> <span class='ocrx_word' id='word_1_819' title='bbox 2539 2655 2600 2720; x_wconf 82' lang='lat' dir='ltr'><strong>ut</strong></span> <span class='ocrx_word' id='word_1_820' title='bbox 2638 2647 2812 2714; x_wconf 87' lang='lat' dir='ltr'><strong>ipsam</strong></span> <span class='ocrx_word' id='word_1_821' title='bbox 2865 2646 3129 2720; x_wconf 84' lang='lat' dir='ltr'><strong>inielligat</strong></span> <span class='ocrx_word' id='word_1_822' title='bbox 3161 2660 3212 2705; x_wconf 91' lang='lat' dir='ltr'><strong>et</strong></span> <span class='ocrx_word' id='word_1_823' title='bbox 3247 2646 3526 2720; x_wconf 86' lang='lat' dir='ltr'><strong>sequatur,</strong></span> 
     </span>
    </p>
   </div>
   <div class='ocr_carea' id='block_1_115' title="bbox 1939 2716 3524 2787">
    <p class='ocr_par' dir='ltr' id='par_1_115' title="bbox 1939 2716 3524 2787">
     <span class='ocr_line' id='line_1_115' title="bbox 1939 2716 3524 2787; baseline 0.007 -21"><span class='ocrx_word' id='word_1_824' title='bbox 1939 2716 2005 2768; x_wconf 92' lang='lat' dir='ltr'><strong>ad</strong></span> <span class='ocrx_word' id='word_1_825' title='bbox 2038 2717 2192 2785; x_wconf 83' lang='lat' dir='ltr'><strong>cujus</strong></span> <span class='ocrx_word' id='word_1_826' title='bbox 2228 2718 2516 2787; x_wconf 83' lang='lat' dir='ltr'><strong>imaginem</strong></span> <span class='ocrx_word' id='word_1_827' title='bbox 2549 2719 2722 2772; x_wconf 87' lang='lat' dir='ltr'><strong>factus</strong></span> <span class='ocrx_word' id='word_1_828' title='bbox 2753 2730 2854 2778; x_wconf 83' lang='lat' dir='ltr'><strong>est.</strong></span> <span class='ocrx_word' id='word_1_829' title='bbox 2890 2716 3194 2775; x_wconf 78' lang='lat' dir='ltr'><strong>veritatem.</strong></span> <span class='ocrx_word' id='word_1_830' title='bbox 3227 2716 3524 2777; x_wconf 70' lang='lat' dir='ltr'><strong>[stet-tiam</strong></span> 
     </span>
    </p>
   </div>
   <div class='ocr_carea' id='block_1_116' title="bbox 1939 2788 3522 2858">
    <p class='ocr_par' dir='ltr' id='par_1_116' title="bbox 1939 2788 3522 2858">
     <span class='ocr_line' id='line_1_116' title="bbox 1939 2788 3522 2858; baseline 0.003 -18"><span class='ocrx_word' id='word_1_831' title='bbox 1939 2788 2132 2856; x_wconf 74' lang='lat' dir='ltr'><strong>accipit</strong></span> <span class='ocrx_word' id='word_1_832' title='bbox 2159 2797 2481 2856; x_wconf 80' lang='lat' dir='ltr'><strong>potestatem</strong></span> <span class='ocrx_word' id='word_1_833' title='bbox 2515 2791 2743 2857; x_wconf 90' lang='lat' dir='ltr'><strong>piscium</strong></span> <span class='ocrx_word' id='word_1_834' title='bbox 2780 2791 2945 2845; x_wconf 89' lang='lat' dir='ltr'><strong>maris</strong></span> <span class='ocrx_word' id='word_1_835' title='bbox 2971 2803 3024 2846; x_wconf 91' lang='lat' dir='ltr'><strong>et</strong></span> <span class='ocrx_word' id='word_1_836' title='bbox 3046 2793 3349 2844; x_wconf 86' lang='lat' dir='ltr'><strong>volatilium</strong></span> <span class='ocrx_word' id='word_1_837' title='bbox 3376 2793 3522 2858; x_wconf 64' lang='grc' dir='ltr'><strong>εαξη,</strong></span> 
     </span>
    </p>
   </div>
   <div class='ocr_carea' id='block_1_117' title="bbox 1941 2861 3522 2932">
    <p class='ocr_par' dir='ltr' id='par_1_117' title="bbox 1941 2861 3522 2932">
     <span class='ocr_line' id='line_1_117' title="bbox 1941 2861 3522 2932; baseline 0.003 -22"><span class='ocrx_word' id='word_1_838' title='bbox 1941 2871 2200 2932; x_wconf 84' lang='lat' dir='ltr'><strong>pecorum</strong></span> <span class='ocrx_word' id='word_1_839' title='bbox 2229 2868 2629 2932; x_wconf 82' lang='lat' dir='ltr'><strong>quoque_atque</strong></span> <span class='ocrx_word' id='word_1_840' title='bbox 2670 2861 3007 2932; x_wconf 79' lang='lat' dir='ltr'><strong>serpentium</strong></span> <span class='ocrx_word' id='word_1_841' title='bbox 3035 2879 3048 2913; x_wconf 88' lang='lat'><strong><em>:</em></strong></span> <span class='ocrx_word' id='word_1_842' title='bbox 3078 2864 3329 2932; x_wconf 80' lang='lat' dir='ltr'><strong>spiritalis</strong></span> <span class='ocrx_word' id='word_1_843' title='bbox 3372 2877 3522 2930; x_wconf 86' lang='lat' dir='ltr'><strong>qnis-</strong></span> 
     </span>
    </p>
   </div>
   <div class='ocr_carea' id='block_1_118' title="bbox 1939 2929 3523 3000">
    <p class='ocr_par' dir='ltr' id='par_1_118' title="bbox 1939 2929 3523 3000">
     <span class='ocr_line' id='line_1_118' title="bbox 1939 2929 3523 3000; baseline 0.004 -22"><span class='ocrx_word' id='word_1_844' title='bbox 1939 2942 2044 3000; x_wconf 85' lang='lat' dir='ltr'><strong>que</strong></span> <span class='ocrx_word' id='word_1_845' title='bbox 2074 2931 2317 2991; x_wconf 82' lang='lat' dir='ltr'><strong>ell&#39;ccuis,</strong></span> <span class='ocrx_word' id='word_1_846' title='bbox 2350 2943 2402 2982; x_wconf 89' lang='lat' dir='ltr'><strong>et</strong></span> <span class='ocrx_word' id='word_1_847' title='bbox 2438 2929 2548 2982; x_wconf 87' lang='lat' dir='ltr'><strong>Deo</strong></span> <span class='ocrx_word' id='word_1_848' title='bbox 2579 2932 2771 2983; x_wconf 86' lang='lat' dir='ltr'><strong>similis</strong></span> <span class='ocrx_word' id='word_1_849' title='bbox 2798 2929 2995 2995; x_wconf 87' lang='lat' dir='ltr'><strong>factus,</strong></span> <span class='ocrx_word' id='word_1_850' title='bbox 3030 2929 3327 2984; x_wconf 81' lang='lat' dir='ltr'><strong>seeuiidum</strong></span> <span class='ocrx_word' id='word_1_851' title='bbox 3370 2929 3523 3000; x_wconf 81' lang='lat' dir='ltr'><strong>Apo-</strong></span> 
     </span>
    </p>
   </div>
   <div class='ocr_carea' id='block_1_119' title="bbox 1940 2999 3528 3070">
    <p class='ocr_par' dir='ltr' id='par_1_119' title="bbox 1940 2999 3528 3070">
     <span class='ocr_line' id='line_1_119' title="bbox 1940 2999 3528 3070; baseline 0.005 -21"><span class='ocrx_word' id='word_1_852' title='bbox 1940 2999 2160 3070; x_wconf 65' lang='lat' dir='ltr'><strong>stutum,</strong></span> <span class='ocrx_word' id='word_1_853' title='bbox 2183 3001 2388 3070; x_wconf 60' lang='lat' dir='ltr'><strong>iudicat</strong></span> <span class='ocrx_word' id='word_1_854' title='bbox 2409 3000 2606 3070; x_wconf 78' lang='lat' dir='ltr'><strong>omnia,</strong></span> <span class='ocrx_word' id='word_1_855' title='bbox 2639 3001 2746 3070; x_wconf 83' lang='lat' dir='ltr'><strong>ipse</strong></span> <span class='ocrx_word' id='word_1_856' title='bbox 2782 3012 2963 3054; x_wconf 88' lang='lat' dir='ltr'><strong>autem</strong></span> <span class='ocrx_word' id='word_1_857' title='bbox 2982 3003 3250 3070; x_wconf 84' lang='lat' dir='ltr'><strong>judicatur</strong></span> <span class='ocrx_word' id='word_1_858' title='bbox 3271 3020 3300 3054; x_wconf 92' lang='lat' dir='ltr'><strong>a</strong></span> <span class='ocrx_word' id='word_1_859' title='bbox 3330 2999 3528 3057; x_wconf 77' lang='lat' dir='ltr'><strong>nemine</strong></span> 
     </span>
    </p>
   </div>
   <div class='ocr_carea' id='block_1_120' title="bbox 2945 3020 3527 3142">
    <p class='ocr_par' dir='ltr' id='par_1_120' title="bbox 2945 3020 3527 3142">
     <span class='ocr_line' id='line_1_120' title="bbox 2945 3020 3527 3057; baseline 0.009 -5"><span class='ocrx_word' id='word_1_860' title='bbox 2945 3020 2963 3052; x_wconf 83' lang='lat' dir='ltr'><strong>:i</strong></span> <span class='ocrx_word' id='word_1_861' title='bbox 3016 3020 3300 3054; x_wconf 73' lang='lat' dir='ltr'><strong>ualcautra</strong></span> <span class='ocrx_word' id='word_1_862' title='bbox 3330 3020 3527 3057; x_wconf 77' lang='lat' dir='ltr'><strong>nemine</strong></span> 
     </span>
     <span class='ocr_line' id='line_1_121' title="bbox 2945 3020 3527 3142; baseline 0.007 -20"><span class='ocrx_word' id='word_1_863' title='bbox 2945 3020 3239 3124; x_wconf 61' lang='lat' dir='ltr'><strong>H’usculum</strong></span> <span class='ocrx_word' id='word_1_864' title='bbox 3283 3083 3327 3125; x_wconf 88' lang='lat' dir='ltr'><strong>et</strong></span> <span class='ocrx_word' id='word_1_865' title='bbox 3382 3075 3527 3142; x_wconf 80' lang='lat' dir='ltr'><strong>[emi-</strong></span> 
     </span>
    </p>
   </div>
   <div class='ocr_carea' id='block_1_121' title="bbox 1941 3138 3526 3208">
    <p class='ocr_par' dir='ltr' id='par_1_121' title="bbox 1941 3138 3526 3208">
     <span class='ocr_line' id='line_1_122' title="bbox 1941 3138 3526 3208; baseline 0.006 -20"><span class='ocrx_word' id='word_1_866' title='bbox 1941 3152 2060 3188; x_wconf 85' lang='lat' dir='ltr'><strong>nain</strong></span> <span class='ocrx_word' id='word_1_867' title='bbox 2101 3140 2219 3205; x_wconf 66' lang='lat' dir='ltr'><strong>fecit</strong></span> <span class='ocrx_word' id='word_1_868' title='bbox 2261 3156 2367 3203; x_wconf 88' lang='lat' dir='ltr'><strong>eos,</strong></span> <span class='ocrx_word' id='word_1_869' title='bbox 2401 3139 2454 3190; x_wconf 91' lang='lat' dir='ltr'><strong>in</strong></span> <span class='ocrx_word' id='word_1_870' title='bbox 2509 3138 2755 3194; x_wconf 76' lang='lat' dir='ltr'><strong>ECcleSta</strong></span> <span class='ocrx_word' id='word_1_871' title='bbox 2800 3141 3092 3208; x_wconf 78' lang='lat' dir='ltr'><strong>spiritales,</strong></span> <span class='ocrx_word' id='word_1_872' title='bbox 3117 3153 3171 3195; x_wconf 89' lang='lat' dir='ltr'><strong>et</strong></span> <span class='ocrx_word' id='word_1_873' title='bbox 3210 3138 3526 3198; x_wconf 83' lang='lat' dir='ltr'><strong>obedientes</strong></span> 
     </span>
    </p>
   </div>
   <div class='ocr_carea' id='block_1_122' title="bbox 1941 3210 3526 3278">
    <p class='ocr_par' dir='ltr' id='par_1_122' title="bbox 1941 3210 3526 3278">
     <span class='ocr_line' id='line_1_123' title="bbox 1941 3210 3526 3278; baseline 0.007 -19"><span class='ocrx_word' id='word_1_874' title='bbox 1941 3212 2212 3260; x_wconf 88' lang='lat' dir='ltr'><strong>ostendit:</strong></span> <span class='ocrx_word' id='word_1_875' title='bbox 2247 3211 2369 3277; x_wconf 87' lang='lat' dir='ltr'><strong>quia</strong></span> <span class='ocrx_word' id='word_1_876' title='bbox 2412 3210 2553 3262; x_wconf 90' lang='lat' dir='ltr'><strong>sicut</strong></span> <span class='ocrx_word' id='word_1_877' title='bbox 2603 3212 2726 3264; x_wconf 83' lang='lat' dir='ltr'><strong>viro</strong></span> <span class='ocrx_word' id='word_1_878' title='bbox 2764 3214 2977 3264; x_wconf 88' lang='lat' dir='ltr'><strong>subdita</strong></span> <span class='ocrx_word' id='word_1_879' title='bbox 3018 3223 3102 3266; x_wconf 89' lang='lat' dir='ltr'><strong>est</strong></span> <span class='ocrx_word' id='word_1_880' title='bbox 3126 3215 3336 3278; x_wconf 88' lang='lat' dir='ltr'><strong>mulier,</strong></span> <span class='ocrx_word' id='word_1_881' title='bbox 3373 3215 3448 3269; x_wconf 89' lang='lat' dir='ltr'><strong>sic</strong></span> <span class='ocrx_word' id='word_1_882' title='bbox 3475 3225 3526 3271; x_wconf 88' lang='lat' dir='ltr'><strong>et</strong></span> 
     </span>
    </p>
   </div>
   <div class='ocr_carea' id='block_1_123' title="bbox 1940 3279 3526 3351">
    <p class='ocr_par' dir='ltr' id='par_1_123' title="bbox 1940 3279 3526 3351">
     <span class='ocr_line' id='line_1_124' title="bbox 1940 3279 3526 3351; baseline 0.008 -22"><span class='ocrx_word' id='word_1_883' title='bbox 1940 3279 2170 3351; x_wconf 78' lang='lat' dir='ltr'><strong>Spit&#39;ilali</strong></span> <span class='ocrx_word' id='word_1_884' title='bbox 2203 3289 2256 3334; x_wconf 85' lang='lat' dir='ltr'><strong>et</strong></span> <span class='ocrx_word' id='word_1_885' title='bbox 2302 3282 2542 3351; x_wconf 82' lang='lat' dir='ltr'><strong>pertecm</strong></span> <span class='ocrx_word' id='word_1_886' title='bbox 2586 3282 2700 3334; x_wconf 91' lang='lat' dir='ltr'><strong>viro</strong></span> <span class='ocrx_word' id='word_1_887' title='bbox 2739 3282 2999 3337; x_wconf 78' lang='lat' dir='ltr'><strong>oliediens</strong></span> <span class='ocrx_word' id='word_1_888' title='bbox 3029 3294 3114 3337; x_wconf 89' lang='lat' dir='ltr'><strong>est</strong></span> <span class='ocrx_word' id='word_1_889' title='bbox 3141 3287 3186 3338; x_wconf 91' lang='lat' dir='ltr'><strong>is</strong></span> <span class='ocrx_word' id='word_1_890' title='bbox 3217 3285 3306 3351; x_wconf 87' lang='lat' dir='ltr'><strong>qui</strong></span> <span class='ocrx_word' id='word_1_891' title='bbox 3350 3287 3526 3340; x_wconf 85' lang='lat' dir='ltr'><strong>minus</strong></span> 
     </span>
    </p>
   </div>
   <div class='ocr_carea' id='block_1_124' title="bbox 1940 3350 3525 3426">
    <p class='ocr_par' dir='ltr' id='par_1_124' title="bbox 1940 3350 3525 3426">
     <span class='ocr_line' id='line_1_125' title="bbox 1940 3350 3525 3426; baseline 0.004 -23"><span class='ocrx_word' id='word_1_892' title='bbox 1940 3350 2214 3417; x_wconf 88' lang='lat' dir='ltr'><strong>perfectus</strong></span> <span class='ocrx_word' id='word_1_893' title='bbox 2242 3360 2347 3415; x_wconf 87' lang='lat' dir='ltr'><strong>est,</strong></span> <span class='ocrx_word' id='word_1_894' title='bbox 2373 3350 2817 3426; x_wconf 84' lang='lat' dir='ltr'><strong>sicutApostolus</strong></span> <span class='ocrx_word' id='word_1_895' title='bbox 2844 3355 2920 3426; x_wconf 88' lang='lat' dir='ltr'><strong>ait</strong></span> <span class='ocrx_word' id='word_1_896' title='bbox 2949 3371 2960 3406; x_wconf 90' lang='lat'>:</span> <span class='ocrx_word' id='word_1_897' title='bbox 2998 3350 3256 3426; x_wconf 84' lang='lat' dir='ltr'><strong>Rogamus</strong></span> <span class='ocrx_word' id='word_1_898' title='bbox 3285 3372 3392 3421; x_wconf 87' lang='lat' dir='ltr'><strong>vos,</strong></span> <span class='ocrx_word' id='word_1_899' title='bbox 3419 3359 3525 3425; x_wconf 67' lang='grc' dir='ltr'><strong>[νας</strong></span> 
     </span>
    </p>
   </div>
   <div class='ocr_carea' id='block_1_125' title="bbox 1942 3424 3522 3498">
    <p class='ocr_par' dir='ltr' id='par_1_125' title="bbox 1942 3424 3522 3498">
     <span class='ocr_line' id='line_1_126' title="bbox 1942 3424 3522 3498; baseline 0.006 -27"><span class='ocrx_word' id='word_1_900' title='bbox 1942 3428 2061 3498; x_wconf 77' lang='lat' dir='ltr'><strong>tres,</strong></span> <span class='ocrx_word' id='word_1_901' title='bbox 2087 3431 2138 3498; x_wconf 71' lang='lat' dir='ltr'><strong>ut</strong></span> <span class='ocrx_word' id='word_1_902' title='bbox 2167 3425 2485 3498; x_wconf 63' lang='lat' dir='ltr'><strong>cognoscatis</strong></span> <span class='ocrx_word' id='word_1_903' title='bbox 2503 3439 2588 3498; x_wconf 69' lang='lat' dir='ltr'><strong>eos</strong></span> <span class='ocrx_word' id='word_1_904' title='bbox 2610 3425 2696 3493; x_wconf 86' lang='lat' dir='ltr'><strong>qui</strong></span> <span class='ocrx_word' id='word_1_905' title='bbox 2720 3425 2771 3476; x_wconf 86' lang='lat' dir='ltr'><strong>in</strong></span> <span class='ocrx_word' id='word_1_906' title='bbox 2794 3424 2929 3498; x_wconf 81' lang='lat' dir='ltr'><strong>vobis</strong></span> <span class='ocrx_word' id='word_1_907' title='bbox 2947 3424 3196 3498; x_wconf 6' lang='lat' dir='ltr'><strong>glaboi&#39;anl</strong></span> <span class='ocrx_word' id='word_1_908' title='bbox 3220 3437 3267 3480; x_wconf 88' lang='lat' dir='ltr'><strong>et</strong></span> <span class='ocrx_word' id='word_1_909' title='bbox 3292 3424 3522 3498; x_wconf 76' lang='lat' dir='ltr'><strong>prwsunl</strong></span> 
     </span>
    </p>
   </div>
   <div class='ocr_carea' id='block_1_126' title="bbox 1942 3492 3525 3563">
    <p class='ocr_par' dir='ltr' id='par_1_126' title="bbox 1942 3492 3525 3563">
     <span class='ocr_line' id='line_1_127' title="bbox 1942 3492 3525 3563; baseline 0.006 -20"><span class='ocrx_word' id='word_1_910' title='bbox 1942 3492 2082 3544; x_wconf 81' lang='lat' dir='ltr'><strong>vobis</strong></span> <span class='ocrx_word' id='word_1_911' title='bbox 2109 3493 2162 3543; x_wconf 87' lang='lat' dir='ltr'><strong>in</strong></span> <span class='ocrx_word' id='word_1_912' title='bbox 2207 3492 2433 3544; x_wconf 82' lang='lat' dir='ltr'><strong>Domino</strong></span> <span class='ocrx_word' id='word_1_913' title='bbox 2468 3492 2642 3563; x_wconf 73' lang='lat' dir='ltr'><strong>(Itoni.</strong></span> <span class='ocrx_word' id='word_1_914' title='bbox 2675 3498 2810 3563; x_wconf 77' lang='lat' dir='ltr'><strong>xvr).</strong></span> <span class='ocrx_word' id='word_1_915' title='bbox 2847 3495 3050 3550; x_wconf 89' lang='lat' dir='ltr'><strong>Dicitur</strong></span> <span class='ocrx_word' id='word_1_916' title='bbox 3077 3497 3219 3552; x_wconf 89' lang='lat' dir='ltr'><strong>enim</strong></span> <span class='ocrx_word' id='word_1_917' title='bbox 3255 3492 3334 3552; x_wconf 90' lang='lat' dir='ltr'><strong>eis</strong></span> <span class='ocrx_word' id='word_1_918' title='bbox 3363 3514 3377 3550; x_wconf 90' lang='lat'><strong>:</strong></span> <span class='ocrx_word' id='word_1_919' title='bbox 3410 3496 3525 3553; x_wconf 81' lang='lat' dir='ltr'><strong>Cre—</strong></span> 
     </span>
    </p>
   </div>
   <div class='ocr_carea' id='block_1_127' title="bbox 1939 3563 3527 3638">
    <p class='ocr_par' dir='ltr' id='par_1_127' title="bbox 1939 3563 3527 3638">
     <span class='ocr_line' id='line_1_128' title="bbox 1939 3563 3527 3638; baseline 0.007 -24"><span class='ocrx_word' id='word_1_920' title='bbox 1939 3563 2064 3638; x_wconf 74' lang='lat' dir='ltr'><strong>scite</strong></span> <span class='ocrx_word' id='word_1_921' title='bbox 2090 3572 2136 3615; x_wconf 83' lang='lat' dir='ltr'><strong>et</strong></span> <span class='ocrx_word' id='word_1_922' title='bbox 2167 3563 2588 3638; x_wconf 75' lang='lat' dir='ltr'><strong>multiplicamini</strong></span> <span class='ocrx_word' id='word_1_923' title='bbox 2615 3581 2632 3618; x_wconf 89' lang='lat'><em>:</em></span> <span class='ocrx_word' id='word_1_924' title='bbox 2659 3565 2780 3638; x_wconf 75' lang='lat' dir='ltr'><strong>sive</strong></span> <span class='ocrx_word' id='word_1_925' title='bbox 2807 3566 2860 3618; x_wconf 89' lang='lat' dir='ltr'><strong>in</strong></span> <span class='ocrx_word' id='word_1_926' title='bbox 2893 3567 3108 3638; x_wconf 85' lang='lat' dir='ltr'><strong>linguis,</strong></span> <span class='ocrx_word' id='word_1_927' title='bbox 3135 3567 3250 3624; x_wconf 90' lang='lat' dir='ltr'><strong>sive</strong></span> <span class='ocrx_word' id='word_1_928' title='bbox 3281 3570 3333 3623; x_wconf 93' lang='lat' dir='ltr'><strong>in</strong></span> <span class='ocrx_word' id='word_1_929' title='bbox 3365 3571 3527 3638; x_wconf 90' lang='lat' dir='ltr'><strong>spiri-</strong></span> 
     </span>
    </p>
   </div>
   <div class='ocr_carea' id='block_1_128' title="bbox 1940 3633 3525 3708">
    <p class='ocr_par' dir='ltr' id='par_1_128' title="bbox 1940 3633 3525 3708">
     <span class='ocr_line' id='line_1_129' title="bbox 1940 3633 3525 3708; baseline 0.006 -22"><span class='ocrx_word' id='word_1_930' title='bbox 1940 3633 2141 3708; x_wconf 80' lang='lat' dir='ltr'><strong>talibus</strong></span> <span class='ocrx_word' id='word_1_931' title='bbox 2189 3633 2557 3708; x_wconf 76' lang='lat' dir='ltr'><strong>intelligentia:</strong></span> <span class='ocrx_word' id='word_1_932' title='bbox 2607 3637 2892 3705; x_wconf 80' lang='lat' dir='ltr'><strong>gradibus,</strong></span> <span class='ocrx_word' id='word_1_933' title='bbox 2941 3633 2998 3692; x_wconf 78' lang='lat' dir='ltr'><strong>ui</strong></span> <span class='ocrx_word' id='word_1_934' title='bbox 3046 3633 3410 3695; x_wconf 53' lang='lat' dir='ltr'><strong>duminentur&#39;</strong></span> <span class='ocrx_word' id='word_1_935' title='bbox 3433 3657 3525 3708; x_wconf 83' lang='lat' dir='ltr'><strong>per</strong></span> 
     </span>
    </p>
   </div>
   <div class='ocr_carea' id='block_1_129' title="bbox 1939 3705 3526 3780">
    <p class='ocr_par' dir='ltr' id='par_1_129' title="bbox 1939 3705 3526 3780">
     <span class='ocr_line' id='line_1_130' title="bbox 1939 3705 3526 3780; baseline 0.006 -24"><span class='ocrx_word' id='word_1_936' title='bbox 1939 3705 2166 3758; x_wconf 88' lang='lat' dir='ltr'><strong>rationis</strong></span> <span class='ocrx_word' id='word_1_937' title='bbox 2200 3707 2527 3780; x_wconf 85' lang='lat' dir='ltr'><strong>intellectum</strong></span> <span class='ocrx_word' id='word_1_938' title='bbox 2557 3711 2802 3780; x_wconf 65' lang='lat' dir='ltr'><strong>mutilum</strong></span> <span class='ocrx_word' id='word_1_939' title='bbox 2829 3710 3126 3765; x_wconf 86' lang='lat' dir='ltr'><strong>carnalium</strong></span> <span class='ocrx_word' id='word_1_940' title='bbox 3158 3705 3526 3780; x_wconf 73' lang='lat' dir='ltr'><strong>perturbatio-</strong></span> 
     </span>
    </p>
   </div>
   <div class='ocr_carea' id='block_1_130' title="bbox 1940 3776 3525 3845">
    <p class='ocr_par' dir='ltr' id='par_1_130' title="bbox 1940 3776 3525 3845">
     <span class='ocr_line' id='line_1_131' title="bbox 1940 3776 3525 3845; baseline 0.005 -17"><span class='ocrx_word' id='word_1_941' title='bbox 1940 3790 2093 3836; x_wconf 85' lang='lat' dir='ltr'><strong>num,</strong></span> <span class='ocrx_word' id='word_1_942' title='bbox 2123 3776 2276 3845; x_wconf 87' lang='lat' dir='ltr'><strong>quasi</strong></span> <span class='ocrx_word' id='word_1_943' title='bbox 2307 3777 2703 3831; x_wconf 87' lang='lat' dir='ltr'><strong>insensibilium</strong></span> <span class='ocrx_word' id='word_1_944' title='bbox 2732 3776 3320 3835; x_wconf 79' lang='lat' dir='ltr'><strong>animantium.0mnis</strong></span> <span class='ocrx_word' id='word_1_945' title='bbox 3343 3792 3525 3837; x_wconf 88' lang='lat' dir='ltr'><strong>autem</strong></span> 
     </span>
    </p>
   </div>
   <div class='ocr_carea' id='block_1_131' title="bbox 1942 3845 3526 3920">
    <p class='ocr_par' dir='ltr' id='par_1_131' title="bbox 1942 3845 3526 3920">
     <span class='ocr_line' id='line_1_132' title="bbox 1942 3845 3526 3920; baseline 0.006 -21"><span class='ocrx_word' id='word_1_946' title='bbox 1942 3845 2112 3920; x_wconf 78' lang='lat' dir='ltr'><strong>berba</strong></span> <span class='ocrx_word' id='word_1_947' title='bbox 2145 3847 2452 3920; x_wconf 79' lang='lat' dir='ltr'><strong>Seminalis,</strong></span> <span class='ocrx_word' id='word_1_948' title='bbox 2482 3860 2535 3920; x_wconf 87' lang='lat' dir='ltr'><strong>et</strong></span> <span class='ocrx_word' id='word_1_949' title='bbox 2568 3863 2728 3902; x_wconf 87' lang='lat' dir='ltr'><strong>omne</strong></span> <span class='ocrx_word' id='word_1_950' title='bbox 2759 3850 2962 3917; x_wconf 85' lang='lat' dir='ltr'><strong>lignum</strong></span> <span class='ocrx_word' id='word_1_951' title='bbox 2992 3849 3352 3916; x_wconf 87' lang='lat' dir='ltr'><strong>fructuosum,</strong></span> <span class='ocrx_word' id='word_1_952' title='bbox 3385 3853 3526 3920; x_wconf 89' lang='lat' dir='ltr'><strong>quod</strong></span> 
     </span>
    </p>
   </div>
   <div class='ocr_carea' id='block_1_132' title="bbox 1941 3917 3529 3988">
    <p class='ocr_par' dir='ltr' id='par_1_132' title="bbox 1941 3917 3529 3988">
     <span class='ocr_line' id='line_1_133' title="bbox 1941 3917 3529 3988; baseline 0.004 -20"><span class='ocrx_word' id='word_1_953' title='bbox 1941 3917 2243 3988; x_wconf 17' lang='lat' dir='ltr'><strong>datuniiest</strong></span> <span class='ocrx_word' id='word_1_954' title='bbox 2281 3918 2586 3972; x_wconf 86' lang='lat' dir='ltr'><strong>hominibus</strong></span> <span class='ocrx_word' id='word_1_955' title='bbox 2617 3922 2669 3972; x_wconf 90' lang='lat' dir='ltr'><strong>in</strong></span> <span class='ocrx_word' id='word_1_956' title='bbox 2702 3934 2905 3983; x_wconf 87' lang='lat' dir='ltr'><strong>escam,</strong></span> <span class='ocrx_word' id='word_1_957' title='bbox 2934 3919 3120 3975; x_wconf 83' lang='lat' dir='ltr'><strong>ﬁdeles</strong></span> <span class='ocrx_word' id='word_1_958' title='bbox 3149 3929 3297 3988; x_wconf 88' lang='lat' dir='ltr'><strong>sunt,</strong></span> <span class='ocrx_word' id='word_1_959' title='bbox 3331 3917 3529 3974; x_wconf 53' lang='lat' dir='ltr'><strong>de&#39;ob-</strong></span> 
     </span>
    </p>
   </div>
   <div class='ocr_carea' id='block_1_133' title="bbox 1941 3987 3528 4060">
    <p class='ocr_par' dir='ltr' id='par_1_133' title="bbox 1941 3987 3528 4060">
     <span class='ocr_line' id='line_1_134' title="bbox 1941 3987 3528 4060; baseline 0.004 -20"><span class='ocrx_word' id='word_1_960' title='bbox 1941 3987 2235 4060; x_wconf 66' lang='lat' dir='ltr'><strong>lotionibus</strong></span> <span class='ocrx_word' id='word_1_961' title='bbox 2287 3999 2598 4043; x_wconf 82' lang='lat' dir='ltr'><strong>Sanctorum</strong></span> <span class='ocrx_word' id='word_1_962' title='bbox 2639 3997 3104 4048; x_wconf 84' lang='lat' dir='ltr'><strong>communicantes</strong></span> <span class='ocrx_word' id='word_1_963' title='bbox 3156 3988 3350 4060; x_wconf 66' lang='lat' dir='ltr'><strong>(Rata.</strong></span> <span class='ocrx_word' id='word_1_964' title='bbox 3395 3991 3528 4060; x_wconf 81' lang='lat' dir='ltr'><strong>xv).</strong></span> 
     </span>
    </p>
   </div>
   <div class='ocr_carea' id='block_1_134' title="bbox 1947 4057 3529 4129">
    <p class='ocr_par' dir='ltr' id='par_1_134' title="bbox 1947 4057 3529 4129">
     <span class='ocr_line' id='line_1_135' title="bbox 1947 4057 3529 4129; baseline 0.001 -16"><span class='ocrx_word' id='word_1_965' title='bbox 1947 4057 2099 4113; x_wconf 88' lang='lat' dir='ltr'><strong>Unde</strong></span> <span class='ocrx_word' id='word_1_966' title='bbox 2129 4071 2182 4112; x_wconf 92' lang='lat' dir='ltr'><strong>et</strong></span> <span class='ocrx_word' id='word_1_967' title='bbox 2209 4060 2506 4126; x_wconf 85' lang='lat' dir='ltr'><strong>Apostolus</strong></span> <span class='ocrx_word' id='word_1_968' title='bbox 2535 4061 2606 4114; x_wconf 88' lang='lat' dir='ltr'><strong>ait</strong></span> <span class='ocrx_word' id='word_1_969' title='bbox 2631 4079 2644 4113; x_wconf 87' lang='lat'><strong>:</strong></span> <span class='ocrx_word' id='word_1_970' title='bbox 2671 4060 2811 4114; x_wconf 83' lang='lat' dir='ltr'><strong>Nam</strong></span> <span class='ocrx_word' id='word_1_971' title='bbox 2841 4062 2886 4114; x_wconf 87' lang='lat' dir='ltr'><strong>si</strong></span> <span class='ocrx_word' id='word_1_972' title='bbox 2925 4064 2978 4116; x_wconf 88' lang='lat' dir='ltr'><strong>in</strong></span> <span class='ocrx_word' id='word_1_973' title='bbox 3009 4057 3334 4129; x_wconf 82' lang='lat' dir='ltr'><strong>spiritalibus</strong></span> <span class='ocrx_word' id='word_1_974' title='bbox 3362 4057 3529 4129; x_wconf 83' lang='lat' dir='ltr'><strong>parti-</strong></span> 
     </span>
    </p>
   </div>
   <div class='ocr_carea' id='block_1_135' title="bbox 1945 4131 3529 4203">
    <p class='ocr_par' dir='ltr' id='par_1_135' title="bbox 1945 4131 3529 4203">
     <span class='ocr_line' id='line_1_136' title="bbox 1945 4131 3529 4203; baseline 0.001 -21"><span class='ocrx_word' id='word_1_975' title='bbox 1945 4133 2080 4198; x_wconf 85' lang='lat' dir='ltr'><strong>cipes</strong></span> <span class='ocrx_word' id='word_1_976' title='bbox 2108 4131 2235 4200; x_wconf 82' lang='lat' dir='ltr'><strong>facti</strong></span> <span class='ocrx_word' id='word_1_977' title='bbox 2263 4141 2381 4203; x_wconf 79' lang='lat' dir='ltr'><strong>sunt</strong></span> <span class='ocrx_word' id='word_1_978' title='bbox 2406 4133 2642 4203; x_wconf 83' lang='lat' dir='ltr'><strong>gentiles,</strong></span> <span class='ocrx_word' id='word_1_979' title='bbox 2669 4134 2849 4185; x_wconf 82' lang='lat' dir='ltr'><strong>debent</strong></span> <span class='ocrx_word' id='word_1_980' title='bbox 2892 4143 2937 4186; x_wconf 86' lang='lat' dir='ltr'><strong>et</strong></span> <span class='ocrx_word' id='word_1_981' title='bbox 2969 4133 3023 4184; x_wconf 88' lang='lat' dir='ltr'><strong>in</strong></span> <span class='ocrx_word' id='word_1_982' title='bbox 3046 4134 3338 4186; x_wconf 83' lang='lat' dir='ltr'><strong>carnalibus</strong></span> <span class='ocrx_word' id='word_1_983' title='bbox 3375 4133 3529 4184; x_wconf 88' lang='lat' dir='ltr'><strong>mini-</strong></span> 
     </span>
    </p>
   </div>
   <div class='ocr_carea' id='block_1_136' title="bbox 1944 4201 3529 4272">
    <p class='ocr_par' dir='ltr' id='par_1_136' title="bbox 1944 4201 3529 4272">
     <span class='ocr_line' id='line_1_137' title="bbox 1944 4201 3529 4272; baseline 0.003 -20"><span class='ocrx_word' id='word_1_984' title='bbox 1944 4210 2112 4254; x_wconf 86' lang='lat' dir='ltr'><strong>strare</strong></span> <span class='ocrx_word' id='word_1_985' title='bbox 2143 4203 2235 4255; x_wconf 86' lang='lat' dir='ltr'><strong>eis.</strong></span> <span class='ocrx_word' id='word_1_986' title='bbox 2279 4201 2564 4259; x_wconf 51' lang='lat' dir='ltr'><strong>Htec&#39;sunt</strong></span> <span class='ocrx_word' id='word_1_987' title='bbox 2611 4205 2757 4272; x_wconf 83' lang='lat' dir='ltr'><strong>ligna</strong></span> <span class='ocrx_word' id='word_1_988' title='bbox 2789 4203 3086 4258; x_wconf 85' lang='lat' dir='ltr'><strong>fructifera.</strong></span> <span class='ocrx_word' id='word_1_989' title='bbox 3131 4204 3188 4258; x_wconf 81' lang='lat' dir='ltr'><strong>in</strong></span> <span class='ocrx_word' id='word_1_990' title='bbox 3247 4203 3363 4257; x_wconf 85' lang='lat' dir='ltr'><strong>istis</strong></span> <span class='ocrx_word' id='word_1_991' title='bbox 3401 4218 3529 4271; x_wconf 79' lang='lat' dir='ltr'><strong>ergo</strong></span> 
     </span>
    </p>
   </div>
   <div class='ocr_carea' id='block_1_137' title="bbox 1945 4273 3530 4354">
    <p class='ocr_par' dir='ltr' id='par_1_137' title="bbox 1945 4273 3530 4354">
     <span class='ocr_line' id='line_1_138' title="bbox 1945 4273 3530 4354; baseline -0.002 -26"><span class='ocrx_word' id='word_1_992' title='bbox 1945 4273 2201 4353; x_wconf 72' lang='lat' dir='ltr'><strong>gradibus</strong></span> <span class='ocrx_word' id='word_1_993' title='bbox 2219 4284 2502 4354; x_wconf 53' lang='lat' dir='ltr'><strong>tamquam</strong></span> <span class='ocrx_word' id='word_1_994' title='bbox 2530 4273 2928 4354; x_wconf 78' lang='lat' dir='ltr'><strong>inquibusdam</strong></span> <span class='ocrx_word' id='word_1_995' title='bbox 2957 4277 3150 4328; x_wconf 87' lang='lat' dir='ltr'><strong>diebus</strong></span> <span class='ocrx_word' id='word_1_996' title='bbox 3178 4288 3405 4342; x_wconf 87' lang='lat' dir='ltr'><strong>vespera</strong></span> <span class='ocrx_word' id='word_1_997' title='bbox 3427 4280 3530 4354; x_wconf 76' lang='lat' dir='ltr'><strong>est,</strong></span> 
     </span>
    </p>
   </div>
   <div class='ocr_carea' id='block_1_138' title="bbox 1946 4342 3532 4414">
    <p class='ocr_par' dir='ltr' id='par_1_138' title="bbox 1946 4342 3532 4414">
     <span class='ocr_line' id='line_1_139' title="bbox 1946 4342 3532 4414; baseline 0.001 -18"><span class='ocrx_word' id='word_1_998' title='bbox 1946 4347 2066 4414; x_wconf 87' lang='lat' dir='ltr'><strong>ipsa</strong></span> <span class='ocrx_word' id='word_1_999' title='bbox 2093 4342 2378 4411; x_wconf 67' lang='lat' dir='ltr'><strong>sperfectio</strong></span> <span class='ocrx_word' id='word_1_1000' title='bbox 2423 4342 2760 4414; x_wconf 73' lang='lat' dir='ltr'><strong>singulorum</strong></span> <span class='ocrx_word' id='word_1_1001' title='bbox 2806 4359 3066 4414; x_wconf 87' lang='lat' dir='ltr'><strong>operum;</strong></span> <span class='ocrx_word' id='word_1_1002' title='bbox 3115 4354 3172 4399; x_wconf 87' lang='lat' dir='ltr'><strong>et</strong></span> <span class='ocrx_word' id='word_1_1003' title='bbox 3215 4360 3404 4411; x_wconf 86' lang='lat' dir='ltr'><strong>mane,</strong></span> <span class='ocrx_word' id='word_1_1004' title='bbox 3450 4344 3532 4398; x_wconf 79' lang='lat' dir='ltr'><strong>in~</strong></span> 
     </span>
    </p>
   </div>
   <div class='ocr_carea' id='block_1_139' title="bbox 1947 4413 2892 4482">
    <p class='ocr_par' dir='ltr' id='par_1_139' title="bbox 1947 4413 2892 4482">
     <span class='ocr_line' id='line_1_140' title="bbox 1947 4413 2892 4482; baseline 0 -15"><span class='ocrx_word' id='word_1_1005' title='bbox 1947 4413 2167 4467; x_wconf 89' lang='lat' dir='ltr'><strong>choatio</strong></span> <span class='ocrx_word' id='word_1_1006' title='bbox 2198 4413 2561 4482; x_wconf 79' lang='lat' dir='ltr'><strong>sequentium.</strong></span> <span class='ocrx_word' id='word_1_1007' title='bbox 2591 4413 2892 4482; x_wconf 83' lang='lat' dir='ltr'><strong>Sequitur:</strong></span> 
     </span>
    </p>
   </div>
   <div class='ocr_carea' id='block_1_140' title="bbox 2022 4481 3533 4556">
    <p class='ocr_par' dir='ltr' id='par_1_140' title="bbox 2022 4481 3533 4556">
     <span class='ocr_line' id='line_1_141' title="bbox 2022 4481 3533 4556; baseline 0.001 -19"><span class='ocrx_word' id='word_1_1008' title='bbox 2022 4483 2203 4556; x_wconf 77' lang='lat' dir='ltr'><strong>(Vcrs.</strong></span> <span class='ocrx_word' id='word_1_1009' title='bbox 2228 4481 2307 4552; x_wconf 67' lang='lat'><strong>2.)</strong></span> <span class='ocrx_word' id='word_1_1010' title='bbox 2331 4481 2874 4556; x_wconf 71' lang='lat' dir='ltr'><strong>Coniplevitque_Deus</strong></span> <span class='ocrx_word' id='word_1_1011' title='bbox 2890 4485 2971 4537; x_wconf 77' lang='lat' dir='ltr'><strong>die</strong></span> <span class='ocrx_word' id='word_1_1012' title='bbox 2992 4485 3210 4554; x_wconf 83' lang='lat' dir='ltr'><strong>septimo</strong></span> <span class='ocrx_word' id='word_1_1013' title='bbox 3233 4501 3361 4556; x_wconf 87' lang='lat' dir='ltr'><strong>opus</strong></span> <span class='ocrx_word' id='word_1_1014' title='bbox 3383 4500 3533 4556; x_wconf 85' lang='lat' dir='ltr'><strong>suum</strong></span> 
     </span>
    </p>
   </div>
   <div class='ocr_carea' id='block_1_141' title="bbox 1950 4554 3536 4624">
    <p class='ocr_par' dir='ltr' id='par_1_141' title="bbox 1950 4554 3536 4624">
     <span class='ocr_line' id='line_1_142' title="bbox 1950 4554 3536 4624; baseline 0.002 -16"><span class='ocrx_word' id='word_1_1015' title='bbox 1950 4554 2086 4624; x_wconf 84' lang='lat' dir='ltr'><strong>quod</strong></span> <span class='ocrx_word' id='word_1_1016' title='bbox 2124 4555 2335 4622; x_wconf 77' lang='lat' dir='ltr'><strong>fecerat.</strong></span> <span class='ocrx_word' id='word_1_1017' title='bbox 2367 4556 2680 4624; x_wconf 86' lang='lat' dir='ltr'><strong>Arguuntur</strong></span> <span class='ocrx_word' id='word_1_1018' title='bbox 2707 4554 2905 4618; x_wconf 64' lang='lat' dir='ltr'><strong>Judaei,</strong></span> <span class='ocrx_word' id='word_1_1019' title='bbox 2939 4557 3031 4623; x_wconf 89' lang='lat' dir='ltr'><strong>qui</strong></span> <span class='ocrx_word' id='word_1_1020' title='bbox 3062 4555 3130 4609; x_wconf 90' lang='lat' dir='ltr'><strong>de</strong></span> <span class='ocrx_word' id='word_1_1021' title='bbox 3173 4554 3287 4609; x_wconf 75' lang='lat' dir='ltr'><strong>ouo</strong></span> <span class='ocrx_word' id='word_1_1022' title='bbox 3328 4555 3536 4612; x_wconf 87' lang='lat' dir='ltr'><strong>sabbati</strong></span> 
     </span>
    </p>
   </div>
   <div class='ocr_carea' id='block_1_142' title="bbox 1949 4625 3534 4694">
    <p class='ocr_par' dir='ltr' id='par_1_142' title="bbox 1949 4625 3534 4694">
     <span class='ocr_line' id='line_1_143' title="bbox 1949 4625 3534 4694; baseline 0.001 -16"><span class='ocrx_word' id='word_1_1023' title='bbox 1949 4625 2271 4694; x_wconf 82' lang='lat' dir='ltr'><strong>gloriantur,</strong></span> <span class='ocrx_word' id='word_1_1024' title='bbox 2300 4640 2421 4677; x_wconf 88' lang='lat' dir='ltr'><strong>cum</strong></span> <span class='ocrx_word' id='word_1_1025' title='bbox 2463 4638 2517 4678; x_wconf 85' lang='lat' dir='ltr'><strong>et</strong></span> <span class='ocrx_word' id='word_1_1026' title='bbox 2551 4633 2680 4680; x_wconf 90' lang='lat' dir='ltr'><strong>tunc</strong></span> <span class='ocrx_word' id='word_1_1027' title='bbox 2721 4629 2774 4678; x_wconf 91' lang='lat' dir='ltr'><strong>in</strong></span> <span class='ocrx_word' id='word_1_1028' title='bbox 2815 4626 3082 4694; x_wconf 89' lang='lat' dir='ltr'><strong>principio</strong></span> <span class='ocrx_word' id='word_1_1029' title='bbox 3111 4626 3394 4681; x_wconf 87' lang='lat' dir='ltr'><strong>sabbatum</strong></span> <span class='ocrx_word' id='word_1_1030' title='bbox 3424 4627 3534 4680; x_wconf 90' lang='lat' dir='ltr'><strong>dis-</strong></span> 
     </span>
    </p>
   </div>
   <div class='ocr_carea' id='block_1_143' title="bbox 1950 4696 3538 4766">
    <p class='ocr_par' dir='ltr' id='par_1_143' title="bbox 1950 4696 3538 4766">
     <span class='ocr_line' id='line_1_144' title="bbox 1950 4696 3538 4766; baseline 0.003 -17"><span class='ocrx_word' id='word_1_1031' title='bbox 1950 4697 2185 4749; x_wconf 86' lang='lat' dir='ltr'><strong>solutum</strong></span> <span class='ocrx_word' id='word_1_1032' title='bbox 2216 4702 2319 4760; x_wconf 89' lang='lat' dir='ltr'><strong>est,</strong></span> <span class='ocrx_word' id='word_1_1033' title='bbox 2339 4699 2462 4750; x_wconf 89' lang='lat' dir='ltr'><strong>dum</strong></span> <span class='ocrx_word' id='word_1_1034' title='bbox 2489 4696 2628 4750; x_wconf 85' lang='lat' dir='ltr'><strong>Deus</strong></span> <span class='ocrx_word' id='word_1_1035' title='bbox 2651 4707 2908 4764; x_wconf 87' lang='lat' dir='ltr'><strong>operatur</strong></span> <span class='ocrx_word' id='word_1_1036' title='bbox 2929 4699 2983 4750; x_wconf 90' lang='lat' dir='ltr'><strong>in</strong></span> <span class='ocrx_word' id='word_1_1037' title='bbox 3010 4696 3240 4751; x_wconf 87' lang='lat' dir='ltr'><strong>sabbato</strong></span> <span class='ocrx_word' id='word_1_1038' title='bbox 3259 4698 3538 4766; x_wconf 88' lang='lat' dir='ltr'><strong>complens</strong></span> 
     </span>
    </p>
   </div>
   <div class='ocr_carea' id='block_1_144' title="bbox 1952 4766 3537 4840">
    <p class='ocr_par' dir='ltr' id='par_1_144' title="bbox 1952 4766 3537 4840">
     <span class='ocr_line' id='line_1_145' title="bbox 1952 4766 3537 4840; baseline 0.001 -20"><span class='ocrx_word' id='word_1_1039' title='bbox 1952 4768 2006 4820; x_wconf 90' lang='lat' dir='ltr'><strong>in</strong></span> <span class='ocrx_word' id='word_1_1040' title='bbox 2036 4783 2102 4819; x_wconf 88' lang='lat' dir='ltr'><strong>eo</strong></span> <span class='ocrx_word' id='word_1_1041' title='bbox 2128 4781 2292 4832; x_wconf 86' lang='lat' dir='ltr'><strong>opera</strong></span> <span class='ocrx_word' id='word_1_1042' title='bbox 2320 4781 2439 4821; x_wconf 87' lang='lat' dir='ltr'><strong>sua.</strong></span> <span class='ocrx_word' id='word_1_1043' title='bbox 2468 4766 2834 4834; x_wconf 82' lang='lat' dir='ltr'><strong>Requievitque</strong></span> <span class='ocrx_word' id='word_1_1044' title='bbox 2854 4767 2993 4821; x_wconf 86' lang='lat' dir='ltr'><strong>Deus</strong></span> <span class='ocrx_word' id='word_1_1045' title='bbox 3016 4767 3078 4820; x_wconf 90' lang='lat' dir='ltr'><strong>ab</strong></span> <span class='ocrx_word' id='word_1_1046' title='bbox 3099 4769 3336 4822; x_wconf 81' lang='lat' dir='ltr'><strong>universo</strong></span> <span class='ocrx_word' id='word_1_1047' title='bbox 3361 4784 3537 4840; x_wconf 83' lang='lat' dir='ltr'><strong>apere.</strong></span> 
     </span>
    </p>
   </div>
   <div class='ocr_carea' id='block_1_145' title="bbox 1953 4838 3532 4907">
    <p class='ocr_par' dir='ltr' id='par_1_145' title="bbox 1953 4838 3532 4907">
     <span class='ocr_line' id='line_1_146' title="bbox 1953 4838 3532 4907; baseline -0.001 -13"><span class='ocrx_word' id='word_1_1048' title='bbox 1953 4838 2078 4894; x_wconf 82' lang='lat' dir='ltr'><strong>Sive</strong></span> <span class='ocrx_word' id='word_1_1049' title='bbox 2098 4839 2359 4890; x_wconf 86' lang='lat' dir='ltr'><strong>translato</strong></span> <span class='ocrx_word' id='word_1_1050' title='bbox 2371 4853 2570 4906; x_wconf 81' lang='lat' dir='ltr'><strong>genere</strong></span> <span class='ocrx_word' id='word_1_1051' title='bbox 2585 4840 2894 4903; x_wconf 87' lang='lat' dir='ltr'><strong>locutionis,</strong></span> <span class='ocrx_word' id='word_1_1052' title='bbox 2911 4839 3024 4904; x_wconf 86' lang='lat' dir='ltr'><strong>ipse</strong></span> <span class='ocrx_word' id='word_1_1053' title='bbox 3048 4838 3401 4907; x_wconf 82' lang='lat' dir='ltr'><strong>requiescere</strong></span> <span class='ocrx_word' id='word_1_1054' title='bbox 3414 4854 3532 4893; x_wconf 89' lang='lat' dir='ltr'><strong>cre-</strong></span> 
     </span>
    </p>
   </div>
   <div class='ocr_carea' id='block_1_146' title="bbox 1957 4909 3536 4979">
    <p class='ocr_par' dir='ltr' id='par_1_146' title="bbox 1957 4909 3536 4979">
     <span class='ocr_line' id='line_1_147' title="bbox 1957 4909 3536 4979; baseline 0 -15"><span class='ocrx_word' id='word_1_1055' title='bbox 1957 4909 2125 4972; x_wconf 87' lang='lat' dir='ltr'><strong>ditur,</strong></span> <span class='ocrx_word' id='word_1_1056' title='bbox 2151 4909 2364 4976; x_wconf 86' lang='lat' dir='ltr'><strong>quando</strong></span> <span class='ocrx_word' id='word_1_1057' title='bbox 2391 4924 2488 4964; x_wconf 87' lang='lat' dir='ltr'><strong>nos</strong></span> <span class='ocrx_word' id='word_1_1058' title='bbox 2519 4911 2572 4964; x_wconf 89' lang='lat' dir='ltr'><strong>in</strong></span> <span class='ocrx_word' id='word_1_1059' title='bbox 2599 4925 2658 4964; x_wconf 83' lang='lat' dir='ltr'><strong>se</strong></span> <span class='ocrx_word' id='word_1_1060' title='bbox 2685 4910 2813 4964; x_wconf 88' lang='lat' dir='ltr'><strong>facit</strong></span> <span class='ocrx_word' id='word_1_1061' title='bbox 2841 4912 3219 4978; x_wconf 83' lang='lat' dir='ltr'><strong>requiescere;</strong></span> <span class='ocrx_word' id='word_1_1062' title='bbox 3254 4910 3370 4963; x_wconf 87' lang='lat' dir='ltr'><strong>sive</strong></span> <span class='ocrx_word' id='word_1_1063' title='bbox 3393 4909 3536 4979; x_wconf 88' lang='lat' dir='ltr'><strong>quod</strong></span> 
     </span>
    </p>
   </div>
   <div class='ocr_carea' id='block_1_147' title="bbox 1958 4979 3542 5062">
    <p class='ocr_par' dir='ltr' id='par_1_147' title="bbox 1958 4979 3542 5062">
     <span class='ocr_line' id='line_1_148' title="bbox 1958 4979 3542 5062; baseline 0 -28"><span class='ocrx_word' id='word_1_1064' title='bbox 1958 4981 2094 5050; x_wconf 85' lang='lat' dir='ltr'><strong>ipse,</strong></span> <span class='ocrx_word' id='word_1_1065' title='bbox 2127 4996 2221 5047; x_wconf 87' lang='lat' dir='ltr'><strong>per</strong></span> <span class='ocrx_word' id='word_1_1066' title='bbox 2246 4995 2407 5061; x_wconf 73' lang='lat' dir='ltr'><strong>quem</strong></span> <span class='ocrx_word' id='word_1_1067' title='bbox 2447 4982 2626 5060; x_wconf 84' lang='lat' dir='ltr'><strong>omnia</strong></span> <span class='ocrx_word' id='word_1_1068' title='bbox 2654 4980 2796 5034; x_wconf 76' lang='lat' dir='ltr'><strong>iacta</strong></span> <span class='ocrx_word' id='word_1_1069' title='bbox 2823 4991 2970 5046; x_wconf 83' lang='lat' dir='ltr'><strong>sunt,</strong></span> <span class='ocrx_word' id='word_1_1070' title='bbox 3007 4983 3118 5049; x_wconf 90' lang='lat' dir='ltr'><strong>ipsa</strong></span> <span class='ocrx_word' id='word_1_1071' title='bbox 3153 4979 3241 5035; x_wconf 85' lang='lat' dir='ltr'><strong>die</strong></span> <span class='ocrx_word' id='word_1_1072' title='bbox 3274 4981 3330 5034; x_wconf 86' lang='lat' dir='ltr'><strong>in</strong></span> <span class='ocrx_word' id='word_1_1073' title='bbox 3362 4981 3542 5062; x_wconf 75' lang='lat' dir='ltr'><strong>sepul-</strong></span> 
     </span>
    </p>
   </div>
   <div class='ocr_carea' id='block_1_148' title="bbox 1958 5051 3538 5120">
    <p class='ocr_par' dir='ltr' id='par_1_148' title="bbox 1958 5051 3538 5120">
     <span class='ocr_line' id='line_1_149' title="bbox 1958 5051 3538 5120; baseline 0 -14"><span class='ocrx_word' id='word_1_1074' title='bbox 1958 5067 2052 5106; x_wconf 90' lang='lat' dir='ltr'><strong>cro</strong></span> <span class='ocrx_word' id='word_1_1075' title='bbox 2081 5051 2320 5119; x_wconf 81' lang='lat' dir='ltr'><strong>quievit;</strong></span> <span class='ocrx_word' id='word_1_1076' title='bbox 2351 5055 2466 5106; x_wconf 88' lang='lat' dir='ltr'><strong>sive</strong></span> <span class='ocrx_word' id='word_1_1077' title='bbox 2505 5053 2628 5120; x_wconf 87' lang='lat' dir='ltr'><strong>quia</strong></span> <span class='ocrx_word' id='word_1_1078' title='bbox 2660 5057 2900 5106; x_wconf 90' lang='lat' dir='ltr'><strong>omnium</strong></span> <span class='ocrx_word' id='word_1_1079' title='bbox 2940 5061 3314 5106; x_wconf 85' lang='lat' dir='ltr'><strong>creaturarum</strong></span> <span class='ocrx_word' id='word_1_1080' title='bbox 3363 5052 3434 5105; x_wconf 89' lang='lat' dir='ltr'><strong>ita</strong></span> <span class='ocrx_word' id='word_1_1081' title='bbox 3485 5054 3538 5106; x_wconf 93' lang='lat' dir='ltr'><strong>in</strong></span> 
     </span>
    </p>
   </div>
   <div class='ocr_carea' id='block_1_149' title="bbox 1957 5122 3542 5192">
    <p class='ocr_par' dir='ltr' id='par_1_149' title="bbox 1957 5122 3542 5192">
     <span class='ocr_line' id='line_1_150' title="bbox 1957 5122 3542 5192; baseline -0.004 -14"><span class='ocrx_word' id='word_1_1082' title='bbox 1957 5122 2088 5192; x_wconf 88' lang='lat' dir='ltr'><strong>ipsis</strong></span> <span class='ocrx_word' id='word_1_1083' title='bbox 2116 5138 2210 5177; x_wconf 78' lang='lat' dir='ltr'><strong>sex</strong></span> <span class='ocrx_word' id='word_1_1084' title='bbox 2248 5122 2443 5176; x_wconf 91' lang='lat' dir='ltr'><strong>diebus</strong></span> <span class='ocrx_word' id='word_1_1085' title='bbox 2473 5125 2709 5192; x_wconf 79' lang='lat' dir='ltr'><strong>explevit</strong></span> <span class='ocrx_word' id='word_1_1086' title='bbox 2744 5125 3033 5192; x_wconf 79' lang='lat' dir='ltr'><strong>originem.</strong></span> <span class='ocrx_word' id='word_1_1087' title='bbox 3067 5132 3126 5176; x_wconf 91' lang='lat' dir='ltr'><strong>ut</strong></span> <span class='ocrx_word' id='word_1_1088' title='bbox 3159 5138 3356 5176; x_wconf 81' lang='lat' dir='ltr'><strong>novatn</strong></span> <span class='ocrx_word' id='word_1_1089' title='bbox 3391 5123 3542 5176; x_wconf 69' lang='lat' dir='ltr'><strong>dein.</strong></span> 
     </span>
    </p>
   </div>
   <div class='ocr_carea' id='block_1_150' title="bbox 1963 5193 3542 5264">
    <p class='ocr_par' dir='ltr' id='par_1_150' title="bbox 1963 5193 3542 5264">
     <span class='ocr_line' id='line_1_151' title="bbox 1963 5193 3542 5264; baseline -0.001 -15"><span class='ocrx_word' id='word_1_1090' title='bbox 1963 5210 2089 5264; x_wconf 87' lang='lat' dir='ltr'><strong>ccps</strong></span> <span class='ocrx_word' id='word_1_1091' title='bbox 2130 5210 2237 5247; x_wconf 86' lang='lat' dir='ltr'><strong>non</strong></span> <span class='ocrx_word' id='word_1_1092' title='bbox 2268 5195 2528 5248; x_wconf 89' lang='lat' dir='ltr'><strong>conderet</strong></span> <span class='ocrx_word' id='word_1_1093' title='bbox 2556 5204 2886 5250; x_wconf 86' lang='lat' dir='ltr'><strong>creaturam.</strong></span> <span class='ocrx_word' id='word_1_1094' title='bbox 2919 5193 3026 5248; x_wconf 87' lang='lat' dir='ltr'><strong>Sed</strong></span> <span class='ocrx_word' id='word_1_1095' title='bbox 3050 5195 3318 5259; x_wconf 89' lang='lat' dir='ltr'><strong>quomodo</strong></span> <span class='ocrx_word' id='word_1_1096' title='bbox 3345 5209 3542 5264; x_wconf 72' lang='lat' dir='ltr'><strong>co_nve~</strong></span> 
     </span>
    </p>
   </div>
   <div class='ocr_carea' id='block_1_151' title="bbox 1968 5261 3542 5334">
    <p class='ocr_par' dir='ltr' id='par_1_151' title="bbox 1968 5261 3542 5334">
     <span class='ocr_line' id='line_1_152' title="bbox 1968 5261 3542 5334; baseline -0.002 -14"><span class='ocrx_word' id='word_1_1097' title='bbox 1968 5261 2083 5320; x_wconf 81' lang='lat' dir='ltr'><strong>niat</strong></span> <span class='ocrx_word' id='word_1_1098' title='bbox 2126 5265 2442 5333; x_wconf 87' lang='lat' dir='ltr'><strong>illud,quod</strong></span> <span class='ocrx_word' id='word_1_1099' title='bbox 2483 5265 2744 5320; x_wconf 82' lang='lat' dir='ltr'><strong>Dominus</strong></span> <span class='ocrx_word' id='word_1_1100' title='bbox 2792 5267 2848 5320; x_wconf 81' lang='lat' dir='ltr'><strong>in</strong></span> <span class='ocrx_word' id='word_1_1101' title='bbox 2899 5265 3189 5334; x_wconf 80' lang='lat' dir='ltr'><strong>Evangelia</strong></span> <span class='ocrx_word' id='word_1_1102' title='bbox 3233 5266 3314 5334; x_wconf 73' lang='lat' dir='ltr'><strong>ait</strong></span> <span class='ocrx_word' id='word_1_1103' title='bbox 3344 5281 3357 5318; x_wconf 86' lang='lat'><strong>:</strong></span> <span class='ocrx_word' id='word_1_1104' title='bbox 3387 5261 3542 5334; x_wconf 73' lang='lat' dir='ltr'><strong>Pater</strong></span> 
     </span>
    </p>
   </div>
   <div class='ocr_carea' id='block_1_152' title="bbox 1964 5333 3541 5405">
    <p class='ocr_par' dir='ltr' id='par_1_152' title="bbox 1964 5333 3541 5405">
     <span class='ocr_line' id='line_1_153' title="bbox 1964 5333 3541 5405; baseline -0.003 -14"><span class='ocrx_word' id='word_1_1105' title='bbox 1964 5353 2290 5404; x_wconf 56' lang='lat' dir='ltr'><strong>meus’usque</strong></span> <span class='ocrx_word' id='word_1_1106' title='bbox 2326 5338 2476 5388; x_wconf 85' lang='lat' dir='ltr'><strong>modo</strong></span> <span class='ocrx_word' id='word_1_1107' title='bbox 2522 5347 2784 5405; x_wconf 84' lang='lat' dir='ltr'><strong>operatur,</strong></span> <span class='ocrx_word' id='word_1_1108' title='bbox 2819 5346 2866 5390; x_wconf 73' lang='lat' dir='ltr'><strong>et</strong></span> <span class='ocrx_word' id='word_1_1109' title='bbox 2901 5350 2998 5405; x_wconf 76' lang='lat' dir='ltr'><strong>ego</strong></span> <span class='ocrx_word' id='word_1_1110' title='bbox 3036 5351 3219 5404; x_wconf 77' lang='lat' dir='ltr'><strong>operor</strong></span> <span class='ocrx_word' id='word_1_1111' title='bbox 3259 5333 3436 5404; x_wconf 82' lang='lat' dir='ltr'><strong>(Joan.</strong></span> <span class='ocrx_word' id='word_1_1112' title='bbox 3463 5333 3541 5404; x_wconf 82' lang='lat' dir='ltr'><strong>v),</strong></span> 
     </span>
    </p>
   </div>
   <div class='ocr_carea' id='block_1_153' title="bbox 1962 5407 3541 5477">
    <p class='ocr_par' dir='ltr' id='par_1_153' title="bbox 1962 5407 3541 5477">
     <span class='ocr_line' id='line_1_154' title="bbox 1962 5407 3541 5477; baseline -0.003 -13"><span class='ocrx_word' id='word_1_1113' title='bbox 1962 5425 2084 5464; x_wconf 87' lang='lat' dir='ltr'><strong>cum</strong></span> <span class='ocrx_word' id='word_1_1114' title='bbox 2115 5409 2215 5463; x_wconf 88' lang='lat' dir='ltr'><strong>lioc</strong></span> <span class='ocrx_word' id='word_1_1115' title='bbox 2239 5410 2380 5477; x_wconf 87' lang='lat' dir='ltr'><strong>quod</strong></span> <span class='ocrx_word' id='word_1_1116' title='bbox 2411 5409 2506 5474; x_wconf 85' lang='lat' dir='ltr'><strong>ait,</strong></span> <span class='ocrx_word' id='word_1_1117' title='bbox 2539 5410 2806 5477; x_wconf 87' lang='lat' dir='ltr'><strong>requievit</strong></span> <span class='ocrx_word' id='word_1_1118' title='bbox 2845 5409 2986 5462; x_wconf 84' lang='lat' dir='ltr'><strong>Dens</strong></span> <span class='ocrx_word' id='word_1_1119' title='bbox 3020 5408 3092 5461; x_wconf 83' lang='lat' dir='ltr'><strong>ab</strong></span> <span class='ocrx_word' id='word_1_1120' title='bbox 3117 5410 3370 5474; x_wconf 83' lang='lat' dir='ltr'><strong>operibus</strong></span> <span class='ocrx_word' id='word_1_1121' title='bbox 3409 5407 3541 5460; x_wconf 85' lang='lat' dir='ltr'><strong>suis.</strong></span> 
     </span>
    </p>
   </div>
   <div class='ocr_carea' id='block_1_154' title="bbox 1961 5479 3518 5559">
    <p class='ocr_par' dir='ltr' id='par_1_154' title="bbox 1961 5479 3518 5559">
     <span class='ocr_line' id='line_1_155' title="bbox 1961 5479 3518 5559; baseline -0.004 -23"><span class='ocrx_word' id='word_1_1122' title='bbox 1961 5481 2248 5549; x_wconf 84' lang='lat' dir='ltr'><strong>Requievit</strong></span> <span class='ocrx_word' id='word_1_1123' title='bbox 2278 5481 2502 5542; x_wconf 85' lang='lat' dir='ltr'><strong>scilicet,</strong></span> <span class='ocrx_word' id='word_1_1124' title='bbox 2535 5483 2658 5548; x_wconf 90' lang='lat' dir='ltr'><strong>quia</strong></span> <span class='ocrx_word' id='word_1_1125' title='bbox 2691 5482 2948 5548; x_wconf 85' lang='lat' dir='ltr'><strong>deinceps</strong></span> <span class='ocrx_word' id='word_1_1126' title='bbox 2973 5479 3174 5532; x_wconf 82' lang='lat' dir='ltr'><strong>nullam</strong></span> <span class='ocrx_word' id='word_1_1127' title='bbox 3196 5493 3388 5531; x_wconf 80' lang='lat' dir='ltr'><strong>novam</strong></span> <span class='ocrx_word' id='word_1_1128' title='bbox 3417 5493 3518 5559; x_wconf 80' lang='lat' dir='ltr'><strong>con</strong></span> 
     </span>
    </p>
   </div>
   <div class='ocr_carea' id='block_1_155' title="bbox 1962 5555 3544 5630">
    <p class='ocr_par' dir='ltr' id='par_1_155' title="bbox 1962 5555 3544 5630">
     <span class='ocr_line' id='line_1_156' title="bbox 1962 5555 3544 5630; baseline -0.005 -22"><span class='ocrx_word' id='word_1_1129' title='bbox 1962 5555 2104 5630; x_wconf 74' lang='lat' dir='ltr'><strong>didit</strong></span> <span class='ocrx_word' id='word_1_1130' title='bbox 2127 5563 2459 5630; x_wconf 79' lang='lat' dir='ltr'><strong>creaturam;</strong></span> <span class='ocrx_word' id='word_1_1131' title='bbox 2492 5563 2749 5630; x_wconf 81' lang='lat' dir='ltr'><strong>operatur</strong></span> <span class='ocrx_word' id='word_1_1132' title='bbox 2790 5563 2971 5630; x_wconf 75' lang='lat' dir='ltr'><strong>autem</strong></span> <span class='ocrx_word' id='word_1_1133' title='bbox 3017 5565 3188 5630; x_wconf 76' lang='lat' dir='ltr'><strong>usque</strong></span> <span class='ocrx_word' id='word_1_1134' title='bbox 3233 5564 3398 5615; x_wconf 78' lang='lat' dir='ltr'><strong>nunc,</strong></span> <span class='ocrx_word' id='word_1_1135' title='bbox 3423 5555 3544 5630; x_wconf 77' lang='lat' dir='ltr'><strong>quia</strong></span> 
     </span>
    </p>
   </div>
   <div class='ocr_carea' id='block_1_156' title="bbox 1964 5621 3549 5692">
    <p class='ocr_par' dir='ltr' id='par_1_156' title="bbox 1964 5621 3549 5692">
     <span class='ocr_line' id='line_1_157' title="bbox 1964 5621 3549 5692; baseline -0.003 -12"><span class='ocrx_word' id='word_1_1136' title='bbox 1964 5625 2145 5680; x_wconf 88' lang='lat' dir='ltr'><strong>omnia</strong></span> <span class='ocrx_word' id='word_1_1137' title='bbox 2183 5639 2250 5676; x_wconf 82' lang='lat' dir='ltr'><strong>ex</strong></span> <span class='ocrx_word' id='word_1_1138' title='bbox 2289 5625 2369 5677; x_wconf 90' lang='lat' dir='ltr'><strong>eis</strong></span> <span class='ocrx_word' id='word_1_1139' title='bbox 2396 5622 2527 5677; x_wconf 78' lang='lat' dir='ltr'><strong>facit</strong></span> <span class='ocrx_word' id='word_1_1140' title='bbox 2557 5639 2676 5692; x_wconf 73' lang='lat' dir='ltr'><strong>qua:</strong></span> <span class='ocrx_word' id='word_1_1141' title='bbox 2705 5626 2757 5678; x_wconf 91' lang='lat' dir='ltr'><strong>in</strong></span> <span class='ocrx_word' id='word_1_1142' title='bbox 2791 5623 2902 5678; x_wconf 86' lang='lat' dir='ltr'><strong>illis</strong></span> <span class='ocrx_word' id='word_1_1143' title='bbox 2939 5636 3032 5677; x_wconf 78' lang='lat' dir='ltr'><strong>ses</strong></span> <span class='ocrx_word' id='word_1_1144' title='bbox 3070 5621 3264 5675; x_wconf 74' lang='lat' dir='ltr'><strong>diebus</strong></span> <span class='ocrx_word' id='word_1_1145' title='bbox 3308 5621 3549 5691; x_wconf 81' lang='lat' dir='ltr'><strong>mysticis</strong></span> 
     </span>
    </p>
   </div>
   <div class='ocr_carea' id='block_1_157' title="bbox 1965 5693 3551 5765">
    <p class='ocr_par' dir='ltr' id='par_1_157' title="bbox 1965 5693 3551 5765">
     <span class='ocr_line' id='line_1_158' title="bbox 1965 5693 3551 5765; baseline -0.005 -14"><span class='ocrx_word' id='word_1_1146' title='bbox 1965 5699 2109 5756; x_wconf 77' lang='lat' dir='ltr'><strong>fecit.</strong></span> <span class='ocrx_word' id='word_1_1147' title='bbox 2140 5696 2282 5764; x_wconf 80' lang='lat' dir='ltr'><strong>Ergo</strong></span> <span class='ocrx_word' id='word_1_1148' title='bbox 2328 5696 2593 5765; x_wconf 86' lang='lat' dir='ltr'><strong>requievit</strong></span> <span class='ocrx_word' id='word_1_1149' title='bbox 2620 5712 2654 5753; x_wconf 83' lang='lat' dir='ltr'><strong>a</strong></span> <span class='ocrx_word' id='word_1_1150' title='bbox 2697 5694 2995 5752; x_wconf 84' lang='lat' dir='ltr'><strong>condendis</strong></span> <span class='ocrx_word' id='word_1_1151' title='bbox 3021 5693 3316 5764; x_wconf 74' lang='lat' dir='ltr'><strong>generibus</strong></span> <span class='ocrx_word' id='word_1_1152' title='bbox 3339 5701 3551 5754; x_wconf 65' lang='lat' dir='ltr'><strong>creatuy</strong></span> 
     </span>
    </p>
   </div>
  </div>
