4042 6188
528 199 635 257 ωδ

1518 192 1609 247 AD
1646 191 1872 249 OPERA
1914 192 1972 248 S.
2017 189 2341 249 ευοῐιειιιι
2380 187 2742 247 APPENDIX.

3674 198 3791 259 904

530 326 628 372 rae.
654 298 766 378 ne",
786 313 963 361 autem
994 297 1227 361 cessavit
1250 303 1502 378 ab_opere
1530 306 1772 373 regendi,
1809 306 1891 359 vel
1919 305 2096 359 admi-
2125 307 2177 364 Α
2207 304 2259 357 in
2290 304 2379 378 illa
2406 312 2557 378 sexta
2587 303 2673 357 die
2700 299 3031 378 serpentium
3068 311 3120 359 et
3145 304 3380 362 ferarum
3411 324 3608 378 genera
3636 294 3787 369 terra

533 376 792 435 nistrandi
819 378 998 430 omnia
1022 392 1137 443 quin
1166 373 1387 427 creavit.

603 448 783 515 (Vers.
808 449 887 516 5.)
911 445 977 498 Et
1018 444 1270 498 benedixit
1307 445 1388 516 die
1425 444 1656 516 septimo,
1686 453 1735 497 et
1764 445 2101 516 sancti/ienuit

535 513 668 573 eum.
693 521 801 571 Cur
842 513 1093 570 Dominus
1136 514 1493 567 sanctitieavit
1535 513 1675 566 diem
1715 515 1913 581 quietis
1958 530 2097 580 suze,

538 591 641 643 nisi
666 589 787 656 quia
816 599 874 639 se
917 594 1179 656 creatura:
1207 599 1362 656 quam
1397 586 1521 637 fecit
1545 583 1874 656 diligendum
1910 599 2102 656 propoo

536 659 659 721 suit,
685 652 796 709 'non
828 654 1173 708 sanctiﬁcans
1202 653 1343 707 diem
1378 668 1485 721 quo
1510 669 1574 707 ea
1603 652 1843 708 facienda
1874 654 2102 707 inclma-

535 730 629 790 vit,
653 740 747 779 nec
767 724 917 778 illum
948 726 997 777 in
1027 741 1130 791 quo
1157 738 1215 776 ea
1246 722 1489 791 perfecit.
1515 738 1581 777 ne
1605 724 1708 778 illis
1737 735 1826 776 aut
1857 724 2100 777 facienda

534 799 615 851 vel
648 795 801 848 factis
830 805 1112 863 augmento
1140 794 1254 862 ejus
1283 794 1516 861 gaudere
1537 794 1826 855 videretur,
1855 795 1949 847 sed
1977 805 2103 848 tunc

534 864 888 921 sanetiﬁcavit
933 865 1147 932 quando
1190 863 1259 917 ab
1305 864 1432 932 ipsis
1472 865 1523 917 in
1557 879 1615 917 se
1655 864 1773 931 ipso
1815 865 2099 931 requievit.

534 937 670 992 Post
698 938 919 989 istorum
962 938 1138 1001 itaque
1181 934 1328 1002 quasi
1368 949 1459 988 sex
1504 934 1711 988 dierum
1761 949 1921 1002 opera
1966 936 2103 987 bona

539 1008 692 1062 valde
732 1012 911 1074 sperat
958 1004 1116 1058 homo
1156 1006 1653 1074 quietemAmentis,
1701 1005 2020 1058 constitutus
2052 1004 2103 1057 in

538 1072 784 1145 paradiso
826 1075 1086 1141 spiritali,
1115 1072 1220 1143 quo
1256 1072 1588 1145 signiﬁcatur
1626 1075 1733 1129 vita
1781 1076 1929 1128 beata
1964 1090 1978 1125 :
2013 1074 2105 1127 ubi

537 1148 659 1202 fons
683 1154 767 1201 est
788 1147 1062 1212 sapientiae
1083 1145 1287 1198 divisus
1309 1144 1360 1197 in
1384 1154 1610 1212 quttuor
1632 1155 1807 1211 partes
1827 1145 2101 1209 virtutum,

538 1219 630 1273 ubi
662 1218 786 1271 edat
838 1216 962 1284 ligni
1008 1215 1132 1267 vitae
1173 1215 1419 1283 gratiam,
1453 1215 1540 1268 ubi
1590 1216 1751 1268 utiles
1793 1214 2105 1279 disciplinas

538 1302 769 1349 morum,
801 1286 953 1353 quasi
984 1284 1187 1338 fructus
1218 1287 1479 1351 lignorum
1513 1296 1716 1351 carpat.
1743 1284 1836 1338 Est
1878 1297 2107 1350 namque

540 1359 830 1428 paradisus
863 1355 965 1408 vita
999 1355 1301 1428 beatorum,
1337 1367 1563 1428 quatuor
1606 1355 1847 1428 ﬁumina,
1877 1362 2109 1428 quatuor

540 1424 788 1490 virtutes,
818 1426 959 1494 ligna
1000 1426 1119 1493 ejus
1160 1440 1349 1477 omnes
1396 1426 1550 1477 utiles
1589 1424 1904 1494 disciplinae,
1939 1425 2109 1491 ligno-

542 1515 659 1554 rum
692 1498 894 1549 fructus
925 1510 1099 1548 mores
1128 1496 1338 1562 piorum
1374 1512 1385 1545 :
1418 1496 1619 1563 lignum
1651 1495 1771 1547 vita:
1805 1496 1915 1563 ipsa
1943 1496 2111 1545 bono-

546 1586 662 1623 rum
694 1568 931 1619 omnium
977 1578 1144 1619 mater
1185 1565 1457 1630 Sapientia
1489 1574 1591 1628 est,
1620 1565 1686 1617 de
1715 1580 1818 1632 qua
1853 1565 2106 1630 scriptum

547 1649 653 1700 est,
679 1637 967 1693 Salomone
995 1636 1240 1688 dicente:
1268 1633 1482 1703 Lignum
1525 1636 1639 1686 vim:
1689 1644 1759 1687 est
1797 1634 1861 1686 iis
1905 1635 1989 1699 qui
2017 1649 2109 1701 ap-

580 1708 865 1761 rehenduut
888 1721 1019 1771 eam,
1053 1715 1098 1759 et
1118 1706 1203 1772 qui
1228 1706 1440 1757 tenuerit
1464 1720 1571 1757 eam
1602 1703 1967 1772 beatus(Prov.
1997 1706 2100 1771 tu).

580 1728 865 1761 reltenaum
888 1728 1019 1771 eant,
1053 1728 1098 1759 ει
1118 1728 1202 1772 qi"
1228 1728 1440 1757 tenuent
1464 1728 1571 1757 eam
1602 1728 1967 1772 υεαιιιδμ-ῑυυ.
1997 1728 2100 1771 Ill).

543 1728 768 1846 Eigunm
799 1778 1033 1829 scientia:
1064 1776 1187 1828 boni
1220 1786 1272 1827 et
1305 1774 1813 1846 malitransgressio
1846 1785 1928 1827 est
1957 1789 2107 1846 man-

545 1844 673 1902 dati.
700 1848 915 1912 Expleta
960 1847 1218 1898 hactenus
1261 1858 1355 1897 sex
1400 1844 1606 1897 dierum
1653 1860 1836 1912 opera,
1879 1844 2107 1912 qualiter

549 1920 602 1971 in
643 1918 877 1971 Ecclesia
917 1916 1230 1983 Spiritaliter
1258 1915 1635 1983 intell~gantur.
1667 1917 1907 1982 exposita
1945 1924 2102 1976 sunt;

546 1988 738 2042 deinde
764 1986 888 2053 quid
931 1988 981 2038 in
1032 1986 1197 2051 ﬁgura
1241 1986 1421 2037 saeculi
1462 1985 1767 2053 significent
1814 1984 2106 2052 subjicien-

547 2058 675 2111 dum
706 2067 807 2111 est.
834 2057 938 2110 Sex
965 2056 1150 2109 diebns
1172 2060 1559 2108 consummavit
1585 2058 1718 2108 Deus
1740 2055 1917 2109 omnia
1944 2069 2103 2122 opera

548 2144 666 2192 Sua,
700 2138 751 2179 et
790 2129 1017 2195 septimo
1063 2127 1344 2192 requievit.
1377 2126 1478 2179 Sex
1521 2127 1767 2179 aetatibus
1817 2130 2104 2178 humanum

548 2214 715 2265 genus
760 2198 811 2251 in
864 2202 965 2250 hoc
1004 2198 1221 2258 sarculo,
1254 2210 1346 2263 per
1392 2198 1757 2250 succeSsiones
1806 2206 2105 2262 temporum

550 2268 643 2323 Dei
694 2266 1192 2337 operainsinuant,
1222 2282 1446 2337 quarum
1497 2266 1663 2331 prima
1709 2274 1792 2318 est
1819 2267 1885 2337 ab
1936 2266 2103 2337 Adam

550 2334 812 2402 usuiuc'ad
844 2336 976 2400 Noe,
1006 2339 1234 2389 seCunda
1280 2352 1307 2387 a
1340 2335 1451 2388 Noe
1498 2351 1665 2403 usque
1703 2338 1767 2387 ad
1808 2334 2101 2399 Abraham,

556 2410 711 2460 tertia
750 2408 818 2459 ab
861 2406 1128 2459 Abraham
1164 2420 1329 2470 usque
1354 2406 1417 2457 ad
1450 2404 1633 2465 David,
1668 2416 1851 2473 quarta
1882 2421 1909 2458 a
1940 2404 2107 2457 David

551 2491 717 2545 usque.
744 2477 807 2528 ad
833 2474 1350 2545 transmigrationem
1381 2474 1709 2542 Baliylmiim,
1743 2478 1927 2545 quinta
1959 2475 2107 2528 dein-

554 2544 818 2611 de’usque
842 2547 907 2597 ad
941 2544 1191 2597 humilem
1224 2549 1504 2597 adventum
1542 2544 1946 2598 Domininustri
1978 2547 2105 2600 Jesu

552 2616 771 2678 Christi,
804 2624 951 2667 sexta
982 2629 1099 2682 qua:
1135 2630 1275 2666 nunc
1304 2618 1478 2681 agitur
1524 2630 1692 2681 usque
1731 2630 1836 2683 quo
1879 2617 2106 2668 mundus

554 2687 791 2747 ﬁniatur,
824 2686 993 2738 donec
1028 2684 1278 2737 Enelsus
1320 2687 1494 2736 veniat
1524 2685 1587 2738 ad
1615 2685 1871 2751 judicium
1903 2704 1913 2737 :
1943 2688 2109 2753 septi-

552 2770 635 2809 ma
667 2770 794 2809 vero
822 2753 1133 2823 intelligitur
1159 2754 1209 2807 iu
1254 2756 1435 2822 requie
1460 2765 1788 2820 sanctorum,
1814 2770 1932 2824 qua:
1960 2756 2106 2810 scili-

552 2835 638 2878 cet
668 2840 945 2894 vesperam
997 2839 1100 2894 non
1135 2825 1314 2886 habet,
1346 2826 1466 2891 quia
1508 2840 1622 2877 cam
1652 2824 1769 2893 {jam
1803 2825 1974 2878 nullus
2005 2836 2110 2879 ter-

551 2895 728 2950 minus
769 2893 1005 2948 claudit.
1061 2893 1348 2962 Pergamus
1402 2909 1528 2962 ergu
1585 2896 1814 2949 breviter
1872 2911 1963 2962 per
2012 2895 2108 2948 has

552 2965 736 3019 mundi
763 2980 950 3019 omnes
970 2974 1174 3027 anates,
1204 2964 1522 3031 replicantes
1543 2966 1784 3017 ordinem
1810 2974 2107 3031 temporum

552 3051 756 3097 carum,
795 3049 848 3089 et
899 3035 1121 3104 mystice
1162 3025 1281 3105 ejus
1329 3032 1654 3087 diﬁ‘erentias
1700 3025 2108 3105 distinguamus.
2140 3025 2185 3085 C

554 3108 733 3159 Primo
758 3105 900 3160 enim
927 3105 1125 3159 s:eculo
1164 3104 1331 3156 factus
1373 3114 1455 3156 est
1496 3114 1763 3172 tamquam
1814 3104 1902 3158 lux
1954 3107 2116 3159 homo

557 3179 608 3229 in
644 3178 913 3243 paradiso.
941 3174 994 3227 In
1024 3189 1123 3242 qua
1152 3183 1309 3227 zetate
1339 3173 1501 3227 Filios
1529 3174 1616 3227 Dei
1648 3176 1698 3226 in
1740 3176 1872 3228 lucis
1904 3177 2118 3230 nomine

555 3248 735 3300 divisit
781 3245 920 3299 Deus
969 3260 996 3296 a
1054 3245 1175 3297 ﬁliis
1219 3243 1525 3309 hominum,
1576 3245 1722 3310 quasi
1774 3260 1802 3298 a
1857 3246 2113 3311 tenebris,

558 3318 722 3383 ﬁtque
746 3318 900 3383 hujus
919 3314 1019 3368 diei
1052 3329 1269 3382 vespera
1302 3314 1580 3367 diluvium.
1613 3313 1916 3368 Secundum
1948 3330 2119 3369 saecu-

555 3387 663 3438 lum
694 3397 772 3439 est
807 3389 1027 3450 factum,
1052 3384 1202 3452 quasi
1249 3383 1639 3437 ﬁrmamentum
1682 3386 1819 3438 inter
1846 3401 2034 3452 aquam
2066 3395 2121 3439 et

556 3470 769 3523 aquam.
794 3457 932 3509 Area
974 3454 1155 3523 utique
1186 3453 1276 3506 illa
1316 3468 1433 3520 quae
1468 3458 1671 3508 natavit
1708 3454 1848 3507 inter
1884 3454 2117 3522 pluviam

561 3522 745 3584 maris,
770 3532 824 3577 et
864 3522 1215 3576 anterioribus
1254 3522 1459 3590 populis
1493 3535 1707 3590 prOpter
1733 3525 2117 3578 immanitatem

556 3594 818 3649 scelerum
850 3593 1007 3646 ﬁnem
1040 3593 1311 3659 imposuit,
1339 3602 1392 3663 et
1423 3596 1804 3660 posterioribus
1835 3606 1955 3663 post
1982 3594 2116 3660 Noe,

558 3678 622 3717 ac
662 3663 802 3727 ﬁliis,
834 3666 950 3726 ejus
982 3662 1297 3730 principium
1343 3661 1518 3727 dedit;
1559 3663 1715 3731 hujus
1756 3661 1975 3730 vespera
2019 3665 2118 3719 fuit

557 3732 800 3787 conlusio
851 3735 1170 3802 linguarum.
1210 3731 1451 3786 Tertium
1491 3738 1741 3787 saeculum
1785 3736 1978 3787 factum
2036 3745 2117 3788 est

557 3804 771 3873 quando
825 3804 1092 3869 separavit
1140 3802 1391 3872 populum
1444 3819 1597 3857 suum
1646 3819 1675 3857 a
1721 3804 1965 3872 gentibus
2026 3820 2119 3873 per

558 3872 850 3936 Abraham,
883 3874 1024 3926 velut
1050 3887 1081 3926 a
1109 3873 1263 3926 salsis
1290 3874 1729 3943 etamarissimis
1762 3880 1933 3943 aquis,
1965 3872 2116 3941 quasi

557 3943 757 3996 aridam
798 3943 864 3996 ab
914 3944 1098 4012 aquis,
1142 3952 1199 3996 ut
1250 3942 1516 4011 proferret
1560 3959 1777 4011 germen
1814 3942 2116 3997 herbarum

556 4024 715 4081 atque
745 4012 1034 4082 lignorum,
1058 4013 1105 4066 id
1135 4021 1239 4077 est,
1267 4023 1480 4066 sanctos
1503 4025 1556 4067 et
1580 4012 1783 4067 fructus
1812 4021 2116 4067 sanctarum

556 4083 974 4151 Scripturarum.
1010 4083 1179 4151 Hujus
1219 4097 1439 4150 vespera
1490 4082 1584 4135 fuit
1635 4092 1905 4149 peccatum
1960 4092 2118 4150 atque

555 4155 754 4207 malitia
787 4153 1002 4221 pessimi
1040 4154 1178 4220 regis
1208 4151 1357 4204 Saul.
1391 4151 1517 4221 Inde
1542 4162 1789 4219 quartum
1829 4152 1989 4220 coepit
2018 4168 2119 4206 saa-

555 4224 734 4277 culum
764 4219 800 4275 ai
827 4220 1012 4285 David,
1043 4219 1256 4290 quando
1281 4219 1558 4274 constituit
1590 4221 1730 4275 Deus
1753 4219 2033 4275 luminaria
2061 4224 2113 4275 in

554 4295 893 4346 ﬁrmamento
918 4292 1064 4355 cteli,
1091 4291 1141 4345 id
1163 4300 1265 4354 est,
1295 4290 1636 4359 splendorem
1668 4293 1814 4359 regni
1849 4305 2113 4361 tamquam

2139 1670 2186 1730 B

2205 374 2484 451 produxit,
2526 374 2593 426 ita
2647 382 2703 427 et
2740 374 2789 426 iu
2829 372 2927 427 hac
2974 388 3333 451 sexta‘mtate
3372 372 3551 434 siculi
3593 396 3788 451 gentes

2202 444 2364 521 vitam
2396 450 2708 511 appetentes
2738 453 2993 521 teternam
3028 446 3267 517 Ecclesia
3293 444 3785 521 generavitiquem

2203 512 2364 567 etiam
2395 527 2609 566 sensum
2650 529 2743 566 vas
2776 514 2931 568 Petro
2978 514 3253 569 ostensum
3296 512 3680 577 inanilestaVvi't.
3714 527 3784 578 Et

2203 583 2652 660 quemadmodum
2674 583 2762 660 die
2788 593 2937 637 sexta
2956 595 3168 660 creatur
3191 591 3460 660 masculus
3489 602 3540 645 et
3561 593 3780 660 f-mina,

2205 654 2283 705 sic
2312 653 2364 705 in
2397 654 2495 705 ista
2527 652 2706 705 sicculi
2741 662 2899 707 actate
2930 657 3302 712 manifestatur
3326 659 3571 715 Christus
3600 676 3650 717 et
3681 665 3757 718 Ec

2204 724 2389 801 clesia.
2420 723 2488 776 Et
2516 722 2673 801 sicuti
2701 723 3226 801 praeponitunhomo
3263 730 3429 801 indie
3452 731 3551 801 illa
3574 735 3782 801 pecori'

2208 792 2330 856 bus,
2359 794 2700 859 serpentibus
2727 807 2781 847 et
2820 794 2941 847 coeli
2971 796 3297 860 volatilibus,
3324 800 3393 853 ita
3449 810 3503 855 et
3527 792 3779 858 Christus

2207 863 2257 915 in
2283 864 2381 933 hac
2414 871 2572 915 :etate
2607 864 2785 916 sazculi
2812 863 3082 932 gentibus.
3118 867 3323 933 papulis
3380 878 3433 924 et
3464 874 3783 928 nationibus

2207 942 2265 1005 ut
2290 931 2450 1005 abeo
2482 942 2753 1000 regantur,
2782 931 2874 1005 Avel
2898 935 3098 987 carnali
3119 931 3575 1005 concupiscentiae
3605 944 3780 998 dediti

2205 1004 2364 1079 sicuti
2418 1017 2649 1069 peciira;
2708 1003 2818 1079 ve|_
2858 1012 3069 1079 terrena
3121 1003 3427 1065 curiositate
3475 1013 3777 1079 obscurati,

2209 1071 2359 1147 quasi
2389 1085 2707 1147 serpentes;
2735 1074 2821 1127 vel
2852 1072 2979 1147 elati
3024 1079 3295 1143 superbia,
3324 1082 3476 1147 quasi
3524 1098 3672 1137 aves.
3710 1071 3780 1138 Εἰ

2206 1142 2346 1194 sicut
2389 1141 2443 1194 in
2484 1140 2572 1195 illa
2622 1142 2707 1196 die
2752 1146 2989 1265 pascitur
3036 1140 3216 1209 homo,
3248 1140 3301 1201 et
3342 1140 3622 1218 animalia,
3655 1170 3778 1221 qua:

2208 1226 2329 1263 cum
2359 1212 2450 1264 illo
2477 1222 2622 1265 sunt.
2654 1214 2748 1265 her
2791 1214 2832 1265 is
2862 1214 3230 1265 seminalihus-
3254 1229 3306 1265 et
3331 1219 3493 1265 ligula
3524 1220 3773 1265 ΐτιιριιιρ-

2208 1226 2329 1287 cum
2359 1212 2450 1287 illo
2477 1222 2622 1287 sunt,
2654 1212 2832 1287 herbis
2862 1214 3231 1287 seminalibus,
3254 1229 3306 1272 et
3331 1219 3493 1287 lignis
3522 1212 3773 1277 fructife-

2210 1283 2306 1342 ris,
2339 1292 2393 1334 et
2426 1282 2606 1335 herbis
2630 1282 2911 1347 viridibus,
2938 1285 3015 1339 sic
3037 1295 3089 1337 et
3119 1287 3217 1340 ista
3251 1282 3397 1342 sexta
3430 1294 3615 1346 surculi
3640 1303 3776 1347 aita-

2209 1359 2283 1430 tne,
2326 1350 2589 1430 spiritalis
2638 1356 2819 1430 homo,
2854 1354 2957 1430 qui
2996 1354 3165 1430 bonus
3216 1359 3461 1430 minister
3509 1375 3595 1415 est
3642 1363 3775 1417 Jesu

2210 1420 2413 1473 Christi
2442 1437 2618 1497 ,_cum
2651 1424 2769 1491 ipso
2800 1420 2995 1497 popqu
3022 1427 3335 1493 spiritaliter
3366 1432 3598 1497 pascitur
3642 1447 3773 1487 san-

2212 1500 2438 1566 ctarnin_
2471 1490 2883 1566 Scripturarum‘
2908 1490 3183 1566 alimentis
3231 1507 3285 1552 et
3329 1490 3442 1566 lege
3486 1502 3662 1555 divina
3704 1502 3776 1558 ad

2214 1560 2696 1627 concupiscendam
2727 1562 3108 1639 fecunditatem
3135 1560 3406 1639 rationum
3441 1580 3600 1639 atque
3649 1586 3773 1626 ser-

2217 1646 2454 1709 trionum,
2487 1642 2752 1699 tamquam
2782 1632 2960 1688 herbis
3010 1637 3367 1709 seminalibus
3403 1658 3414 1692 :
3459 1632 3657 1709 partim
3706 1643 3772 1696 ad

2212 1700 2497 1780 utilitatem
2532 1718 2738 1780 tuorum
2769 1706 3191 1780 conversationis
3218 1700 3482 1775 humanae,
3506 1722 3770 1780 tamquam

2208 1770 2367 1848 lignis
2399 1772 2714 1848 fructiferis;
2749 1777 2940 1841 partim
2981 1776 3045 1827 ad
3099 1778 3337 1845 vigorem
3385 1770 3528 1845 ﬁdei,
3569 1770 3684 1848 spei
3723 1793 3777 1835 et

2206 1841 2487 1915 eli-aritazis
2528 1842 2579 1894 in
2617 1845 2777 1915 vitam
2815 1853 3093 1908 :eternam,
3124 1841 3394 1915 tamquam
3437 1841 3618 1904 herbis
3646 1854 3777 1905 viri-

2207 1909 2385 1986 dibus,
2423 1926 2541 1986 quia
2573 1912 2722 1986 nullo
2752 1922 2896 1986 aestu
2930 1909 3336 1986 tribulationum
3384 1932 3665 1986 arescunt;
3696 1921 3776 1976 sic

2206 1981 2258 2033 in
2293 1982 2419 2057 istis
2460 1982 2786 2057 spiritalibus
2830 1984 2967 2057 cibis
3006 1985 3382 2053 alimentisque
3424 1981 3676 2057 pascitur,
3718 2002 3775 2044 ut

2207 2052 2372 2128 multa
2405 2051 2685 2120 intelligat.
2718 2052 3000 2128 Carnalcs_
3020 2064 3219 2128 autem,
3254 2051 3307 2110 id
3335 2051 3437 2125 est,
3469 2051 3679 2128 parvuli
3714 2064 3767 2115 in

2205 2119 2437 2199 Christo,
2474 2119 2744 2199 tamquam
2772 2138 2930 2199 pecus
2969 2123 3083 2199 Dei,
3127 2137 3183 2179 ut
3211 2119 3377 2181 multa
3408 2119 3613 2191 credat.
3647 2147 3770 2199 qua:

2206 2192 2435 2264 n-jcdum
2476 2196 2775 2260 intelligere
2806 2195 2948 2248 valet
2976 2195 3060 2248 vel
3101 2205 3306 2264 potest;
3342 2210 3514 2253 tamen
3549 2192 3770 2254 eosdem

2207 2262 2353 2313 cibo,
2377 2276 2566 2338 omnes
2603 2264 2823 2317 habent.
2864 2262 3241 2338 [injusaitatis
3286 2280 3461 2323 autem
3501 2271 3651 2338 quasi
3682 2287 3773 2325 ve-

2206 2346 2362 2410 spera
2397 2336 2595 2410 utinam
2618 2348 2729 2410 nos_
2746 2350 2849 2387 non
2882 2335 3134 2410 inveniat!
3168 2337 3257 2410 Illa
3286 2348 3367 2392 est
3396 2335 3536 2393 enim
3569 2342 3635 2393 de
3665 2357 3769 2410 qua

2210 2401 2466 2454 Dominus
2494 2403 2623 2456 dicit
2648 2419 2661 2455 :
2688 2403 2918 2457 Putasne
2954 2408 3156 2459 veniens
3191 2404 3363 2460 Filius
3392 2411 3608 2462 hominis
3636 2401 3773 2464 in've-

2208 2472 2307 2523 niet
2340 2471 2493 2547 ﬁdem
2522 2489 2673 2542 super
2704 2484 2889 2528 terram
2917 2474 3069 2547 (Luc.
3118 2478 3304 2547 xviii)?
3350 2479 3478 2533 Post
3507 2482 3647 2533 illaut
3678 2497 3770 2535 ve-

2213 2556 2427 2610 speram
2465 2544 2551 2595 ﬁet
2582 2560 2758 2607 mane,
2786 2544 2997 2613 quando
3025 2545 3141 2615 ipse
3173 2544 3428 2603 Dominus
3454 2551 3503 2603 in
3528 2552 3773 2605 claritate

2209 2622 2467 2696 venturus
2493 2623 2595 2696 est.
2627 2614 3143 2696 Tunc_rcquiesc;ent
3171 2633 3292 2696 cum
3324 2617 3538 2675 Christo
3570 2622 3640 2696 ab
3662 2638 3766 2674 om-

2210 2682 2364 2736 nibus
2409 2685 2661 2751 operibus
2690 2687 2819 2754 suis
2865 2682 2899 2738 ii
2949 2687 3141 2754 quibus
3182 2688 3384 2742 dictum
3431 2702 3510 2745 est
3545 2708 3558 2743 :
3597 2691 3772 2745 Estote

2209 2754 2439 2829 perfecti,
2458 2754 2585 2829 sicut
2608 2763 2653 2829 et
2678 2753 2835 2829 Pater
2854 2753 3012 2809 vester
3026 2759 3113 2825 qui
3136 2758 3186 2809 in
3208 2761 3344 2811 caelis
3366 2771 3435 2812 est
3460 2760 3673 2829 (Matth.
3690 2763 3771 2829 v).

2211 2821 2366 2897 Tales
2416 2826 2559 2877 enim
2606 2821 3208 2897 faciuutgopera'bona
3266 2821 3598 2897 valdefpost
3648 2821 3775 2885 talia

2211 2891 2353 2968 enim
2400 2908 2584 2959 opera,
2618 2891 3003 2968 speranda—est
3034 2899 3243 2963 requies
3286 2900 3337 2951 in
3385 2891 3488 2953 die'
3510 2900 3766 2968 septimo,

2215 2964 2304 3029 qui
2341 2977 2750 3034 vesperammon
2779 2968 2958 3019 habet.
2986 2966 3234 3034 Sequitur
3264 2985 3276 3019 :

2288 3034 2467 3099 (\‘ers.
2506 3032 2736 3107 Libui:
2776 3032 3117 3107 generationes
3145 3038 3255 3090 coeti
3298 3048 3345 3090 et
3374 3046 3539 3106 terrw,
3565 3040 3772 3107 quando

2216 3113 2398 3175 credite
2436 3114 2548 3155 sunt
2580 3105 2631 3156 in
2664 3105 2906 3174 diepqua
2933 3108 3047 3175 fecit
3090 3106 3225 3160 Deus
3251 3110 3429 3161 coelum
3476 3105 3531 3161 et
3563 3105 3774 3163 terram.

2217 3172 2319 3237 Qui
2350 3174 2491 3226 enim
2513 3177 2757 3241 superius
2782 3172 2875 3242 per
2900 3172 3015 3228 dies
3041 3175 3297 3245 singulos,
3327 3180 3577 3232 distincte
3600 3180 3775 3234 omnia

2218 3244 2432 3294 condita
2479 3246 2681 3309 retulit,
2727 3246 2955 3313 qualiter
2985 3244 3145 3300 nunc
3168 3247 3323 3300 simul
3354 3250 3531 3302 omnia
3560 3263 3663 3301 uno
3689 3251 3775 3303 die

2220 3324 2397 3386 creata
2450 3314 2587 3379 sint,
2639 3314 2911 3383 subjunxit
2966 3332 2978 3367 :
3022 3324 3084 3370 ut
3126 3319 3412 3386 aliquando
3470 3319 3776 3373 ostenderet

2217 3383 2356 3450 quod
2390 3396 2635 3436 creatura
2664 3388 2837 3438 omnis
2866 3387 3021 3439 simul
3054 3402 3146 3453 per
3178 3383 3529 3441 substantiam
3554 3390 3775 3452 exstitit,

2218 3453 2311 3527 sed
2346 3467 2451 3527 non
2471 3454 2629 3527 simul
2656 3470 2749 3523 per
2778 3455 3013 3524 speciem
3044 3459 3325 3527 processit.
3355 3458 3551 3512 Rerum
3580 3461 3775 3527 quippe

2219 3522 2369 3590 origo
2410 3524 2571 3576 simul
2610 3522 2941 3589 creata'eSt,
2980 3526 3074 3579 sed
3121 3527 3283 3581 simul
3327 3531 3505 3594 specie
3554 3522 3776 3585 mimis

2220 3606 2324 3664 non
2357 3600 2469 3656 est;
2501 3603 2554 3647 et
2580 3597 2718 3660 quod
2748 3596 2902 3648 simul
2927 3597 3136 3649 exstitit
3164 3613 3259 3664 per
3288 3598 3637 3651 substantiam
3662 3613 3775 3651 ma-

2220 3663 2389 3728 teriic,
2424 3679 2526 3715 non
2574 3664 2731 3717 simul
2763 3667 3005 3732 apparuit
3034 3681 3128 3733 per
3154 3663 3385 3732 speciem
3415 3668 3599 3721 formae
3625 3684 3773 3721 :cum

2219 3735 2360 3786 enim
2408 3734 2561 3786 simul
2596 3734 2791 3787 factum
2823 3735 3016 3788 cadum
3048 3748 3102 3789 et
3133 3747 3271 3789 terra
3303 3738 3576 3799 scribitur,
3622 3738 3777 3794 simul

2220 3811 2291 3874 et
2321 3804 2579 3871 spiritalia
2622 3813 2675 3856 et
2703 3806 3025 3871 corporalia,
3057 3807 3217 3859 simul
3248 3806 3500 3874 quidquid
3544 3810 3610 3861 de
3643 3808 3778 3861 coelo

2219 3873 2409 3946 oritur,
2444 3874 2603 3946 simul
2633 3874 2869 3946 factum,
2896 3875 3150 3943 quidquid
3180 3878 3244 3929 de
3278 3888 3413 3930 terra
3444 3877 3775 3946 producitur,

2220 3942 2500 3995 indicatur.
2552 3942 2738 3997 Sidera
2787 3945 2980 4012 quippe
3012 3942 3198 4013 quarta
3242 3946 3329 4000 die
3378 3942 3612 4001 in'cmlo
3641 3947 3777 4003 facta

2222 4013 2720 4085 perliibentur.»Scd
2756 4019 2897 4085 quod
2937 4027 3126 4083 quarto
3149 4014 3236 4070 die
3280 4019 3539 4085 processit
3568 4020 3618 4070 in
3652 4032 3776 4085 Spe-

2219 4084 2321 4152 cie,
2358 4082 2529 4148 primo
2557 4083 2642 4152 die
2674 4085 2724 4135 in
2757 4083 2907 4137 caelis
2938 4082 3140 4137 éXslilit
3173 4082 3618 4152 per'substantite
3647 4082 3776 4140 con-

2219 4151 2493 4205 ditionem.
2545 4151 2634 4205 Sic
2678 4162 2732 4205 et
2781 4164 2995 4207 cetera.
3039 4151 3308 4222 Scriptum
3348 4165 3430 4209 est
3470 4158 3610 4211 enim
3644 4158 3779 4222 :Qui

2219 4222 2427 4294 vivitur
2467 4232 2749 4294 retentum,
2782 4225 2968 4275 creavit
3010 4226 3178 4277 omnia
3205 4227 3356 4278 simul
3387 4225 3576 4294 (Eccli.
3611 4228 3777 4294 xvtu).

2294 4291 2470 4359 (Vers.
2606 4288 2670 4343 In
2700 4292 2780 4345 die
2806 4309 2905 4361 quo
2931 4294 3046 4362 fecit
3074 4311 3219 4347 omne
3241 4288 3511 4364 virgultum
3532 4299 3665 4364 agri,
3691 4288 3779 4348 an.

555 4364 683 4416 solis
713 4362 1102 4439 excellentiam,
1138 4369 1193 4415 et
1232 4360 1285 4414 in
1327 4360 1509 4429 specie
1551 4362 1694 4415 luute
1734 4360 2084 4439 obtemperari
2096 4393 2111 4403 -
2137 4379 2192 4439 ι)
2220 4371 2418 4439 tequum
2450 4362 2667 4415 oriretur
2696 4364 2748 4439 in
2776 4360 3255 4439 te'rraiomnemque
3286 4360 3496 4439 [tertiam
3536 4360 3775 4439 rcgionis,

556 4441 685 4498 terti,
719 4442 983 4500 tamquam
1015 4433 1191 4486 lunam
1231 4446 1577 4501 synagogam,
1607 4441 1661 4485 et
1688 4433 1869 4485 stellas
1916 4434 2115 4500 princi-

554 4516 651 4571 pes
672 4502 819 4571 i-jns;
849 4504 998 4570 cujus
1026 4502 1198 4556 aetatis
1227 4502 1283 4554 ﬁt
1310 4516 1528 4571 vespera
1557 4503 1607 4555 in
1640 4505 1875 4570 peccatis
1905 4518 2111 4571 regum,

556 4574 746 4642 quibus
765 4587 894 4641 gens
916 4574 1001 4627 illa
1025 4574 1216 4627 meruit
1237 4572 1513 4642 captivari.
1544 4574 1709 4626 Porro
1735 4574 1919 4642 quinto
1945 4588 2113 4626 saecu-

556 4641 631 4708 lo,
667 4643 719 4695 id
748 4654 849 4706 est,
877 4643 928 4696 in
962 4643 1427 4711 transmigratione
1458 4642 1784 4712 Babyloniae,
1816 4641 1956 4697 facta
1992 4655 2116 4697 sunt

556 4714 705 4835 quasi
749 4713 995 4766 animalia
1028 4714 1078 4766 in
1119 4714 1269 4782 aquis
1299 4722 1353 4766 et
1392 4713 1622 4766 volatilia
1662 4714 1809 4777 eteli,
1837 4716 1959 4781 quia
1987 4722 2113 4768 tunc

593 4781 727 4835 udcei
755 4784 894 4835 inter
918 4789 1106 4835 nentes
1133 4791 1401 4835 tamquam
1443 4783 1494 4835 in
1533 4785 1663 4835 mari
1717 4786 1896 4835 vivere
1939 4799 2113 4835 emne-

593 4781 727 4835 udcei
755 4784 894 4836 inter
918 4789 1106 4851 gentes
1133 4791 1401 4851 tamquam
1443 4783 1494 4835 in
1533 4785 1663 4835 mari
1717 4786 1896 4837 vivere
1939 4799 2115 4851 cmpe-

556 4861 702 4917 runt,
727 4868 824 4906 nec
854 4855 1119 4907 habebant
1148 4853 1391 4907 Stabilem
1424 4852 1598 4905 locum
1630 4861 1896 4920 tamquam
1927 4856 2113 4907 volan-

556 4933 637 4977 tes
667 4938 811 4976 aves.
849 4922 1015 4991 Hujus
1048 4924 1151 4977 diei
1189 4923 1339 4991 quasi
1378 4936 1597 4989 veSpera
1623 4933 1707 4976 est
1745 4924 2111 4991 multiplicatio

554 5002 898 5063 peccatorum
926 4990 979 5047 in
1011 4990 1556 5063 populoiudaeorum,
1581 4995 1795 5059 quando
1834 4990 1911 5047 sic
1937 5008 2114 5048 excie-

557 5062 660 5116 cati
701 5075 855 5128 sunt,
895 5073 953 5116 ut
993 5063 1153 5116 etiam
1198 5062 1479 5116 Dominum
1525 5063 1705 5117 Jesum
1750 5078 1855 5115 non
1896 5073 2115 5132 possent

556 5148 868 5202 agnoscere.
899 5134 1015 5187 Jam
1049 5133 1301 5186 saeculum
1329 5143 1536 5202 sextum
1570 5131 1625 5185 ﬁt
1661 5134 1712 5186 in
1744 5134 1975 5187 adventu
2010 5135 2114 5186 Do-

557 5201 687 5258 mini
719 5206 885 5258 nostri
909 5204 1034 5257 Jesu
1061 5202 1280 5258 Christi.
1313 5201 1442 5255 Nam
1473 5204 1611 5257 sicut
1638 5204 1688 5256 in
1726 5202 1819 5257 illa
1849 5214 1998 5257 sexta
2022 5204 2111 5259 die

557 5277 760 5344 primus
787 5275 947 5329 homo
975 5273 1144 5328 Adam
1174 5274 1239 5328 de
1264 5272 1393 5327 limo
1427 5280 1581 5327 terra:
1607 5274 1673 5327 ad
1706 5274 1985 5343 imaginem
2018 5273 2114 5328 Dei

558 5350 813 5399 formatus
842 5357 954 5410 θείς
980 5345 1055 5398 sic
1085 5346 1135 5397 in
1165 5345 1266 5398 ista
1286 5353 1434 5397 sexta
1456 5345 1635 5398 saxculi
1662 5355 1820 5398 zetate
1845 5345 2111 5399 secundus

555 5416 745 5483 Adam,
779 5418 828 5470 id
872 5426 974 5475 est.
1007 5413 1270 5483 Christus,
1301 5415 1353 5468 in
1399 5429 1560 5468 carne
1606 5414 1672 5469 de
1700 5414 1861 5468 Maria
1910 5415 2114 5483 virgine

550 5498 713 5540 'natns
742 5497 823 5539 est
851 5501 866 5539 :
896 5487 981 5541 ille
1010 5490 1059 5540 in
1086 5488 1320 5540 animam
1362 5486 1647 5549 viventem,
1678 5485 1762 5539 hic
1792 5485 1843 5538 in
1869 5488 2113 5553 spiritum

559 5557 935 5610 viviﬁcantem.
971 5556 1036 5611 Et
1060 5559 1197 5610 sicut
1219 5557 1273 5609 iu
1299 5555 1385 5608 illa
1412 5555 1496 5609 die
1524 5557 1581 5608 tit
1609 5556 1783 5608 anima
1808 5556 1946 5619 viva,
1964 5556 2042 5609 sic
2061 5562 2116 5607 et

560 5626 617 5684 in
648 5631 751 5681 isto
776 5628 971 5682 steculo
998 5628 1158 5681 vitam
1182 5624 1549 5681 desiderantes
1585 5632 1860 5679 reternam.
1888 5626 1953 5679 Et
1977 5625 2114 5680 sicut

2216 4432 2507 4503 priusquam
2553 4432 2874 4503 germinaret.
2916 4433 3032 4496 Quo
3077 4438 3235 4486 modo
3285 4434 3471 4503 herba
3498 4443 3550 4486 ct
3593 4436 3780 4490 viridia

2218 4502 2328 4570 agri
2369 4511 2653 4569 antequam
2694 4502 3029 4556 exorircutur
3068 4504 3279 4556 condita
3323 4502 3479 4555 sunt?
3505 4512 3559 4556 et
3587 4506 3631 4556 si
3672 4521 3778 4557 non

2220 4582 2371 4625 erant
2401 4582 2608 4634 exorta,
2642 4586 2748 4641 quo
2786 4574 2945 4625 modo
2973 4584 3123 4626 erant
3162 4572 3338 4626 facta?
3368 4573 3467 4641 nisi
3496 4572 3620 4639 quia
3654 4588 3781 4627 cau-

2219 4642 2404 4696 saliter
2429 4642 2480 4693 in
2508 4642 2597 4694 illo
2624 4640 2709 4695 die
2735 4644 2948 4709 quando
2977 4642 3173 4696 dictum
3200 4652 3281 4696 est
3314 4659 3326 4693 :
3357 4640 3623 4695 Producat
3647 4654 3781 4698 terra

2219 4710 2427 4764 herbam
2460 4712 2730 4774 virentem;
2775 4722 2900 4766 tunc
2924 4727 2983 4766 ea
3014 4711 3337 4780 producendi
3382 4716 3588 4780 accepit
3618 4716 3781 4766 virtu-

2220 4792 2348 4847 tem,
2377 4792 2429 4834 et
2456 4780 2510 4834 in
2538 4797 2598 4852 ea
2630 4792 2899 4849 tamquam
2931 4782 2981 4834 in
3009 4782 3300 4845 radicibus,
3332 4792 3390 4835 ut
3422 4783 3498 4835 ita
3527 4784 3777 4852 dixerim,

2219 4861 2518 4921 temporum
2572 4850 2707 4905 facta
2754 4862 2930 4915 erant,
2991 4867 3108 4921 qua:
3165 4866 3262 4920 per
3316 4862 3557 4921 tempora
3611 4850 3783 4907 futura

2214 4930 2389 4976 erant.
2434 4920 2557 4974 Non
2601 4922 2733 4974 enim
2785 4922 2983 4988 pluerat
3012 4920 3267 4975 Dominus
3314 4920 3454 4976 Deus
3500 4939 3651 4990 super
3686 4933 3781 4976 ter-

2217 5007 2349 5064 ram,
2381 5002 2427 5045 et
2453 4991 2603 5064 homo
2632 5008 2731 5064 non
2758 5000 2890 5064 erat,
2918 4994 3005 5059 qui
3032 5002 3327 5064 aperaretur
3356 5010 3486 5045 eam.
3516 4994 3623 5064 cur
3645 4994 3780 5059 quod

2212 5062 2321 5131 jam
2352 5072 2501 5115 sexta
2530 5062 2619 5115 die
2642 5062 2837 5115 factum
2870 5062 3072 5128 fuerat,
3092 5064 3193 5117 hoc
3217 5063 3616 5131 recapitulando
3637 5075 3780 5115 cam-

2219 5142 2501 5197 memorat,
2555 5132 2652 5184 nisi
2682 5133 2803 5199 quia
2834 5133 3049 5199 quando
3088 5133 3215 5187 fecit
3258 5133 3394 5185 Deus
3424 5130 3611 5184 viridia
3642 5131 3777 5198 agri,

2219 5202 2455 5255 nandum
2494 5203 2724 5269 pluerat,
2757 5204 2989 5254 nonduin
3019 5203 3179 5255 homo
3211 5201 3379 5254 factus
3406 5199 3614 5253 fuerat?

2289 5271 2466 5342 (Vers.
2495 5266 2576 5341 Β.)
2623 5271 2727 5324 Sed
2756 5274 2871 5340 fons
2916 5273 3216 5342 ascendebat
3261 5270 3322 5322 de
3360 5280 3515 5342 terra,
3563 5266 3781 5335 irrigans

2218 5339 2504 5396 universam
2531 5339 2850 5407 superﬁciem
2876 5351 3043 5395 terrm.
3072 5340 3295 5394 Foutem
3325 5339 3645 5407 singularem
3682 5353 3779 5390 nu-

2220 5428 2427 5467 merum
2468 5427 2564 5480 pro
2597 5406 2794 5480 plurali
2842 5414 3052 5477 posuit:
3085 5411 3238 5479 quasi
3263 5410 3465 5461 diceret
3495 5425 3507 5459 :
3539 5406 3781 5462 Nondum

2217 5484 2397 5552 pluvia
2437 5491 2570 5545 erat,
2605 5482 2698 5535 sed
2742 5481 2917 5535 fontes
2962 5496 3056 5550 per
3098 5481 3405 5534 universam
3449 5482 3783 5552 terramsuis

2217 5548 2517 5622 quibusque
2547 5551 2681 5605 locis
2707 5548 3069 5622 erumpentes,
3103 5552 3351 5622 regiones
3389 5551 3636 5622 proprias
3662 5548 3782 5601 irri-

2216 5618 2444 5697 gabanti
2459 5621 2640 5678 Noluit
2668 5620 2753 5677 hic
2781 5624 2954 5677 fontes
2978 5620 3270 5692 appellare,
3304 5620 3401 5675 sed
3425 5618 3653 5689 fontem,
3672 5634 3783 5694 pros
