4042 6188
258 212 362 271 905

1274 196 1781 262 ‘COMMENTARII
1818 202 1883 258 IN
1920 201 2247 261 GENESIM.
2288 202 2416 261 LIB.
2460 196 2500 258 ἰ.

3435 216 3542 277 906

258 336 379 401 pter
424 331 631 401 natura;
682 317 975 401 unitatem;
1024 315 1111 371 vel
1149 328 1295 401 certe
1327 328 1385 373 ut
1423 319 1849 401 intelligeremus
1878 318 1926 381 Α
1957 326 2017 371 ut
2056 317 2120 401 ad
2165 317 2627 401 immortalitatem
2676 310 3060 401 transire_non
3092 326 3412 401 possit_nisi
3450 347 3544 401 per

259 390 519 469 quantum
553 394 745 469 prima
769 399 925 469 terrm
954 390 1233 469 generatio
1270 391 1632 469 a_posteriore
1659 391 1842 469 distet,

260 460 381 540 quae
406 462 747 540 morulistad
780 462 1081 540 pluviarum
1115 460 1603 540 irrigationemvix
1628 461 1849 540 tandem

261 530 319 596 et
352 540 503 593 tarde
550 534 864 602 perﬁcitur;
910 530 999 584 illa
1033 547 1158 585 vero
1209 531 1851 602 adjubeutisimperium

264 628 390 666 mox
422 601 606 664 exorta
639 605 904 673 apparuit.
938 602 1059 655 Ista?
1089 604 1440 671 generationes
1461 601 1576 656 caeli
1609 612 1654 655 et
1682 614 1850 666 terra,

263 682 467 750 quando
513 686 696 730 creata
739 674 973 750 sunt,_in
1022 674 1103 726 die
1132 690 1234 750 quo
1263 675 1381 744 fecit
1418 673 1559 750 Deus
1596 673 1777 750 caelum
1808 683 1854 726 et

266 744 473 815 terram,
497 758 543 803 et
568 762 716 801 omne
740 744 1018 815 virgultum
1045 747 1181 816 agri,
1216 760 1514 813 omnemque
1540 746 1748 797 herbam
1776 760 1857 797 re-

266 824 771 895 gionis,__anlequam
816 825 943 895 esset
997 832 1149 885 super
1204 826 1415 869 terram.
1466 816 1855 895 S_t_tperi_t_ts_se-

267 885 409 964 ptem
439 892 554 945 dies
598 885 871 964 numerati
922 896 1046 938 sunt
1080 904 1093 938 :
1122 902 1265 939 nunc
1309 902 1448 964 unus
1478 885 1597 964 dies
1638 887 1856 964 dicitur,

266 957 370 1034 quo
398 964 522 1017 fecit
549 960 746 1034 coelum
784 968 838 1011 et
868 965 1091 1034 terram,
1124 957 1685 1034 et_.’_omne_virgultum
1719 958 1854 1026 agri,

266 1026 588 1102 omnemque
618 1031 837 1084 herbam
868 1026 1123 1097 regionis.
1162 1028 1332 1095 Hujus
1355 1028 1470 1102 diei
1517 1029 1735 1102 nomine
1774 1043 1861 1102 se-

269 1097 516 1160 cundum
539 1102 878 1169 prophetam,
911 1114 1070 1152 omne
1116 1108 1327 1167 tempus
1355 1097 1515 1167 hujus
1539 1100 1661 1153 vita:
1694 1099 1859 1167 signi-

269 1179 482 1238 licatur,
514 1175 564 1227 in
596 1189 704 1242 quo
725 1172 918 1242 caelum
948 1179 1002 1223 et
1025 1179 1165 1222 terra
1196 1171 1413 1242 factum,
1450 1169 1726 1242 idest,_in
1756 1184 1860 1237 quo

269 1255 533 1302 creaturae
580 1239 823 1298 visibiles
868 1241 1248 1308 disponuntur.
1298 1239 1404 1293 Sed
1436 1240 1564 1307 quid
1614 1240 1717 1292 sibi
1751 1242 1861 1293 vult

272 1317 415 1387 quod
442 1329 605 1378 nunc,
634 1312 912 1387 nominato
943 1312 1157 1387 (mlcet
1184 1319 1348 1373 terra,
1376 1310 1580 1387 adjecit
1604 1327 1616 1361 :
1645 1308 1860 1381 Virgul-

271 1381 379 1442 tum
410 1388 545 1456 agri,
581 1395 628 1440 et
655 1382 862 1437 herbam
903 1381 1151 1456 regionis,
1177 1389 1248 1456 _et
1291 1382 1455 1456 tacuit
1494 1390 1713 1456 caetera,
1742 1396 1861 1456 qua:

271 1467 399 1513 sunt
442 1449 494 1513 in
527 1449 667 1510 cmlo
708 1465 762 1508 et
794 1449 976 1515 terra;
993 1454 1073 1505 vel
1118 1451 1277 1503 etiam
1327 1449 1379 1503 in
1414 1450 1571 1519 mari,
1605 1450 1707 1505 nisi
1738 1451 1859 1518 quia

270 1545 368 1601 per
408 1530 696 1601 virgultum
744 1524 877 1601 agri,
926 1520 1607 1601 invisibilemﬁrealuram
1638 1521 1861 1601 demon-

272 1591 411 1654 Strat
439 1591 691 1662 inielligi,
726 1591 864 1647 sicut
896 1602 979 1647 est
1025 1593 1244 1644 anima?
1278 1591 1424 1645 Dicta
1455 1603 1632 1646 autem
1667 1593 1863 1661 virgul-

276 1683 411 1733 tum,
447 1677 671 1738 propter
701 1665 935 1732 vigorem
967 1662 1117 1724 νίιειξς
1149 1662 1335 1738 herba,
1370 1671 1587 1738 propter
1614 1664 1860 1738 eamdem

275 1732 463 1794 vitam
485 1732 775 1801 numquam
804 1743 1248 1788 marcescentem.
1289 1732 1494 1787 Deinde
1520 1734 1665 1802 quod
1709 1733 1862 1787 addi-

274 1813 351 1865 dit
384 1829 397 1863 :
426 1810 713 1872 Antequam
754 1812 881 1858 esset
912 1819 1065 1870 super
1111 1812 1321 1865 terram,
1358 1804 1676 1867 intelligitur
1712 1815 1864 1858 ante-

275 1897 434 1951 quam
473 1880 651 1933 anima
697 1883 944 1945 peccaret
979 1891 992 1927 :
1026 1873 1259 1928 terrenis
1290 1875 1435 1928 enim
1479 1874 1865 1951 cupiditatibus

275 1946 574 2014 sordidata,
620 1958 889 2012 tamquam
937 1959 1100 2013 super
1144 1955 1339 1999 terram
1392 1957 1537 2007 nata,
1584 1946 1664 2000 vel
1704 1961 1865 2013 super

279 2036 479 2076 terram
508 2035 646 2079 esse.
684 2026 830 2072 recte
858 2015 1079 2069 dicitur.
1107 2014 1260 2069 Unde
1283 2026 1335 2069 et
1364 2016 1591 2083 adjecit:
1614 2016 1867 2069 Nondum

274 2095 405 2147 enim
428 2092 631 2163 pluerat
652 2088 907 2142 Dominus
933 2084 1072 2138 Deus
1094 2096 1472 2163 super_terram.
1492 2086 1658 2163 Quasi
1680 2098 1867 2163 aperte

274 2156 516 2219 diceret:
551 2164 851 2227 Antequam
886 2166 1134 2226 peccaret
1172 2156 1376 2221 anima,
1426 2161 1662 2211 nondum
1706 2158 1865 2210 nubi-

275 2237 375 2290 bus
421 2233 819 2300 Scripturarum
868 2230 1107 2297 pluviam
1168 2228 1431 2300 doctrinae
1487 2228 1866 2300 Dominus_ad

278 2309 508 2359 animam
537 2297 862 2371 i'rrigandam
886 2308 1258 2371 concesserat;
1280 2299 1514 2352 nondum
1535 2310 1754 2371 propter
1770 2297 1868 2353 ho-

286 2376 511 2439 minem,
556 2369 658 2443 qui
675 2381 758 2426 est
802 2381 965 2433 terra,
1000 2370 1259 2443 Dominus
1291 2379 1496 2432 DOSlel‘,
1530 2369 1723 2443 nulum]
1752 2384 1867 2423 car-

286 2448 370 2500 nis
398 2438 766 2508 assunipserat
800 2460 811 2493 :
842 2456 939 2510 per
965 2456 1123 2507 quam
1157 2438 1382 2493 imbrem
1416 2442 1583 2493 sancti
1614 2440 1867 2509 Evange-

282 2517 337 2572 lii
397 2516 753 2585 largissimum
806 2509 1022 2585 iui'udit.
1074 2510 1226 2576 Quod
1269 2524 1396 2563 vero
1447 2511 1720 2585 subiunxit
1754 2510 1869 2585 :AEt

281 2592 433 2642 homo
472 2581 573 2640 non
621 2597 748 2649 erat,
797 2582 884 2652 qui
922 2590 1222 2647 aperaretur
1269 2592 1478 2652 terram,
1521 2584 1644 2651 quia
1692 2581 1871 2636 nullus

283 2659 450 2714 homo
477 2666 728 2727 operatus
759 2651 841 2709 est
871 2654 928 2727 in_
966 2652 1183 2727 Virgine
1228 2651 1371 2706 unde
1409 2662 1575 2727 natus
1605 2662 1686 2727 est
1715 2653 1869 2727 Chri-

283 2743 421 2785 sms.
457 2723 576 2799 Ipse
607 2729 750 2799 enim
796 2733 876 2799 est
911 2723 1041 2794 lapis
1079 2724 1150 2799 _de
1176 2732 1350 2799 monte
1375 2725 1485 2777 sine
1515 2724 1751 2799 manibus
1776 2726 1867 2778 ab-

282 2794 661 2871 scissus-(Dan.
687 2795 744 2867 ιι)
780 2796 879 2871 :_id
910 2804 1013 2858 est,
1044 2794 1247 2871 absque
1268 2794 1411 2871 coitu
1446 2804 1500 2849 et
1526 2795 1762 2871 humano
1784 2811 1871 2851 se-

282 2874 450 2934 mine,
492 2866 560 2926 de
594 2866 843 2938 virginali
872 2875 1048 2932 utero,
1096 2866 1246 2938 quasi
1271 2866 1348 2938 de
1372 2877 1579 2938 monte
1609 2866 1871 2938 humanae

282 2955 488 2997 natura:
545 2950 600 2996 et
647 2936 947 2995 substantia
1000 2937 1182 2991 carnis
1237 2936 1529 2990 abscissus.
1593 2936 1703 2992 Sed
1755 2938 1873 3007 fons

283 3014 589 3067 ascendebat
638 3012 701 3063 de
737 3020 892 3075 terra,
942 3008 1167 3077 irrigans
1214 3007 1504 3077 universam
1550 3008 1871 3075 superficiem

1956 399 2207 459 mortem.
2237 389 2369 442 Illud
2391 404 2518 443 vero
2542 403 2738 456 corpus
2758 390 2899 459 quod
2924 391 2975 445 in
2997 389 3399 455 resurrectione
3425 389 3544 458 c're-

1954 460 2132 514 dimus
2158 458 2415 524 futurum,
2459 458 2961 516 immortalesemel
2988 464 3261 531 elfectum,
3297 472 3433 525 mori
3464 476 3546 528 ul-

1957 540 2038 584 tra
2064 545 2168 584 nou
2206 531 2400 596 poterit
2430 548 2443 583 :
2472 531 2613 598 quod
2646 546 2769 585 cum
2796 532 2959 587 fuerit
3002 534 3321 593 immortalis
3352 545 3546 601 anima:

1958 616 2154 674 corpus
2184 601 2461 667 ell'ectum,
2486 602 2627 655 sicut
2653 604 2720 655 ab
2750 602 2863 667 illa,
2889 604 2959 657 ita
2982 605 3052 659 ab
3080 621 3146 660 eo
3172 610 3403 674 qualitas
3435 631 3546 669 mo-

1960 673 2134 726 riendi
2176 688 2464 747 numquam
2512 676 2753 747 reparari
2781 675 2996 747 poterit.
3031 678 3085 731 Si
3121 679 3281 747 primi
3316 683 3549 743 hominis
3604 680 3607 683 ’

1961 758 2159 823 corpus
2200 745 2364 798 vitale
2392 745 2508 823 lu_it,
2539 743 2682 823 quod
2708 745 2883 823 potuit
2908 747 3073 802 etiam
3106 743 3216 823 non
3248 756 3409 823 mori,
3447 758 3548 812 hoc

1960 814 2191 895 mortale
2222 814 2447 895 est._cui
2474 815 2770 895 necessitas
2795 815 2935 895 facta
2965 830 3047 895 est
3079 821 3340 895 moriendi
3363 814 3547 895 {quod

1962 886 2209 959 absolute
2250 886 2302 939 in
2336 886 2570 959 luiturum
2604 886 2905 959 immortale
2934 890 3059 956 erit,
3086 890 3198 959 jam
3242 886 3376 948 mori
3420 886 3544 951 'om-

1963 957 2093 1009 nino
2123 958 2453 1030 nongpotcrit
2473 971 2581 1030 ;racg
2604 971 2701 1025 per
2730 958 2830 1011 hoc
2854 958 2983 1012 illud
3012 957 3209 1030 corpus
3238 964 3544 1022 facultatem

1964 1032 2071 1080 nan
2118 1028 2379 1081 moriendi
2425 1026 2612 1081 habuit
2640 1043 2708 1082 ex
2760 1039 2990 1095 natura;
3028 1026 3126 1085 hoc
3149 1049 3276 1088 vero
3318 1041 3546 1093 mortale

1966 1098 2328 1153 cunditionem
2378 1098 2640 1151 moriendi
2690 1098 2853 1153 habet
2897 1116 2965 1154 ex
3011 1116 3167 1167 paena
3198 1121 3211 1156 :
3246 1106 3546 1164 immortale

1964 1168 2096 1243 illud
2118 1170 2436 1243 lelicitatem
2470 1184 2762 1243 numquam
2785 1172 3046 1243 moriendi
3080 1173 3240 1229 habet
3271 1178 3320 1229 in
3349 1180 3540 1243 gloria.

1966 1239 2220 1315 Sequitur
2246 1259 2258 1291 :
2290 1239 2357 1293 Et
2386 1240 2665 1315 inspiravit
2692 1241 2742 1293 in
2768 1242 2954 1315 [aciem
2982 1244 3102 1312 ejus
3131 1239 3446 1315 spiraculum
3472 1253 3547 1303 vi-

1968 1320 2053 1386 tae,
2095 1321 2150 1386 et_
2174 1314 2342 1386 factus
2367 1322 2437 1364 est
2470 1312 2619 1386 homo
2647 1311 2700 1363 in
2728 1313 2954 1386 animam
2992 1311 3257 1373 viventem.
3292 1319 3546 1386 Spiracu-

1966 1379 2074 1454 lum
2104 1382 2298 1454 vitm-in
2334 1384 2451 1454 loco
2481 1382 2711 1454 animam
2743 1383 3085 1454 conjunctam
3108 1390 3316 1454 corpori
3337 1379 3545 1445 'intelli-

1964 1451 2161 1519 gimus.
2191 1452 2245 1505 Si
2274 1468 2401 1529 vero
2432 1452 2596 1505 homo
2627 1451 2714 1505 ille
2745 1456 2959 1529 quando
2990 1452 3163 1529 factus
3189 1451 3270 1511 est
3296 1474 3360 1512 ex
3396 1462 3541 1529 limo,

1966 1537 2161 1589 corpus
2192 1532 2245 1576 ct
2274 1524 2453 1576 anima
2480 1530 2617 1587 erat,
2650 1538 2789 1576 nunc
2817 1524 2983 1589 ipsius
3026 1525 3198 1578 anima
3229 1544 3291 1580 ex
3323 1530 3433 1583 suis
3461 1524 3548 1589 est

1966 1593 2205 1646 additum
2242 1596 2306 1645 ad
2341 1596 2494 1647 istam
2545 1593 2973 1661 inspirationem,
3019 1597 3234 1655 quando
3263 1598 3432 1653 factus
3463 1616 3548 1658 est

1968 1661 2130 1741 homo
2159 1664 2211 1718 in
2243 1666 2475 1741 animam
2504 1664 2803 1741 viventem;
2834 1665 2957 1718 dum
2990 1665 3189 1741 dicitur
3218 1686 3231 1721 :
3265 1666 3548 1741 Inspiravit

1968 1734 2023 1787 in
2063 1751 2179 1789 eum
2220 1738 2462 1805 spiritum
2488 1736 2624 1798 vine,
2656 1745 2703 1787 et
2731 1739 2895 1805 factus
2940 1747 3012 1789 est
3042 1736 3193 1790 homo
3224 1741 3277 1793 in
3317 1734 3547 1797 animum

1967 1806 2232 1870 viventem,
2281 1823 2386 1860 non
2420 1816 2503 1860 est
2545 1805 2871 1860 credendum
2901 1806 3047 1859 velut
3086 1818 3289 1875 partem
3341 1823 3545 1868 natura:

1968 1875 2060 1929 Dei
2106 1878 2423 1954 inanimum
2460 1876 2707 1954 hominis
2726 1875 2889 1954 fuisse
2918 1892 3255 1954 conversam,
3292 1892 3352 1935 ut
3384 1900 3544 1954 coga-

1968 1961 2089 1999 mur
2132 1948 2312 2001 dicere
2366 1957 2611 2001 naturam
2670 1945 2766 2000 Dei
2818 1961 2941 2001 esse
3002 1950 3354 2016 mutabilem,
3409 1945 3545 2010 sicut

1968 2018 2166 2092 anima,
2185 2019 2503 2092 _qu:n_m0t_lo
2525 2016 2755 2085 prolicit,
2781 2019 2939 2070 modo
2955 2018 3167 2092 deficit,
3194 2022 3354 2077 modo
3381 2025 3541 2092 sapit,

1969 2087 2128 2140 modo
2167 2088 2375 2156 desipit.
2428 2088 2568 2152 Ergo
2606 2096 2846 2160 non_est
2882 2088 3078 2160 anima,
3122 2106 3240 2160 quae
3270 2087 3547 2151 mutabilis

1969 2167 2073 2223 est,
2104 2159 2368 2212 credenda
2402 2169 2612 2216 natma.
2660 2157 2743 2212 vel
2790 2172 2911 2223 pars
2955 2158 3073 2222 Dei,
3110 2157 3371 2226 propheta
3410 2177 3548 2221 atte-

1968 2237 2164 2307 slante,
2213 2231 2300 2307 qui
2339 2231 2413 2307 ait
2445 2248 2457 2282 :
2494 2229 2771 2307 Qui/imit
2807 2231 3048 2307 spiritum
3078 2231 3319 2307 hominis,
3367 2246 3415 2307 et
3440 2239 3549 2307 ipse

1968 2299 2063 2352 scit
2086 2301 2291 2365 omnia;
2318 2308 2371 2353 et
2398 2301 2511 2369 ipse
2538 2302 2757 2369 spiritus
2778 2310 2859 2353 est
2889 2300 3063 2354 anima
3090 2304 3340 2367 hominis,
3374 2299 3550 2362 Evan-

1968 2370 2155 2439 gelista
2198 2368 2429 2426 testante
2466 2371 2534 2424 de
2572 2368 2777 2438 anima,
2808 2384 2967 2437 quam
2997 2368 3242 2426 Christus
3284 2376 3337 2429 in
3383 2392 3548 2433 carne

1969 2442 2216 2509 accepit,
2265 2457 2385 2495 cum
2432 2440 2657 2495 dixisset
2703 2441 2961 2509 Dominus
2990 2458 3003 2493 :
3031 2439 3345 2498 Potestatem
3390 2449 3548 2502 habeo

1969 2508 2197 2585 ponendi
2221 2514 2446 2565 animam
2475 2528 2638 2565 meam
2681 2509 2862 2585 (Joan.
2893 2508 2984 2585 x);
3010 2523 3319 2585 quam_tunc
3349 2519 3547 2585 posuit,

1970 2582 2185 2653 quando
2207 2585 2451 2637 inclinato
2477 2585 2642 2651 capite
2668 2582 2834 2635 emisit
2856 2582 3112 2653 spiritum.
3143 2582 3293 2638 Unde
3326 2582 3551 2644 tiullateé

1972 2670 2072 2709 nus
2114 2654 2464 2709 dubitandum
2496 2663 2579 2708 est
2620 2655 2891 2725 spiritum
2914 2666 3035 2707 esse
3078 2656 3315 2725 animam
3346 2674 3360 2709 :
3391 2675 3549 2725 quam

1972 2727 2131 2780 etiam
2175 2726 2313 2780 Deus
2356 2740 2457 2780 nec
2500 2725 2568 2777 de
2606 2738 2685 2788 se,
2719 2738 2818 2778 nec
2847 2722 2929 2794 de
2967 2724 3204 2789 qualibet
3239 2722 3552 2794 subjacente

1972 2797 2360 2851 elementorum
2393 2795 2636 2859 materia,
2686 2794 2778 2849 sed
2825 2793 2892 2847 de
2937 2795 3105 2847 nihilo
3146 2796 3271 2848 fecit
3298 2813 3311 2849 :
3340 2793 3460 2850 nam
3503 2802 3549 2853 si

1973 2868 2039 2921 de
2066 2870 2360 2934 semetipso
2383 2882 2502 2921 eam
2530 2866 2763 2929 iecisset,
2784 2879 3070 2929 numquam
3103 2864 3288 2917 vitiosa
3312 2879 3402 2919 aut
3436 2885 3550 2922 mu-

1974 2938 2148 2990 tabilis
2177 2941 2258 2990 vel
2290 2940 2484 2990 misera
2516 2950 2636 2989 esse
2668 2935 2959 3002 potuisset;
2989 2935 3031 2987 si
3064 2948 3192 2986 vero
3220 2950 3285 2988 ex
3316 2940 3551 2993 elemen-

1977 3009 2041 3059 tis
2070 3008 2373 3061 visiltilibus
2405 3008 2535 3058 facta
2570 3004 2779 3066 luisset,
2813 3004 3036 3058 haberet
3066 3015 3155 3055 aut
3184 3020 3247 3059 ex
3282 3019 3420 3061 terra
3464 3023 3552 3063 so-

284 3094 456 3137 terraz.
487 3084 680 3140 Terra,
733 3070 904 3133 mater
938 3070 1098 3143 Virgo
1126 3076 1532 3147 [)ominiMaria
1566 3070 1870 3131 rectissime
1898 3070 1942 3130 C
1977 3077 2259 3141 Iidttatem,
2286 3087 2374 3129 aut
2402 3092 2465 3129 ex
2493 3090 2628 3143 aqua
2657 3076 2962 3147 humorem,
2988 3082 3079 3127 aut
3101 3073 3282 3129 ﬂatum
3311 3094 3379 3131 ex
3402 3095 3551 3147 aere,

284 3156 568 3221 accipitur,
613 3154 680 3203 de
710 3166 809 3215 qua
858 3148 1117 3221 scriptum
1160 3156 1291 3221 est}
1323 3146 1599 3211 Aperiatur
1630 3156 1787 3221 terra,
1827 3156 1875 3199 et

286 3214 531 3295 germinet
558 3214 884 3275 ’Salvatorem
910 3215 1041 3295 (Ira:
1076 3220 1223 3295 sua).
1253 3214 1424 3282 Quam
1460 3227 1656 3270 terram
1684 3218 1869 3295 irriga-

288 3287 363 3348 vit
404 3294 637 3360 Spiritus
683 3304 921 3349 sanctus,
953 3288 1043 3360 qui
1077 3287 1243 3360 fontis
1294 3296 1349 3338 et
1378 3302 1527 3357 aqum
1558 3289 1776 3342 nomine
1819 3290 1872 3341 in

290 3357 589 3432 Evangelia
622 3362 969 3432 signiﬁcatur.
1002 3357 1301 3432 Sequitur:

362 3425 548 3501 (vir...
578 3425 974 3501 7.)'Formavit
1016 3428 1173 3501 igitur
1217 3425 1470 3481 Dominus
1515 3427 1877 3501 hominemgde

289 3498 410 3562 limo
446 3518 611 3559 terrw.
639 3498 945 3557 Secundum
969 3498 1239 3552 causalem
1266 3511 1527 3553 rationem
1562 3502 1612 3553 in
1643 3516 1733 3553 sex
1759 3498 1873 3553 die-

289 3594 407 3635 rum
461 3578 714 3643 Operibus
752 3574 921 3625 lactus
970 3581 1075 3634 est,
1114 3570 1407 3623 secundum
1449 3570 1712 3643 originem
1746 3585 1875 3625 vero

290 3658 596 3717 temporum
628 3658 792 3717 nunc
834 3645 1095 3717 loriuatus
1126 3652 1205 3717 est
1239 3658 1250 3692 :
1277 3654 1398 3693 nam
1430 3642 1644 3707 quando
1674 3643 1873 3717 dictum

292 3732 375 3775 est
408 3712 565 3788 'quud
618 3716 790 3770 lactus
832 3722 915 3766 est
959 3712 1144 3774 homo,
1191 3712 1362 3788 ipsum
1406 3726 1621 3788 causam
1677 3712 1878 3766 fecerat

294 3781 459 3856 Deus,
490 3789 558 3842 de
586 3803 687 3856 qua
722 3794 963 3856 eratsuo
985 3794 1228 3856 tempore
1260 3781 1423 3835 homo
1448 3781 1689 3856 iuturus;
1714 3796 1875 3836 causa

293 3854 468 3914 autem
498 3860 565 3911 de
604 3854 711 3926 qua
744 3857 795 3908 in
828 3854 1058 3926 futurum
1091 3854 1437 3926 l'ormaretur,
1480 3854 1530 3906 id
1562 3863 1663 3916 est,
1707 3864 1873 3926 terra,

294 3932 413 3985 ιιωο
466 3923 833 3998 ρτωοέεμετςιι.
890 3925 1020 3979 Item
1043 3924 1318 3998 _nonnulli
1363 3925 1669 3998 intelligunt
1710 3923 1779 3976 ita
1825 3932 1880 3998 ut

296 3991 578 4071 postquam
627 4001 828 4052 dictum
876 4002 961 4049 est
996 3991 1328 4071 orntaeit_
1352 3993 1490 4071 Deus
1526 3991 1780 4071 hominem
1817 3995 1879 4046 de

299 4064 637 4130 limo'terrte.
697 4084 802 4121 non
854 4076 936 4120 est
985 4064 1223 4119 additum
1265 4065 1331 4117 ad
1382 4066 1664 4135 imaginem
1703 4080 1876 4127 suam,

297 4143 643 4213 quoniamde
660 4141 907 4213 corporis
926 4136 1251 4213 fortnatione
1280 4136 1497 4213 dicitur.
1525 4139 1674 4189 Tunc
1700 4144 1878 4213 autem

299 4207 525 4269 interior
554 4212 715 4265 homo
736 4207 1163 4277 signiﬁcabatur,
1189 4208 1403 4276 quando
1433 4208 1633 4260 dictum
1657 4216 1739 4261 est
1764 4225 1775 4258 :
1801 4207 1881 4258 Ad

297 4286 572 4355 imaginem
624 4292 669 4335 et
724 4279 1115 4355 similitudinem
1160 4294 1328 4355 suam.
1384 4277 1656 4344 Qumritur
1702 4289 1880 4355 autem

300 4350 477 4409 utrum
505 4354 647 4407 virili
679 4361 838 4405 aetate
870 4350 1129 4403 formatus
1154 4360 1237 4402 est
1269 4350 1449 4408 homo.
1488 4365 1555 4401 an
1590 4363 1681 4417 per
1710 4354 1880 4417 spatia

302 4436 601 4493 temporqu
624 4421 924 4478 crevisset?
946 4428 1001 4493 et
1021 4430 1195 4493 utrum
1220 4418 1434 4473 fecisset
1454 4435 1577 4493 eum
1600 4421 1740 4493 Deus
1769 4434 1881 4493 sua:

303 4488 594 4550 voluntatis
636 4490 1006 4546 servatorem?
1057 4489 1435 4543 Verumtamen
1491 4490 1533 4542 si
1568 4490 1667 4542 hoc
1709 4488 1882 4542 homi-

302 4583 430 4621 num
459 4566 759 4619 luturorum
791 4575 972 4623 causa,
1004 4560 1144 4611 unde
1169 4570 1323 4612 erant
1370 4559 1515 4612 insiti
1556 4569 1715 4627 atque
1743 4574 1879 4628 pra:-

302 4636 506 4691 conditi
535 4636 587 4688 in
617 4636 703 4686 die
724 4646 829 4700 quo
848 4632 1040 4683 tactum
1065 4638 1145 4682 est
1174 4631 1369 4681 cmlum
1399 4640 1450 4681 et
1480 4639 1644 4697 terra,
1668 4629 1881 4698 quando

306 4709 511 4759 creavit
541 4704 684 4757 Deus
705 4702 882 4755 omnia
913 4700 1072 4753 simul
1096 4714 1110 4761 ;
1146 4714 1249 4751 non
1278 4701 1435 4752 aliter
1456 4700 1628 4754 Adam
1660 4702 1726 4753 de
1753 4700 1882 4753 limo

310 4777 504 4829 factum
545 4772 913 4839 intelligimus,
944 4770 1045 4822 nisi
1075 4770 1325 4836 perlecta:
1369 4772 1562 4834 anatis,
1603 4785 1707 4824 non
1738 4771 1879 4823 enim

307 4864 430 4901 eum
475 4856 581 4898 tam
618 4857 839 4910 parvum
863 4855 1022 4909 quam
1044 4839 1277 4893 iulautes
1311 4843 1476 4910 nostri
1508 4850 1653 4905 sunt,
1682 4839 1880 4894 factum

308 4918 474 4970 luisse
504 4908 763 4969 credibile
792 4908 907 4970 est;
936 4912 1025 4979 qui
1057 4918 1173 4963 erat
1202 4912 1251 4963 iu
1286 4908 1391 4964 illis
1420 4911 1597 4965 causis
1615 4912 1722 4980 jam
1754 4927 1884 4965 con-

312 4988 478 5048 ditus,
504 4984 596 5039 ubi
616 4986 753 5038 Deus
782 4983 1055 5037 hominem
1090 4980 1141 5033 in
1173 4981 1427 5049 Operibus
1457 4996 1551 5036 sex
1578 4982 1785 5035 dierum
1815 4983 1891 5037 le-

311 5059 403 5112 cit.
443 5058 509 5109 Et
539 5056 654 5127 fecit
694 5053 834 5109 Deus
879 5052 1132 5127 hominem
1160 5053 1222 5105 de
1250 5052 1374 5127 limo
1414 5063 1584 5107 terra.
1616 5052 1733 5127 Non
1764 5067 1892 5127 vero

314 5131 421 5183 tale
456 5122 573 5182 erat
618 5140 815 5195 corpus
867 5123 1093 5178 mortale
1116 5122 1225 5191 jam
1266 5123 1486 5188 factum,
1518 5124 1674 5192 quale
1718 5125 1894 5191 primo

316 5198 519 5253 homini
566 5194 803 5252 creatum
845 5195 1059 5249 videtur
1088 5205 1214 5247 ante
1254 5208 1565 5263 peccatum;
1615 5196 1660 5248 si
1712 5194 1894 5247 hocin

317 5285 424 5337 quo
452 5284 591 5322 nunc
612 5282 801 5321 sumus
825 5268 930 5319 tale
960 5276 1043 5319 est
1079 5265 1236 5337 quale
1265 5277 1356 5318 aut
1386 5264 1487 5319 fuit
1507 5274 1599 5318 aut
1628 5263 1897 5333 eritzquia

319 5342 475 5409 primi
522 5338 755 5392 hominis
788 5336 1355 5409 corpusgetsighabuit
1392 5338 1444 5389 in
1493 5346 1681 5390 natura
1737 5350 1898 5404 posse

320 5406 426 5464 non
460 5414 616 5472 mori,
660 5412 761 5462 hoc
797 5407 960 5462 etiam
994 5406 1179 5461 habuit
1210 5415 1271 5461 ut
1316 5408 1360 5460 si
1393 5417 1670 5477 peccasset
1717 5416 1901 5475 posset

322 5489 500 5535 morte
529 5479 770 5534 dissolvi.
801 5478 949 5532 istud
982 5487 1161 5531 autem
1189 5480 1342 5545 cujus
1378 5479 1652 5545 corruptio
1683 5479 1748 5531 de
1781 5492 1898 5547 pec-

324 5562 446 5604 cato
475 5550 628 5611 facta,
660 5563 710 5601 et
743 5551 809 5603 ad
840 5558 1069 5603 mortem
1102 5548 1401 5603 mortalitas
1427 5550 1591 5613 ducit,
1623 5558 1900 5619 postquam

326 5621 517 5674 cecidit
549 5621 597 5671 in
630 5620 767 5675 hanc
799 5622 1063 5673 moriendi
1089 5621 1490 5681 necessitatem,
1526 5619 1596 5673 ita
1628 5631 1709 5673 est
1737 5621 1802 5673 ab
1833 5620 1901 5675 il-

325 5690 433 5752 lius
462 5690 616 5763 primi
659 5692 890 5744 hominis
932 5692 1203 5747 creatione
1247 5692 1492 5763 corporis
1538 5693 1904 5765 immutatum,

608 5785 885 5849 ΡΑτιοι..

1907 4457 1959 4516 D

1977 3157 2068 3200 aut
2096 3148 2333 3201 calorem
2366 3163 2430 3199 ex
2464 3149 2601 3215 igne.
2654 3146 2758 3199 Sed
2808 3148 2933 3213 quia
2978 3146 3059 3197 his
3088 3148 3337 3218 omnibus
3378 3146 3550 3218 caret,

1977 3228 2201 3286 apparet
2229 3234 2345 3270 eam
2376 3217 2497 3270 inde
2544 3232 2647 3269 non
2680 3230 2819 3281 esse,
2845 3230 2961 3279 qua:
3002 3230 3123 3268 cum
3158 3216 3261 3270 illis
3295 3216 3554 3283 probatur

1979 3289 2109 3342 nihil
2142 3287 2343 3343 habere
2385 3302 2697 3358 commune;
2744 3295 2799 3339 et
2828 3286 2949 3340 ideo
2988 3289 3169 3341 anima
3222 3293 3552 3358 Spiraculum

1977 3360 2115 3414 dicta
2150 3368 2251 3419 est,
2284 3359 2402 3428 quia
2435 3374 2501 3412 ex
2535 3357 2703 3411 mhilo
2730 3358 2886 3424 facta,
2916 3361 3153 3422 corpori,
3184 3357 3322 3427 quod
3351 3366 3553 3416 anima-

1978 3440 2081 3491 ret,
2118 3431 2384 3483 insulnata
2432 3440 2547 3493 est;
2580 3429 2702 3482 ideo
2747 3428 2886 3481 dicta
2929 3437 3014 3481 est
3052 3431 3374 3495 spiraculum
3406 3436 3551 3500 vitae,

1978 3504 2099 3569 quia
2130 3510 2186 3555 et
2216 3501 2315 3553 iste
2345 3517 2437 3554 aer
2467 3502 2777 3568 plerumque
2808 3500 3004 3552 dicitur
3041 3502 3291 3567 spiritus;
3341 3504 3432 3556 sed
3476 3517 3555 3559 ta-

1979 3588 2102 3627 men
2133 3574 2354 3640 spiritus
2382 3573 2508 3625 vita:
2534 3587 2639 3624 non
2669 3573 2885 3633 dicitur,
2909 3573 3028 3639 quia
3063 3582 3209 3624 caret
3238 3574 3363 3625 vita.
3397 3575 3555 3639 Qum-

1979 3644 2116 3698 ritur
2154 3654 2331 3696 autem
2379 3652 2556 3696 utrum
2593 3641 2732 3695 Deus
2760 3644 2993 3694 animant
3038 3641 3362 3697 insufﬂatido
3406 3646 3551 3712 ferit,

1979 3729 2047 3767 an
2078 3730 2195 3784 eam
2228 3728 2385 3784 quam
2411 3713 2632 3784 iecerat,
2665 3713 2875 3780 corpori
2902 3712 3079 3765 dando
3111 3715 3285 3784 potius
3315 3715 3555 3770 insuma-

1981 3785 2091 3839 vit?
2122 3783 2422 3853 Utrumque
2453 3783 2593 3838 enim
2623 3793 2769 3855 Apulo
2818 3798 2956 3839 esse.
2989 3798 3090 3855 nec
3120 3783 3317 3855 habere
3355 3787 3555 3855 aliquid

1980 3852 2468 3924 quaestionis,’quo
2515 3852 2674 3906 modo
2720 3853 2831 3905 sive
2876 3852 3192 3905 insulllando
3222 3853 3411 3908 fecerit
3441 3852 3560 3911 ani-

1984 3942 2145 3987 mam,
2199 3926 2313 3979 sive
2354 3924 2586 3980 creando
2627 3924 2939 3987 donaverit;
2991 3936 3088 3974 nec
3118 3925 3185 3976 de
3213 3924 3390 3989 aliqua
3429 3928 3558 3981 natu

1982 4011 2099 4061 suo,
2140 4011 2241 4050 nec
2289 3997 2355 4050 de
2405 4012 2462 4049 se
2512 3997 2651 4062 ipso,
2701 3994 2793 4048 sed
2840 4009 2903 4047 ex
2944 3992 3110 4049 nihilo
3154 4005 3244 4045 aut
3289 3996 3558 4051 sutnando

1984 4069 2208 4131 creavit,
2243 4076 2335 4119 aut
2382 4066 2615 4120 creando
2666 4066 2877 4132 Corpori
2928 4062 3217 4137 ittsulllavit
3244 4082 3255 4116 :
3287 4081 3391 4119 non
3432 4068 3556 4137 quia

1986 4138 2115 4193 illud
2138 4138 2467 4205 Spiraculum
2491 4152 2810 4191 conversum
2834 4145 2915 4187 est
2938 4137 2986 4187 in
3007 4134 3241 4187 animam
3266 4134 3555 4201 viventem,

1984 4211 2077 4264 sed
2108 4219 2360 4276 operatus
2407 4220 2487 4263 est
2519 4209 2750 4261 animam
2783 4208 3073 4259 vis-cutem.
3106 4205 3349 4259 Nondum
3383 4218 3560 4263 tamen

1986 4280 2278 4350 spiritalem
2310 4280 2578 4334 hominem
2608 4278 2866 4332 debemus
2897 4277 3214 4350 intelligere,
3239 4276 3361 4342 quia
3392 4278 3565 4350 factus

1986 4348 2071 4405 est
2101 4351 2151 4403 in
2173 4351 2406 4403 animam
2441 4350 2727 4410 viventem,
2758 4350 2848 4401 sed
2873 4350 3047 4399 adhuc
3072 4349 3382 4403 animalem.
3412 4348 3567 4404 Tunc

1986 4424 2130 4475 enim
2158 4421 2415 4487 spiritalis
2446 4420 2669 4473 eliectus
2698 4426 2798 4481 est,
2840 4433 2960 4471 cum
3002 4417 3054 4469 in
3092 4420 3341 4485 paradiso
3366 4420 3568 4473 consti-

1988 4501 2132 4545 tutus
2159 4504 2260 4555 est,
2297 4504 2345 4543 et
2381 4501 2708 4558 praeceptum
2740 4487 3080 4555 perfectionis
3121 4500 3345 4560 accepit.
3384 4490 3565 4560 Itaque

1989 4576 2269 4631 postquam
2300 4561 2561 4631 peCeavit,
2582 4568 2645 4631 et
2668 4561 2897 4611 emissus
2918 4566 3001 4612 est
3026 4561 3092 4631 de
3120 4559 3385 4631 paradiso,
3422 4559 3567 4616 ineo

1989 4629 2266 4692 remansit,
2301 4641 2357 4682 ut
2392 4630 2642 4683 animalis
2686 4636 2859 4691 esset;
2908 4638 2963 4683 et
2995 4629 3113 4682 ideo
3142 4629 3430 4685 animalem
3474 4632 3569 4686 ho-

1988 4702 2186 4756 minem
2218 4702 2363 4770 prius
2392 4710 2663 4769 gestamus
2692 4713 2901 4763 omnes,
2946 4698 3036 4767 qui
3068 4700 3133 4751 de
3173 4700 3263 4753 illo
3295 4713 3413 4767 post
3445 4718 3568 4769 pec-

1987 4782 2167 4828 catum
2219 4771 2329 4825 nati
2382 4786 2596 4835 sumus,
2645 4770 2818 4824 donec
2861 4785 3210 4838 assequamur
3266 4774 3567 4839 spiritalem

1987 4844 2158 4899 Adam
2193 4842 2243 4895 id
2276 4850 2379 4906 est,
2409 4841 2706 4896 Christum.
2751 4841 2839 4895 Sic
2887 4842 3027 4895 enim
3074 4842 3364 4909 Apostolus
3391 4844 3522 4897 dicit
3555 4863 3569 4899 :

1993 4913 2115 4968 Non
2161 4915 2379 4981 primum
2416 4912 2568 4981 iquod
2612 4913 2844 4979 spiritale
2886 4920 2980 4973 est,
3036 4914 3124 4963 sed
3174 4914 3310 4980 quod
3356 4916 3573 4969 animale

1994 4984 2037 5057 (l
2070 4980 2337 5057 (Σθένις).
2382 4980 2645 5057 Formavit
2693 4985 2848 5057 igitur
2880 4982 3018 5057 Deus
3060 4984 3315 5057 hominem
3361 4987 3423 5057 de
3453 4987 3574 5038 limo

1996 5053 2145 5109 terra:
2167 5070 2185 5107 :
2208 5056 2258 5107 id
2282 5063 2383 5119 est,
2414 5054 2585 5107 tactus
2606 5066 2685 5107 est
2712 5053 3139 5119 Christus,juxta
3166 5055 3308 5122 quod
3332 5056 3407 5107 ait
3435 5061 3573 5122 Apo-

1997 5126 2166 5180 stolus
2196 5143 2208 5178 :
2236 5123 2319 5179 Ea:
2349 5125 2540 5178 semine
2570 5123 2731 5177 David
2756 5125 3036 5195 secundum
3068 5139 3270 5177 carnem
3295 5124 3472 5195 (Rom.
3505 5131 3574 5193 l),

1999 5206 2269 5268 tamquam
2295 5197 2361 5250 tle
2391 5196 2517 5248 limo
2554 5205 2730 5248 terrm.
2763 5193 2841 5268 Et
2870 5196 3221 5268 inspiravit_in
3254 5193 3432 5264 faciem
3466 5200 3574 5268 ejus

2000 5263 2319 5339 spiraculum
2347 5268 2463 5319 vitta
2494 5282 2511 5319 :
2543 5268 2729 5339 utique
2761 5265 3081 5339 inlusionem
3126 5263 3356 5339 Spiritus
3387 5263 3533 5321 sanct

2001 5335 2091 5408 qui
2132 5350 2384 5406 operatus
2432 5346 2515 5391 est
2547 5336 2816 5390 hominem
2858 5335 3151 5388 Christum.
3194 5335 3469 5408 Etgfactns
3513 5346 3583 5396 est

2004 5406 2154 5462 liomo
2191 5410 2245 5461 in
2290 5410 2515 5461 animam
2543 5408 2813 5468 viventem,
2860 5408 3065 5460 scilicet
3093 5415 3147 5458 ut
3195 5406 3282 5473 qui
3316 5406 3583 5473 perfectus

2004 5491 2119 5533 erat
2152 5480 2314 5537 Deus.
2343 5481 2613 5543 perlectus
2641 5478 2951 5531 crederetur
2991 5485 3044 5529 et
3072 5476 3254 5528 homo.
3293 5480 3542 5546 Sequitur
3569 5498 3580 5531 ;

2077 5550 2258 5620 (Vers.
2286 5551 2365 5619 8.)
2400 5549 2725 5601 I’lantaverat
2749 5560 2917 5620 antem
2946 5547 3191 5599 Dominus
3219 5546 3355 5620 Deus
3377 5552 3581 5615 paradio

2008 5616 2119 5675 sunt
2166 5616 2443 5691 voluptatis
2488 5637 2519 5672 α
2562 5621 2833 5687 principio,
2867 5619 2929 5691 in,
2965 5635 3064 5687 qno
3110 5618 3275 5691 posuit
3307 5616 3579 5691 hominem,

2009 5709 2159 5767 quem
2190 5689 2520 5765 formaverat.
2568 5691 2873 5759 Paradisus,
2922 5690 3129 5749 hortus.
3179 5689 3290 5743 sive
3318 5689 3586 5761 voluptas,

3078 5782 3155 5841 29
