4042 6188
244 226 355 313 sn

1303 250 1777 309 COMMENTARII
1820 249 1884 305 ΙΝ
1924 251 2243 309 ΟΕΝΕΞΙΜ.
2286 254 2420 312 LIB.
2455 254 2499 311 Ι.

3442 257 3550 317 9η

256 374 711 431 commemoratur
757 373 812 423 et
858 364 1056 445 femina
1086 385 1099 423 :
1146 367 1237 423 ubi
1274 368 1548 445 eleganter
1578 369 1849 445 signiﬁca-
1872 368 1930 432 Α
1954 368 2162 445 taiitate
2184 370 2533 445 beatitudinis
2553 370 2919 442 sempiterna.
2937 370 3069 445 Nam
3089 378 3146 445 et
3166 372 3262 428 ista
3288 387 3544 445 propago,

257 454 369 500 tum
419 453 500 498 est
552 449 818 495 terrenam
884 439 1153 495 civitatem
1220 456 1391 508 usque
1448 441 1499 496 in
1548 439 1648 495 sui
1682 442 1843 496 linem

254 514 499 571 carnales
528 511 825 567 habituram
857 513 1257 579 generationes,
1286 528 1404 583 quin
1432 513 1658 566 marium
1688 513 1846 568 femi-

254 601 554 651 uarumque
597 582 975 651 conjunctione
1029 584 1377 649 proveniunt;
1432 583 1573 638 unde
1608 594 1662 639 et
1691 587 1844 651 iuste,

254 657 396 727 quod
434 665 625 723 printer
649 654 814 727 Evam
844 669 1102 721 nusquam
1126 657 1412 722 reperitur,
1441 669 1566 709 ante
1587 656 1844 711 diluvium

256 726 563 782 nominibus
592 726 821 792 pI'OpriiS
849 726 1223 791 exprimuntur
1251 742 1445 781 unxores
1492 728 1635 781 illius
1674 730 1849 781 lionii-

258 800 361 865 nis,
395 800 481 867 qui
511 800 815 851 nominatur
842 797 929 848 hic
956 797 1279 869 novissimus
1330 810 1496 865 pater.
1545 799 1678 852 Cum
1716 816 1847 869 ergo

253 878 400 925 casei.
426 872 700 938 utriusque
729 874 945 937 generis
974 868 1140 923 Adam
1172 879 1341 938 pater,
1376 870 1425 923 id
1456 878 1571 935 est,
1603 880 1658 925 et
1694 868 1847 940 cujus

252 941 422 996 series
450 940 516 993 ad
548 950 840 1004 terrenam,
871 951 922 993 et
947 940 1099 1003 cujus
1125 940 1294 996 series
1324 941 1390 993 ad
1417 944 1691 997 cmleSIem
1726 958 1847 1010 per—

173 1072 183 1081 _
252 1014 450 1067 tincret
474 1012 767 1083 civitatem,
797 1013 976 1065 occiso
1004 1012 1160 1083 Abel,
1187 1020 1350 1082 atque
1381 1012 1431 1065 in
1464 1012 1580 1083 ejus
1624 1012 1847 1068 interie-

249 1086 432 1138 ctione
472 1082 846 1137 commendato
888 1082 1116 1137 mirabili
1163 1092 1532 1149 sacramento,
1567 1083 1689 1137 facti
1720 1096 1846 1140 sunt

248 1156 359 1206 duo
390 1167 568 1225 patres
600 1154 931 1222 singulorum
960 1169 1218 1222 generum
1251 1156 1302 1208 iti
1332 1157 1463 1208 Cain
1496 1167 1550 1207 et
1582 1156 1713 1210 Seth
1744 1173 1757 1208 :
1792 1158 1844 1211 in

246 1241 484 1295 quorum
519 1227 642 1279 (iliis
668 1225 1405 1295 commemorari'oportehat
1442 1227 1667 1279 duarum
1712 1228 1843 1280 i~ta-

247 1313 371 1351 rum
402 1299 675 1353 civitatum
702 1297 1139 1365 generationem,
1172 1308 1225 1351 et
1265 1298 1568 1351 mortalium
1620 1297 1843 1350 eviden-

248 1370 361 1424 tius
408 1368 602 1423 indicia
654 1370 859 1423 clarere
904 1379 1203 1439 coeperunt.
1255 1369 1607 1436 Cainquippe
1659 1372 1845 1439 genuit

247 1439 457 1495 Enoch.
512 1440 695 1495 Enoch
742 1452 921 1495 autem
968 1438 1351 1507 interpretatur
1401 1438 1705 1495 dedicatio:
1760 1441 1844 1496 hic

238 1514 392 1565 enim
416 1512 696 1566 dedicatur
720 1520 935 1566 terrena
956 1509 1144 1564 civitas
1168 1510 1258 1563 ubi
1286 1509 1558 1575 eoiiditnr,
1590 1512 1840 1579 quoniam

243 1583 339 1635 hic
370 1584 530 1637 habet
570 1599 689 1637 eum
736 1598 893 1652 quem
940 1592 991 1634 et
1039 1581 1262 1652 intendit
1310 1591 1363 1635 et
1405 1586 1610 1649 appetit
1655 1584 1836 1637 linem.

242 1654 402 1707 Hunc
432 1663 648 1708 secutus
674 1651 829 1717 Abel,
858 1668 1016 1720 quem
1047 1652 1219 1720 major
1245 1651 1410 1706 frater
1438 1653 1668 1713 occidit,
1700 1670 1838 1720 prae-

1951 443 2106 514 cujus
2134 452 2286 511 pater
2318 444 2475 507 Seth,
2505 444 2557 497 iii
2585 460 2646 498 ea
2674 446 3023 514 generatione
3056 443 3216 499 habet
3257 443 3551 499 dedicatio-

1949 513 2035 566 iiis
2066 529 2259 566 nomen
2291 530 2411 584 quae
2440 513 2783 582 septiina’cst
2824 532 2889 569 ex
2940 515 3109 570 Adam
3134 556 3151 581 ,
3196 527 3550 571 annumerato

1950 584 2142 638 Adam.
2174 584 2449 650 Septimus
2481 589 2622 639 enim
2650 586 2720 639 ab
2751 587 2842 640 illo
2874 595 3030 640 natus
3055 597 3140 641 est
3170 587 3374 649 Euoch,
3406 592 3547 655 quod

1951 655 2337 725 interpretatur
2368 656 2666 721 dedicatio;
2696 657 2791 711 sed
2819 658 2934 724 ipse
2960 667 3043 714 est
3083 659 3172 713 ille
3213 659 3504 713 translatus
3531 704 3545 725 ,

1950 728 2204 793 quoniam
2259 730 2458 797 placuit
2504 727 2648 792 Deo,
2697 740 2751 781 et
2792 729 2983 798 insigni
3028 745 3252 783 numero
3279 731 3327 783 iii
3361 734 3551 787 ordine

1948 799 2533 873 generationuin,quo
2559 799 2843 873 sabbatum
2872 814 3243 856 consecratum
3279 812 3385 864 est,
3432 819 3547 873 tep-

1953 868 2083 921 tinio
2113 871 2319 924 scilicet
2358 872 2426 924 ab
2455 869 2649 925 Adam.
2683 871 2762 923 Ab
2796 872 2911 940 ipso
2939 884 3117 925 autem
3148 880 3296 939 patre
3325 868 3545 928 istaruin

1947 941 2380 1009 generationum,
2409 957 2530 1012 qua:
2555 942 2934 996 discernuntur
2963 960 2990 995 a
3020 946 3272 1011 progenie
3309 944 3459 1007 Cain,
3493 947 3542 1000 id

1948 1023 2052 1079 est,
2084 1028 2113 1063 a
2143 1012 2296 1077 Seth,
2327 1022 2510 1065 sextus
2541 1021 2645 1073 est,
2680 1026 2844 1081 quoto
2870 1013 2957 1067 die
3002 1013 3174 1069 factus
3213 1022 3298 1069 est
3341 1014 3504 1069 homo
3532 1059 3545 1079 ,

1948 1092 2001 1153 et
2032 1084 2419 1137 consummavit
2455 1084 2594 1138 Deus
2624 1086 2801 1136 omnia
2846 1100 3010 1153 opera
3060 1101 3178 1142 sua.
3224 1086 3331 1142 Sed
3387 1088 3543 1152 hujus

1949 1152 2135 1227 EtiOQil
2180 1156 2459 1227 translatio
2489 1165 2686 1209 nostra
2708 1155 3063 1227 dediCalionis
3092 1166 3176 1211 est
3207 1158 3541 1227 prii-ﬁgurata

1948 1223 2156 1293 dilatio,
2190 1242 2307 1295 qua:
2338 1226 2550 1295 quidem
2577 1226 2688 1295 jam
2721 1225 2856 1281 facta
2888 1236 2973 1282 est
3011 1228 3063 1282 in
3105 1227 3320 1282 Christo
3359 1223 3545 1295 'capite

1949 1304 2139 1350 nostro
2166 1314 2177 1349 :
2210 1298 2297 1365 qui
2330 1312 2407 1350 διε
2436 1302 2752 1361 resurrexit,
2784 1310 2842 1352 ut
2874 1316 2979 1352 non
3011 1301 3268 1353 moriatur
3293 1299 3539 1367 ulterius;

1947 1374 2003 1419 et
2027 1369 2171 1448 quod
2202 1368 2475 1437 praecessit
2505 1367 2557 1421 in
2588 1373 2786 1439 capite,
2816 1383 3064 1440 speratur
3091 1371 3145 1425 in
3168 1387 3417 1440 corpore.
3447 1373 3544 1428 Se-

1987 1450 2164 1493 Ulllll'l

1947 1453 2269 1583 iuiiiiirplv.
2292 1539 2371 1583 5-
2401 1508 2552 1564 Vers.
2587 1509 2641 1572 1,
2670 1508 2754 1583 2.)
2781 1509 2895 1583 Hic,
2915 1521 2990 1566 est
3033 1511 3161 1566 liber
3202 1514 3546 1583 generationis

1947 1577 2134 1632 Adam;
2166 1578 2231 1633 In
2266 1581 2351 1635 die
2379 1597 2479 1642 qua
2503 1584 2688 1634 creavit
2716 1577 2852 1636 Deus
2877 1582 3154 1647 hominem,
3185 1577 3254 1635 ᾱά
3297 1585 3544 1637 similitu-

1948 1651 2119 1724 dinem
2154 1650 2246 1724 Dei
2273 1653 2391 1722 fecit
2422 1651 2591 1724 illum.
2625 1652 2915 1707 Masculum
2942 1665 2986 1708 et
3017 1655 3260 1723 feminam
3298 1656 3415 1724 fecit
3458 1671 3545 1709 eos

238 1726 640 1814 tigtirnationem‘
675 1723 959 1807 quamdam
1015 1724 1402 1814 perqgriiiant’is
1444 1723 1684 1806 civitatis
1720 1724 1839 1814 Dei,
1876 1754 1918 1814 Β
1952 1720 2110 1814 Deus,
2142 1736 2185 1775 et
2216 1720 2471 1805 benedixit
2500 1722 2627 1785 illis,
2651 1727 2916 1814 etnvoeavi!
2950 1720 3133 1814 nomen
3164 1720 3339 1814 eorum
3377 1725 3546 1814 Adam

234 1797 395 1865 quod
424 1806 568 1850 esset
593 1796 659 1849 ab
688 1795 887 1862 impiis,
920 1803 974 1848 et
1001 1794 1397 1859 quodammodo
1432 1797 1746 1863 terrigenis,
1789 1798 1840 1850 id

233 1877 349 1929 est,
389 1878 654 1922 terrenam
684 1867 942 1934 originem
975 1865 1339 1934 diligentibus,
1370 1873 1423 1918 et
1454 1874 1686 1920 terrente
1712 1868 1843 1922 civi-

237 1938 374 1991 tatis
419 1947 633 1993 terrctia
688 1937 941 1991 lelicitate
991 1937 1384 2002 gaudentibus,
1439 1940 1841 2005 persecutiones

231 2024 508 2078 passura,
559 2012 766 2077 primus
808 2007 1062 2061 ostendit.
1112 2007 1218 2062 Sed
1261 2018 1393 2077 quot
1427 2024 1692 2062 annumin
1726 2021 1841 2063 erat

232 2080 415 2134 Adam
444 2098 563 2134 enni
589 2095 684 2134 eos
709 2080 911 2145 genuit,
946 2096 1050 2132 non
1079 2092 1322 2148 apparet.
1358 2080 1559 2132 Exinde
1588 2079 1841 2143 digerun-

233 2163 331 2205 tur
358 2155 477 2207 alia:
502 2154 875 2222 generationes
900 2166 964 2204 ex
998 2148 1150 2209 Cain.
1184 2150 1303 2202 alite
1335 2149 1403 2203 de
1431 2150 1522 2204 illo
1552 2166 1729 2222 quem
1750 2167 1843 2221 ge-

234 2224 359 2276 nuit
381 2221 549 2278 Adam
580 2225 631 2276 in
656 2224 771 2289 ejus
798 2224 1220 2283 sriccessioiiem,
1245 2236 1403 2285 quem
1429 2222 1594 2274 frater
1620 2221 1836 2289 occidit,

231 2294 636 2363 appellavitque
662 2309 858 2347 nomen
889 2294 1029 2346 illius
1060 2291 1212 2353 Seth,
1241 2291 1448 2351 dicens,
1481 2302 1539 2345 ut
1580 2292 1837 2362 scriptum

229 2376 364 2431 est,
396 2366 674 2419 Suscitavit
703 2366 845 2417 enim
880 2365 1004 2416 milii
1032 2363 1171 2417 Deus
1199 2379 1366 2417 sonen
1397 2363 1541 2415 aliud
1568 2380 1660 2431 pro
1694 2364 1837 2429 Abel,

230 2452 394 2499 quem
423 2436 605 2489 occidit
635 2433 781 2488 Cain.
815 2433 1001 2488 Nullus
1030 2435 1098 2489 de
1126 2434 1380 2502 progenie
1405 2432 1559 2499 Cain,
1591 2450 1712 2488 cum
1757 2436 1840 2489 di-

230 2517 521 2561 numerata
545 2507 615 2561 sit
634 2506 1074 2560 commemoratio
1101 2504 1291 2566 Adam,
1318 2520 1485 2573 usque
1504 2506 1571 2559 ad
1594 2516 1837 2560 octavam

228 2577 669 2648 generationem,
700 2587 828 2641 quot
856 2592 1118 2631 annorum
1147 2576 1335 2630 fuisset
1356 2616 1369 2639 ,
1402 2590 1693 2645 expressus
1730 2586 1834 2643 est,

230 2650 462 2719 quando
490 2649 674 2717 genuit
714 2664 834 2703 eum
877 2651 963 2705 aui
1009 2654 1467 2703 commemoratur
1515 2657 1635 2716 pust
1672 2665 1832 2703 eum:

228 2718 413 2774 noluit
441 2720 585 2775 enim
617 2720 847 2789 Spiritus
879 2720 974 2774 Dei
1006 2720 1059 2774 in
1088 2730 1318 2773 terrena:
1344 2718 1576 2773 civitatis
1611 2736 1839 2789 genera-

230 2792 477 2846 tionibus
511 2803 747 2858 tempora
779 2799 965 2846 notare
993 2800 1117 2845 ante
1144 2790 1424 2854 diluvium,
1457 2792 1549 2844 sed
1586 2793 1635 2844 iii
1664 2794 1834 2846 ciete-

228 2864 336 2916 Stis
366 2864 572 2932 maluit,
599 2873 869 2934 tamquam
901 2873 1083 2918 essent
1104 2862 1383 2917 memoria:
1411 2861 1706 2932 digniores.
1735 2864 1832 2919 Se-

271 2936 420 2988 uitur
447 2954 457 2988 :
771 2966 787 2982 .-

228 2949 490 3077 ρυξῖιυέτέ.
520 3005 611 3071 25,
641 2966 1029 3077 26.)’”(ῖορῃουὶι
1054 3021 1253 3077 quoque
1290 3004 1460 3058 Adam
1499 3002 1668 3056 adhuc
1701 3020 1835 3077 uxo-

228 3075 345 3130 rem
375 3093 544 3142 suam,
571 3088 617 3129 et
660 3078 847 3144 peperit
893 3075 1087 3143 ﬁlium,
1132 3077 1425 3141 aocavitque
1470 3089 1650 3126 nomen
1699 3076 1839 3128 illius

230 3145 404 3209 Seth,
454 3147 656 3213 dicens,
691 3144 873 3199 Posuit
910 3146 1035 3197 mihi
1077 3144 1332 3197 Dominus
1372 3160 1539 3198 semen
1568 3144 1715 3197 aliud
1748 3162 1838 3207 pro

227 3217 401 3278 Abel,
449 3234 595 3286 quem
643 3217 829 3268 occidit
858 3215 1004 3269 Cain.
1036 3215 1142 3271 Sed
1173 3226 1217 3268 et
1242 3214 1368 3271 Seth
1398 3222 1547 3266 natus
1574 3226 1646 3286 est
1679 3216 1836 3279 ﬁlius,

222 3303 389 3357 quem
420 3284 614 3341 vocavit
648 3286 787 3339 Enos
813 3303 825 3335 :
852 3287 946 3339 iste
976 3288 1120 3357 capit
1144 3288 1379 3341 invocare
1402 3300 1583 3357 nomen
1611 3284 1838 3341 Domini.

224 3356 422 3414 Potuit
474 3359 671 3429 quippe
712 3357 889 3429 Adam
943 3356 1557 3429 diviniitisadinonitus
1614 3356 1831 3424 dicere,

222 3428 586 3499 posteaquam
610 3428 739 3485 Seth
767 3439 923 3481 natus
940 3442 1043 3491 εει,
1070 3428 1350 3482 Suscitavit
1372 3428 1495 3479 mihi
1520 3428 1652 3481 Deus
1670 3443 1841 3483 semen

222 3500 386 3555 aliud
418 3518 509 3572 pro
541 3500 682 3567 Abel,
711 3517 858 3568 quem
889 3500 1071 3552 occidit
1096 3499 1244 3559 Cain,
1276 3499 1528 3572 qiiooiair.
1567 3499 1691 3572 talis
1726 3511 1837 3572 erat

220 3569 454 3628 futurus
477 3573 567 3642 qui
598 3574 841 3641 impleret
873 3572 1015 3624 illius
1054 3573 1415 3642 sanctitatem.
1466 3570 1573 3624 Sed
1618 3579 1664 3623 et
1714 3569 1841 3625 Seth

219 3654 389 3698 natus
418 3641 671 3711 estﬁlius,
697 3658 841 3708 quem
861 3642 1056 3696 voravit
1082 3641 1219 3695 Enos
1243 3656 1262 3694 :
1285 3642 1381 3695 iste
1418 3643 1565 3706 capit
1608 3643 1845 3696 invocare

222 3729 421 3768 nomen
455 3712 677 3767 Domini.
715 3715 787 3767 Eii
821 3713 1028 3767 duobus
1079 3729 1308 3782 namque
1350 3712 1450 3765 illis
1495 3713 1800 3766 hominibus
1824 3755 1839 3778 ,

220 3787 391 3844 Abel,
427 3786 567 3853 quod
601 3786 982 3853 interpretatur
1012 3786 1205 3845 luctus,
1231 3791 1288 3838 et
1313 3783 1429 3851 ejus
1462 3784 1627 3836 fratre
1669 3784 1798 3837 Seth
1824 3830 1837 3851 ,

221 3856 375 3925 quod
402 3855 783 3919 interpretatur
807 3856 1150 3917 restirrcctio,
1166 3869 1311 3907 mors
1328 3853 1525 3925 Christi
1541 3863 1593 3907 et
1607 3854 1708 3925 vita
1723 3854 1840 3922 ejus

221 3923 296 3981 ex
324 3926 555 3980 mortuis
578 3928 871 3994 tiguratur:
904 3941 968 3979 ex
999 3941 1101 3995 qua
1138 3927 1239 3978 [ide
1268 3927 1353 3978 hic
1381 3923 1615 3995 gignitur
1646 3924 1839 3979 civitas

224 3998 350 4061 Dei,
384 3996 437 4050 id
469 4006 571 4063 est,
608 4001 768 4051 homo
796 3997 885 4066 qui
913 3997 1075 4063 C(Bpil
1105 3998 1354 4051 invocare
1378 4012 1572 4049 nomen
1603 3995 1835 4066 Domini.

227 4070 341 4137 Spe
373 4068 509 4121 enim
539 4069 665 4122 salvi
696 4065 1054 4136 lacrimatas,
1098 4078 1153 4120 ut
1200 4066 1273 4120 ait
1320 4068 1611 4133 Apostolus
1636 4065 1830 4137 (Rom.

227 4136 370 4211 viii).
410 4138 542 4193 Nam
573 4139 696 4208 quis
726 4153 918 4211 vacare
966 4138 1068 4191 hoc
1114 4140 1387 4211 existimet
1437 4136 1838 4211 abgaltitudine

226 4209 601 4264 sacramenti?
632 4210 888 4279 numquid
920 4212 1063 4262 enim
1096 4209 1229 4265 Abel
1260 4223 1365 4261 non
1408 4209 1555 4277 coepit
1602 4210 1840 4264 invocare

227 4297 421 4335 nomen
458 4280 663 4334 Domini
695 4281 821 4345 Dei;
852 4280 958 4343 vel,
983 4283 1121 4335 sicut
1173 4282 1222 4333 iii
1269 4280 1620 4349 Septuaginta
1668 4280 1840 4334 luter—

227 4352 479 4421 pretibus
508 4353 755 4414 habetur,
788 4349 893 4404 Iste
918 4353 1137 4422 speravit
1158 4352 1395 4404 invocare
1421 4367 1603 4405 nomen
1628 4350 1840 4405 Domini

230 4423 348 4487 Dei,
390 4423 548 4491 cujus
576 4423 900 4476 sacritii-ium
931 4423 1204 4491 Scriptura
1237 4430 1342 4473 tam
1366 4432 1675 4491 acceptum
1726 4424 1836 4475 Deo

228 4494 399 4549 luisse
428 4489 861 4548 commemorat?
905 4489 1167 4560 Numquid
1206 4492 1320 4558 ipse
1355 4490 1488 4544 Seth
1530 4489 1635 4544 non
1673 4504 1837 4558 C(Bpll

227 4568 312 4621 vel
343 4573 585 4633 speravd
609 4564 863 4615 iiinicare
891 4577 1083 4633 nomen
1122 4562 1328 4614 Iloiiiini
1364 4562 1479 4624 Dei,
1511 4563 1579 4633 de
1605 4578 1712 4629 quo
1734 4565 1835 4633 7di-

226 4631 387 4690 ctiini
409 4642 514 4695 est,
546 4633 825 4689 Suscitavit
857 4631 981 4684 milii
1014 4631 1151 4684 Deus
1179 4646 1346 4683 semen
1378 4632 1521 4683 aliud
1553 4648 1644 4698 pro
1674 4632 1841 4687 Abel?

225 4709 337 4761 Cur
362 4721 494 4772 ergo
525 4704 649 4758 huic
678 4702 895 4771 proprie
919 4702 1171 4755 tribuitur
1191 4701 1331 4768 quod
1358 4703 1567 4768 piorum
1595 4706 1834 4756 omnium

224 4778 550 4845 intelligitur
580 4790 702 4829 esse
730 4774 1050 4827 commune?
1079 4773 1177 4826 nisi
1207 4773 1331 4841 quia
1360 4775 1646 4838 oportebat
1674 4774 1727 4827 iii
1771 4792 1836 4829 eo

224 4852 313 4917 qui
346 4844 423 4901 de
449 4855 601 4913 patre
631 4845 1036 4917 generationiim
1071 4844 1122 4897 in
1149 4845 1428 4897 meliorem
1464 4853 1702 4910 partem,
1736 4846 1836 4901 hnc

226 4916 328 4986 est,
359 4934 613 4988 supertnu
637 4916 890 4988 civitatis,
936 4916 1138 4988 primus
1177 4928 1640 4988 commemoratur
1678 4932 1836 4988 exor-

226 5000 332 5055 tus,
368 4986 704 5060 praetignrari
740 4987 1034 5048 hominem,
1067 4986 1117 5040 id
1149 4995 1254 5060 est,
1288 4986 1829 5060 homiiiuiii_soc_ieta-

224 5057 511 5129 tenifqna:
536 5074 639 5112 non
688 5062 982 5112 secundum
1033 5058 1412 5129 “Ollllneiniill
1458 5073 1515 5110 re
1562 5057 1832 5129 felicitatis

228 5127 488 5195 terrente,
518 5131 611 5183 sed
641 5131 939 5183 secundum
976 5130 1137 5182 Deum
1174 5127 1301 5181 visit
1327 5128 1378 5181 iit
1424 5143 1521 5196 spe
1561 5127 1832 5184 ieiiviiiilis

233 5211 471 5259 interna;
509 5202 620 5256 lioc
662 5202 833 5269 ipsum
880 5200 1024 5253 enim
1065 5216 1171 5264 quo
1210 5199 1426 5263 dicitur,
1461 5199 1523 5251 Et
1555 5200 1834 5253 nominauit

232 5289 413 5327 nomen
438 5277 553 5340 eius
574 5269 737 5335 Enos,
766 5270 905 5339 quod
932 5270 1317 5338 interpretatur
1342 5270 1521 5334 homo,
1547 5284 1612 5324 ac
1636 5269 1832 5324 deinde

234 5345 467 5403 additur,
499 5343 603 5398 Hic
626 5346 846 5412 sperauit
869 5343 948 5395 vel
973 5344 1119 5411 erepit
1150 5343 1381 5394 invocare
1410 5357 1593 5393 nomen
1625 5340 1831 5396 Domini

238 5412 372 5480 Dei;
393 5416 523 5467 satis
545 5414 844 5469 ostenditur
866 5417 1008 5481 quod
1034 5428 1138 5467 non
1165 5414 1218 5467 in
1241 5428 1299 5467 se
1322 5414 1438 5477 ipso
1458 5427 1608 5482 spem
1634 5427 1833 5481 ponere

239 5482 432 5537 debeat
461 5488 660 5537 homo:
699 5485 1001 5538 Maledictus
1027 5524 1041 5548 ,
1076 5484 1219 5538 enini
1268 5487 1431 5537 omnis
1457 5525 1471 5544 .
1524 5495 1663 5538 sicut
1704 5484 1831 5538 alibi

238 5551 453 5622 legitur,
477 5556 564 5624 qui
585 5572 721 5625 spem
744 5571 891 5609 suam
913 5557 1053 5621 ponit
1075 5556 1127 5609 in
1153 5555 1358 5608 homine
1396 5552 1613 5625 (lerem.
1661 5560 1792 5625 xvn)
1814 5572 1827 5619 ;

239 5638 304 5676 ac
332 5640 426 5691 per
453 5625 553 5680 hoc
583 5641 680 5680 nec
710 5626 762 5679 in
795 5641 876 5692 se,
907 5636 965 5679 nt
988 5626 1059 5680 sit
1105 5629 1238 5680 civis
1287 5626 1510 5680 altetius
1558 5626 1789 5680 civitatis
1814 5669 1828 5691 ,

238 5710 360 5763 qua:
405 5711 508 5749 non
548 5697 841 5751 secundum
884 5697 1051 5751 lilium
1092 5698 1220 5750 Cain
1250 5697 1532 5752 dedicatur
1561 5698 1663 5752 hoc
1692 5709 1827 5751 tein-

235 5777 390 5834 νοτε,
415 5766 465 5822 id
488 5778 591 5835 εει,
618 5768 862 5825 mortalis
886 5768 1043 5836 hujus
1065 5768 1270 5834 saeculi,
1300 5768 1394 5824 sed
1418 5770 1472 5823 iii
1494 5770 1583 5825 illa
1610 5769 1829 5825 immor-

1946 1795 2000 1865 in
2029 1795 2131 1857 die,
2162 1810 2261 1863 quo
2302 1796 2461 1847 creati
2506 1806 2643 1847 sunt.
2692 1796 2797 1850 Sed
2846 1811 3011 1865 quare
3058 1797 3185 1852 hinc
3229 1798 3434 1851 reditur
3474 1796 3543 1851 ad

1944 1863 2102 1917 istam
2134 1866 2654 1933 recapitulationent,
2690 1863 2874 1934 postea
2900 1884 3058 1933 quam
3088 1877 3543 1922 commenioratus

1943 1943 2027 2008 est
2056 1934 2379 2008 ii_lit_is_Setli.
2412 1938 2500 2008 qui
2532 1938 2701 2008 erepit,
2734 1936 2811 1989 vel
2842 1938 3057 2008 speravit
3084 1939 3321 1991 invocare
3359 1955 3543 1993 nomen

1945 2002 2157 2076 Domini
2186 2004 2320 2057 Dei?
2342 2002 2447 2058 Sed
2474 2002 2750 2060 sciendum
2783 2002 3034 2076 estquod
3069 2011 3208 2061 Enos
3241 2010 3380 2062 illius
3408 2010 3538 2065 Seth

1942 2074 2328 2145 interpretatur
2357 2076 2536 2137 homo,
2568 2092 2672 2131 non
2705 2079 2847 2132 sicut
2870 2074 3039 2132 Adam
3067 2098 3079 2130 :
3112 2090 3167 2133 et
3193 2080 3366 2147 ipsum
3396 2082 3540 2135 enim

1943 2160 2163 2208 nomen,
2198 2148 2378 2209 homo,
2413 2151 2813 2217 interpretatur,
2844 2150 2937 2203 sed
2967 2165 3253 2204 commune
3284 2150 3538 2217 perhibe-

1945 2224 2031 2269 tur
2057 2232 2180 2270 esse
2210 2218 2259 2270 iti
2291 2219 2379 2271 illa
2410 2218 2606 2287 lingua,
2636 2219 2687 2272 id
2717 2230 2820 2285 est,
2852 2222 2904 2273 in
2937 2221 3181 2280 Hebraea,
3213 2221 3453 2273 masculo
3483 2230 3540 2276 et

1944 2287 2185 2350 feminae;
2218 2303 2339 2341 nam
2374 2290 2450 2342 sic
2473 2292 2539 2343 de
2573 2291 2661 2344 illo
2687 2292 2946 2358 scriptum
2988 2301 3105 2356 est,
3151 2289 3443 2346 Masculum
3491 2303 3540 2346 et

1943 2358 2185 2427 feminam
2218 2360 2334 2426 fecit
2361 2360 2498 2425 illos,
2523 2369 2567 2414 et
2597 2361 2849 2415 benedixit
2878 2361 2983 2416 illis
3002 2403 3018 2428 ,
3050 2374 3095 2416 et
3124 2364 3318 2416 vocavit
3356 2379 3542 2417 nomen

1940 2444 2118 2503 eorum
2143 2432 2308 2503 Anam
2342 2429 2494 2501 (Gen.
2527 2448 2565 2495 ι,
2596 2434 2684 2501 5);
2716 2432 2856 2487 unde
2890 2449 2993 2487 non
3026 2434 3314 2502 ambigitur
3340 2434 3419 2486 sic
3444 2450 3541 2503 ap-

1947 2500 2198 2574 pellatam
2243 2500 2408 2555 fuisse
2449 2500 2703 2557 feminam
2754 2504 2914 2556 ltlvain
2964 2500 3451 2574 proprio—nomine,
3483 2500 3542 2559 iit

1945 2579 2118 2625 tamen
2150 2572 2342 2631 Adam.
2374 2576 2512 2641 quod
2543 2576 2927 2643 interpretatur
2958 2572 3142 2640 homo,
3175 2591 3369 2629 nomen
3393 2586 3538 2631 esset

1940 2644 2242 2715 amborum.
2290 2645 2431 2715 tinos
2474 2654 2653 2701 autem
2697 2648 2777 2700 sic
2822 2647 3226 2715 interpretatur,
3269 2647 3453 2707 homo,
3486 2658 3544 2702 ut

1942 2712 2046 2767 hoc
2071 2730 2174 2768 non
2204 2731 2363 2783 pesse
2391 2714 2648 2769 feminam
2672 2712 3145 2785 iiiiiicupariperiti
3176 2719 3369 2788 lingua:
3400 2718 3541 2773 illius

1940 2798 2290 2840 asseveretit:
2327 2796 2594 2855 tamquam
2629 2788 2772 2842 [ilius
2813 2792 3259 2856 resurrectionis,
3312 2790 3400 2841 ubi
3434 2804 3540 2842 non

1943 2862 2167 2918 nubent,
2198 2872 2371 2926 neque
2397 2874 2591 2914 uxores
2622 2860 2851 2925 ducent;
2881 2875 2987 2912 non
3031 2864 3173 2913 enim
3216 2860 3320 2913 erit
3362 2860 3413 2910 in
3455 2873 3542 2915 re-

1942 2929 2278 2999 surrectione
2308 2930 2601 2995 generatio,
2632 2945 2752 2983 cum
2784 2930 2913 2983 illuc
2954 2930 3267 2999 perduxerit
3310 2944 3535 2998 regene-

1949 2997 2112 3049 ratio.
2140 2997 2434 3059 Sequitur:

2017 3066 2196 3135 (Vt-rs.
2214 3066 2247 3118 5
2262 3069 2436 3141 seqq.)
2467 3068 2606 3123 Vixit
2630 3081 2801 3123 autem
2823 3070 2989 3124 Adam
3011 3080 3211 3123 centum
3227 3070 3434 3141 triginta
3451 3087 3544 3122 ano

1867 3127 1911 3189 C
1945 3127 2045 3199 nis,
2073 3148 2120 3190 et
2141 3138 2311 3204 genuit
2334 3127 2496 3203 iilium
2521 3142 2588 3192 ad
2607 3142 2881 3205 imaginem
2910 3152 2957 3194 et
2982 3127 3372 3194 similitmlinEm
3393 3158 3541 3195 suam

1948 3208 2238 3273 uecavitque
2261 3224 2441 3262 nomen
2462 3212 2573 3274 eius
2608 3212 2754 3281 Seth.
2792 3211 2932 3265 Vixit
2952 3228 3151 3281 quoque
3179 3213 3305 3266 Seth
3340 3227 3539 3266 centum

1948 3280 2167 3348 quinque
2196 3281 2365 3344 annis,
2399 3289 2444 3333 et
2471 3284 2641 3349 genuit
2672 3280 2831 3336 Enos.
2878 3280 3012 3336 Vixit
3054 3298 3169 3335 vero
3210 3283 3348 3338 Enos
3384 3300 3543 3337 nona-

1946 3352 2091 3421 ginta
2120 3353 2290 3415 annis,
2320 3363 2369 3404 et
2398 3354 2571 3419 genuit
2600 3353 2814 3406 Cainan.
2852 3354 3000 3408 Dicet
3033 3355 3225 3423 aliquis
3244 3398 3259 3423 ,
3307 3355 3541 3409 Crede-n-

1948 3425 2148 3475 dumiie
2187 3434 2269 3475 est
2291 3422 2570 3496 hominem
2602 3424 2738 3479 [iiios
2767 3422 3172 3496 generaturum,
3204 3422 3301 3479 nec
3343 3428 3545 3480 haben-

1949 3501 2055 3546 tem
2091 3492 2419 3561 prOpnsitnni
2449 3492 2814 3561 continentiae,
2846 3509 3062 3552 centum
3093 3504 3149 3551 et
3176 3497 3427 3563 amplius,
3453 3499 3538 3554 vel

1949 3577 2095 3617 certe
2126 3568 2420 3644 secundum
2454 3566 2706 3621 llebrzeos
2738 3584 2840 3621 non
2878 3569 3046 3644 inulto
3088 3568 3298 3631 minus,
3343 3569 3395 3623 id
3436 3578 3538 3637 est,

1948 3642 2288 3709 octuaginta,
2320 3645 2655 3705 septuaginta
2682 3683 2694 3705 ,
2727 3642 2999 3709 sexaginta
3039 3654 3212 3692 annos
3231 3653 3259 3693 a
3282 3655 3538 3695 eoncum-

1948 3705 2113 3759 bendi
2159 3721 2323 3773 opere
2368 3724 2474 3761 non
2506 3724 2733 3764 vacitre:
2767 3705 2930 3764 aut'si
2963 3726 3068 3763 non
3099 3724 3375 3777 vacarent,
3410 3711 3541 3767 nihil

1951 3778 2117 3843 prolis
2146 3792 2367 3847 gignere
2399 3779 2673 3846 poiuiSse‘i
2708 3782 2831 3835 lla-c
2859 3782 3087 3847 quaestio
3114 3782 3327 3836 doctius
3371 3784 3543 3838 modis

1948 3848 2213 3919 solvitur:
2245 3860 2336 3903 aut
2366 3849 2510 3903 enim
2545 3859 2692 3903 tanto
2721 3852 2904 3905 senior
2932 3851 3029 3904 fuit
3062 3853 3414 3919 proponioue
3446 3869 3543 3919 pu-

1947 3917 2152 3991 bertas,
2176 3930 2376 3991 quanto
2401 3920 2525 3974 vita:
2556 3923 2717 3975 tutius
2748 3921 2919 3991 major
2945 3917 3248 3985 aiiiiositas;
3284 3935 3374 3974 aut
3399 3917 3540 3991 quod

1950 3988 2121 4059 magis
2152 3989 2309 4045 video
2334 4006 2456 4046 esse
2485 3994 2762 4057 credibile,
2797 3988 2903 4046 non
2937 3993 3023 4047 hic
3063 3988 3541 4060 primOgeniti't‘tlii

1948 4064 2355 4134 commemorati
2386 4072 2532 4125 sunt,
2564 4065 2657 4119 sed
2698 4078 2831 4134 quos
2873 4062 3235 4117 successionis
3271 4064 3405 4117 ordo
3446 4079 3541 4131 po-

1950 4132 2153 4203 scebat,
2179 4142 2237 4187 ut
2259 4137 2635 4202 perveniretur
2654 4132 2728 4188 ad
2741 4134 2874 4197 Noe.
2899 4152 2927 4188 a
2951 4149 3059 4203 quo
3080 4148 3267 4188 rursus
3286 4134 3351 4187 ad
3380 4133 3544 4189 Abra-

1948 4200 2072 4258 ham
2105 4200 2346 4259 videiuus
2374 4220 2497 4261 esse
2524 4215 2840 4274 perVeiitnm
2866 4248 2882 4269 ,
2926 4200 2989 4261 ac
3030 4205 3226 4261 deinde
3271 4220 3437 4269 usque
3474 4207 3543 4261 ad

1945 4286 2154 4330 certum
2185 4277 2473 4332 articulum
2506 4279 2799 4347 temporis:
2846 4286 3102 4346 quantum
3146 4275 3431 4345 oportebat
3469 4277 3543 4331 si-

1941 4348 2115 4415 gnari,
2149 4348 2313 4402 etiam
2339 4349 2779 4416 generationibus
2815 4347 3252 4402 commemoratis
3278 4388 3293 4412 ,
3325 4363 3541 4404 cursum

1942 4418 2346 4485 gloriOsissiinai
2377 4422 2609 4473 civitatis
2638 4423 2687 4472 in
2724 4422 2826 4474 hoc
2866 4418 3064 4473 iiiundo
3102 4419 3495 4487 peregrinantis
3521 4460 3536 4484 ,

1944 4498 1997 4540 et
2027 4503 2313 4557 supernam
2347 4490 2575 4552 patriam
2610 4493 2953 4559 requirentis.
2986 4491 3144 4560 Quod
3166 4505 3309 4543 enim
3358 4493 3539 4560 negari

1946 4574 2054 4629 non
2090 4568 2287 4627 potest,
2321 4573 2467 4627 prior
2496 4558 2746 4613 omnibus
2776 4560 2905 4613 Cain
2934 4576 2998 4614 ex
3027 4558 3404 4629 conjunctimie
3436 4558 3543 4614 ina-

1944 4628 2019 4682 ris
2048 4640 2104 4683 et
2134 4630 2345 4700 feininie
2378 4639 2533 4700 natus
2563 4639 2677 4693 est;
2710 4630 2854 4684 hunc
2901 4628 3294 4686 sccttttis'Abel
3321 4674 3335 4697 ,
3381 4649 3538 4700 quem

1944 4700 2114 4768 major
2144 4698 2313 4754 frater
2341 4698 2579 4753 occidit:
2614 4702 2707 4755 sed
2741 4712 2873 4768 qnot
2912 4717 3175 4755 annorum
3217 4716 3335 4756 erat
3369 4698 3538 4758 Adam

1941 4784 2065 4824 eum
2119 4786 2214 4824 eos
2261 4772 2443 4838 genuit
2512 4787 2617 4824 non
2667 4783 2910 4835 apparet.
2964 4772 3131 4827 Porro
3179 4786 3357 4826 autem
3409 4776 3539 4831 Si-tli

1941 4842 2157 4909 quando
2181 4853 2337 4895 natus
2362 4854 2467 4903 est,
2501 4858 2606 4897 non
2635 4842 2853 4911 quidem
2887 4843 3031 4897 taciti
3063 4854 3187 4897 sunt
3216 4842 3347 4898 anni
3378 4857 3542 4910 patris

1940 4913 2079 4981 ejus,
2113 4914 2207 4967 sed
2236 4928 2346 4980 jam
2377 4924 2636 4983 genuerat
2664 4916 2838 4969 alios:
2871 4926 2921 4968 et
2958 4925 3131 4969 tttruui
3162 4916 3309 4970 solos
3337 4913 3465 4969 Cain
3489 4930 3541 4969 et

1943 4985 2114 5050 Abel;
2148 5000 2256 5039 non
2287 4988 2429 5039 enim
2476 4984 2599 5053 quia
2644 4986 2745 5040 soli
2793 4987 3054 5041 nominati
3103 4997 3270 5052 sunt,
3323 4998 3541 5054 propter

1940 5058 2164 5127 ordines
2192 5057 2597 5125 gent-rationum
2628 5072 2761 5127 quas
2782 5072 3208 5112 commemorare
3233 5060 3534 5127 oportebat,

1941 5126 2066 5180 ideo
2096 5143 2433 5195 eoi-sequens
2465 5129 2631 5181 videri
2662 5129 2823 5183 debet
2854 5129 3000 5182 solos
3030 5128 3193 5182 fuisse
3227 5140 3350 5181 tunc
3378 5146 3535 5191 gent:-

1942 5210 2085 5251 ratos‘
2110 5213 2174 5253 ex
2199 5200 2391 5253 Adam.
2417 5199 2547 5253 Cum
2571 5203 2715 5253 enim
2747 5200 2963 5254 silentio
2990 5200 3259 5267 cuoperlis
3285 5202 3538 5255 omnibus

1942 5269 2252 5324 nominibus
2280 5282 2638 5334 chei-nrnin,
2673 5272 2882 5338 legatur
2927 5286 3049 5323 cuiu
3094 5273 3348 5337 genuisse
3400 5274 3536 5325 tilios

1942 5352 1996 5395 et
2029 5341 2186 5408 tilias,
2219 5351 2379 5407 quota
2410 5342 2572 5395 fuerit
2602 5342 2700 5396 ista
2734 5344 2913 5410 proles
2942 5343 3060 5406 ejus
3089 5344 3209 5409 quis
3250 5352 3538 5410 praesumat

1938 5427 2255 5467 asseverare
2281 5415 2325 5467 si
2353 5413 2563 5481 culpam
2590 5411 2906 5467 temeritatis
2929 5413 3130 5467 evitat?
3162 5413 3330 5468 Adam
3359 5424 3535 5467 autem

1940 5497 2060 5537 cuin
2093 5494 2237 5539 esset
2265 5495 2481 5539 centum
2534 5485 2747 5553 triginta
2796 5498 3102 5545 annorum,
3151 5486 3334 5553 genuit
3380 5484 3533 5540 Seth.

1940 5553 2071 5609 Seth
2103 5564 2283 5609 autem
2315 5571 2436 5610 cum
2467 5564 2681 5610 centum
2711 5555 2947 5624 quinque
2968 5565 3113 5609 εε-ει
3139 5571 3424 5615 annorum.
3446 5571 3537 5626 ge-

1940 5628 2056 5680 nuit
2102 5627 2270 5682 Enos.
2320 5627 2451 5695 Quis
2513 5628 2682 5696 possit
2737 5626 3162 5682 inconsideratus
3216 5642 3534 5683 asseverare

1940 5697 2083 5752 hunc
2104 5698 2218 5768 ejus
2246 5697 2662 5769 primogenitum
2688 5698 2873 5764 fuisse,
2903 5708 2960 5752 ut
2983 5697 3312 5753 admirantes
3342 5701 3535 5755 merito

1938 5770 2277 5841 requiramus
2304 5772 2574 5841 quomodo
2604 5786 2697 5842 per
2729 5778 2811 5826 tot
2835 5785 3007 5826 annos
3030 5770 3283 5827 immunis
3312 5772 3475 5828 fuerit
3501 5784 3531 5825 ι
