4042 6188
538 220 669 326 ἔνι’

546 340 553 369 l

1572 219 1666 320 im
1702 261 1931 320 orem
1969 264 2028 320 s.
2068 263 2396 324 EUCHERII
2432 266 2801 324 APPENDIX.

3730 250 3895 335 ‘92!

556 388 719 461 tibus,
775 392 867 441 aut
922 399 1179 457 aquarum
1234 382 1445 453 possint
1494 380 1810 436 assiduitate
1876 382 2133 437 dissolvi.
2162 383 2217 446 Α
2277 383 2468 461 _(Ca_p.
2497 385 2605 461 Vll.
2632 384 2943 461 —_Vers.__t
2978 384 3156 456 seqq.)
3183 360 3338 453 Quod
3368 402 3504 461 vero
3524 388 3671 447 Deus
3707 407 3885 461 pras-

556 458 810 519 Seqnitttr
837 474 851 509 :

629 530 807 598 (Vers.
842 524 960 595 15.)
1006 522 1370 598 Trecentorum
1407 522 1697 598 cubitorum
1726 524 1822 598 erit
1867 524 2135 598 longitudo

557 594 711 664 arca',
740 594 1109 666 quinquaginta
1136 595 1420 649 cubitorum
1443 594 1665 647 latitudo
1684 604 1733 649 et
1758 594 1969 666 triginta
1995 598 2138 650 cubi-

558 682 722 723 torum
740 666 963 720 altitudo
990 668 1150 721 illius.
1182 666 1366 720 Talem
1394 681 1525 734 ergo
1553 682 1691 720 arcae
1714 667 1950 733 Speciem
1974 667 2137 721 debe-

553 754 677 792 mus
708 738 1027 805 intelligere,
1054 749 1108 789 ιιι
1136 748 1368 807 quatuor
1396 737 1605 801 angelis
1632 752 1749 789 eam
1794 754 1860 790 ex
1911 739 2023 791 imo
2067 738 2132 791 ad

555 826 826 863 summum
857 820 1190 878 surgentem,
1219 817 1274 862 et
1305 808 1495 862 iisdem
1549 808 1803 874 paulatim
1857 824 2024 879 usque
2069 809 2134 863 ad

555 895 823 934 summum
846 880 897 932 in
922 892 1205 947 angustum
1227 883 1494 943 attractis,
1521 880 1574 930 in
1606 880 1835 943 spatium
1866 885 2023 933 unius
2044 894 2135 932 cu-

557 951 649 1006 biti
701 951 865 1005 fuisse
912 953 1235 1013 collectam;
1285 960 1338 1004 et
1386 950 1438 1003 in
1501 950 1850 1004 t‘iindamento
1911 952 2132 1005 trecenti

555 1023 720 1075 cubiti
773 1023 822 1076 in
879 1021 1230 1085 longitudine,
1264 1029 1319 1074 ct
1350 1022 1403 1073 in
1440 1021 1720 1074 latitudine
1750 1023 2132 1090 quinquaginta

555 1093 684 1155 sint,
739 1102 793 1147 et
822 1094 1105 1147 altitudine
1131 1094 1366 1162 triginta,
1398 1092 1491 1144 sed
1524 1092 1748 1146 collecta
1789 1093 1838 1144 in
1876 1107 2133 1147 cacumen

556 1174 866 1234 angustum,
900 1176 958 1217 ut
983 1163 1197 1217 cubitus
1225 1164 1294 1216 sit
1327 1162 1677 1229 longitudinis
1718 1172 1773 1216 et
1807 1162 2128 1231 latitudinis,

556 1245 609 1288 et
642 1250 771 1289 vere
803 1235 943 1289 nulla
988 1237 1157 1302 potuit
1200 1243 1307 1287 tam
1347 1235 1675 1287 conveniens
1722 1244 1775 1287 et
1832 1249 2134 1302 congruens

556 1322 694 1358 arcae
736 1309 945 1375 species
996 1306 1132 1370 dari,
1165 1320 1321 1371 quam
1364 1314 1685 1375 tttnsuzntno
1726 1304 1875 1358 velut
1912 1320 1942 1358 e
1993 1315 2135 1360 tecto

556 1378 786 1445 quodam
823 1385 1049 1445 angusto
1097 1377 1333 1430 culmine
1359 1374 1685 1429 diffunderet
1734 1375 1983 1428 imbrium
2025 1378 2136 1430 rui-

562 1464 687 1503 nas:
722 1458 773 1499 et
806 1447 856 1500 in
893 1462 998 1501 imo
1030 1449 1081 1501 in
1122 1449 1273 1514 aquis
1317 1448 1572 1514 quadrata
1620 1445 1913 1499 stabilitate
1961 1447 2133 1501 consi-

557 1529 728 1574 stens.
761 1533 858 1571 nec
887 1518 1116 1584 impulsu
1149 1527 1449 1577 ventorum,
1477 1530 1574 1569 nec
1621 1516 1824 1584 impetu
1851 1516 2129 1581 fluctuum,

558 1605 656 1641 nec
690 1587 1055 1654 inquietudine
1085 1588 1395 1641 animalium
1425 1603 1543 1657 quae
1587 1588 1910 1640 intrinsemts
1957 1598 2128 1647 erant.

556 1675 647 1711 aut
680 1660 917 1712 int'lvltul‘t
949 1672 1128 1729 pos~et
1156 1671 1240 1710 aut
1276 1664 1464 1725 mergi.
1502 1658 1690 1711 Dicere
1740 1658 1918 1711 solent
1970 1661 2129 1712 etiam

556 1732 771 1798 quidam
800 1746 904 1783 non
937 1728 1173 1798 potuisse
1202 1745 1397 1794 capere
1427 1728 1576 1782 illius
1607 1730 1958 1796 quantitatem
2016 1730 2131 1782 ani-

558 1802 775 1854 malium
803 1817 1000 1869 genera
1035 1816 1138 1853 tam
1174 1801 1338 1853 multa
1368 1800 1418 1852 iti
1460 1808 1687 1867 utroque
1717 1815 1870 1862 St'XII,
1915 1800 2034 1853 hin-t
2067 1802 2133 1853 de

558 1870 797 1926 imtuund
823 1888 869 1935 s,
904 1886 1126 1939 septena
1165 1872 1234 1924 de
1287 1872 1502 1925 mundis
1532 1885 1546 1934 ;
1594 1871 1680 1937 qui
1725 1870 1853 1923 mihi
1885 1871 2133 1925 videntur

558 1958 665 1996 non
689 1954 1003 2009 cinnpntare
1032 1944 1133 1997 nisi
1165 1954 1401 1995 trecenta
1433 1943 1611 1995 cubita
1667 1942 2044 2011 longitudinis,
2079 1953 2135 1995 et

560 2014 853 2069 latitudinis
880 2016 1282 2083 quinquaginta,
1319 2027 1418 2067 nec
1458 2012 1697 2079 Cogitare
1752 2021 1957 2066 tantum
1989 2012 2132 2066 aliud

560 2099 679 2138 esse
714 2087 763 2138 in
795 2087 1192 2152 superioribus.
1227 2084 1460 2151 itemque
1487 2082 1630 2136 aliud
1661 2090 1866 2136 tantum
1896 2085 1948 2136 iit
1978 2099 2135 2152 snpe-

558 2156 795 2210 ri0ribus
816 2159 1153 2224 superiorum
1179 2171 1193 2218 ;
1223 2170 1287 2210 ac
1318 2170 1412 2223 per
1441 2154 1541 2209 hoc
1563 2163 1643 2207 ter
1665 2154 1822 2207 ducta
1848 2155 1933 2207 illa
1958 2155 2133 2209 cubita

560 2225 673 2279 fieri
700 2228 983 2297 nonaginta
1008 2238 1061 2282 et
1094 2229 1143 2280 iii
1172 2226 1454 2297 latitudine
1481 2235 1692 2279 centum
1726 2227 2133 2294 quinquaginta.

559 2297 615 2351 Si
646 2307 823 2353 autem
850 2295 1150 2358 conitetnus
1173 2297 1312 2367 quod
1347 2295 1610 2367 Origenes
1648 2310 1752 2367 non
1804 2297 2137 2363 ineleganter

560 2370 791 2421 astruxit
811 2368 1038 2439 Moysen
1053 2366 1283 2431 scilicet,
1304 2368 1574 2439 hominem
1591 2366 1688 2439 ρει
1718 2367 1988 2439 eruditum
2009 2368 2134 2436 (sic-

562 2450 617 2489 ut
644 2434 911 2501 scriptuni
932 2438 1052 2508 est)
1084 2439 1221 2490 omni
1260 2438 1511 2506 sapientia
1558 2434 1923 2507 Egyptiarum
1977 2442 1993 2505 (
2018 2434 2131 2490 Act.

560 2508 680 2572 vn),
709 2510 797 2572 qui
828 2511 1204 2570 geometricam
1232 2508 1554 2567 dilexerunt,
1586 2508 1911 2575 geometrica
1958 2511 2135 2563 cuiiita

562 2578 865 2641 signitlcare
898 2578 1154 2645 voluisse,
1199 2578 1289 2632 ubi
1333 2593 1497 2630 unum
1530 2592 1787 2645 quantum
1820 2593 1911 2632 sex
1953 2588 2136 2633 nostra

561 2648 742 2700 valere
765 2658 1101 2715 asseverent,
1132 2651 1252 2717 quis
1310 2663 1415 2701 non
1460 2648 1640 2701 videat
1667 2662 1920 2709 quantum
1949 2666 2129 2703 rerum

560 2733 758 2785 capere
788 2719 874 2771 illa
903 2721 1073 2788 potuit
1093 2720 1436 2783 magnitudo?
1465 2718 1593 2773 Nam
1629 2721 1760 2773 illud
1792 2720 1932 2788 quod
1956 2722 2135 2788 (“Spu-

564 2797 699 2861 taut,
726 2799 884 2843 tanta:
916 2791 1301 2861 magnitudinis
1342 2806 1523 2844 arcam
1558 2805 1663 2843 non
1709 2795 1946 2858 potuisse
1997 2807 2140 2846 com-

560 2860 730 2930 pingi.
763 2860 1095 2930 ineptissime
1122 2861 1535 2923 calumniantur,
1564 2876 1686 2914 cnm
1724 2861 1897 2915 sciant
1921 2863 2139 2918 immen-

564 2945 653 2985 sas
682 2933 843 2986 urbes
875 2933 1040 2989 fuisse
1069 2942 1407 2988 constructas
1433 2948 1448 2996 ;
1475 2947 1574 2986 nec
1599 2932 1881 2986 attendunt
1921 2944 2135 2989 centum

562 3017 755 3068 annos,
788 3005 981 3072 quibus
1006 3020 1128 3060 arca
1154 3006 1242 3058 illa
1264 3012 1347 3059 est
1375 3002 1668 3057 fabricata:
1702 3006 1802 3057 nisi
1837 3004 1973 3058 forte
2004 3005 2137 3073 lapis

565 3074 725 3143 lapidi
757 3076 1036 3130 adlimrere
1095 3086 1291 3142 potest,
1332 3077 1445 3128 sola
1494 3076 1643 3128 calce
1689 3076 2028 3142 coniunctus,
2082 3090 2138 3132 ut

2242 454 2373 522 cipit
2398 456 2527 521 Noe,
2552 457 2619 509 de
2650 456 3014 510 animantibus
3048 454 3263 512 mundis
3289 469 3340 513 et
3380 459 3677 516 immundis
3710 454 3882 521 bina

2247 527 2504 581 inducere
2538 528 2598 600 in
2618 542 2818 585 arcam.
2846 529 3120 582 masculini
3153 544 3311 583 sexus
3340 540 3393 585 et
3425 531 3668 587 feminini
3696 576 3714 600 ,
3788 539 3880 591 de

2240 600 2555 653 volucribus
2580 598 2732 667 juxta
2764 614 2931 668 genus
2954 614 3131 665 suum,
3170 608 3227 653 et
3269 601 3338 653 de
3362 602 3623 669 iumentis
3654 598 3717 659 in
3758 624 3874 670 ge-

2239 683 2369 739 nere
2398 683 2520 745 stio,
2563 682 2615 745 et
2646 685 2709 723 es
2741 670 2884 745 omni
2919 671 3298 745 r_eptili_terr:e
3329 675 3625 728 secundum
3657 693 3871 745 genus

2236 755 2392 792 suum
2419 740 2537 793 bina
2570 739 2638 793 de
2670 743 2919 793 omnibus
2942 740 3147 808 ingredi
3176 745 3448 809 pnecepit.
3479 739 3687 799 Postea-
3706 764 3867 803 vero

2240 810 2449 864 addidit
2475 829 2487 863 :
2520 809 2595 863 De
2621 812 2965 885 animantibus
2992 812 3197 885 mundis
3220 811 3372 885 tolles
3422 828 3629 885 septena
3661 830 3716 871 et
3742 836 3864 872 se—

2238 893 2425 950 ptena,
2483 882 2767 935 masculum
2812 892 2857 933 et
2889 883 3161 949 feminam:
3194 882 3257 937 de
3310 882 3656 942 animantibus
3715 906 3860 942 vero

2237 969 2339 1005 non
2372 953 2575 1005 utendis
2601 954 2701 1005 duo
2729 962 2776 1005 et
2803 953 2927 1015 duo,
2959 955 3244 1007 masculum
3280 966 3327 1008 et
3356 957 3629 1023 feminam,-
3659 963 3761 1013 sed
3797 972 3859 1014 et

2238 1024 2311 1099 de
2328 1024 2619 1076 volatilibus
2642 1025 2754 1099 caeli
2780 1036 2987 1099 septena
3011 1036 3058 1076 et
3088 1037 3317 1095 septena,
3357 1028 3646 1083 masrulnm
3674 1041 3727 1082 et
3760 1036 3857 1099 [e-

2236 1095 2431 1147 minam
2454 1112 2477 1167 ;_
2513 1111 2617 1167 non
2640 1095 2745 1146 duo
2776 1106 2829 1147 et
2859 1095 2986 1154 duo,
3038 1108 3254 1167 propter
3298 1106 3551 1167 quatuor.
3581 1104 3673 1154 sed
3709 1095 3853 1154 tan-

2239 1165 2517 1217 tummodo
2544 1166 2671 1228 duo,
2696 1175 2919 1231 propter
2945 1166 3240 1219 masculum
3270 1165 3328 1222 et
3347 1168 3596 1223 ferr-inani
3625 1189 3637 1222 :
3668 1181 3729 1226 et
3764 1173 3851 1227 de

2239 1236 2454 1290 mundis
2484 1236 2826 1289 solummodo
2868 1246 3118 1300 septem:
3159 1237 3247 1300 qui
3304 1239 3501 1291 idcirco
3541 1244 3842 1296 immunda

2238 1307 2353 1375 pari
2385 1322 2607 1359 numero
2643 1308 2841 1373 posuit,
2875 1318 3094 1377 propter
3137 1323 3302 1367 aeuus
3352 1315 3795 1365 conservamluni
3824 1330 3842 1377 ;

2240 1377 2435 1429 munda
2468 1392 2595 1429 vero
2624 1377 2835 1445 impari,
2862 1389 2916 1428 ιιι
2944 1376 3053 1429 Noe
3080 1376 3296 1431 haberet
3318 1380 3455 1432 unde
3475 1385 3678 1435 hostias
3713 1376 3847 1439 Deo

2238 1446 2541 1500 immolaret
2563 1464 2626 1500 ex
2660 1446 2903 1509 mundis;
2933 1448 3014 1501 vel
3033 1460 3178 1501 cette
3209 1450 3354 1513 plura
3380 1450 3592 1505 fuerunt
3614 1458 3838 1508 tinnula

2237 1534 2393 1585 quam
2444 1518 2736 1578 immunda,
2788 1528 3014 1589 propter
3070 1518 3305 1572 futurum
3350 1520 3579 1573 humano
3626 1527 3839 1589 generi

2238 1603 2414 1644 usum.
2437 1590 2527 1657 qui
2552 1604 2617 1641 ex
2652 1590 2866 1662 mundis
2893 1588 3187 1642 debebatur
3213 1590 3537 1656 hominibus,
3573 1588 3635 1646 ut
3665 1598 3837 1662 plura

2236 1668 2419 1713 essent
2451 1675 2587 1723 qum
2619 1660 2937 1732 prodessient
2988 1676 3145 1725 quam
3180 1676 3295 1727 qua:
3341 1677 3622 1727 nocerent,
3666 1660 3833 1732 quod

2238 1743 2414 1783 autem
2445 1730 2913 1797 scrupulosissime
2944 1732 3108 1799 quaeri
3149 1733 3307 1798 solet,
3339 1742 3394 1785 et
3424 1735 3490 1787 de
3520 1730 3838 1790 minutissi-

2240 1800 2341 1853 mis
2371 1800 2632 1864 δε-ιίωιίδ,
2684 1816 2786 1851 non
2818 1804 2989 1854 solum
3022 1804 3207 1865 quales
3250 1814 3373 1855 sunt
3402 1820 3585 1859 mures
3614 1816 3671 1860 et
3701 1809 3836 1862 stel-

2240 1870 2430 1927 linnes.
2465 1887 2649 1924 Verum
2682 1874 2843 1923 etiam
2874 1874 3061 1941 quales
3092 1872 3330 1937 locustas,
3367 1877 3652 1941 scarahmi,
3707 1896 3834 1931 tnu-

2237 1956 2345 1995 scte
2373 1942 2600 2009 denique
2622 1953 2672 1994 et
2706 1942 2931 2010 puliCes.
2961 1955 3135 1996 utrum
3170 1959 3274 1997 non
3303 1946 3580 2008 amplioris
3608 1950 3832 2003 numeri

2239 2012 2292 2064 iii
2324 2029 2444 2066 arca
2471 2015 2555 2066 illa
2581 2013 2795 2071 fuerint.
2830 2030 2988 2079 quam
3023 2014 3109 2080 qui
3138 2025 3215 2069 est
3262 2015 3532 2082 definitus,
3564 2033 3686 2072 cum
3722 2020 3831 2074 hoc

2238 2082 2723 2157 itnperaretllens,
2768 2085 2909 2157 prius
2965 2085 3287 2139 admonendi
3322 2100 3468 2152 sunt,
3522 2105 3659 2157 quos
3702 2093 3826 2144 hmc

2238 2167 2477 2222 movent,
2512 2154 2587 2207 sic
2614 2154 2978 2219 accipiendum
3002 2171 3122 2209 esse
3149 2157 3288 2224 quod
3318 2157 3517 2211 dictum
3540 2154 3655 2213 est:
3692 2161 3831 2227 Qui):

2239 2238 2422 2295 repunt
2450 2242 2601 2296 super
2632 2235 2840 2290 terram,
2877 2235 2933 2279 ut
2980 2241 3200 2280 necesse
3232 2243 3335 2281 non
3384 2229 3537 2282 fuerit
3589 2246 3825 2284 conser-

2241 2299 2351 2349 vari
2376 2296 2427 2349 in
2458 2312 2602 2355 arca,
2633 2313 2750 2354 unze
2776 2306 2997 2364 possunt
3025 2297 3077 2349 ιιι
3111 2302 3266 2363 aquis
3292 2300 3493 2363 vivere,
3519 2317 3618 2354 non
3643 2302 3823 2355 solum

2240 2381 2441 2428 mersa,
2458 2369 2596 2419 sicut
2616 2367 2806 2430 pisces.
2826 2384 3008 2422 verum
3033 2372 3458 2435 supernatantia,
3480 2371 3611 2425 sicut
3638 2374 3825 2425 multae

2239 2436 2415 2509 alites.
2444 2437 2787 2509 Deindecutn
2819 2438 3046 2492 dicitur:
3074 2439 3341 2494 Masculus
3366 2452 3411 2492 et
3435 2443 3624 2509 [entiua
3651 2452 3822 2507 erunt,

2240 2508 2482 2581 profecto
2532 2508 2849 2581 intelligitur
2879 2510 2945 2563 ad
2993 2513 3348 2581 reparandum
3373 2508 3541 2581 genus
3582 2513 3726 2579 dici;
3762 2530 3826 2568 ac

2240 2594 2336 2648 per
2362 2579 2463 2632 hoc
2493 2579 2958 2652 uecillanecesse
2984 2580 3151 2635 fuerat
3184 2582 3255 2635 ibi
3281 2579 3420 2645 esse,
3452 2599 3569 2651 quae
3594 2594 3825 2652 possunt

2239 2652 2358 2722 sine
2378 2650 2662 2722 concubitu
2694 2651 2760 2705 de
2785 2653 3214 2722 quibuscumque
3238 2669 3415 2705 rerum
3449 2650 3821 2722 cat-ruptioni-

2238 2720 2338 2775 btts
2372 2722 2555 2787 nasci;
2581 2720 2661 2774 Vel
2694 2722 2737 2774 si
2770 2721 2967 2775 fuerint
3007 2720 3141 2789 qua!
3180 2726 3230 2776 in
3257 2723 3507 2778 domibus
3528 2720 3647 2778 esse
3673 2741 3818 2779 con-

2240 2800 2552 2849 sueverunt.
2585 2792 2700 2845 sine
2728 2793 2844 2847 ullo
2870 2808 3091 2847 numero
3120 2792 3341 2847 definito
3388 2808 3508 2847 esse
3545 2798 3812 2861 potuisse,

2241 2872 2332 2915 aut
2362 2864 2759 2934 siimy-terium
2794 2864 3211 2934 sacratissimum
3263 2863 3401 2929 quod
3432 2866 3715 2933 agebatur,
3762 2877 3822 2921 et

2241 2941 2386 2985 tanta
2414 2933 2577 3001 figura
2610 2934 2771 2987 etiam
2795 2937 3016 2989 veritate
3044 2933 3165 2988 facti
3198 2937 3354 2989 aliter
3386 2951 3487 2989 non
3521 2948 3698 3001 posset
3722 2937 3820 2991 im-

2243 3004 2402 3071 pleri.
2440 3006 2538 3057 nisi
2592 3015 2649 3058 ut
2698 3008 2875 3057 omnia
2909 3005 2979 3059 ibi
3008 3014 3157 3059 certo
3186 3007 3278 3059 illo
3329 3021 3552 3060 numero
3592 3017 3777 3061 essent
3801 3049 3817 3072 ,

2240 3090 2361 3145 quae
2391 3074 2567 3129 vivere
2598 3076 2649 3128 in
2701 3077 2875 3143 aquis,
2928 3084 3109 3130 natura
3169 3076 3506 3142 prohibente,
3539 3093 3643 3130 non
3693 3093 3819 3145 pos-

565 3160 751 3199 murns
784 3161 879 3214 per
909 3156 986 3201 tot
1028 3148 1194 3201 millia
1227 3147 1646 3213 circumagatur,
1678 3155 1731 3199 et
1762 3147 1960 3215 lignum
1996 3148 2138 3217 ligno
2166 3147 2213 3210 C
2244 3156 2393 3203 sent:
2427 3162 2530 3199 non
2564 3147 2658 3199 fuit
2690 3149 2789 3199 ista
2821 3162 2946 3200 cura
2991 3147 3136 3199 illius
3191 3147 3423 3201 hominis
3477 3149 3556 3203 vel
3607 3149 3816 3202 illorum

563 3228 970 3287 ert-mentatum,
999 3219 1166 3273 clavis
1191 3219 1501 3279 solidatnm,
1525 3218 1703 3285 gluten
1740 3218 2016 3272 bituminis
2036 3238 2138 3275 nou

565 3297 744 3355 potest
770 3290 1071 3351 adbo-rere,
1099 3300 1156 3343 ut
1182 3289 1473 3343 fabricetur
1502 3304 1646 3355 arca,
1680 3305 1786 3342 non
1815 3291 2014 3353 curvis,
2049 3294 2142 3347 sed

564 3358 730 3411 rectis
760 3360 917 3430 lineis
946 3361 1105 3430 longe
1138 3361 1350 3427 lateque
1384 3370 1649 3427 porrecta,
1684 3375 1841 3425 quam
1879 3360 2058 3414 nullus
2089 3364 2144 3418 in

566 3443 716 3480 mare
745 3429 921 3482 mittat
950 3429 1171 3485 conatus
1199 3430 1496 3494 hominum,
1523 3430 1613 3483 sed
1651 3431 1789 3484 levet
1814 3432 1977 3497 unda,
2022 3448 2143 3488 cum

566 3500 779 3572 venerit
807 3503 1037 3572 naturali
1075 3501 1261 3572 ordine
1305 3502 1625 3564 ponderum,
1658 3504 1931 3572 magisque
1965 3504 2142 3556 divina

569 3568 904 3643 providentia
956 3587 1113 3635 quam
1149 3570 1379 3643 humana
1430 3571 1709 3637 prudentia
1751 3568 2021 3627 natantem
2052 3592 2147 3643 gu-

569 3638 779 3713 bernet.
804 3656 870 3695 ne
893 3644 1129 3713 incur_rat
1148 3641 1474 3711 ubicumque
1490 3642 1850 3712 naufragium.
1873 3638 2142 3713 Sequitur:

641 3709 825 3778 (Vers.
885 3713 987 3777 ιϐ.)
1018 3711 1316 3767 Fenestram
1345 3709 1401 3765 in
1427 3728 1547 3765 arra
1587 3709 1761 3782 facirs,
1795 3726 1840 3767 et
1876 3716 1928 3767 in
1961 3709 2147 3771 'cubito

569 3784 941 3857 consummabis
973 3788 1331 3857 summitatem.
1368 3782 1567 3837 Ostium
1609 3799 1777 3838 autem
1814 3803 1948 3839 arca:
1992 3804 2146 3857 pones

568 3866 632 3928 ea:
656 3852 1095 3928 latereAdeoraum.
1130 3856 1403 3912 Cwnucula
1452 3866 1497 3910 et
1538 3857 1747 3928 tristega
1776 3861 1933 3926 facies
1970 3852 2023 3909 iii
2067 3875 2144 3913 ea.

568 3919 774 3995 idcirco
804 3924 1094 3981 fenestram
1130 3930 1181 3982 in
1206 3931 1518 3983 summitate
1547 3919 1873 3995 arcae'ju'bet
1903 3928 2040 3993 ﬁeri,
2092 3941 2148 3983 ut

568 3990 794 4049 haberet
823 3998 965 4053 unde
999 4000 1246 4055 emittere
1279 4009 1460 4066 posset
1492 4012 1619 4051 aves
1645 3990 2145 4066 ad’explorandam

568 4072 729 4135 terra:
758 4068 1080 4123 siccitatem.
1113 4070 1321 4125 Ostium
1345 4082 1522 4124 autem
1553 4070 1693 4135 quod
1718 4069 1771 4122 in
1816 4072 1982 4122 latere
2009 4086 2147 4125 arca:

567 4134 767 4189 faetum
797 4138 1014 4203 dicitur,
1048 4156 1113 4194 eo
1144 4141 1264 4194 loco
1294 4140 1456 4193 fuisse
1483 4134 1810 4193 credendum
1844 4150 1945 4203 est,
1996 4150 2054 4193 ut
2095 4152 2149 4195 et

567 4205 824 4261 inferiora
851 4224 969 4278 quae
998 4210 1135 4264 dixit
1157 4209 1484 4263 bicamerata
1516 4209 1768 4263 inferiora
1802 4210 2059 4276 haberet;
2094 4222 2149 4267 et

567 4292 689 4350 quze
726 4277 1227 4335 dixit’tricamerata
1256 4280 1537 4350 superiora
1575 4296 1604 4334 a
1644 4280 1761 4333 loco
1800 4281 1923 4335 ostii
1964 4282 2147 4350 appel-

569 4349 674 4402 lata
714 4350 847 4414 sint;
892 4363 943 4404 et
992 4352 1113 4407 inde
1148 4349 1384 4421 ingresSa
1432 4354 1541 4405 sint
1587 4351 1843 4405 universa
1894 4349 2146 4408 animalia

568 4434 668 4494 per
693 4435 787 4473 sua
811 4438 1033 4492 quaeque
1056 4423 1195 4489 loca,
1221 4422 1515 4478 secundum
1544 4438 1833 4491 congruam
1857 4423 2142 4494 ratioiiem,

568 4491 806 4565 discreta
838 4491 1114 4548 emtiacula
1156 4505 1209 4550 et
1240 4495 1499 4565 tristega;
1542 4494 1684 4564 quod
1715 4493 1816 4547 alia
1866 4491 2145 4548 translatio

567 4560 894 4617 bicamerata
944 4574 998 4619 et
1044 4567 1380 4620 tricatnerata
1398 4560 1580 4621 'volui't
1622 4568 1922 4631 nominare,
1974 4568 2045 4619 ita
2089 4577 2149 4621 ut

566 4633 804 4701 quinque
833 4636 1189 4691 habitationes
1227 4638 1509 4692 distinctas
1558 4637 1611 4690 iti
1654 4652 1715 4691 ea
1746 4652 1866 4689 esse
1895 4637 2148 4691 adverta-

568 4718 726 4776 mus;
762 4706 1011 4760 inferiora
1046 4708 1160 4762 loca
1191 4709 1525 4764 stercoribus
1563 4723 1690 4762 esse
1737 4709 1988 4776 deputata
2012 4749 2026 4773 ,
2077 4724 2146 4764 ne

566 4775 822 4848 animalia
851 4787 905 4831 et
937 4780 1206 4848 praecipue
1246 4778 1490 4834 homines
1525 4781 1634 4832 limi
1672 4775 1840 4832 fetore
1886 4794 2148 4833 vexaren-

570 4855 683 4910 tur;
739 4846 863 4902 huic
915 4846 1373 4915 autem'superior
1418 4860 1471 4903 et
1511 4852 1760 4917 contigua
1792 4851 2143 4914 bicamerata,

567 4933 686 4985 quae
717 4930 1114 4974 conservatum:
1139 4936 1234 4974 seu
1267 4921 1493 4976 stabulis
1524 4920 1833 4973 animalium
1860 4922 2146 4985 deputare~

568 4997 674 5043 tur.
700 4988 756 5043 In
782 4991 879 5043 hos
900 5006 1028 5061 ergo
1054 5009 1183 5046 usus
1217 4993 1496 5046 inferiores
1528 5000 1729 5059 partes,
1752 5006 1870 5059 quae
1910 4992 2145 5045 bicorne-

560 5069 697 5113 ratze
723 5062 996 5128 dicuntur,
1032 5066 1247 5117 tradunt
1275 5064 1441 5118 fuisse
1489 5064 1808 5124 disnnctas;
1838 5066 2145 5130 superiores

566 5146 696 5185 vero
726 5146 930 5203 partes,
962 5150 1085 5201 qua:
1116 5136 1469 5190 tricatni-ratae
1517 5134 1789 5198 dicuntur,
1841 5134 1907 5186 ad
1939 5132 2145 5187 habita-

566 5203 746 5256 culum
772 5206 943 5269 primo
974 5206 1160 5261 besuis
1180 5206 1261 5261 vel
1292 5205 1612 5259 animalibus
1650 5204 2031 5258 itmnitiorihus
2059 5205 2142 5259 vel

566 5278 913 5342 serpentibus
942 5278 1227 5346 deputatas
1257 5292 1416 5343 esse;
1461 5278 1529 5331 ab
1560 5275 1643 5331 bis
1671 5290 1801 5329 vero
1823 5290 2056 5346 congrua
2090 5277 2141 5330 in

565 5349 934 5419 superioribus
980 5345 1117 5419 loca,
1169 5348 1470 5404 mitioribus
1522 5347 1886 5401 animantibus
1932 5345 2143 5419 stabula

566 5418 766 5485 fuisse;
796 5435 959 5489 supra
982 5416 1160 5474 omnia
1190 5435 1321 5475 vero
1343 5421 1397 5474 in
1427 5421 1665 5480 excelso.
1691 5419 1879 5473 avibus
1896 5428 1949 5472 et
1978 5416 2140 5472 homi-

566 5492 726 5546 nibus
754 5491 937 5545 sedem
964 5492 1211 5554 locatam,
1243 5500 1302 5545 tit
1327 5491 1468 5545 sicut
1495 5492 1757 5558 sapientia
1784 5492 1963 5543 omnia
1992 5500 2141 5543 ante.

566 5564 730 5622 cedit.
763 5562 831 5615 ita
860 5572 914 5615 et
939 5563 1097 5617 homo
1114 5573 1304 5618 cuncta
1336 5562 1675 5630 prmcelleret
1703 5560 2044 5621 animalia.et
2066 5563 2142 5614 sic

568 5634 803 5703 quinque
834 5636 1142 5687 mansiones
1172 5634 1223 5687 iti
1254 5637 1440 5688 eadem
1470 5648 1592 5687 arca
1633 5632 1797 5687 fuisse
1838 5632 2143 5703 intelligun-

569 5719 675 5762 tur,
702 5701 871 5770 prima
899 5705 1243 5770 stercoraria,
1273 5703 1509 5758 secunda
1538 5704 1861 5772 apothetica.
1892 5701 2042 5755 tertia
2068 5702 2144 5755 fe-

573 5776 648 5829 ris
669 5772 1247 5838 animantibus,quarta
1276 5775 1593 5839 mansuetis,
1612 5780 1797 5842 quinta
1811 5772 2139 5826 hominibus.

2246 3217 2552 3281 heminam,
2586 3217 2678 3271 sed
2709 3218 2887 3271 divina
2923 3235 2936 3270 :
2990 3233 3095 3272 non
3144 3220 3286 3272 enim
3317 3233 3376 3272 ea
3411 3220 3523 3272 Noe
3551 3230 3703 3286 capta
3734 3220 3816 3273 itt-

2248 3289 2601 3351 tromittebat,
2652 3289 2744 3342 sed
2793 3288 3059 3342 venientia
3114 3289 3317 3343 intrare
3348 3290 3706 3354 permittebat.
3737 3290 3815 3345 Ad

2247 3358 2350 3412 hoc
2378 3362 2521 3412 enim
2554 3360 2694 3413 valet
2735 3360 2875 3426 quod
2924 3360 3125 3412 dictum
3179 3372 3262 3413 est
3294 3377 3306 3412 :
3340 3358 3619 3413 Intrabunt
3656 3362 3723 3413 ad
3749 3373 3813 3425 te,

2247 3446 2353 3483 non
2386 3429 2591 3501 scilicet
2620 3430 2851 3483 hominis
2874 3441 3016 3501 actu,
3049 3430 3139 3484 sed
3172 3430 3266 3485 Dei
3297 3443 3424 3483 nqu
3461 3450 3472 3483 :
3510 3434 3579 3485 ita
3610 3447 3734 3486 sane
3762 3444 3816 3487 ut

2246 3516 2353 3555 non
2388 3502 2494 3554 illic
2524 3496 2689 3554 fu'isse
2706 3496 2971 3555 credenda
3000 3503 3127 3563 sint,
3152 3518 3270 3566 qua:
3300 3517 3431 3555 sexu
3452 3515 3657 3565 carent,
3692 3518 3815 3569 prte-

2248 3574 2507 3639 scriptum
2538 3582 2618 3626 est
2648 3572 2790 3626 enim
2830 3583 2993 3640 atque
3029 3572 3308 3627 definitum
3340 3582 3441 3636 est,
3482 3572 3737 3627 Masculus
3763 3584 3811 3628 et

2248 3644 2440 3715 femina
2488 3654 2655 3715 erunt.
2702 3644 2840 3715 Alia,
2869 3651 2993 3696 sunt
3040 3645 3238 3712 quippe
3280 3657 3400 3711 quae
3430 3645 3497 3697 de
3527 3645 3815 3712 quibusque

2250 3713 2433 3779 rebus,
2467 3713 2582 3768 sine
2620 3714 2905 3768 concubitu
2936 3715 3005 3768 ita
3041 3727 3355 3782 nascuntur,
3390 3723 3448 3769 ut
3478 3725 3659 3783 postea
3689 3731 3815 3770 con-

2248 3785 2504 3838 cumbam
2535 3795 2588 3839 et
2624 3795 2907 3853 generem,
2958 3786 3097 3838 sicut
3149 3801 3372 3851 muscae,
3428 3788 3530 3838 alia
3564 3801 3710 3849 vero,
3766 3790 3815 3839 in

2250 3855 2447 3924 quibus
2497 3856 2627 3911 nihil
2677 3858 2746 3908 sit
2795 3855 2960 3909 maris
3006 3864 3061 3910 et
3116 3854 3363 3923 feminae,
3398 3855 3537 3910 sicut
3565 3872 3713 3923 apes.
3747 3857 3816 3912 Ea

2251 3941 2416 3994 porro
2447 3944 2564 3995 qum
2595 3928 2674 3980 sic
2712 3926 2913 3981 habent
2956 3941 3166 3994 sexum,
3219 3936 3414 3979 utnon
3467 3926 3703 3981 habeant
3745 3928 3817 3982 fe-

2252 4007 2385 4063 tum,
2416 3998 2557 4052 sicut
2586 3999 2711 4050 mttli
2732 4008 2785 4050 et
2814 3996 2996 4061 multa,
3026 3999 3217 4049 mirum
3248 3998 3292 4049 si
3324 3996 3537 4051 fuerunt
3568 3998 3658 4061 ibi,
3691 4013 3750 4050 ac
3771 3999 3814 4051 si

2250 4084 2357 4122 non
2384 4070 2556 4137 potius
2574 4078 2823 4138 parentes
2840 4082 3027 4122 eorum
3051 4066 3123 4121 ibi
3154 4066 3316 4121 fuis~e
3345 4069 3639 4138 sufﬁceret,
3670 4069 3813 4133 equi-

2250 4136 2659 4194 num’videlicet
2688 4148 2848 4207 atque
2874 4139 3141 4193 asininum
3184 4152 3353 4206 genus
3379 4178 3392 4200 ,
3423 4146 3477 4189 et
3506 4136 3549 4190 si
3581 4151 3684 4205 qua
3714 4138 3813 4194 alia

2250 4220 2375 4264 sunt
2403 4226 2525 4279 qua:
2554 4210 2937 4263 commixtione
2956 4210 3150 4263 diversi
3173 4207 3384 4279 generis
3404 4221 3575 4279 genus
3602 4209 3812 4277 aliquod

2251 4276 2505 4348 gignunt;
2538 4281 2632 4334 sed
2665 4280 2709 4334 si
2732 4290 2785 4333 et
2813 4280 2915 4335 hoc
2951 4279 3017 4333 ad
3048 4278 3360 4348 mysterium
3388 4276 3709 4347 pertinebat,
3743 4280 3811 4334 ibi

2250 4363 2426 4417 erant,
2485 4353 2643 4406 habet
2698 4352 2840 4405 enim
2887 4358 2941 4405 et
2990 4350 3091 4404 hoc
3129 4364 3295 4419 genus
3338 4353 3631 4403 masculum
3662 4360 3714 4403 et
3742 4350 3812 4404 fe-

2252 4423 2478 4477 minam.
2509 4423 2691 4478 Solent
2715 4422 2877 4476 etiam
2897 4436 3113 4476 movere
3135 4420 3416 4475 nonnullos
3443 4435 3636 4488 genera
3667 4436 3811 4474 esca-

2174 4520 2229 4583 D
2254 4510 2371 4576 rum
2402 4494 2662 4583 qnze'lillic
2699 4492 2899 4574 habere
2936 4502 3194 4583 poterant
3231 4492 3663 4583 animalia,.qitie
3711 4507 3810 4549 non

2254 4565 2356 4619 nisi
2387 4565 2637 4618 carnibus
2667 4566 2809 4617 vesci
2860 4572 3137 4632 putantur,
3187 4574 3367 4633 utrum
3418 4572 3613 4633 praeter
3641 4577 3811 4616 nume-

2255 4651 2374 4690 rtttn
2406 4635 2481 4689 ibi
2525 4634 2723 4689 fuerint
2752 4638 2867 4689 sine
2920 4632 3352 4701 transgressione
3404 4632 3657 4699 tnandati,
3704 4648 3811 4702 qua:

2255 4708 2481 4761 aliorum
2516 4706 2828 4760 alendorum
2856 4705 3151 4758 necessitas
3176 4705 3283 4758 illic
3305 4704 3571 4770 coegisset
3596 4705 3804 4767 includi;

2255 4793 2322 4831 an
2355 4792 2502 4841 vero,
2534 4778 2675 4847 quod
2710 4777 2885 4845 potius
2914 4787 2991 4827 est
3024 4775 3379 4840 credendum,
3414 4787 3611 4844 pra-ter
3638 4789 3809 4829 Carnes

2256 4849 2430 4913 aliqua
2462 4851 2715 4902 alimenta
2748 4862 2868 4900 esse
2891 4852 3183 4911 potuerunt
3210 4863 3329 4912 quae
3358 4847 3608 4902 omnibus
3637 4861 3809 4899 conve-

2255 4922 2460 4974 nirent:
2497 4921 2743 4973 novimus
2772 4917 2914 4972 enim
2944 4932 3104 4986 quam
3137 4920 3300 4973 multa
3334 4917 3608 4981 animalia,
3639 4918 3809 4983 quibus

2254 5007 2380 5044 caro
2410 4990 2559 5044 cibus
2589 5000 2692 5048 est.
2724 4991 2866 5057 quod
2898 4987 3146 5051 frugibus
3192 4988 3478 5058 pomisque
3520 4998 3809 5049 vescantur,

2253 5072 2304 5116 et
2337 5062 2566 5115 maxime
2597 5062 2697 5115 lico
2728 5074 2888 5126 atque
2917 5058 3201 5111 castaneis.
3234 5058 3371 5125 Quid
3402 5073 3533 5127 ergo
3563 5059 3742 5111 mirum
3770 5060 3807 5110 si

2250 5134 2334 5187 vir
2363 5135 2448 5186 ille
2480 5133 2698 5198 sapiens
2729 5140 2784 5184 et
2817 5132 3016 5197 justus,
3049 5128 3210 5183 etiam
3242 5129 3502 5182 divinitus
3526 5130 3811 5181 admouilus

2251 5204 2379 5273 quid
2402 5197 2597 5266 cuique
2622 5212 2966 5270 congrueret,
2997 5202 3115 5273 sine
3151 5197 3403 5273 carnibus
3424 5210 3609 5273 aptant
3638 5201 3810 5273 cuique

2254 5268 2439 5346 generi
2472 5268 2784 5346 alimoniam
2816 5272 3136 5342 praeparavit
3164 5268 3528 5346 et_condi_dit?
3570 5269 3699 5346 Quid
3737 5280 3809 5322 est

2253 5338 2435 5401 autem
2466 5347 2607 5411 quod
2633 5344 2777 5398 vesci
2805 5338 2910 5397 ιιοιι
2929 5338 3161 5411 cogeret
3206 5340 3419 5394 fames?
3456 5348 3547 5391 aut
3570 5338 3689 5404 quid
3716 5355 3807 5393 non

2247 5431 2413 5474 suave
2442 5427 2533 5469 aut
2552 5417 2771 5470 salubre
2795 5413 2973 5469 facere
3003 5420 3187 5482 posset
3212 5412 3374 5472 Deus,
3423 5411 3513 5479 qui
3556 5412 3728 5473 etiam,
3758 5419 3807 5464 ut

2246 5491 2367 5546 sine
2383 5487 2504 5541 cibo
2535 5486 2803 5554 viverent,
2836 5481 3021 5539 divina
3052 5481 3583 5554 facilitateAdonaret.
3617 5482 3732 5554 nisi,
3760 5492 3808 5536 ut

2247 5570 2602 5632 pascerentur
2627 5551 2946 5632 etiam,‘ho‘c
2969 5555 3266 5632 implendae
3293 5551 3488 5632 figurae
3538 5553 3669 5608 tanti
3710 5568 3809 5621 tny-

2248 5626 2399 5686 sterii
2426 5630 2775 5684 conveniret?
2820 5627 3123 5693 Opinantur
3178 5626 3399 5695 quidam
3430 5635 3537 5678 tam
3581 5639 3806 5692 magnum

2249 5701 2364 5757 fieri
2415 5716 2519 5753 non
2574 5699 2812 5771 potuisse
2862 5696 3151 5761 diluvium,
3205 5709 3261 5750 ut
3302 5696 3805 5771 altissimosmontes

2251 5765 2806 5843 quindecim'cubitis
2849 5783 2987 5839 aqua
3047 5768 3356 5826 crescendo
3405 5765 3802 5834 transcenderet,
