3996 6186
257 241 360 299 977

1298 234 1777 292 COMMENTARII
1818 235 1886 293 IN
1923 236 2255 293 GENESIM.
2295 236 2424 293 LIB.
2465 237 2533 293 11.

3439 243 3544 302 978

262 357 435 419 ciens,
468 353 612 406 intus
636 362 857 425 puerum
889 348 1140 425 vocavit;
1169 348 1292 425 quia
1310 358 1434 425 sunt
1463 349 1705 425 carnales
1724 350 1846 425 qui-
1872 352 1928 415 Α
1954 351 2159 425 quippe
2182 392 2196 413 ,
2226 352 2531 425 passionem
2553 393 2568 417 ,
2601 362 2827 410 mortem
2854 396 2869 421 ,
2898 354 3350 412 resurrectionem
3379 362 3543 425 atque

264 443 373 498 que
408 420 656 498 lidelibu‘s
685 420 953 498 conjuncti
982 460 996 478 ,
1040 420 1127 487 qui
1175 420 1302 498 dum
1347 421 1662 498 Spiritalium
1705 422 1843 498 dona

264 491 603 565 conspiciunt
625 495 674 546 in
706 491 1058 565 admiratioue
1087 492 1240 558 positi
1268 531 1284 556 ,
1314 491 1415 565 etsi
1446 506 1550 545 non
1578 507 1750 565 usque
1778 491 1847 545 ad

266 562 469 637 opera,
522 578 698 619 tamen
741 563 793 615 iu
848 562 1082 637 animant
1128 577 1303 637 usque
1338 562 1403 615 ad
1448 562 1848 637 Sttscipiendzitn

272 632 435 694 ﬁdem
467 641 685 690 verlmm
721 632 1115 696 praedicationis
1164 632 1453 686 admittunt
1483 648 1498 684 :
1531 635 1655 701 quia
1703 634 1847 687 enim

270 712 443 765 liouos
470 724 613 771 saepe
642 704 914 757 miraculis
961 703 1162 773 fulgere
1204 705 1547 758 considerant
1572 745 1585 764 .
1619 718 1681 758 ea
1726 717 1849 772 qua:

270 782 339 836 de
369 780 666 833 :eternitate
711 774 934 828 audiunt
980 791 1083 827 uon
1112 783 1362 828 recusant
1390 816 1403 839 ,
1452 775 1695 843 quamvis
1725 788 1851 827 san-

270 862 409 906 ctam
458 851 753 902 electorum
786 845 1077 898 Ecclesium
1125 846 1359 898 moribus
1405 860 1509 898 non
1561 852 1849 914 sequentes

270 925 323 976 in
352 921 552 974 carnali
581 916 891 986 operatione
918 923 1249 969 remaneant.
1293 915 1393 983 Qui
1434 916 1613 969 Laban
1647 916 1845 982 paleas,

273 992 471 1053 fenum,
501 1006 714 1055 aquam,
748 1002 938 1054 panem
968 987 1177 1045 obtulit.
1210 988 1303 1040 sed
1341 1001 1468 1053 puer
1498 988 1598 1039 nisi
1632 1001 1850 1039 causam

271 1064 421 1130 prius
448 1060 676 1127 conjttgii
704 1062 989 1123 oblini-ret,
1022 1068 1367 1126 accepturum
1398 1071 1457 1110 se
1483 1072 1603 1110 esse
1632 1070 1853 1109 recusa-

272 1129 369 1197 vit,
402 1133 522 1199 quia
552 1142 675 1183 sunt
709 1130 947 1197 plerique
977 1129 1064 1196 qui
1112 1129 1361 1181 doctores
1390 1143 1514 1182 suos
1541 1142 1606 1180 ex
1641 1136 1850 1199 tempo-

273 1197 479 1258 ralibus
508 1201 784 1269 stipendiis
828 1208 1107 1252 Continere
1142 1201 1309 1265 parati
1357 1207 1502 1262 sunt,
1531 1198 1625 1251 sed
1648 1197 1853 1269 praedi-

273 1288 482 1329 catores
516 1268 684 1326 sancti
710 1272 947 1338 recipere
976 1270 1162 1321 uolunt
1192 1269 1534 1332 temporalia,
1560 1268 1659 1321 nisi
1708 1269 1852 1335 prius

272 1347 543 1398 Oblittt-uttl
575 1354 771 1395 a-terua
797 1357 812 1404 ;
845 1346 887 1393 si
907 1341 1049 1393 e-iim
1076 1342 1125 1391 in
1151 1340 1470 1391 animalibus
1494 1338 1718 1391 fructum
1745 1354 1853 1391 non

273 1416 571 1476 inveniunt,
602 1427 815 1465 sumere
840 1410 1102 1475 Stipendia
1126 1410 1436 1475 corporibus
1458 1418 1805 1462 coiitemnunt
1834 1423 1850 1473 ;

273 1501 373 1539 uec
402 1488 563 1551 pedes
607 1499 738 1550 aqua
790 1483 1006 1545 lavant,
1039 1481 1157 1543 quia
1212 1480 1443 1534 laborem
1472 1480 1555 1533 sui
1604 1478 1851 1551 desiderii

275 1559 418 1609 nulla
450 1554 813 1609 consolatione
842 1555 1095 1605 relevant.
1129 1551 1247 1604 Mox
1284 1561 1339 1603 ut
1368 1565 1582 1605 causam
1622 1550 1851 1615 Cnnjttgii

274 1628 477 1681 domini
505 1629 583 1677 sui
620 1641 750 1691 puer
781 1622 1026 1682 obtinuit.
1059 1636 1183 1673 va~a
1214 1636 1374 1674 aurea
1413 1634 1571 1687 atque
1602 1630 1851 1688 argentea

274 1713 339 1751 ac
358 1708 531 1750 vestes
565 1696 803 1761 protulit,
828 1710 957 1757 quas
982 1695 1235 1745 ltebeccze
1261 1691 1428 1755 dedit,
1455 1696 1574 1756 quia
1600 1691 1852 1742 doctores

272 1777 472 1821 sancta:
505 1767 756 1819 Ecclesiae
799 1773 875 1815 tot
913 1773 1227 1815 ornamenta
1272 1764 1511 1826 praebent
1548 1761 1853 1829 quotvirtu-

275 1848 387 1891 tum
429 1839 567 1891 dona
606 1835 885 1889 docuerint
918 1850 931 1885 :
960 1847 1079 1902 qum.
1109 1833 1248 1884 enim
1278 1835 1425 1901 prius
1456 1834 1668 1885 inaures
1699 1843 1857 1898 atque

275 1908 515 1961 armillas
545 1915 847 1974 acceperat,
876 1904 986 1971 jam
1018 1917 1156 1955 nunc
1177 1918 1300 1954 vasa
1333 1918 1493 1955 aurea
1525 1916 1576 1954 et
1608 1911 1857 1970 argentea

274 1994 337 2031 ac
362 1987 536 2031 vestes
566 1978 776 2042 accepit
800 1993 813 2027 :
846 1975 967 2043 quia
991 1982 1172 2027 sancta
1208 1974 1460 2033 Ecclesia,
1479 1988 1597 2041 quae
1618 1985 1742 2023 ante
1766 1987 1859 2037 per

274 2048 435 2102 ﬁdem
482 2048 847 2111 cperationem
894 2054 947 2099 et
990 2044 1349 2098 obedientiam
1379 2044 1639 2110 percepit,
1673 2056 1860 2095 excre-

276 2135 432 2173 scens
461 2118 797 2185 postmodum
838 2117 996 2169 etiam
1031 2116 1094 2168 ad
1127 2114 1384 2176 snirttalia
1414 2114 1553 2167 doiia
1607 2114 1859 2185 eonvale-

276 2193 397 2251 scit,
431 2183 485 2240 ut
516 2192 809 2253 ντιιυιιειιω
834 2187 1022 2254 spiritu
1057 2185 1256 2249 repleta
1285 2194 1339 2235 et
1367 2186 1618 2236 virtutum
1646 2183 1815 2251 gratia
1839 2223 1853 2254 ε

275 2261 545 2327 atupliatis
588 2261 698 2328 jam
732 2253 1042 2310 muneribus
1070 2264 1295 2328 crescat.
1352 2254 1660 2328 l’uenjvero
1701 2253 1860 2306 matri

278 2324 399 2394 ejus
427 2348 488 2384 ac
518 2324 771 2382 fratribus
793 2330 928 2381 dona
957 2327 1168 2390 obtulit,
1200 2324 1319 2393 quia
1351 2324 1642 2391 gentilita~,
1663 2339 1729 2377 ex
1753 2338 1859 2390 quo

278 2400 514 2454 Ecclesia
549 2401 610 2452 ad
642 2399 799 2452 ﬁdem
829 2398 1004 2457 venit,
1054 2406 1172 2463 post
1202 2400 1613 2449 conversionem
1646 2394 1762 2462 ejus
1803 2394 1858 2447 in

280 2471 450 2539 gloria
480 2468 763 2539 temporali
792 2468 1061 2539 convaluit
1084 2508 1099 2529 ,
1142 2468 1278 2539 sicut
1308 2475 1362 2517 et
1394 2482 1531 2539 nunc
1561 2480 1857 2529 cernimus,

278 2536 401 2609 qiiia
435 2536 628 2607 ubique
656 2538 944 2594 Christiani
974 2536 1314 2590 afﬂictimieut
1341 2538 1603 2597 sentiunt,
1638 2545 1703 2609 rt
1731 2552 1860 2609 gett-

289 2604 408 2667 lilrs
438 2604 633 2676 quique
655 2612 705 2663 in
741 2621 950 2667 terre-na
985 2610 1174 2661 virtute
1205 2610 1521 2675 gloriantur.
1546 2608 1648 2659 Sed
1673 2616 1725 2658 et
1751 2604 1857 2657 fra-

279 2692 389 2737 tres
419 2684 535 2747 ejus
566 2683 702 2733 dona
738 2682 1058 2748 percipiunt,
1092 2681 1211 2745 quia
1240 2679 1271 2730 ti
1292 2679 1380 2743 qui
1406 2695 1522 2731 eam
1556 2679 1709 2729 Iidem
1744 2693 1862 2729 ver-

278 2755 349 2807 bo
375 2763 527 2806 tenus
553 2762 753 2816 tenent,
782 2752 872 2803 sed
905 2759 1079 2802 tamen
1111 2750 1495 2816 professionem
1521 2764 1669 2801 suam
1696 2750 1861 2800 mori-

279 2823 378 2877 bus
404 2840 507 2877 nco
540 2835 824 2892 sequentes
851 2821 1139 2873 carnaliter
1165 2821 1380 2884 vivunt,
1411 2820 1638 2885 benigne
1665 2834 1692 2870 a
1712 2817 1857 2892 lide-

279 2894 419 2948 libus
451 2889 704 2947 honorari
735 2896 905 2946 solent
937 2907 1034 2960 pro
1058 2905 1123 2943 eo
1148 2892 1287 2953 quod
1315 2906 1438 2943 esse
1466 2892 1649 2942 litleles
1676 2889 1860 2941 viden-

281 2974 388 3019 tur.
422 2966 591 3019 Mater
614 2980 739 3027 ergo
760 2976 811 3017 Cl
829 2963 1018 3016 ftatrcs
1048 2963 1187 3013 (inita
1220 2962 1540 3025 percipiunt,
1565 2979 1589 3008 :t
1616 2970 1760 3011 sorte
1782 2970 1861 3010 ta-

280 3051 403 3089 men
440 3036 767 3089 lizereditatis
798 3033 979 3093 alieni,
1015 3047 1138 3098 quia
1165 3034 1280 3081 sive
1311 3031 1574 3087 infide'es.
1606 3030 1719 3081 sive
1739 3042 1861 3079 car-

1954 422 2326 497 ascensioneiu
2374 424 2539 483 illius,
2588 427 2725 479 sacri
2770 427 2968 497 eloquii
3010 428 3216 497 paginae
3252 422 3540 481 testantur.

1952 496 2082 567 Quae
2114 494 2235 567 quia
2269 494 2405 547 iacta
2455 498 2823 565 cognovimus,
2861 494 2972 567 jam
3014 494 3161 553 nunc
3195 496 3541 567 intelligimus

1953 565 2156 619 audita.
2194 565 2317 639 Hinc
2358 575 2537 639 autem
2574 567 2673 636 legi
2708 565 2951 637 poterant
2975 568 3118 639 ,scd
3158 570 3280 639 quia
3313 565 3540 639 necdum

1953 643 2265 707 evenerant,
2294 636 2522 707 intelligi
2559 654 2661 691 non
2692 636 2959 693 valebant.
3000 638 3153 694 Unde
3177 636 3236 693 et
3259 653 3354 707 per
3373 638 3542 693 Joan-

1954 722 2075 760 nem
2108 706 2347 761 dicitur:
2388 705 2528 760 Vicit
2554 709 2631 761 ιρο
2674 710 2736 763 de
2776 712 2908 762 tribu
2933 709 3108 776 Juda,
3154 705 3307 763 rudia:
3352 707 3539 773 David,

1956 778 2157 852 aperire
2184 777 2367 852 librum
2388 818 2403 843 ,
2446 786 2494 831 et
2527 780 2720 852 solvere
2747 780 3014 850 signacula
3047 783 3157 852 ejus
3200 780 3402 852 (Apoc.
3423 778 3538 852 Av).

1959 848 2078 920 Ipse
2118 850 2258 901 enim
2292 849 2489 920 librum
2518 851 2730 917 aperuit
2755 895 2769 919 ,
2796 848 2877 904 'et
2917 848 3186 920 signacula
3211 848 3330 919 ejus
3357 850 3540 914 Solvit,

1957 919 2046 991 qui
2078 918 2371 991 nascendo,
2405 919 2707 991 moriendo.
2742 918 3071 990 resurgendo
3097 964 3112 987 ,
3144 918 3303 991 atque
3334 919 3400 973 ad
3426 934 3539 975 cm-

1956 988 2039 1042 los
2067 989 2409 1044 ascendendo
2428 1032 2441 1051 ,
2472 990 2764 1058 Scripturae
2793 988 2962 1045 sacra:
2983 993 3136 1044 nobis
3167 988 3362 1046 arcana
3391 999 3542 1057 pate-

1958 1060 2103 1115 fecit.
2144 1061 2209 1113 Et
2240 1060 2530 1114 notandum
2560 1067 2702 1129 quod
2736 1078 2838 1116 non
2872 1064 3085 1125 dicitur,
3109 1061 3427 1115 Ambulabat
3449 1075 3545 1127 per

1955 1132 2098 1183 viam
2127 1148 2246 1200 qum.
2277 1131 2426 1184 ducit
2453 1132 2517 1184 ad
2545 1144 2782 1199 puteum,
2815 1134 2931 1196 sed,
2950 1132 3339 1186 deambulabat:
3361 1132 3545 1184 deam-

1960 1202 2105 1273 bulat
2145 1203 2337 1273 quippe
2367 1204 2456 1269 qui
2498 1203 2635 1257 viam
2681 1220 2774 1269 per
2808 1221 2962 1273 quam
3008 1204 3245 1273 ambulat
3276 1201 3449 1254 eundo
3489 1209 3546 1255 et

1958 1272 2240 1326 redeundo
2262 1275 2560 1326 conculcet.
2598 1272 2969 1328 lnliuiuilitate
3004 1272 3265 1343 passionis
3289 1273 3544 1326 Dominus

1959 1343 2330 1396 deambulavit
2355 1384 2369 1408 ,
2402 1344 2614 1412 quando
2643 1360 2669 1395 a
2717 1344 2915 1399 Judtcis
2951 1347 3235 1399 verborum
3266 1353 3546 1397 contunie-

1960 1414 2080 1474 lius,
2118 1414 2277 1467 modo
2304 1424 2490 1468 contra
2524 1429 2581 1468 se
2615 1415 2803 1469 falsum
2835 1418 3225 1476 testiinonium,
3255 1414 3414 1467 modo
3437 1412 3548 1463 ala-

1960 1498 2053 1551 pas
2078 1524 2094 1549 ,
2128 1484 2285 1535 modo
2332 1494 2488 1551 Sputa
2514 1526 2529 1549 ,
2567 1488 2726 1538 modo
2757 1490 2996 1555 spineam
3032 1500 3286 1539 coronam
3318 1525 3354 1555 .7
3386 1482 3547 1555 modo

1959 1570 2172 1607 crucem
2208 1556 2485 1607 tolerando
2532 1554 2804 1610 sustinuit.
2862 1558 3241 1610 Deambulasse
3289 1554 3453 1622 igitur
3490 1554 3547 1606 in

1961 1624 2262 1679 humilitate
2296 1626 2557 1692 paSsionis
2588 1636 2668 1680 est
2699 1629 3140 1681 totadversitates
3162 1638 3211 1679 et
3244 1627 3434 1693 probra
3467 1622 3549 1675 di-

1960 1696 2133 1748 versis
2166 1697 2338 1749 modis
2375 1697 2618 1751 iterando
2657 1702 2959 1765 pertulisse.
2990 1698 3087 1765 Qui
3112 1694 3547 1765 Isartc,veuiente

1967 1766 2229 1830 Rebecca,
2260 1770 2310 1819 in
2342 1780 2479 1821 terra
2512 1770 2730 1821 australi
2759 1764 3051 1833 habitabat,
3086 1768 3207 1832 quia
3237 1764 3550 1834 unigenitus

1968 1839 2226 1890 Dominus
2257 1853 2318 1889 ac
2348 1837 2675 1906 Redemptor
2706 1850 2888 1892 ltOSit'l‘
2911 1880 2924 1901 ,
2969 1839 3219 1893 veniente
3264 1837 3328 1890 ad
3360 1852 3416 1887 so
3450 1836 3551 1888 EC-

1964 1908 2127 1960 clcsia
2158 1910 2207 1960 iu
2250 1908 2465 1960 illorum
2503 1908 2767 1962 mentibus
2807 1914 3037 1969 mansit,
3088 1923 3222 1977 quos
3268 1923 3333 1959 ex
3362 1906 3550 1961 Judaéa

1965 1977 2142 2030 editos
2168 1993 2269 2029 non
2308 1979 2542 2043 ttrporis
2572 1979 2760 2047 frigus,
2803 1981 2916 2031 sed.
2941 1979 3120 2033 fervor
3162 1980 3551 2047 cliaritatiste-

1966 2048 2102 2118 nuit.
2133 2049 2205 2100 Ex
2241 2048 2333 2101 illo
2354 2050 2549 2117 quippe
2579 2044 2774 2116 populo
2800 2048 2952 2102 Aona
2982 2048 3340 2118 prophetissa,
3366 2062 3430 2099 ex
3455 2044 3549 2118 illo

1966 2116 2182 2172 Simeon
2232 2115 2497 2174 exstitit,
2550 2115 2742 2180 qui’iu
2807 2115 3287 2172 uluasvDominutn
3346 2115 3552 2181 accepit

1967 2190 1983 2255 (
2017 2189 2200 2241 Matth.
2235 2194 2369 2247 sui).
2419 2185 2669 2259 Egressus
2699 2198 2867 2241 autem
2897 2194 3062 2260 fuerat
3093 2188 3160 2260 ad
3200 2187 3551 2260 meditandum

1963 2260 2186 2329 inagro,
2221 2260 2339 2327 quia
2375 2255 2503 2324 ager
2532 2261 2763 2313 mundus
2812 2255 3103 2326 accipitur,
3148 2258 3259 2327 ipse
3292 2255 3552 2329 Dntttiulls

1966 2324 2145 2410 per'se
2168 2324 2340 2396 cxpon
2367 2341 2403 2391 t,
2435 2331 2619 2384 dicens
2648 2347 2661 2382 :
2693 2332 2827 2400 Ager
2854 2324 3125 2410 finientes!
3164 2324 3405 2381 mundus.
3449 2324 3552 2410 Qui

1964 2395 2016 2451 in
2053 2400 2152 2453 hoc
2191 2415 2439 2464 egre~sus
2468 2411 2552 2453 est
2576 2444 2589 2466 ,
2626 2418 2690 2454 eo
2727 2395 2870 2470 quod
2914 2401 3142 2470 visibilis
3182 2412 3441 2465 apparere
3470 2395 3554 2447 di-

1964 2482 2156 2537 gnatus
2184 2482 2285 2527 est.
2320 2470 2452 2523 sicut
2487 2469 2756 2539 scriptum,
2777 2482 2860 2524 est
2890 2490 2902 2523 :
2935 2469 3103 2523 Existi
3134 2471 3187 2521 in
3218 2470 3436 2521 salutem
3461 2482 3553 2532 po-

1965 2541 2074 2607 puli
2106 2543 2201 2600 tui,
2230 2552 2285 2593 ut
2307 2544 2469 2594 salvos
2502 2544 2659 2610 facias
2681 2542 2905 2595 Lhristos
2929 2552 3039 2593 tuos
3088 2541 3553 2610 Soleutexcrcrn:

1963 2605 2263 2680 dijureues
2292 2613 2340 2662 io
2375 2605 2652 2666 armorum
2683 2628 2779 2666 usu
2811 2611 3075 2667 meditari.
3127 2611 3269 2663 lsaac
3314 2623 3442 2676 ergo
3485 2605 3553 2660 ad

1966 2683 2332 2735 meditandum
2378 2688 2428 2735 in
2472 2698 2598 2751 agro
2630 2684 2791 2746 exiit,
2842 2688 2963 2749 quia
3009 2681 3337 2748 Redemptor
3369 2686 3554 2730 uoster

1965 2768 2023 2805 se
2045 2755 2390 2817 Sequentibus
2411 2753 2637 2805 formam
2666 2754 2981 2806 humilitatis
3006 2752 3267 2815 pra-hens,
3285 2765 3377 2815 per
3399 2762 3554 2801 excr-

1966 2825 2151 2876 citium
2188 2824 2613 2891 Ionganimitatis
2644 2840 2753 2875 sum
2774 2824 3034 2892 passionis
3059 2825 3108 2872 iti
3129 2836 3187 2873 se
3205 2832 3252 2873 et
3280 2819 3554 2892 patientiae

1966 2894 2211 2960 exenipla
2241 2886 2579 2947 tioitistravit.
2609 2886 3161 2945 Meditatioarmorum
3190 2899 3273 2942 est
3295 2886 3552 2960 frequen-

1967 2964 2096 3015 tatio
2130 2958 2454 3030 'passionmu
2485 2980 2496 3012 :
2527 2965 2614 3030 qui
2658 2964 2799 3015 enim
2830 2962 3050 3015 verbera
3096 2974 3390 3023 manuum,
3434 2958 3553 3030 lan-_-

1967 3024 2157 3095 ceam,
2198 3046 2412 3085 crucem
2462 3024 2698 3093 pertulit.
2752 3034 3055 3100 passionem
3097 3046 3249 3100 suam
3288 3041 3456 3095 usque
3484 3024 3555 3079 ad

281 3110 452 3167 naies,
482 3106 572 3171 qui
606 3110 742 3156 intra
777 3103 896 3155 ﬁdei
930 3096 1319 3169 professionem
1351 3108 1619 3171 tenentur,
1656 3100 1718 3148 ad
1755 3098 1863 3147 h'c-
1892 3096 1937 3158 C
1973 3112 2197 3155 mortem
2244 3102 2295 3155 io
2334 3116 2392 3155 se
2424 3096 2768 3169 frequentare
2804 3100 3041 3168 pertulit.
3096 3098 3382 3154 Passioues
3422 3110 3555 3171 vero

281 3170 527 3230 reditatts
558 3185 774 3227 atteram
801 3182 1000 3225 sortem
1043 3186 1147 3222 non
1181 3173 1421 3232 veniunt,
1452 3170 1544 3220 sed
1580 3177 1753 3221 tamen
1777 3181 1866 3218 su-

322 3261 466 3299 erna‘.
496 3245 756 3312 largitatis
784 3243 1005 3310 gloriam
1029 3240 1420 3312 tetuporaltter
1440 3248 1861 3312 consequuntur.

322 3261 466 3299 erna‘.
498 3260 756 3312 lurgllatts
784 3260 1005 3310 gloriam
1041 3260 1412 3306 letttporuttter
1440 3260 1861 3303 Cttltsequuttutr.

282 3260 527 3370 {ivbet-ca
560 3328 736 3365 :tttlt‘m
768 3328 887 3366 cum
924 3310 1112 3378 puellis
1154 3311 1264 3362 suis
1291 3310 1554 3377 signiﬁcat
1587 3312 1706 3373 quia
1740 3323 1865 3360 sau-

282 3396 366 3442 cta
400 3386 632 3440 Ecclesia
666 3384 826 3436 habet
848 3397 1026 3436 secum
1060 3380 1282 3432 minoris
1314 3379 1495 3432 meriti
1542 3384 1749 3432 animas
1780 3394 1870 3431 so-

282 3458 433 3511 dales
462 3471 619 3508 suas:
646 3472 764 3507 nam
790 3454 891 3506 etsi
923 3452 977 3505 in
1000 3450 1319 3519 quibusdam
1356 3466 1445 3512 per
1469 3466 1684 3503 sensum
1717 3465 1868 3502 meu-

282 3529 353 3582 tis
384 3529 434 3581 in
464 3536 574 3579 toto
606 3524 1109 3589 cootemplationem
1146 3537 1248 3574 non
1283 3522 1465 3585 habet,
1514 3523 1644 3573 tales
1676 3535 1867 3573 ammte

282 3599 435 3668 quasi
470 3598 659 3663 puellae
692 3597 951 3668 Rebecca:
978 3604 1101 3646 sunt
1129 3632 1159 3668 ,_
1185 3607 1343 3668 quam
1372 3602 1669 3668 sequuntur
1700 3591 1864 3668 mori-

283 3661 385 3723 bus
415 3685 429 3734 ;
460 3661 555 3721 sed
590 3678 767 3719 tamen
798 3666 861 3717 ad
892 3662 1397 3734 contemplationem
1424 3661 1643 3734 istatum
1675 3663 1866 3715 animm

286 3732 609 3804 ascendunt,
637 3748 690 3791 et
717 3754 781 3790 ex
813 3736 1017 3790 eisdem
1047 3749 1178 3801 puer
1202 3732 1458 3799 quasdam
1495 3733 1674 3785 habuit
1709 3749 1757 3785 tu
1777 3748 1867 3785 co-

284 3810 497 3871 mitatu,
526 3808 649 3878 quia
690 3823 810 3861 cum
858 3808 1058 3859 sanctis
1095 3804 1378 3878 prophetis
1407 3804 1623 3878 luerunt
1650 3804 1866 3878 quidam

284 3880 373 3948 qui
403 3874 845 3943 bene'viverent,
877 3887 930 3931 et
958 3875 1248 3942 prophetia:
1290 3876 1533 3948 spiritum
1568 3890 1670 3948 non
1706 3874 1868 3948 liabe-

284 3944 525 4015 fent;iet
552 3964 671 4003 cum
717 3949 885 4001 beatis
907 3948 1165 4015 apostolis
1190 3958 1350 4012 atque
1380 3944 1691 3998 doctoribus
1720 3944 1867 3997 fuere

282 4021 526 4089 plerique
556 4019 649 4088 qui
680 4018 839 4072 vitam
866 4018 1103 4071 moribus
1132 4025 1400 4089 l_ettcrettt,
1432 4016 1524 4069 sed
1557 4016 1871 4089 prta-dicato:

282 4085 359 4144 i'is
404 4085 712 4145 verba—non
743 4101 1070 4158 promerem.
1126 4086 1376 4140 Festinus
1419 4097 1595 4138 autem
1639 4102 1771 4154 puer
1801 4085 1868 4139 ad

282 4161 499 4214 domum
542 4159 721 4223 redit,
752 4158 876 4227 quia
907 4158 1284 4226 pra'dicatores
1317 4158 1486 4210 sancti
1527 4173 1646 4209 cum
1678 4159 1869 4222 ιιι-τιεάὶ-

284 4231 458 4285 cando
487 4231 652 4285 vitam
681 4230 1009 4284 audientium
1038 4229 1321 4294 obtinent,
1366 4228 1440 4281 illi
1491 4242 1616 4281 mox
1667 4230 1869 4297 gratias

287 4302 542 4363 reddunt,
574 4303 640 4355 de
669 4301 821 4369 cujus
847 4300 951 4354 hoc
981 4314 1202 4353 munere
1232 4298 1583 4365 perceperunt
1625 4315 1638 4350 :
1684 4299 1785 4351 sibi
1812 4298 1868 4351 in

285 4386 345 4425 ea
375 4372 689 4438 operatione
720 4371 852 4423 nihil
884 4371 1144 4433 tribuunt,
1179 4370 1270 4438 sed
1304 4369 1533 4421 auctori.

359 4436 537 4507 (Vers.
552 4441 669 4510 6‘2.)
703 4441 776 4494 Eo
795 4454 963 4493 autem
988 4451 1211 4509 tempore
1233 4436 1388 4491 Isaac
1404 4439 1758 4510 deambulabat
1782 4456 1871 4507 per

284 4514 416 4583 viam
445 4530 558 4583 quae
583 4509 721 4583 ducit
751 4512 817 4563 ad
856 4521 1092 4583 puteum,
1120 4512 1270 4583 cujus
1318 4525 1500 4583 nomen
1539 4520 1610 4562 est
1648 4509 1871 4583 Viventis

284 4592 333 4636 et
371 4579 615 4635 Videntis.
639 4581 770 4646 Quis
789 4590 871 4633 est.
894 4582 1076 4632 vivens
1098 4588 1152 4632 et
1178 4579 1387 4639 videns,
1406 4579 1504 4630 nisi
1534 4581 1872 4644 omnipotens

285 4652 452 4715 Deus,
481 4653 548 4705 de
575 4668 679 4716 quo
708 4652 963 4717 scriptum
995 4659 1076 4703 est
1101 4665 1115 4703 :
1148 4647 1276 4701 Vivo
1300 4666 1389 4720 ego
1416 4649 1757 4720 iurwternum,
1791 4651 1872 4700 di-

284 4724 353 4775 cit
387 4721 652 4775 Dominus.
683 4720 759 4773 lle
788 4736 893 4789 quo
922 4735 1133 4772 rur-um
1161 4719 1355 4771 dicitur
1388 4736 1401 4789 ;
1446 4719 1631 4771 Omnia
1658 4721 1793 4770 mula
1826 4728 1874 4773 et

283 4804 464 4859 aperta
492 4802 608 4845 sunt
643 4788 948 4859 oculis’ejus.
974 4792 1168 4843 l’uteus
1188 4804 1314 4841 vero
1340 4788 1578 4842 Viventis
1596 4797 1650 4843 et
1674 4789 1873 4843 Viden-

284 4867 355 4917 tis
384 4873 468 4917 est
500 4863 615 4916 haec
636 4876 805 4915 sai-ra:
828 4862 1116 4923 Scriptura!
1147 4860 1504 4929 profunditas,
1527 4876 1687 4927 quam
1718 4862 1871 4915 nobis

284 4935 353 4990 ad
406 4934 771 5001 irrigationeut
823 4934 1017 4985 mentis
1070 4948 1161 5000 pra
1182 4932 1663 4993 buitomuipotens
1706 4931 1868 4986 Deus.

285 5006 414 5070 Qua:
444 5013 529 5059 est
553 5008 635 5058 via
665 5019 784 5069 qua:
812 5006 955 5057 ducit
982 5002 1046 5055 ad
1078 5016 1291 5069 puteum
1326 5003 1563 5057 Viventis
1594 5010 1648 5056 et
1674 5001 1872 5056 Viden.

290 5078 379 5137 tis,
409 5076 509 5129 nisi
550 5076 820 5127 humilitas
850 5072 1110 5142 passionis
1144 5072 1431 5141 Uuigeuiti,
1459 5089 1553 5143 per
1582 5088 1740 5140 quam
1772 5089 1871 5127 llO-

288 5146 371 5199 bis
397 5154 637 5215 apertum
679 5153 762 5199 est
790 5146 891 5198 hoc
925 5146 1065 5214 quod
1113 5148 1261 5213 prius
1308 5145 1535 5198 latenter
1574 5144 1870 5214 Scriptura:

287 5232 453 5271 sacra:
485 5216 682 5271 ﬂuenta
716 5216 1071 5286 loquebantur
1104 5232 1116 5267 :
1144 5215 1242 5268 nisi
1271 5215 1410 5268 enim
1442 5216 1745 5283 unigenitus
1778 5216 1869 5270 llei

289 5287 457 5343 Filius
497 5290 840 5352 incarnatus,
884 5295 1119 5340 tentatus
1140 5328 1154 5346 ,
1186 5287 1554 5356 apprehensus
1579 5326 1594 5350 ,
1626 5286 1870 5354 colaphis

290 5373 479 5419 0113303,
508 5360 676 5427 sputis
721 5358 910 5412 illusus
934 5400 947 5419 ,
976 5357 1265 5413 cruciﬁxus
1293 5374 1355 5411 ac
1382 5364 1627 5410 mortuus
1657 5359 1867 5425 fuisset,

291 5432 445 5483 nobis
474 5430 631 5495 hujus
663 5430 827 5494 putei,
860 5428 912 5482 id
943 5436 1045 5494 est,
1078 5429 1371 5494 Scriptura:
1398 5443 1563 5482 sacra:
1588 5428 1868 5496 profundi-

293 5509 374 5553 tas
401 5513 505 5550 nou
532 5508 753 5566 pateret.
780 5500 914 5566 Quid
948 5515 1074 5569 ergo
1097 5500 1340 5553 lidelibus
1369 5498 1644 5553 humilitas
1668 5498 1874 5567 passio-

291 5574 380 5625 nis
406 5569 521 5640 ejus
553 5569 684 5623 facta
716 5582 827 5635 est,
879 5570 979 5623 nisi
1022 5572 1186 5624 clavis
1216 5572 1544 5640 apertionis,
1578 5586 1673 5638 per
1713 5586 1871 5639 quam

295 5639 674 5713 mysteriorum
726 5642 821 5696 Dei
874 5650 1093 5713 puteum
1166 5639 1512 5713 invenimus,
1566 5649 1627 5694 ut
1681 5658 1873 5711 aquam

297 5711 537 5770 scientiae
578 5711 646 5768 de
702 5711 964 5782 profundo
1026 5712 1379 5770 biberemus?
1446 5712 1907 5791 lncarnatiouem'

1972 3186 2119 3223 arma
2152 3172 2416 3235 dicimus,
2469 3167 2586 3240 quia
2621 3189 2713 3238 per
2739 3167 2879 3238 ipsas
2906 3175 2971 3221 ab
3007 3171 3315 3223 adversario
3345 3167 3556 3240 occulto

1974 3242 2286 3296 liberamur.
2320 3244 2417 3307 Qui
2446 3245 2511 3295 ad
2546 3243 2907 3295 meditandum
2939 3243 2989 3294 in
3021 3258 3150 3306 agro
3172 3240 3422 3293 inclinata
3444 3239 3556 3304 jam

1972 3315 2060 3366 die
2088 3315 2243 3377 exiit,
2270 3314 2392 3381 quia
2427 3315 2731 3380 passionum
2756 3314 2987 3368 exercita
3008 3314 3156 3381 juxta
3183 3310 3339 3365 linem
3364 3308 3556 3381 mundi

1972 3384 2206 3453 suScepit
2237 3425 2251 3447 ,
2284 3380 2417 3439 Sicut
2464 3400 2556 3451 per
2587 3384 2921 3438 Psalmistam
2951 3384 3016 3437 de
3044 3380 3403 3436 crucilixionis
3445 3393 3556 3433 suae

1974 3455 2223 3522 passione
2251 3455 2505 3523 loquitur,
2535 3454 2717 3509 dicens
2750 3472 2760 3505 :
2806 3453 3033 3508 Elevatio
3059 3470 3303 3507 manuum
3328 3465 3557 3504 mearum

1971 3526 2283 3589 sacri/icium
2330 3526 2667 3588 vespertinum
2702 3531 2716 3590 (
2748 3523 2837 3577 Ps.
2866 3528 3027 3595 csL).
3077 3524 3212 3590 Quid
3254 3534 3335 3595 est
3373 3533 3554 3595 autem

1971 3598 2110 3662 quod
2142 3596 2383 3649 Rebecca
2410 3598 2473 3649 ad
2503 3597 2651 3649 Isaac
2693 3598 2855 3649 dorso
2885 3590 3073 3650 Cattieli
3107 3594 3421 3654 deducitur,
3451 3590 3557 3645 nisi

1972 3668 2113 3734 quod
2144 3683 2235 3734 per
2266 3667 2585 3733 Rehecram,
2628 3668 2764 3720 sicut
2796 3668 2998 3735 praefati
3030 3680 3217 3719 sumus
3244 3707 3257 3723 .
3293 3663 3550 3728 Ecclesia,

1972 3744 2028 3789 et
2070 3752 2161 3802 per
2202 3740 2465 3790 Caiuclum
2498 3740 2579 3789 cui
2616 3740 2887 3804 pra'sidrt,
2929 3738 3083 3791 tortis
3128 3736 3364 3790 moribus
3393 3744 3557 3802 atque

1972 3806 2273 3861 inhonestis
2304 3808 2570 3861 idolorum
2602 3807 2833 3861 cultibus
2862 3809 3137 3871 gentilium
3170 3807 3394 3872 ponulus
3420 3804 3557 3856 desi-

1971 3879 2199 3946 gnatur?
2228 3881 2315 3947 qui
2347 3878 2490 3932 enim
2517 3895 2579 3931 ex
2612 3878 2915 3943 semetipsis
2948 3878 3048 3929 sibi
3081 3882 3393 3947 invenerunt
3420 3873 3555 3927 deos

1972 3964 2107 4016 quos
2134 3950 2398 4013 colerent,
2432 3951 2581 4018 quasi
2627 3963 2652 3998 a
2700 3948 3004 4018 semetipsis
3041 3947 3119 3999 eis
3148 3946 3199 3997 iu
3230 3946 3392 4018 dorso
3419 3958 3558 3997 onus

1972 4014 2756 4088 excreveratquod'portarent.
2782 4016 3021 4088 liebecca
3042 4030 3169 4088 ergo
3188 4014 3261 4088 _a_d
3291 4015 3437 4088 lsaac
3460 4028 3556 4066 vc-

1975 4092 2148 4148 tiiCtts.
2178 4084 2341 4142 dorso
2368 4091 2558 4144 cameli
2590 4089 2872 4143 deducitur
2895 4084 3057 4157 ,quia
3085 4085 3148 4139 ad
3174 4085 3445 4157 Christum
3487 4097 3556 4157 ex

1972 4161 2267 4227 genti‘itate
2292 4162 2529 4214 Ecclesia
2561 4174 2875 4229 properans,
2907 4154 3121 4212 in'tOrtis
3148 4156 3458 4229 vitiosisque
3479 4154 3557 4206 vi-

1974 4224 2043 4284 ta?
2071 4235 2266 4284 veteris
2292 4224 2790 4285 couversaiiou'tbus
2824 4230 3109 4282 invenitur.
3144 4227 3292 4293 Quae,
3322 4234 3380 4277 ut
3410 4224 3558 4277 Isaac

1973 4302 2141 4364 vidit,
2174 4303 2239 4354 dc
2271 4306 2476 4355 camelo
2521 4304 2838 4366 descendit,
2885 4302 3007 4368 quia
3054 4309 3238 4352 sancta
3275 4294 3551 4368 Ecclesia,

1973 4382 2173 4440 quanto
2207 4372 2613 4439 Redetnptorcm
2646 4388 2797 4425 suum
2832 4366 3081 4440 subtilius
3111 4366 3376 4440 agnoscit,
3410 4373 3557 4420 tanto

1975 4439 2205 4494 Carnalis
2239 4446 2359 4493 vitae
2383 4442 2553 4495 studia
2581 4442 2830 4494 humilius
2853 4439 3249 4508 deserit,atque
3276 4439 3329 4492 in
3360 4445 3558 4508 semet-

1975 4513 2089 4579 ipsa
2140 4512 2437 4565 fortitudini
2470 4512 2677 4565 vitiosa:
2702 4511 3049 4579 contradicit.
3083 4506 3232 4562 [suac
3278 4506 3558 4579 ergouviso

1977 4576 2293 4646 descendit,
2343 4582 2462 4646 quia
2497 4582 2719 4634 Domino
2748 4580 2962 4647 cognito
3005 4577 3133 4634 vitia
3160 4594 3253 4649 sua
3285 4576 3559 4649 gentilitas

1976 4650 2237 4717 deseruit,
2271 4660 2324 4704 et
2352 4653 2420 4705 ab
2461 4652 2711 4705 elationis
2755 4646 3077 4704 celsitudine
3106 4649 3212 4702 ima
3243 4646 3559 4701 humilitatis

1976 4722 2148 4790 petiit.
2180 4722 2315 4786 Quid
2349 4732 2430 4775 est
2459 4732 2637 4776 autem
2669 4722 2811 4791 quod
2842 4722 2988 4791 Isaac
3032 4721 3085 4773 in
3127 4720 3335 4772 camelo
3363 4718 3558 4772 sedens

1974 4794 2221 4846 Rebecca
2253 4794 2569 4859 coriSpexit,
2620 4792 2724 4847 nisi
2773 4792 2914 4861 quod
2952 4790 3364 4857 Redemptorem
3401 4801 3558 4842 suum

1978 4863 2219 4916 Ecclesia
2245 4879 2309 4917 ex
2338 4864 2585 4931 gentibus
2608 4864 2847 4925 veniens,
2880 4862 3006 4915 dum
3029 4861 3201 4914 adhuc
3229 4862 3373 4913 vitiis
3415 4864 3561 4931 esset

1978 4934 2181 4998 innixa,
2215 4948 2262 4987 et
2294 4929 2518 4988 necdum
2550 4933 2902 5003 spiritalibus,
2933 4931 3027 4986 sed
3057 4931 3375 5003 animalibus
3390 4929 3561 5003 _motl-

1975 5004 2075 5057 bus
2100 5007 2406 5067 inhmreret,
2432 5000 2688 5074 agnovit?
2709 5002 2819 5059 Nec
2843 5018 3058 5057 movere
3086 5000 3407 5074 debetgquod
3430 5010 3563 5074 puer

1976 5076 2197 5145 quoque
2218 5091 2337 5128 cum
2362 5070 2581 5130 cauielis
2621 5085 2863 5142 venerat,
2907 5075 2958 5127 in
2989 5074 3183 5145 quibus
3212 5072 3425 5127 divitias
3464 5070 3562 5123 do-

1976 5142 2116 5200 mini
2137 5148 2217 5200 sui
2248 5146 2476 5212 ferebat,
2507 5147 2628 5217 quia
2668 5146 2771 5213 ipsi
2791 5142 3404 5217 quoqueprazdicatores
3434 5155 3563 5194 san-

1975 5217 2067 5277 eti,
2095 5216 2336 5286 quamvis
2360 5218 2467 5282 jam
2491 5213 2555 5269 ad
2588 5213 2867 5287 superiora
2888 5213 3232 5287 intelligenda
3251 5223 3410 5283 atque
3427 5226 3563 5287 prcc-

1972 5281 2194 5343 l'eretida
2239 5281 2517 5342 intellectu
2543 5297 2596 5343 et
2636 5281 2740 5340 v'ita
2768 5286 2996 5342 emiceut
3020 5325 3035 5352 ,
3069 5281 3258 5339 adhuc
3299 5281 3563 5338 tamenin

1978 5360 2285 5427 semetipsis
2333 5358 2756 5413 contractionem
2790 5358 2971 5413 carnis
3010 5357 3291 5410 sentiunt:
3324 5368 3449 5408 nam
3471 5353 3562 5427 pi:

1978 5431 2096 5483 dent
2126 5421 2283 5482 aliam
2309 5428 2469 5500 legem
2501 5430 2552 5482 in
2583 5430 2817 5482 membris
2857 5428 2966 5501 suis
2993 5469 3008 5493 ,
3053 5433 3421 5501 repugnantem
3464 5421 3561 5501 legi

1977 5503 2159 5555 mentis
2186 5516 2314 5568 sum,
2348 5492 2401 5553 ξε
2421 5502 2740 5555 seducentcm
2766 5501 2817 5552 in
2848 5498 2954 5569 lege
2983 5492 3386 5568 peccati'mom.
3412 5492 3559 5569 vn);

1980 5587 2029 5627 et
2064 5572 2277 5626 divitias
2303 5564 2359 5625 'iu
2408 5572 2628 5625 camelis
2662 5564 2915 5640 portant;
2964 5564 3086 5635 quia
3136 5564 3560 5637 ue'magnitudo

1979 5645 2367 5699 revelationum
2392 5643 2614 5698 extollat
2640 5657 2753 5705 eos,
2780 5642 2939 5694 datur
2967 5640 3214 5694 stimulus
3229 5642 3406 5694 carnis
3421 5650 3555 5690 sure.

1960 5715 2191 5780 habent
2215 5716 2357 5772 enim
2383 5715 2695 5773 thesaurum
2725 5714 2885 5771 istum
2922 5711 2979 5768 in
3007 5712 3149 5769 vasis
3186 5709 3468 5775 ﬁctilibus,
3498 5713 3557 5761 ut
