  <div class='ocr_page' id='page_1' title='image "/cluster/home/n/w/nwhite01/storage/ocr_20150623/50/uva.x000827094/499.png"; bbox 0 0 3996 6186; ppageno 0'>
   <div class='ocr_carea' id='block_1_1' title="bbox 395 286 502 351">
    <p class='ocr_par' dir='ltr' id='par_1_1' title="bbox 395 286 502 351">
     <span class='ocr_line' id='line_1_1' title="bbox 395 286 502 351; baseline -0.019 0"><span class='ocrx_word' id='word_1_1' title='bbox 395 286 502 351; x_wconf 70' lang='grc' dir='ltr'><strong>9τῦ</strong></span> 
     </span>
    </p>
   </div>
   <div class='ocr_carea' id='block_1_2' title="bbox 1423 259 2659 353">
    <p class='ocr_par' dir='ltr' id='par_1_2' title="bbox 1423 259 2659 353">
     <span class='ocr_line' id='line_1_2' title="bbox 1423 259 2659 353; baseline -0.002 0"><span class='ocrx_word' id='word_1_2' title='bbox 1423 295 1518 353; x_wconf 81' lang='lat' dir='ltr'><strong>A‘D</strong></span> <span class='ocrx_word' id='word_1_3' title='bbox 1555 291 1790 352; x_wconf 79' lang='lat' dir='ltr'><strong>OPERA</strong></span> <span class='ocrx_word' id='word_1_4' title='bbox 1829 291 1888 350; x_wconf 89' lang='lat' dir='ltr'><strong>s.</strong></span> <span class='ocrx_word' id='word_1_5' title='bbox 1929 259 2255 348; x_wconf 70' lang='lat' dir='ltr'><strong>nuceria&quot;</strong></span> <span class='ocrx_word' id='word_1_6' title='bbox 2293 259 2659 351; x_wconf 62' lang='lat' dir='ltr'><strong>Appennini.</strong></span> 
     </span>
    </p>
   </div>
   <div class='ocr_carea' id='block_1_3' title="bbox 2145 73 2197 279">
    <p class='ocr_par' dir='ltr' id='par_1_3' title="bbox 2145 73 2197 279">
     <span class='ocr_line' id='line_1_3' title="bbox 2145 73 2197 279; baseline 0 -193"><span class='ocrx_word' id='word_1_7' title='bbox 2145 73 2197 279; x_wconf 47' lang='grc' dir='ltr'><em>Ι,</em></span> 
     </span>
    </p>
   </div>
   <div class='ocr_carea' id='block_1_4' title="bbox 393 391 3678 483">
    <p class='ocr_par' dir='ltr' id='par_1_4' title="bbox 393 391 3678 483">
     <span class='ocr_line' id='line_1_4' title="bbox 393 391 3678 483; baseline 0.003 -20"><span class='ocrx_word' id='word_1_8' title='bbox 393 404 696 463; x_wconf 72' lang='lat' dir='ltr'><strong>sublimitas</strong></span> <span class='ocrx_word' id='word_1_9' title='bbox 721 394 797 461; x_wconf 80' lang='lat' dir='ltr'><strong>sit&#39;</strong></span> <span class='ocrx_word' id='word_1_10' title='bbox 816 406 1170 483; x_wconf 62' lang='lat' dir='ltr'><strong>virtutisbei,</strong></span> <span class='ocrx_word' id='word_1_11' title='bbox 1205 410 1260 465; x_wconf 83' lang='lat' dir='ltr'><strong>et</strong></span> <span class='ocrx_word' id='word_1_12' title='bbox 1287 425 1390 466; x_wconf 92' lang='lat' dir='ltr'><strong>non</strong></span> <span class='ocrx_word' id='word_1_13' title='bbox 1421 427 1486 467; x_wconf 89' lang='lat' dir='ltr'><strong>ex</strong></span> <span class='ocrx_word' id='word_1_14' title='bbox 1518 410 1648 482; x_wconf 89' lang='lat' dir='ltr'><strong>ipsis</strong></span> <span class='ocrx_word' id='word_1_15' title='bbox 1677 425 1690 462; x_wconf 90' lang='lat'>:</span> <span class='ocrx_word' id='word_1_16' title='bbox 1715 409 1803 483; x_wconf 83' lang='lat' dir='ltr'><strong>qui</strong></span> <span class='ocrx_word' id='word_1_17' title='bbox 1831 408 1974 483; x_wconf 77' lang='lat' dir='ltr'><strong>enim</strong></span> <span class='ocrx_word' id='word_1_18' title='bbox 2001 409 2054 468; x_wconf 78' lang='grc' dir='ltr'>Α</span> <span class='ocrx_word' id='word_1_19' title='bbox 2081 408 2217 483; x_wconf 76' lang='lat' dir='ltr'><strong>nuit.</strong></span> <span class='ocrx_word' id='word_1_20' title='bbox 2247 407 2363 463; x_wconf 88' lang='lat' dir='ltr'><strong>Jam</strong></span> <span class='ocrx_word' id='word_1_21' title='bbox 2391 425 2454 464; x_wconf 88' lang='lat' dir='ltr'><strong>ex</strong></span> <span class='ocrx_word' id='word_1_22' title='bbox 2479 409 2579 465; x_wconf 92' lang='lat' dir='ltr'><strong>hoc</strong></span> <span class='ocrx_word' id='word_1_23' title='bbox 2598 393 2707 483; x_wconf 85' lang='lat' dir='ltr'><strong>per</strong></span> <span class='ocrx_word' id='word_1_24' title='bbox 2731 391 2975 483; x_wconf 81' lang='lat' dir='ltr'><strong>posteros</strong></span> <span class='ocrx_word' id='word_1_25' title='bbox 3005 411 3270 482; x_wconf 58' lang='lat' dir='ltr'><strong>Abrahae,</strong></span> <span class='ocrx_word' id='word_1_26' title='bbox 3302 413 3355 469; x_wconf 91' lang='lat' dir='ltr'><strong>id</strong></span> <span class='ocrx_word' id='word_1_27' title='bbox 3383 422 3490 483; x_wconf 87' lang='lat' dir='ltr'><strong>est,</strong></span> <span class='ocrx_word' id='word_1_28' title='bbox 3523 395 3678 474; x_wconf 77' lang='lat' dir='ltr'><strong>Isaae</strong></span> 
     </span>
    </p>
   </div>
   <div class='ocr_carea' id='block_1_5' title="bbox 396 479 1974 549">
    <p class='ocr_par' dir='ltr' id='par_1_5' title="bbox 396 479 1974 549">
     <span class='ocr_line' id='line_1_5' title="bbox 396 479 1974 549; baseline 0.002 -16"><span class='ocrx_word' id='word_1_29' title='bbox 396 494 492 549; x_wconf 91' lang='lat' dir='ltr'><strong>per</strong></span> <span class='ocrx_word' id='word_1_30' title='bbox 518 492 734 532; x_wconf 89' lang='lat' dir='ltr'><strong>carnem</strong></span> <span class='ocrx_word' id='word_1_31' title='bbox 765 479 1004 533; x_wconf 76' lang='lat' dir='ltr'><strong>coelestia</strong></span> <span class='ocrx_word' id='word_1_32' title='bbox 1037 481 1325 548; x_wconf 86' lang='lat' dir='ltr'><strong>loquuntur</strong></span> <span class='ocrx_word' id='word_1_33' title='bbox 1352 525 1365 549; x_wconf 95' lang='lat'><strong>,</strong></span> <span class='ocrx_word' id='word_1_34' title='bbox 1416 493 1466 539; x_wconf 92' lang='lat' dir='ltr'><strong>et</strong></span> <span class='ocrx_word' id='word_1_35' title='bbox 1511 479 1684 536; x_wconf 81' lang='lat' dir='ltr'><strong>tamen</strong></span> <span class='ocrx_word' id='word_1_36' title='bbox 1718 479 1890 532; x_wconf 88' lang='lat' dir='ltr'><strong>adhuc</strong></span> <span class='ocrx_word' id='word_1_37' title='bbox 1921 480 1974 536; x_wconf 91' lang='lat' dir='ltr'><strong>in</strong></span> 
     </span>
    </p>
   </div>
   <div class='ocr_carea' id='block_1_6' title="bbox 399 549 1982 620">
    <p class='ocr_par' dir='ltr' id='par_1_6' title="bbox 399 549 1982 620">
     <span class='ocr_line' id='line_1_6' title="bbox 399 549 1982 620; baseline 0.001 -15"><span class='ocrx_word' id='word_1_38' title='bbox 399 565 566 605; x_wconf 86' lang='lat' dir='ltr'><strong>carne</strong></span> <span class='ocrx_word' id='word_1_39' title='bbox 604 549 1080 605; x_wconf 72' lang='lat' dir='ltr'><strong>contradictionem</strong></span> <span class='ocrx_word' id='word_1_40' title='bbox 1108 553 1174 605; x_wconf 87' lang='lat' dir='ltr'><strong>de</strong></span> <span class='ocrx_word' id='word_1_41' title='bbox 1205 555 1332 607; x_wconf 85' lang='lat' dir='ltr'><strong>vitio</strong></span> <span class='ocrx_word' id='word_1_42' title='bbox 1363 555 1602 610; x_wconf 87' lang='lat' dir='ltr'><strong>sentiunt</strong></span> <span class='ocrx_word' id='word_1_43' title='bbox 1627 594 1639 616; x_wconf 97' lang='lat'><strong>,</strong></span> <span class='ocrx_word' id='word_1_44' title='bbox 1676 551 1800 620; x_wconf 87' lang='lat' dir='ltr'><strong>quid</strong></span> <span class='ocrx_word' id='word_1_45' title='bbox 1829 549 1982 620; x_wconf 74' lang='lat' dir='ltr'><strong>aliud</strong></span> 
     </span>
    </p>
   </div>
   <div class='ocr_carea' id='block_1_7' title="bbox 397 619 1986 692">
    <p class='ocr_par' dir='ltr' id='par_1_7' title="bbox 397 619 1986 692">
     <span class='ocr_line' id='line_1_7' title="bbox 397 619 1986 692; baseline 0 -16"><span class='ocrx_word' id='word_1_46' title='bbox 397 637 561 692; x_wconf 88' lang='lat' dir='ltr'><strong>quam</strong></span> <span class='ocrx_word' id='word_1_47' title='bbox 589 628 1014 692; x_wconf 52' lang='grc' dir='ltr'><strong>ευμεν-1011110110</strong></span> <span class='ocrx_word' id='word_1_48' title='bbox 1041 625 1365 680; x_wconf 84' lang='lat' dir='ltr'><strong>camelorum</strong></span> <span class='ocrx_word' id='word_1_49' title='bbox 1399 625 1560 680; x_wconf 82' lang='lat' dir='ltr'><strong>dorsa</strong></span> <span class='ocrx_word' id='word_1_50' title='bbox 1577 619 1815 688; x_wconf 75' lang='lat' dir='ltr'><strong>insident</strong></span> <span class='ocrx_word' id='word_1_51' title='bbox 1837 621 1858 673; x_wconf 78' lang='lat' dir='ltr'><strong>‘l</strong></span> <span class='ocrx_word' id='word_1_52' title='bbox 1884 619 1986 690; x_wconf 52' lang='lat' dir='ltr'><strong>Reé</strong></span> 
     </span>
    </p>
   </div>
   <div class='ocr_carea' id='block_1_8' title="bbox 393 687 1981 762">
    <p class='ocr_par' dir='ltr' id='par_1_8' title="bbox 393 687 1981 762">
     <span class='ocr_line' id='line_1_8' title="bbox 393 687 1981 762; baseline 0.001 -14"><span class='ocrx_word' id='word_1_53' title='bbox 393 687 560 748; x_wconf 79' lang='lat' dir='ltr'><strong>becca</strong></span> <span class='ocrx_word' id='word_1_54' title='bbox 593 687 719 744; x_wconf 82' lang='lat' dir='ltr'><strong>vero</strong></span> <span class='ocrx_word' id='word_1_55' title='bbox 747 687 891 762; x_wconf 79' lang='lat' dir='ltr'><strong>Isaac</strong></span> <span class='ocrx_word' id='word_1_56' title='bbox 921 687 1041 762; x_wconf 49' lang='lat' dir='ltr'><strong>viso</strong></span> <span class='ocrx_word' id='word_1_57' title='bbox 1087 697 1204 760; x_wconf 85' lang='lat' dir='ltr'><strong>quis</strong></span> <span class='ocrx_word' id='word_1_58' title='bbox 1254 698 1340 751; x_wconf 92' lang='lat' dir='ltr'><strong>ille</strong></span> <span class='ocrx_word' id='word_1_59' title='bbox 1373 699 1532 751; x_wconf 85' lang='lat' dir='ltr'><strong>homo</strong></span> <span class='ocrx_word' id='word_1_60' title='bbox 1561 687 1666 758; x_wconf 85' lang='lat' dir='ltr'><strong>sit,</strong></span> <span class='ocrx_word' id='word_1_61' title='bbox 1711 687 1981 762; x_wconf 52' lang='lat' dir='ltr'><strong>,requisito</strong></span> 
     </span>
    </p>
   </div>
   <div class='ocr_carea' id='block_1_9' title="bbox 400 760 1944 834">
    <p class='ocr_par' dir='ltr' id='par_1_9' title="bbox 400 760 1944 834">
     <span class='ocr_line' id='line_1_9' title="bbox 400 760 1944 834; baseline -0.001 -16"><span class='ocrx_word' id='word_1_62' title='bbox 400 777 569 833; x_wconf 86' lang='lat' dir='ltr'><strong>puero</strong></span> <span class='ocrx_word' id='word_1_63' title='bbox 599 760 891 834; x_wconf 71' lang='lat' dir='ltr'><strong>Cognoscit.</strong></span> <span class='ocrx_word' id='word_1_64' title='bbox 923 761 1043 830; x_wconf 87' lang='lat' dir='ltr'><strong>quia</strong></span> <span class='ocrx_word' id='word_1_65' title='bbox 1059 765 1295 831; x_wconf 84' lang='lat' dir='ltr'><strong>quotidie</strong></span> <span class='ocrx_word' id='word_1_66' title='bbox 1316 779 1498 823; x_wconf 86' lang='lat' dir='ltr'><strong>saneta</strong></span> <span class='ocrx_word' id='word_1_67' title='bbox 1532 760 1771 834; x_wconf 67' lang='lat' dir='ltr'><strong>Eccleéia</strong></span> <span class='ocrx_word' id='word_1_68' title='bbox 1801 760 1944 820; x_wconf 79' lang='lat' dir='ltr'><strong>aditu</strong></span> 
     </span>
    </p>
   </div>
   <div class='ocr_carea' id='block_1_10' title="bbox 400 779 1988 908">
    <p class='ocr_par' dir='ltr' id='par_1_10' title="bbox 400 779 1988 908">
     <span class='ocr_line' id='line_1_10' title="bbox 400 779 1944 834; baseline -0.001 -16"><span class='ocrx_word' id='word_1_69' title='bbox 400 779 569 833; x_wconf 83' lang='lat' dir='ltr'><strong>puero</strong></span> <span class='ocrx_word' id='word_1_70' title='bbox 599 779 891 826; x_wconf 74' lang='lat' dir='ltr'><strong>cognosc“,</strong></span> <span class='ocrx_word' id='word_1_71' title='bbox 923 779 1295 831; x_wconf 80' lang='lat' dir='ltr'><strong>qutaquoume</strong></span> <span class='ocrx_word' id='word_1_72' title='bbox 1316 779 1498 823; x_wconf 76' lang='lat' dir='ltr'><strong>Balleia</strong></span> <span class='ocrx_word' id='word_1_73' title='bbox 1532 779 1771 834; x_wconf 71' lang='lat' dir='ltr'><strong>Ecclesm</strong></span> <span class='ocrx_word' id='word_1_74' title='bbox 1803 779 1944 820; x_wconf 88' lang='lat' dir='ltr'><strong>aunu</strong></span> 
     </span>
     <span class='ocr_line' id='line_1_11' title="bbox 400 779 1988 908; baseline -0.002 -19"><span class='ocrx_word' id='word_1_75' title='bbox 400 850 528 908; x_wconf 80' lang='lat' dir='ltr'><strong>per_</strong></span> <span class='ocrx_word' id='word_1_76' title='bbox 544 832 926 908; x_wconf 77' lang='lat' dir='ltr'><strong>prophetarum</strong></span> <span class='ocrx_word' id='word_1_77' title='bbox 987 843 1147 908; x_wconf 87' lang='lat' dir='ltr'><strong>atque</strong></span> <span class='ocrx_word' id='word_1_78' title='bbox 1202 835 1564 908; x_wconf 86' lang='lat' dir='ltr'><strong>apostolorum</strong></span> <span class='ocrx_word' id='word_1_79' title='bbox 1624 837 1795 908; x_wconf 89' lang='lat' dir='ltr'><strong>dicta,</strong></span> <span class='ocrx_word' id='word_1_80' title='bbox 1852 779 1988 904; x_wconf 45' lang='lat' dir='ltr'><strong>quid,</strong></span> 
     </span>
    </p>
   </div>
   <div class='ocr_carea' id='block_1_11' title="bbox 397 903 1980 978">
    <p class='ocr_par' dir='ltr' id='par_1_11' title="bbox 397 903 1980 978">
     <span class='ocr_line' id='line_1_12' title="bbox 397 903 1980 978; baseline -0.001 -19"><span class='ocrx_word' id='word_1_81' title='bbox 397 904 464 959; x_wconf 90' lang='lat' dir='ltr'><strong>de</strong></span> <span class='ocrx_word' id='word_1_82' title='bbox 495 903 851 978; x_wconf 62' lang='lat' dir='ltr'><strong>Redemptoris</strong></span> <span class='ocrx_word' id='word_1_83' title='bbox 878 918 976 956; x_wconf 86' lang='lat' dir='ltr'><strong>suo</strong></span> <span class='ocrx_word' id='word_1_84' title='bbox 1021 903 1249 978; x_wconf 78' lang='lat' dir='ltr'><strong>credere</strong></span> <span class='ocrx_word' id='word_1_85' title='bbox 1288 911 1478 966; x_wconf 87' lang='lat' dir='ltr'><strong>debeat</strong></span> <span class='ocrx_word' id='word_1_86' title='bbox 1534 907 1819 975; x_wconf 80' lang='lat' dir='ltr'><strong>intelligit;</strong></span> <span class='ocrx_word' id='word_1_87' title='bbox 1860 903 1980 978; x_wconf 58' lang='lat' dir='ltr'><strong>Quae</strong></span> 
     </span>
    </p>
   </div>
   <div class='ocr_carea' id='block_1_12' title="bbox 398 972 1981 1050">
    <p class='ocr_par' dir='ltr' id='par_1_12' title="bbox 398 972 1981 1050">
     <span class='ocr_line' id='line_1_13' title="bbox 398 972 1981 1050; baseline 0.002 -21"><span class='ocrx_word' id='word_1_88' title='bbox 398 990 518 1029; x_wconf 87' lang='lat' dir='ltr'><strong>sese</strong></span> <span class='ocrx_word' id='word_1_89' title='bbox 547 988 669 1050; x_wconf 83' lang='lat' dir='ltr'><strong>mox</strong></span> <span class='ocrx_word' id='word_1_90' title='bbox 701 972 862 1050; x_wconf 83' lang='lat' dir='ltr'><strong>pallio</strong></span> <span class='ocrx_word' id='word_1_91' title='bbox 893 975 1124 1050; x_wconf 80' lang='lat' dir='ltr'><strong>operuit,</strong></span> <span class='ocrx_word' id='word_1_92' title='bbox 1157 981 1278 1050; x_wconf 92' lang='lat' dir='ltr'><strong>quia</strong></span> <span class='ocrx_word' id='word_1_93' title='bbox 1323 991 1521 1050; x_wconf 73' lang='lat' dir='ltr'><strong>quanto</strong></span> <span class='ocrx_word' id='word_1_94' title='bbox 1570 972 1981 1050; x_wconf 36' lang='lat' dir='ltr'><strong>sttbti’lius__Sal&#39;-</strong></span> 
     </span>
    </p>
   </div>
   <div class='ocr_carea' id='block_1_13' title="bbox 396 1043 1982 1117">
    <p class='ocr_par' dir='ltr' id='par_1_13' title="bbox 396 1043 1982 1117">
     <span class='ocr_line' id='line_1_14' title="bbox 396 1043 1982 1117; baseline 0.001 -17"><span class='ocrx_word' id='word_1_95' title='bbox 396 1046 596 1100; x_wconf 77' lang='lat' dir='ltr'><strong>vatoris</strong></span> <span class='ocrx_word' id='word_1_96' title='bbox 640 1043 728 1117; x_wconf 73' lang='lat' dir='ltr'><strong>sui”</strong></span> <span class='ocrx_word' id='word_1_97' title='bbox 769 1048 1017 1115; x_wconf 74' lang='lat' dir='ltr'><strong>mysteria</strong></span> <span class='ocrx_word' id='word_1_98' title='bbox 1063 1043 1352 1117; x_wconf 48' lang='lat' dir='ltr'><strong>penetrat;</strong></span> <span class='ocrx_word' id='word_1_99' title='bbox 1393 1043 1540 1106; x_wconf 82' lang='lat' dir='ltr'><strong>tanto</strong></span> <span class='ocrx_word' id='word_1_100' title='bbox 1589 1050 1746 1103; x_wconf 89' lang='lat' dir='ltr'><strong>altius</strong></span> <span class='ocrx_word' id='word_1_101' title='bbox 1794 1045 1858 1102; x_wconf 81' lang='lat' dir='ltr'><strong>de</strong></span> <span class='ocrx_word' id='word_1_102' title='bbox 1887 1047 1982 1117; x_wconf 88' lang='lat' dir='ltr'><strong>a&#39;n-</strong></span> 
     </span>
    </p>
   </div>
   <div class='ocr_carea' id='block_1_14' title="bbox 398 1113 1977 1191">
    <p class='ocr_par' dir='ltr' id='par_1_14' title="bbox 398 1113 1977 1191">
     <span class='ocr_line' id='line_1_15' title="bbox 398 1113 1977 1191; baseline 0.003 -21"><span class='ocrx_word' id='word_1_103' title='bbox 398 1126 567 1172; x_wconf 88' lang='lat' dir='ltr'><strong>teacta</strong></span> <span class='ocrx_word' id='word_1_104' title='bbox 619 1113 1159 1191; x_wconf 23' lang='lat' dir='ltr'><strong>vitalconluntlitur,</strong></span> <span class='ocrx_word' id='word_1_105' title='bbox 1199 1128 1254 1176; x_wconf 91' lang='lat' dir='ltr'><strong>et</strong></span> <span class='ocrx_word' id='word_1_106' title='bbox 1304 1113 1426 1191; x_wconf 83' lang='lat' dir='ltr'><strong>quia</strong></span> <span class='ocrx_word' id='word_1_107' title='bbox 1473 1135 1726 1191; x_wconf 78' lang='lat' dir='ltr'><strong>perverse</strong></span> <span class='ocrx_word' id='word_1_108' title='bbox 1771 1115 1977 1184; x_wconf 62' lang='lat' dir='ltr'><strong>egerit,</strong></span> 
     </span>
    </p>
   </div>
   <div class='ocr_carea' id='block_1_15' title="bbox 399 1187 1985 1260">
    <p class='ocr_par' dir='ltr' id='par_1_15' title="bbox 399 1187 1985 1260">
     <span class='ocr_line' id='line_1_16' title="bbox 399 1187 1985 1260; baseline 0.003 -20"><span class='ocrx_word' id='word_1_109' title='bbox 399 1187 844 1260; x_wconf 44' lang='lat' dir='ltr'><strong>verecundattirj</strong></span> <span class='ocrx_word' id='word_1_110' title='bbox 875 1187 1051 1260; x_wconf 65' lang='lat' dir='ltr'><strong>pallio</strong></span> <span class='ocrx_word' id='word_1_111' title='bbox 1104 1205 1162 1260; x_wconf 77' lang='lat' dir='ltr'><strong>se</strong></span> <span class='ocrx_word' id='word_1_112' title='bbox 1208 1187 1420 1258; x_wconf 78' lang='lat' dir='ltr'><strong>aperire</strong></span> <span class='ocrx_word' id='word_1_113' title='bbox 1461 1187 1690 1260; x_wconf 77' lang='lat' dir='ltr'><strong>curavit,</strong></span> <span class='ocrx_word' id='word_1_114' title='bbox 1744 1191 1866 1258; x_wconf 91' lang='lat' dir='ltr'><strong>quia</strong></span> <span class='ocrx_word' id='word_1_115' title='bbox 1898 1191 1985 1250; x_wconf 84' lang='lat' dir='ltr'><strong>vi-,</strong></span> 
     </span>
    </p>
   </div>
   <div class='ocr_carea' id='block_1_16' title="bbox 399 1257 1982 1328">
    <p class='ocr_par' dir='ltr' id='par_1_16' title="bbox 399 1257 1982 1328">
     <span class='ocr_line' id='line_1_17' title="bbox 399 1257 1982 1328; baseline 0 -15"><span class='ocrx_word' id='word_1_116' title='bbox 399 1273 462 1314; x_wconf 84' lang='lat' dir='ltr'><strong>so</strong></span> <span class='ocrx_word' id='word_1_117' title='bbox 509 1257 1157 1328; x_wconf 63' lang='lat' dir='ltr'><strong>Donii&#39;no,_inlirntitatis</strong></span> <span class='ocrx_word' id='word_1_118' title='bbox 1199 1257 1309 1316; x_wconf 83' lang='lat' dir='ltr'><strong>suae</strong></span> <span class='ocrx_word' id='word_1_119' title='bbox 1356 1263 1592 1326; x_wconf 76' lang='lat' dir='ltr'><strong>actiones</strong></span> <span class='ocrx_word' id='word_1_120' title='bbox 1631 1257 1878 1326; x_wconf 86' lang='lat' dir='ltr'><strong>erubuit,</strong></span> <span class='ocrx_word' id='word_1_121' title='bbox 1927 1269 1982 1328; x_wconf 83' lang='lat' dir='ltr'><strong>et</strong></span> 
     </span>
    </p>
   </div>
   <div class='ocr_carea' id='block_1_17' title="bbox 398 1327 1986 1402">
    <p class='ocr_par' dir='ltr' id='par_1_17' title="bbox 398 1327 1986 1402">
     <span class='ocr_line' id='line_1_18' title="bbox 398 1327 1986 1402; baseline 0.001 -18"><span class='ocrx_word' id='word_1_122' title='bbox 398 1329 486 1402; x_wconf 83' lang='lat' dir='ltr'><strong>illa</strong></span> <span class='ocrx_word' id='word_1_123' title='bbox 518 1335 635 1399; x_wconf 69' lang='lat' dir='ltr'><strong>quin</strong></span> <span class='ocrx_word' id='word_1_124' title='bbox 677 1327 829 1402; x_wconf 61' lang='lat' dir='ltr'><strong>prius</strong></span> <span class='ocrx_word' id='word_1_125' title='bbox 866 1329 916 1382; x_wconf 88' lang='lat' dir='ltr'><strong>in</strong></span> <span class='ocrx_word' id='word_1_126' title='bbox 945 1333 1151 1385; x_wconf 79' lang='lat' dir='ltr'><strong>camelo</strong></span> <span class='ocrx_word' id='word_1_127' title='bbox 1189 1333 1352 1389; x_wconf 85' lang='lat' dir='ltr'><strong>libere</strong></span> <span class='ocrx_word' id='word_1_128' title='bbox 1392 1335 1722 1402; x_wconf 87' lang='lat' dir='ltr'><strong>gestabatur,</strong></span> <span class='ocrx_word' id='word_1_129' title='bbox 1759 1331 1986 1402; x_wconf 79' lang='lat' dir='ltr'><strong>descen-_</strong></span> 
     </span>
    </p>
   </div>
   <div class='ocr_carea' id='block_1_18' title="bbox 399 1398 1980 1482">
    <p class='ocr_par' dir='ltr' id='par_1_18' title="bbox 399 1398 1980 1482">
     <span class='ocr_line' id='line_1_19' title="bbox 399 1398 1980 1482; baseline 0 -28"><span class='ocrx_word' id='word_1_130' title='bbox 399 1398 544 1482; x_wconf 59' lang='lat' dir='ltr'><strong>(lens</strong></span> <span class='ocrx_word' id='word_1_131' title='bbox 583 1398 923 1482; x_wconf 66' lang='lat' dir='ltr'><strong>postmodum</strong></span> <span class='ocrx_word' id='word_1_132' title='bbox 972 1404 1294 1482; x_wconf 65' lang='lat' dir='ltr'><strong>verecundia</strong></span> <span class='ocrx_word' id='word_1_133' title='bbox 1334 1398 1550 1474; x_wconf 74' lang='lat' dir='ltr'><strong>tegitur.</strong></span> <span class='ocrx_word' id='word_1_134' title='bbox 1607 1401 1758 1459; x_wconf 87' lang='lat' dir='ltr'><strong>Unde</strong></span> <span class='ocrx_word' id='word_1_135' title='bbox 1805 1401 1980 1482; x_wconf 76' lang='lat' dir='ltr'><strong>eidem</strong></span> 
     </span>
    </p>
   </div>
   <div class='ocr_carea' id='block_1_19' title="bbox 403 1469 1980 1542">
    <p class='ocr_par' dir='ltr' id='par_1_19' title="bbox 403 1469 1980 1542">
     <span class='ocr_line' id='line_1_20' title="bbox 403 1469 1980 1542; baseline 0 -17"><span class='ocrx_word' id='word_1_136' title='bbox 403 1469 657 1525; x_wconf 64' lang='lat' dir='ltr'><strong>Ecclesiae</strong></span> <span class='ocrx_word' id='word_1_137' title='bbox 687 1469 724 1523; x_wconf 75' lang='lat' dir='ltr'><strong>a&#39;</strong></span> <span class='ocrx_word' id='word_1_138' title='bbox 747 1469 924 1542; x_wconf 81' lang='lat' dir='ltr'><strong>priore</strong></span> <span class='ocrx_word' id='word_1_139' title='bbox 955 1472 1218 1542; x_wconf 74' lang='lat' dir='ltr'><strong>electione</strong></span> <span class='ocrx_word' id='word_1_140' title='bbox 1259 1469 1534 1530; x_wconf 60' lang='lat' dir='ltr'><strong>conv&#39;ersae</strong></span> <span class='ocrx_word' id='word_1_141' title='bbox 1578 1489 1673 1542; x_wconf 84' lang='lat' dir='ltr'><strong>per</strong></span> <span class='ocrx_word' id='word_1_142' title='bbox 1721 1471 1980 1541; x_wconf 77' lang='lat' dir='ltr'><strong>apostoli-</strong></span> 
     </span>
    </p>
   </div>
   <div class='ocr_carea' id='block_1_20' title="bbox 402 1541 1978 1613">
    <p class='ocr_par' dir='ltr' id='par_1_20' title="bbox 402 1541 1978 1613">
     <span class='ocr_line' id='line_1_21' title="bbox 402 1541 1978 1613; baseline 0.001 -19"><span class='ocrx_word' id='word_1_143' title='bbox 402 1543 518 1613; x_wconf 76' lang='lat' dir='ltr'><strong>cam</strong></span> <span class='ocrx_word' id='word_1_144' title='bbox 559 1556 769 1613; x_wconf 79' lang='lat' dir='ltr'><strong>vocem,</strong></span> <span class='ocrx_word' id='word_1_145' title='bbox 800 1544 951 1613; x_wconf 90' lang='lat' dir='ltr'><strong>quasi</strong></span> <span class='ocrx_word' id='word_1_146' title='bbox 980 1541 1236 1599; x_wconf 60' lang='lat' dir='ltr'><strong>Rebeccae</strong></span> <span class='ocrx_word' id='word_1_147' title='bbox 1267 1546 1335 1600; x_wconf 90' lang='lat' dir='ltr'><strong>de</strong></span> <span class='ocrx_word' id='word_1_148' title='bbox 1363 1541 1588 1601; x_wconf 11' lang='lat' dir='ltr'><strong>camelo,</strong></span> <span class='ocrx_word' id='word_1_149' title='bbox 1607 1543 1978 1612; x_wconf 80' lang='lat' dir='ltr'><strong>descendenti,</strong></span> 
     </span>
    </p>
   </div>
   <div class='ocr_carea' id='block_1_21' title="bbox 403 1612 1981 1682">
    <p class='ocr_par' dir='ltr' id='par_1_21' title="bbox 403 1612 1981 1682">
     <span class='ocr_line' id='line_1_22' title="bbox 403 1612 1981 1682; baseline -0.001 -16"><span class='ocrx_word' id='word_1_150' title='bbox 403 1612 610 1682; x_wconf 79' lang='lat' dir='ltr'><strong>sibique</strong></span> <span class='ocrx_word' id='word_1_151' title='bbox 659 1612 872 1682; x_wconf 81' lang='lat' dir='ltr'><strong>pallium</strong></span> <span class='ocrx_word' id='word_1_152' title='bbox 921 1618 1295 1680; x_wconf 79' lang='lat' dir='ltr'><strong>Superducenti</strong></span> <span class='ocrx_word' id='word_1_153' title='bbox 1344 1617 1540 1672; x_wconf 87' lang='lat' dir='ltr'><strong>dicitur</strong></span> <span class='ocrx_word' id='word_1_154' title='bbox 1580 1634 1593 1670; x_wconf 91' lang='lat'><strong>:</strong></span> <span class='ocrx_word' id='word_1_155' title='bbox 1657 1615 1818 1679; x_wconf 81' lang='lat' dir='ltr'><strong>Quem</strong></span> <span class='ocrx_word' id='word_1_156' title='bbox 1845 1613 1981 1669; x_wconf 88' lang='lat' dir='ltr'><strong>enim</strong></span> 
     </span>
    </p>
   </div>
   <div class='ocr_carea' id='block_1_22' title="bbox 403 1681 1980 1756">
    <p class='ocr_par' dir='ltr' id='par_1_22' title="bbox 403 1681 1980 1756">
     <span class='ocr_line' id='line_1_23' title="bbox 403 1681 1980 1756; baseline 0.004 -20"><span class='ocrx_word' id='word_1_157' title='bbox 403 1681 626 1756; x_wconf 71' lang='lat' dir='ltr'><strong>fructum</strong></span> <span class='ocrx_word' id='word_1_158' title='bbox 655 1681 901 1756; x_wconf 81' lang='lat' dir='ltr'><strong>habuistis</strong></span> <span class='ocrx_word' id='word_1_159' title='bbox 931 1691 1047 1756; x_wconf 72' lang='lat' dir='ltr'><strong>tunc</strong></span> <span class='ocrx_word' id='word_1_160' title='bbox 1077 1689 1128 1739; x_wconf 90' lang='lat' dir='ltr'><strong>in</strong></span> <span class='ocrx_word' id='word_1_161' title='bbox 1164 1689 1263 1740; x_wconf 90' lang='lat' dir='ltr'><strong>illis</strong></span> <span class='ocrx_word' id='word_1_162' title='bbox 1286 1729 1300 1751; x_wconf 96' lang='lat'><strong>,</strong></span> <span class='ocrx_word' id='word_1_163' title='bbox 1342 1688 1399 1742; x_wconf 79' lang='lat' dir='ltr'><strong>in</strong></span> <span class='ocrx_word' id='word_1_164' title='bbox 1429 1686 1608 1756; x_wconf 90' lang='lat' dir='ltr'><strong>quibus</strong></span> <span class='ocrx_word' id='word_1_165' title='bbox 1638 1703 1772 1739; x_wconf 85' lang='lat' dir='ltr'><strong>nunc</strong></span> <span class='ocrx_word' id='word_1_166' title='bbox 1805 1684 1980 1742; x_wconf 59' lang='lat' dir='ltr'><strong>eruber</strong></span> 
     </span>
    </p>
   </div>
   <div class='ocr_carea' id='block_1_23' title="bbox 401 1752 1980 1822">
    <p class='ocr_par' dir='ltr' id='par_1_23' title="bbox 401 1752 1980 1822">
     <span class='ocr_line' id='line_1_24' title="bbox 401 1752 1980 1822; baseline 0.002 -16"><span class='ocrx_word' id='word_1_167' title='bbox 401 1754 536 1807; x_wconf 86' lang='lat' dir='ltr'><strong>scitis</strong></span> <span class='ocrx_word' id='word_1_168' title='bbox 567 1752 742 1822; x_wconf 82' lang='lat' dir='ltr'><strong>(Rom.</strong></span> <span class='ocrx_word' id='word_1_169' title='bbox 773 1754 892 1822; x_wconf 79' lang='lat' dir='ltr'><strong>vt)?</strong></span> <span class='ocrx_word' id='word_1_170' title='bbox 929 1753 1098 1822; x_wconf 83' lang='lat' dir='ltr'><strong>Quam</strong></span> <span class='ocrx_word' id='word_1_171' title='bbox 1147 1759 1291 1813; x_wconf 89' lang='lat' dir='ltr'><strong>Isaac</strong></span> <span class='ocrx_word' id='word_1_172' title='bbox 1339 1760 1392 1813; x_wconf 91' lang='lat' dir='ltr'><strong>in</strong></span> <span class='ocrx_word' id='word_1_173' title='bbox 1433 1752 1838 1812; x_wconf 70' lang='lat' dir='ltr'><strong>tabernaculum</strong></span> <span class='ocrx_word' id='word_1_174' title='bbox 1870 1771 1980 1809; x_wconf 72' lang='lat' dir='ltr'><strong>sum</strong></span> 
     </span>
    </p>
   </div>
   <div class='ocr_carea' id='block_1_24' title="bbox 403 1825 1982 1897">
    <p class='ocr_par' dir='ltr' id='par_1_24' title="bbox 403 1825 1982 1897">
     <span class='ocr_line' id='line_1_25' title="bbox 403 1825 1982 1897; baseline 0.004 -23"><span class='ocrx_word' id='word_1_175' title='bbox 403 1827 590 1897; x_wconf 78' lang='lat' dir='ltr'><strong>matris</strong></span> <span class='ocrx_word' id='word_1_176' title='bbox 622 1825 950 1890; x_wconf 89' lang='lat' dir='ltr'><strong>introduxit,</strong></span> <span class='ocrx_word' id='word_1_177' title='bbox 998 1835 1156 1897; x_wconf 85' lang='lat' dir='ltr'><strong>atque</strong></span> <span class='ocrx_word' id='word_1_178' title='bbox 1183 1845 1405 1885; x_wconf 85' lang='lat' dir='ltr'><strong>uxorem</strong></span> <span class='ocrx_word' id='word_1_179' title='bbox 1437 1828 1680 1897; x_wconf 88' lang='lat' dir='ltr'><strong>accepit,</strong></span> <span class='ocrx_word' id='word_1_180' title='bbox 1713 1828 1834 1892; x_wconf 87' lang='lat' dir='ltr'><strong>quia</strong></span> <span class='ocrx_word' id='word_1_181' title='bbox 1863 1827 1982 1881; x_wconf 90' lang='lat' dir='ltr'><strong>loco</strong></span> 
     </span>
    </p>
   </div>
   <div class='ocr_carea' id='block_1_25' title="bbox 403 1894 1987 1969">
    <p class='ocr_par' dir='ltr' id='par_1_25' title="bbox 403 1894 1987 1969">
     <span class='ocr_line' id='line_1_26' title="bbox 403 1894 1987 1969; baseline 0 -19"><span class='ocrx_word' id='word_1_182' title='bbox 403 1894 700 1969; x_wconf 68' lang='lat' dir='ltr'><strong>Synagoga:</strong></span> <span class='ocrx_word' id='word_1_183' title='bbox 735 1897 1008 1969; x_wconf 70' lang='lat' dir='ltr'><strong>DOII&#39;llnIIS,</strong></span> <span class='ocrx_word' id='word_1_184' title='bbox 1041 1894 1109 1952; x_wconf 80' lang='lat' dir='ltr'><strong>ex</strong></span> <span class='ocrx_word' id='word_1_185' title='bbox 1149 1915 1251 1969; x_wconf 84' lang='lat' dir='ltr'><strong>qua</strong></span> <span class='ocrx_word' id='word_1_186' title='bbox 1284 1916 1376 1968; x_wconf 86' lang='lat' dir='ltr'><strong>per</strong></span> <span class='ocrx_word' id='word_1_187' title='bbox 1400 1894 1617 1954; x_wconf 83' lang='lat' dir='ltr'><strong>carnem</strong></span> <span class='ocrx_word' id='word_1_188' title='bbox 1650 1909 1826 1964; x_wconf 87' lang='lat' dir='ltr'><strong>natus,</strong></span> <span class='ocrx_word' id='word_1_189' title='bbox 1860 1914 1987 1952; x_wconf 86' lang='lat' dir='ltr'><strong>san-</strong></span> 
     </span>
    </p>
   </div>
   <div class='ocr_carea' id='block_1_26' title="bbox 405 1966 1985 2039">
    <p class='ocr_par' dir='ltr' id='par_1_26' title="bbox 405 1966 1985 2039">
     <span class='ocr_line' id='line_1_27' title="bbox 405 1966 1985 2039; baseline 0.001 -19"><span class='ocrx_word' id='word_1_190' title='bbox 405 1977 547 2020; x_wconf 85' lang='lat' dir='ltr'><strong>ctam</strong></span> <span class='ocrx_word' id='word_1_191' title='bbox 574 1966 862 2020; x_wconf 76' lang='lat' dir='ltr'><strong>Ecclesium</strong></span> <span class='ocrx_word' id='word_1_192' title='bbox 887 1969 1078 2039; x_wconf 78' lang='lat' dir='ltr'><strong>diligit,</strong></span> <span class='ocrx_word' id='word_1_193' title='bbox 1112 1966 1336 2039; x_wconf 77' lang='lat' dir='ltr'><strong>eamque</strong></span> <span class='ocrx_word' id='word_1_194' title='bbox 1359 1972 1460 2025; x_wconf 88' lang='lat' dir='ltr'><strong>sibi</strong></span> <span class='ocrx_word' id='word_1_195' title='bbox 1487 1973 1540 2024; x_wconf 91' lang='lat' dir='ltr'><strong>in</strong></span> <span class='ocrx_word' id='word_1_196' title='bbox 1565 1985 1752 2024; x_wconf 85' lang='lat' dir='ltr'><strong>amore</strong></span> <span class='ocrx_word' id='word_1_197' title='bbox 1772 1978 1827 2022; x_wconf 91' lang='lat' dir='ltr'><strong>et</strong></span> <span class='ocrx_word' id='word_1_198' title='bbox 1856 1984 1985 2022; x_wconf 85' lang='lat' dir='ltr'><strong>con-</strong></span> 
     </span>
    </p>
   </div>
   <div class='ocr_carea' id='block_1_27' title="bbox 407 2039 1983 2110">
    <p class='ocr_par' dir='ltr' id='par_1_27' title="bbox 407 2039 1983 2110">
     <span class='ocr_line' id='line_1_28' title="bbox 407 2039 1983 2110; baseline 0.003 -21"><span class='ocrx_word' id='word_1_199' title='bbox 407 2039 1078 2110; x_wconf 64' lang='lat' dir='ltr'><strong>templationeconjunxit</strong></span> <span class='ocrx_word' id='word_1_200' title='bbox 1115 2058 1127 2094; x_wconf 94' lang='lat'>:</span> <span class='ocrx_word' id='word_1_201' title='bbox 1171 2053 1231 2097; x_wconf 91' lang='lat' dir='ltr'><strong>ut</strong></span> <span class='ocrx_word' id='word_1_202' title='bbox 1271 2059 1389 2109; x_wconf 62' lang='lat' dir='ltr'><strong>quae</strong></span> <span class='ocrx_word' id='word_1_203' title='bbox 1430 2043 1578 2110; x_wconf 83' lang='lat' dir='ltr'><strong>prius</strong></span> <span class='ocrx_word' id='word_1_204' title='bbox 1623 2041 1865 2108; x_wconf 81' lang='lat' dir='ltr'><strong>proxima</strong></span> <span class='ocrx_word' id='word_1_205' title='bbox 1914 2055 1983 2093; x_wconf 84' lang='lat' dir='ltr'><strong>ex</strong></span> 
     </span>
    </p>
   </div>
   <div class='ocr_carea' id='block_1_28' title="bbox 407 2109 1984 2182">
    <p class='ocr_par' dir='ltr' id='par_1_28' title="bbox 407 2109 1984 2182">
     <span class='ocr_line' id='line_1_29' title="bbox 407 2109 1984 2182; baseline 0.003 -21"><span class='ocrx_word' id='word_1_206' title='bbox 407 2109 744 2176; x_wconf 78' lang='lat' dir='ltr'><strong>cognatione,</strong></span> <span class='ocrx_word' id='word_1_207' title='bbox 775 2109 828 2182; x_wconf 79' lang='lat' dir='ltr'><strong>id</strong></span> <span class='ocrx_word' id='word_1_208' title='bbox 854 2119 1206 2182; x_wconf 57' lang='lat' dir='ltr'><strong>estcognata</strong></span> <span class='ocrx_word' id='word_1_209' title='bbox 1245 2129 1310 2166; x_wconf 83' lang='lat' dir='ltr'><strong>ex</strong></span> <span class='ocrx_word' id='word_1_210' title='bbox 1353 2109 1823 2182; x_wconf 61' lang='lat' dir='ltr'><strong>praedesﬁnatione</strong></span> <span class='ocrx_word' id='word_1_211' title='bbox 1866 2109 1984 2165; x_wconf 82' lang='lat' dir='ltr'><strong>lue—</strong></span> 
     </span>
    </p>
   </div>
   <div class='ocr_carea' id='block_1_29' title="bbox 407 2181 1985 2252">
    <p class='ocr_par' dir='ltr' id='par_1_29' title="bbox 407 2181 1985 2252">
     <span class='ocr_line' id='line_1_30' title="bbox 407 2181 1985 2252; baseline 0.001 -19"><span class='ocrx_word' id='word_1_212' title='bbox 407 2187 530 2245; x_wconf 90' lang='lat' dir='ltr'><strong>rat,</strong></span> <span class='ocrx_word' id='word_1_213' title='bbox 580 2181 924 2252; x_wconf 59' lang='lat' dir='ltr'><strong>pnsum-idum</strong></span> <span class='ocrx_word' id='word_1_214' title='bbox 966 2181 1074 2250; x_wconf 87' lang='lat' dir='ltr'><strong>jam</strong></span> <span class='ocrx_word' id='word_1_215' title='bbox 1122 2181 1404 2252; x_wconf 85' lang='lat' dir='ltr'><strong>conjuncta</strong></span> <span class='ocrx_word' id='word_1_216' title='bbox 1433 2185 1486 2238; x_wconf 91' lang='lat' dir='ltr'><strong>in</strong></span> <span class='ocrx_word' id='word_1_217' title='bbox 1515 2197 1704 2236; x_wconf 88' lang='lat' dir='ltr'><strong>amore</strong></span> <span class='ocrx_word' id='word_1_218' title='bbox 1731 2182 1985 2235; x_wconf 85' lang='lat' dir='ltr'><strong>continuo</strong></span> 
     </span>
    </p>
   </div>
   <div class='ocr_carea' id='block_1_30' title="bbox 405 2247 1986 2320">
    <p class='ocr_par' dir='ltr' id='par_1_30' title="bbox 405 2247 1986 2320">
     <span class='ocr_line' id='line_1_31' title="bbox 405 2247 1986 2320; baseline 0.001 -17"><span class='ocrx_word' id='word_1_219' title='bbox 405 2264 544 2304; x_wconf 87' lang='lat' dir='ltr'><strong>uxor</strong></span> <span class='ocrx_word' id='word_1_220' title='bbox 573 2247 690 2303; x_wconf 84' lang='lat' dir='ltr'><strong>luit.</strong></span> <span class='ocrx_word' id='word_1_221' title='bbox 740 2249 910 2317; x_wconf 83' lang='lat' dir='ltr'><strong>Quam</strong></span> <span class='ocrx_word' id='word_1_222' title='bbox 944 2247 994 2305; x_wconf 86' lang='lat' dir='ltr'><strong>in</strong></span> <span class='ocrx_word' id='word_1_223' title='bbox 1026 2247 1238 2306; x_wconf 74' lang='lat' dir='ltr'><strong>tantum</strong></span> <span class='ocrx_word' id='word_1_224' title='bbox 1258 2255 1484 2318; x_wconf 82' lang='lat' dir='ltr'><strong>dilexit,</strong></span> <span class='ocrx_word' id='word_1_225' title='bbox 1535 2262 1592 2308; x_wconf 91' lang='lat' dir='ltr'><strong>ut</strong></span> <span class='ocrx_word' id='word_1_226' title='bbox 1620 2253 1861 2306; x_wconf 85' lang='lat' dir='ltr'><strong>dolorem</strong></span> <span class='ocrx_word' id='word_1_227' title='bbox 1896 2253 1986 2320; x_wconf 85' lang='lat' dir='ltr'><strong>qui</strong></span> 
     </span>
    </p>
   </div>
   <div class='ocr_carea' id='block_1_31' title="bbox 409 2323 1988 2394">
    <p class='ocr_par' dir='ltr' id='par_1_31' title="bbox 409 2323 1988 2394">
     <span class='ocr_line' id='line_1_32' title="bbox 409 2323 1988 2394; baseline 0.002 -19"><span class='ocrx_word' id='word_1_228' title='bbox 409 2335 476 2375; x_wconf 85' lang='lat' dir='ltr'><strong>ex</strong></span> <span class='ocrx_word' id='word_1_229' title='bbox 504 2327 678 2394; x_wconf 67' lang='lat' dir='ltr'><strong>morte</strong></span> <span class='ocrx_word' id='word_1_230' title='bbox 705 2324 890 2394; x_wconf 79' lang='lat' dir='ltr'><strong>matris</strong></span> <span class='ocrx_word' id='word_1_231' title='bbox 919 2334 1222 2394; x_wconf 67' lang='lat' dir='ltr'><strong>accesserat</strong></span> <span class='ocrx_word' id='word_1_232' title='bbox 1242 2335 1579 2394; x_wconf 83' lang='lat' dir='ltr'><strong>temperaret,</strong></span> <span class='ocrx_word' id='word_1_233' title='bbox 1606 2324 1728 2392; x_wconf 90' lang='lat' dir='ltr'><strong>quia</strong></span> <span class='ocrx_word' id='word_1_234' title='bbox 1755 2339 1818 2378; x_wconf 81' lang='lat' dir='ltr'><strong>ex</strong></span> <span class='ocrx_word' id='word_1_235' title='bbox 1841 2323 1988 2378; x_wconf 90' lang='lat' dir='ltr'><strong>lucro</strong></span> 
     </span>
    </p>
   </div>
   <div class='ocr_carea' id='block_1_32' title="bbox 409 2391 1990 2461">
    <p class='ocr_par' dir='ltr' id='par_1_32' title="bbox 409 2391 1990 2461">
     <span class='ocr_line' id='line_1_33' title="bbox 409 2391 1990 2461; baseline 0.001 -15"><span class='ocrx_word' id='word_1_236' title='bbox 409 2403 607 2446; x_wconf 69' lang='lat' dir='ltr'><strong>sanctae</strong></span> <span class='ocrx_word' id='word_1_237' title='bbox 639 2391 894 2447; x_wconf 66' lang='lat' dir='ltr'><strong>Ecclesiae</strong></span> <span class='ocrx_word' id='word_1_238' title='bbox 921 2392 1244 2456; x_wconf 79' lang='lat' dir='ltr'><strong>Redemptor</strong></span> <span class='ocrx_word' id='word_1_239' title='bbox 1275 2391 1455 2450; x_wconf 74' lang='lat' dir='ltr'><strong>noster</strong></span> <span class='ocrx_word' id='word_1_240' title='bbox 1479 2411 1596 2449; x_wconf 84' lang='lat' dir='ltr'><strong>eum</strong></span> <span class='ocrx_word' id='word_1_241' title='bbox 1626 2391 1742 2459; x_wconf 72' lang='lat' dir='ltr'><strong>quae</strong></span> <span class='ocrx_word' id='word_1_242' title='bbox 1770 2409 1836 2447; x_wconf 89' lang='lat' dir='ltr'><strong>ex</strong></span> <span class='ocrx_word' id='word_1_243' title='bbox 1869 2409 1990 2461; x_wconf 77' lang='lat' dir='ltr'><strong>per-</strong></span> 
     </span>
    </p>
   </div>
   <div class='ocr_carea' id='block_1_33' title="bbox 410 2461 1990 2534">
    <p class='ocr_par' dir='ltr' id='par_1_33' title="bbox 410 2461 1990 2534">
     <span class='ocr_line' id='line_1_34' title="bbox 410 2461 1990 2534; baseline 0.001 -18"><span class='ocrx_word' id='word_1_244' title='bbox 410 2463 612 2534; x_wconf 82' lang='lat' dir='ltr'><strong>ditione</strong></span> <span class='ocrx_word' id='word_1_245' title='bbox 643 2461 935 2533; x_wconf 71' lang='lat' dir='ltr'><strong>Synagogze</strong></span> <span class='ocrx_word' id='word_1_246' title='bbox 983 2467 1239 2520; x_wconf 82' lang='lat' dir='ltr'><strong>accedere</strong></span> <span class='ocrx_word' id='word_1_247' title='bbox 1271 2468 1474 2534; x_wconf 83' lang='lat' dir='ltr'><strong>potuit,</strong></span> <span class='ocrx_word' id='word_1_248' title='bbox 1505 2465 1774 2519; x_wconf 79' lang='lat' dir='ltr'><strong>tristitiam</strong></span> <span class='ocrx_word' id='word_1_249' title='bbox 1808 2464 1990 2520; x_wconf 88' lang='lat' dir='ltr'><strong>deter-</strong></span> 
     </span>
    </p>
   </div>
   <div class='ocr_carea' id='block_1_34' title="bbox 409 2532 1990 2606">
    <p class='ocr_par' dir='ltr' id='par_1_34' title="bbox 409 2532 1990 2606">
     <span class='ocr_line' id='line_1_35' title="bbox 409 2532 1990 2606; baseline 0.003 -20"><span class='ocrx_word' id='word_1_250' title='bbox 409 2532 514 2597; x_wconf 88' lang='lat' dir='ltr'><strong>sit;</strong></span> <span class='ocrx_word' id='word_1_251' title='bbox 546 2532 842 2606; x_wconf 42' lang='lat' dir='ltr'><strong>dum&#39;enitn</strong></span> <span class='ocrx_word' id='word_1_252' title='bbox 876 2535 1112 2591; x_wconf 80' lang='lat' dir='ltr'><strong>Rebecca</strong></span> <span class='ocrx_word' id='word_1_253' title='bbox 1144 2532 1512 2606; x_wconf 35' lang='lat' dir='ltr'><strong>conj—ungitur,</strong></span> <span class='ocrx_word' id='word_1_254' title='bbox 1541 2535 1698 2606; x_wconf 86' lang='lat' dir='ltr'><strong>dolor</strong></span> <span class='ocrx_word' id='word_1_255' title='bbox 1723 2535 1789 2587; x_wconf 89' lang='lat' dir='ltr'><strong>de</strong></span> <span class='ocrx_word' id='word_1_256' title='bbox 1816 2546 1990 2591; x_wconf 88' lang='lat' dir='ltr'><strong>morte</strong></span> 
     </span>
    </p>
   </div>
   <div class='ocr_carea' id='block_1_35' title="bbox 411 2605 1989 2675">
    <p class='ocr_par' dir='ltr' id='par_1_35' title="bbox 411 2605 1989 2675">
     <span class='ocr_line' id='line_1_36' title="bbox 411 2605 1989 2675; baseline 0.004 -19"><span class='ocrx_word' id='word_1_257' title='bbox 411 2605 597 2675; x_wconf 88' lang='lat' dir='ltr'><strong>matris</strong></span> <span class='ocrx_word' id='word_1_258' title='bbox 626 2615 946 2672; x_wconf 85' lang='lat' dir='ltr'><strong>amputatur,</strong></span> <span class='ocrx_word' id='word_1_259' title='bbox 974 2609 1095 2673; x_wconf 85' lang='lat' dir='ltr'><strong>quia</strong></span> <span class='ocrx_word' id='word_1_260' title='bbox 1126 2605 1256 2660; x_wconf 86' lang='lat' dir='ltr'><strong>dum</strong></span> <span class='ocrx_word' id='word_1_261' title='bbox 1275 2618 1459 2662; x_wconf 88' lang='lat' dir='ltr'><strong>sancta</strong></span> <span class='ocrx_word' id='word_1_262' title='bbox 1503 2605 1736 2661; x_wconf 86' lang='lat' dir='ltr'><strong>Ecclesia</strong></span> <span class='ocrx_word' id='word_1_263' title='bbox 1768 2621 1832 2660; x_wconf 87' lang='lat' dir='ltr'><strong>ex</strong></span> <span class='ocrx_word' id='word_1_264' title='bbox 1859 2620 1989 2675; x_wconf 89' lang='lat' dir='ltr'><strong>gen-</strong></span> 
     </span>
    </p>
   </div>
   <div class='ocr_carea' id='block_1_36' title="bbox 410 2674 1992 2748">
    <p class='ocr_par' dir='ltr' id='par_1_36' title="bbox 410 2674 1992 2748">
     <span class='ocr_line' id='line_1_37' title="bbox 410 2674 1992 2748; baseline 0.004 -21"><span class='ocrx_word' id='word_1_265' title='bbox 410 2674 603 2748; x_wconf 75' lang='lat' dir='ltr'><strong>tilitate</strong></span> <span class='ocrx_word' id='word_1_266' title='bbox 620 2677 839 2748; x_wconf 83' lang='lat' dir='ltr'><strong>veniens</strong></span> <span class='ocrx_word' id='word_1_267' title='bbox 859 2693 1025 2748; x_wconf 58' lang='lat' dir='ltr'><strong>usque</strong></span> <span class='ocrx_word' id='word_1_268' title='bbox 1051 2678 1115 2731; x_wconf 84' lang='lat' dir='ltr'><strong>ad</strong></span> <span class='ocrx_word' id='word_1_269' title='bbox 1141 2678 1350 2732; x_wconf 89' lang='lat' dir='ltr'><strong>thorum</strong></span> <span class='ocrx_word' id='word_1_270' title='bbox 1379 2678 1850 2745; x_wconf 77' lang='lat' dir='ltr'><strong>contemplationis</strong></span> <span class='ocrx_word' id='word_1_271' title='bbox 1872 2674 1992 2746; x_wconf 84' lang='lat' dir='ltr'><strong>per-</strong></span> 
     </span>
    </p>
   </div>
   <div class='ocr_carea' id='block_1_37' title="bbox 410 2745 1992 2816">
    <p class='ocr_par' dir='ltr' id='par_1_37' title="bbox 410 2745 1992 2816">
     <span class='ocr_line' id='line_1_38' title="bbox 410 2745 1992 2816; baseline 0.001 -17"><span class='ocrx_word' id='word_1_272' title='bbox 410 2745 644 2812; x_wconf 88' lang='lat' dir='ltr'><strong>ducitur,</strong></span> <span class='ocrx_word' id='word_1_273' title='bbox 676 2747 860 2802; x_wconf 74' lang='lat' dir='ltr'><strong>Judma</strong></span> <span class='ocrx_word' id='word_1_274' title='bbox 895 2745 990 2816; x_wconf 77' lang='lat' dir='ltr'><strong>pro</strong></span> <span class='ocrx_word' id='word_1_275' title='bbox 1023 2748 1189 2803; x_wconf 82' lang='lat' dir='ltr'><strong>nihilo</strong></span> <span class='ocrx_word' id='word_1_276' title='bbox 1238 2750 1482 2806; x_wconf 87' lang='lat' dir='ltr'><strong>habetur.</strong></span> <span class='ocrx_word' id='word_1_277' title='bbox 1526 2749 1626 2812; x_wconf 83' lang='lat' dir='ltr'><strong>Qui</strong></span> <span class='ocrx_word' id='word_1_278' title='bbox 1653 2749 1696 2801; x_wconf 85' lang='lat' dir='ltr'><strong>si</strong></span> <span class='ocrx_word' id='word_1_279' title='bbox 1731 2745 1992 2812; x_wconf 83' lang='lat' dir='ltr'><strong>interpre-</strong></span> 
     </span>
    </p>
   </div>
   <div class='ocr_carea' id='block_1_38' title="bbox 413 2816 1993 2886">
    <p class='ocr_par' dir='ltr' id='par_1_38' title="bbox 413 2816 1993 2886">
     <span class='ocr_line' id='line_1_39' title="bbox 413 2816 1993 2886; baseline 0 -12"><span class='ocrx_word' id='word_1_280' title='bbox 413 2816 514 2874; x_wconf 80' lang='lat' dir='ltr'><strong>tari</strong></span> <span class='ocrx_word' id='word_1_281' title='bbox 543 2817 656 2886; x_wconf 88' lang='lat' dir='ltr'><strong>ipsa</strong></span> <span class='ocrx_word' id='word_1_282' title='bbox 685 2832 870 2872; x_wconf 88' lang='lat' dir='ltr'><strong>eorum</strong></span> <span class='ocrx_word' id='word_1_283' title='bbox 898 2820 1114 2873; x_wconf 89' lang='lat' dir='ltr'><strong>nomina</strong></span> <span class='ocrx_word' id='word_1_284' title='bbox 1143 2821 1472 2885; x_wconf 84' lang='lat' dir='ltr'><strong>curabimus,</strong></span> <span class='ocrx_word' id='word_1_285' title='bbox 1500 2818 1650 2873; x_wconf 83' lang='lat' dir='ltr'><strong>lsaac</strong></span> <span class='ocrx_word' id='word_1_286' title='bbox 1680 2819 1859 2880; x_wconf 81' lang='lat' dir='ltr'><strong>Risus,</strong></span> <span class='ocrx_word' id='word_1_287' title='bbox 1886 2818 1993 2874; x_wconf 89' lang='lat' dir='ltr'><strong>Re-</strong></span> 
     </span>
    </p>
   </div>
   <div class='ocr_carea' id='block_1_39' title="bbox 413 2887 1993 2954">
    <p class='ocr_par' dir='ltr' id='par_1_39' title="bbox 413 2887 1993 2954">
     <span class='ocr_line' id='line_1_40' title="bbox 413 2887 1993 2954; baseline 0.003 -13"><span class='ocrx_word' id='word_1_288' title='bbox 413 2901 576 2942; x_wconf 70' lang='lat' dir='ltr'><strong>oecca</strong></span> <span class='ocrx_word' id='word_1_289' title='bbox 605 2901 782 2943; x_wconf 91' lang='lat' dir='ltr'><strong>autem</strong></span> <span class='ocrx_word' id='word_1_290' title='bbox 813 2887 1068 2943; x_wconf 83' lang='lat' dir='ltr'><strong>Patientia</strong></span> <span class='ocrx_word' id='word_1_291' title='bbox 1099 2889 1321 2954; x_wconf 86' lang='lat' dir='ltr'><strong>dicitur;</strong></span> <span class='ocrx_word' id='word_1_292' title='bbox 1374 2891 1516 2945; x_wconf 83' lang='lat' dir='ltr'><strong>risus</strong></span> <span class='ocrx_word' id='word_1_293' title='bbox 1544 2905 1670 2944; x_wconf 90' lang='lat' dir='ltr'><strong>vero</strong></span> <span class='ocrx_word' id='word_1_294' title='bbox 1711 2904 1776 2943; x_wconf 91' lang='lat' dir='ltr'><strong>ex</strong></span> <span class='ocrx_word' id='word_1_295' title='bbox 1807 2890 1993 2946; x_wconf 66' lang='lat' dir='ltr'><strong>laetitia</strong></span> 
     </span>
    </p>
   </div>
   <div class='ocr_carea' id='block_1_40' title="bbox 416 2959 1995 3030">
    <p class='ocr_par' dir='ltr' id='par_1_40' title="bbox 416 2959 1995 3030">
     <span class='ocr_line' id='line_1_41' title="bbox 416 2959 1995 3030; baseline 0.003 -18"><span class='ocrx_word' id='word_1_296' title='bbox 416 2968 539 3023; x_wconf 90' lang='lat' dir='ltr'><strong>est,</strong></span> <span class='ocrx_word' id='word_1_297' title='bbox 592 2959 845 3030; x_wconf 69' lang='lat' dir='ltr'><strong>patientia</strong></span> <span class='ocrx_word' id='word_1_298' title='bbox 894 2971 1070 3015; x_wconf 89' lang='lat' dir='ltr'><strong>autem</strong></span> <span class='ocrx_word' id='word_1_299' title='bbox 1117 2959 1185 3028; x_wconf 87' lang='lat' dir='ltr'><strong>de</strong></span> <span class='ocrx_word' id='word_1_300' title='bbox 1232 2961 1597 3016; x_wconf 82' lang='lat' dir='ltr'><strong>tribulatione.</strong></span> <span class='ocrx_word' id='word_1_301' title='bbox 1653 2959 1718 3014; x_wconf 87' lang='lat' dir='ltr'><strong>Et</strong></span> <span class='ocrx_word' id='word_1_302' title='bbox 1749 2963 1995 3026; x_wconf 75' lang='lat' dir='ltr'><strong>quamvis</strong></span> 
     </span>
    </p>
   </div>
   <div class='ocr_carea' id='block_1_41' title="bbox 416 3030 1996 3104">
    <p class='ocr_par' dir='ltr' id='par_1_41' title="bbox 416 3030 1996 3104">
     <span class='ocr_line' id='line_1_42' title="bbox 416 3030 1996 3104; baseline 0.001 -21"><span class='ocrx_word' id='word_1_303' title='bbox 416 3039 598 3104; x_wconf 81' lang='lat' dir='ltr'><strong>sancta</strong></span> <span class='ocrx_word' id='word_1_304' title='bbox 629 3030 862 3084; x_wconf 88' lang='lat' dir='ltr'><strong>Ecclesia</strong></span> <span class='ocrx_word' id='word_1_305' title='bbox 887 3031 995 3104; x_wconf 70' lang='lat' dir='ltr'><strong>jam</strong></span> <span class='ocrx_word' id='word_1_306' title='bbox 1027 3034 1079 3084; x_wconf 89' lang='lat' dir='ltr'><strong>in</strong></span> <span class='ocrx_word' id='word_1_307' title='bbox 1109 3033 1345 3088; x_wconf 75' lang='lat' dir='ltr'><strong>caelestis</strong></span> <span class='ocrx_word' id='word_1_308' title='bbox 1362 3031 1429 3086; x_wconf 89' lang='lat' dir='ltr'><strong>sit</strong></span> <span class='ocrx_word' id='word_1_309' title='bbox 1451 3030 1630 3102; x_wconf 84' lang='lat' dir='ltr'><strong>gaudii</strong></span> <span class='ocrx_word' id='word_1_310' title='bbox 1662 3031 1996 3104; x_wconf 81' lang='lat' dir='ltr'><strong>contempla-</strong></span> 
     </span>
    </p>
   </div>
   <div class='ocr_carea' id='block_1_42' title="bbox 420 3100 1994 3172">
    <p class='ocr_par' dir='ltr' id='par_1_42' title="bbox 420 3100 1994 3172">
     <span class='ocr_line' id='line_1_43' title="bbox 420 3100 1994 3172; baseline 0.003 -20"><span class='ocrx_word' id='word_1_311' title='bbox 420 3100 563 3154; x_wconf 90' lang='lat' dir='ltr'><strong>tione</strong></span> <span class='ocrx_word' id='word_1_312' title='bbox 596 3115 856 3168; x_wconf 82' lang='lat' dir='ltr'><strong>snspensa</strong></span> <span class='ocrx_word' id='word_1_313' title='bbox 880 3100 901 3166; x_wconf 70' lang='grc'><strong>,“</strong></span> <span class='ocrx_word' id='word_1_314' title='bbox 931 3102 1090 3160; x_wconf 83' lang='lat' dir='ltr'><strong>habet</strong></span> <span class='ocrx_word' id='word_1_315' title='bbox 1121 3112 1296 3157; x_wconf 88' lang='lat' dir='ltr'><strong>tamen</strong></span> <span class='ocrx_word' id='word_1_316' title='bbox 1325 3100 1498 3172; x_wconf 79' lang='lat' dir='ltr'><strong>adhuc</strong></span> <span class='ocrx_word' id='word_1_317' title='bbox 1540 3101 1683 3172; x_wconf 90' lang='lat' dir='ltr'><strong>quod</strong></span> <span class='ocrx_word' id='word_1_318' title='bbox 1727 3101 1881 3172; x_wconf 83' lang='lat' dir='ltr'><strong>triste</strong></span> <span class='ocrx_word' id='word_1_319' title='bbox 1926 3103 1994 3156; x_wconf 87' lang='lat' dir='ltr'><strong>de</strong></span> 
     </span>
    </p>
   </div>
   <div class='ocr_carea' id='block_1_43' title="bbox 2011 1793 2058 1853">
    <p class='ocr_par' dir='ltr' id='par_1_43' title="bbox 2011 1793 2058 1853">
     <span class='ocr_line' id='line_1_44' title="bbox 2011 1793 2058 1853; baseline 0 0"><span class='ocrx_word' id='word_1_320' title='bbox 2011 1793 2058 1853; x_wconf 91' lang='lat' dir='ltr'><strong>B</strong></span> 
     </span>
    </p>
   </div>
   <div class='ocr_carea' id='block_1_44' title="bbox 2081 480 3674 605">
    <p class='ocr_par' dir='ltr' id='par_1_44' title="bbox 2081 480 3674 605">
     <span class='ocr_line' id='line_1_45' title="bbox 2081 480 3674 605; baseline 0.009 -73"><span class='ocrx_word' id='word_1_321' title='bbox 2081 491 2135 605; x_wconf 55' lang='lat' dir='ltr'><strong>ﬁt</strong></span> <span class='ocrx_word' id='word_1_322' title='bbox 2164 480 2328 535; x_wconf 79' lang='lat' dir='ltr'><strong>lacob</strong></span> <span class='ocrx_word' id='word_1_323' title='bbox 2350 523 2366 547; x_wconf 93' lang='lat'><strong>,</strong></span> <span class='ocrx_word' id='word_1_324' title='bbox 2407 482 2641 536; x_wconf 65' lang='lat' dir='ltr'><strong>civitatis</strong></span> <span class='ocrx_word' id='word_1_325' title='bbox 2684 481 2776 536; x_wconf 89' lang='lat' dir='ltr'><strong>Dei</strong></span> <span class='ocrx_word' id='word_1_326' title='bbox 2827 497 2936 552; x_wconf 91' lang='lat' dir='ltr'><strong>quo</strong></span> <span class='ocrx_word' id='word_1_327' title='bbox 2977 480 3294 552; x_wconf 85' lang='lat' dir='ltr'><strong>procurrant</strong></span> <span class='ocrx_word' id='word_1_328' title='bbox 3323 480 3568 557; x_wconf 80' lang='lat' dir='ltr'><strong>tempora</strong></span> <span class='ocrx_word' id='word_1_329' title='bbox 3596 490 3674 546; x_wconf 77' lang='lat' dir='ltr'><strong>vi-</strong></span> 
     </span>
     <span class='ocr_line' id='line_1_46' title="bbox 2120 566 2324 605; baseline 0 0"><span class='ocrx_word' id='word_1_330' title='bbox 2120 566 2324 605; x_wconf 90' lang='lat' dir='ltr'><strong>eamus.</strong></span> 
     </span>
    </p>
   </div>
   <div class='ocr_carea' id='block_1_45' title="bbox 2120 566 2324 606">
    <p class='ocr_par' dir='ltr' id='par_1_45' title="bbox 2120 566 2324 606">
     <span class='ocr_line' id='line_1_47' title="bbox 2120 566 2324 606; baseline 0 0"><span class='ocrx_word' id='word_1_331' title='bbox 2120 566 2324 606; x_wconf 89' lang='lat' dir='ltr'><strong>eamus.</strong></span> 
     </span>
    </p>
   </div>
   <div class='ocr_carea' id='block_1_46' title="bbox 2138 621 3671 696">
    <p class='ocr_par' dir='ltr' id='par_1_46' title="bbox 2138 621 3671 696">
     <span class='ocr_line' id='line_1_48' title="bbox 2138 621 3671 696; baseline 0.004 -16"><span class='ocrx_word' id='word_1_332' title='bbox 2138 621 2335 694; x_wconf 84' lang='lat' dir='ltr'><strong>.(Vers.</strong></span> <span class='ocrx_word' id='word_1_333' title='bbox 2369 622 2491 692; x_wconf 67' lang='lat' dir='ltr'><strong>i2.)</strong></span> <span class='ocrx_word' id='word_1_334' title='bbox 2515 623 2612 687; x_wconf 67' lang='lat' dir='ltr'><strong>Ha:</strong></span> <span class='ocrx_word' id='word_1_335' title='bbox 2635 633 2759 688; x_wconf 74' lang='lat' dir='ltr'><strong>sunt</strong></span> <span class='ocrx_word' id='word_1_336' title='bbox 2781 627 3129 696; x_wconf 56' lang='lat' dir='ltr'><strong>generationes</strong></span> <span class='ocrx_word' id='word_1_337' title='bbox 3146 625 3372 680; x_wconf 86' lang='lat' dir='ltr'><strong>Ismahel</strong></span> <span class='ocrx_word' id='word_1_338' title='bbox 3395 629 3492 696; x_wconf 77' lang='lat' dir='ltr'><strong>ﬁlii</strong></span> <span class='ocrx_word' id='word_1_339' title='bbox 3510 631 3671 686; x_wconf 77' lang='lat' dir='ltr'><strong>Abra-</strong></span> 
     </span>
    </p>
   </div>
   <div class='ocr_carea' id='block_1_47' title="bbox 2083 693 3672 766">
    <p class='ocr_par' dir='ltr' id='par_1_47' title="bbox 2083 693 3672 766">
     <span class='ocr_line' id='line_1_49' title="bbox 2083 693 3672 766; baseline 0.008 -22"><span class='ocrx_word' id='word_1_340' title='bbox 2083 693 2384 766; x_wconf 72' lang='lat' dir='ltr'><strong>hant.quein</strong></span> <span class='ocrx_word' id='word_1_341' title='bbox 2401 697 2590 763; x_wconf 76' lang='lat' dir='ltr'><strong>peperit</strong></span> <span class='ocrx_word' id='word_1_342' title='bbox 2605 696 2648 748; x_wconf 89' lang='lat' dir='ltr'><strong>ei</strong></span> <span class='ocrx_word' id='word_1_343' title='bbox 2662 696 2800 761; x_wconf 80' lang='lat' dir='ltr'><strong>Agar</strong></span> <span class='ocrx_word' id='word_1_344' title='bbox 2819 693 2890 748; x_wconf 59' lang='lat' dir='ltr'><strong>1E</strong></span> <span class='ocrx_word' id='word_1_345' title='bbox 2895 699 3070 766; x_wconf 76' lang='lat' dir='ltr'><strong>gyptia</strong></span> <span class='ocrx_word' id='word_1_346' title='bbox 3084 700 3281 763; x_wconf 62' lang='lat' dir='ltr'><strong>tantula</strong></span> <span class='ocrx_word' id='word_1_347' title='bbox 3301 693 3476 762; x_wconf 78' lang='lat' dir='ltr'><strong>Sorte,</strong></span> <span class='ocrx_word' id='word_1_348' title='bbox 3496 714 3543 754; x_wconf 85' lang='lat' dir='ltr'><strong>et</strong></span> <span class='ocrx_word' id='word_1_349' title='bbox 3560 704 3672 757; x_wconf 59' lang='lat' dir='ltr'><strong>lucc</strong></span> 
     </span>
    </p>
   </div>
   <div class='ocr_carea' id='block_1_48' title="bbox 2083 765 3668 837">
    <p class='ocr_par' dir='ltr' id='par_1_48' title="bbox 2083 765 3668 837">
     <span class='ocr_line' id='line_1_50' title="bbox 2083 765 3668 837; baseline 0.008 -22"><span class='ocrx_word' id='word_1_350' title='bbox 2083 767 2296 837; x_wconf 71' lang='lat' dir='ltr'><strong>nomina</strong></span> <span class='ocrx_word' id='word_1_351' title='bbox 2319 765 2547 834; x_wconf 82' lang='lat' dir='ltr'><strong>ﬁliorum</strong></span> <span class='ocrx_word' id='word_1_352' title='bbox 2577 767 2688 837; x_wconf 85' lang='lat' dir='ltr'><strong>ejus</strong></span> <span class='ocrx_word' id='word_1_353' title='bbox 2706 768 2759 828; x_wconf 85' lang='lat' dir='ltr'><strong>in</strong></span> <span class='ocrx_word' id='word_1_354' title='bbox 2777 765 3033 820; x_wconf 84' lang='lat' dir='ltr'><strong>uocabulis</strong></span> <span class='ocrx_word' id='word_1_355' title='bbox 3049 778 3098 826; x_wconf 82' lang='lat' dir='ltr'><strong>et,</strong></span> <span class='ocrx_word' id='word_1_356' title='bbox 3112 771 3521 836; x_wconf 70' lang='lat' dir='ltr'><strong>generationibus</strong></span> <span class='ocrx_word' id='word_1_357' title='bbox 3538 774 3668 829; x_wconf 87' lang='lat' dir='ltr'><strong>suis.</strong></span> 
     </span>
    </p>
   </div>
   <div class='ocr_carea' id='block_1_49' title="bbox 2083 834 3674 904">
    <p class='ocr_par' dir='ltr' id='par_1_49' title="bbox 2083 834 3674 904">
     <span class='ocr_line' id='line_1_51' title="bbox 2083 834 3674 904; baseline 0.006 -15"><span class='ocrx_word' id='word_1_358' title='bbox 2083 834 2206 904; x_wconf 19' lang='lat' dir='ltr'><strong>Non,</strong></span> <span class='ocrx_word' id='word_1_359' title='bbox 2245 837 2384 890; x_wconf 88' lang='lat' dir='ltr'><strong>enim</strong></span> <span class='ocrx_word' id='word_1_360' title='bbox 2417 839 2548 890; x_wconf 80' lang='lat' dir='ltr'><strong>satis</strong></span> <span class='ocrx_word' id='word_1_361' title='bbox 2592 834 2765 890; x_wconf 83' lang='lat' dir='ltr'><strong>elucet</strong></span> <span class='ocrx_word' id='word_1_362' title='bbox 2807 852 2902 890; x_wconf 90' lang='lat' dir='ltr'><strong>cur</strong></span> <span class='ocrx_word' id='word_1_363' title='bbox 2949 834 3190 894; x_wconf 81' lang='lat' dir='ltr'><strong>additum</strong></span> <span class='ocrx_word' id='word_1_364' title='bbox 3228 840 3331 904; x_wconf 85' lang='lat' dir='ltr'><strong>sit,</strong></span> <span class='ocrx_word' id='word_1_365' title='bbox 3370 842 3674 898; x_wconf 79' lang='lat' dir='ltr'><strong>Secundum</strong></span> 
     </span>
    </p>
   </div>
   <div class='ocr_carea' id='block_1_50' title="bbox 2083 906 3668 979">
    <p class='ocr_par' dir='ltr' id='par_1_50' title="bbox 2083 906 3668 979">
     <span class='ocr_line' id='line_1_52' title="bbox 2083 906 3668 979; baseline 0.008 -23"><span class='ocrx_word' id='word_1_366' title='bbox 2083 906 2288 960; x_wconf 88' lang='lat' dir='ltr'><strong>nomina</strong></span> <span class='ocrx_word' id='word_1_367' title='bbox 2331 909 2712 979; x_wconf 84' lang='lat' dir='ltr'><strong>generationum</strong></span> <span class='ocrx_word' id='word_1_368' title='bbox 2741 924 2943 973; x_wconf 89' lang='lat' dir='ltr'><strong>eorum,</strong></span> <span class='ocrx_word' id='word_1_369' title='bbox 2983 925 3104 963; x_wconf 89' lang='lat' dir='ltr'><strong>cum</strong></span> <span class='ocrx_word' id='word_1_370' title='bbox 3143 909 3193 963; x_wconf 92' lang='lat' dir='ltr'><strong>hi</strong></span> <span class='ocrx_word' id='word_1_371' title='bbox 3239 911 3337 964; x_wconf 84' lang='lat' dir='ltr'><strong>Snli</strong></span> <span class='ocrx_word' id='word_1_372' title='bbox 3387 917 3668 968; x_wconf 62' lang='lat' dir='ltr'><strong>nominem</strong></span> 
     </span>
    </p>
   </div>
   <div class='ocr_carea' id='block_1_51' title="bbox 2086 979 3664 1052">
    <p class='ocr_par' dir='ltr' id='par_1_51' title="bbox 2086 979 3664 1052">
     <span class='ocr_line' id='line_1_53' title="bbox 2086 979 3664 1052; baseline 0.007 -24"><span class='ocrx_word' id='word_1_373' title='bbox 2086 986 2170 1048; x_wconf 31' lang='lat' dir='ltr'><strong>tubr</strong></span> <span class='ocrx_word' id='word_1_374' title='bbox 2209 992 2340 1052; x_wconf 83' lang='lat' dir='ltr'><strong>quos</strong></span> <span class='ocrx_word' id='word_1_375' title='bbox 2366 979 2476 1052; x_wconf 80' lang='lat' dir='ltr'><strong>ille</strong></span> <span class='ocrx_word' id='word_1_376' title='bbox 2517 979 2730 1052; x_wconf 81' lang='lat' dir='ltr'><strong>genuit,</strong></span> <span class='ocrx_word' id='word_1_377' title='bbox 2775 995 2878 1052; x_wconf 84' lang='lat' dir='ltr'><strong>non</strong></span> <span class='ocrx_word' id='word_1_378' title='bbox 2909 980 3069 1034; x_wconf 90' lang='lat' dir='ltr'><strong>etiam</strong></span> <span class='ocrx_word' id='word_1_379' title='bbox 3111 983 3201 1046; x_wconf 85' lang='lat' dir='ltr'><strong>qui</strong></span> <span class='ocrx_word' id='word_1_380' title='bbox 3231 984 3300 1035; x_wconf 88' lang='lat' dir='ltr'><strong>ab</strong></span> <span class='ocrx_word' id='word_1_381' title='bbox 3338 983 3468 1045; x_wconf 78' lang='lat' dir='ltr'><strong>ipsis</strong></span> <span class='ocrx_word' id='word_1_382' title='bbox 3499 985 3664 1052; x_wconf 81' lang='lat' dir='ltr'><strong>geniti</strong></span> 
     </span>
    </p>
   </div>
   <div class='ocr_carea' id='block_1_52' title="bbox 2083 1049 3663 1122">
    <p class='ocr_par' dir='ltr' id='par_1_52' title="bbox 2083 1049 3663 1122">
     <span class='ocr_line' id='line_1_54' title="bbox 2083 1049 3663 1122; baseline 0.006 -24"><span class='ocrx_word' id='word_1_383' title='bbox 2083 1056 2206 1112; x_wconf 73' lang='lat' dir='ltr'><strong>sunt</strong></span> <span class='ocrx_word' id='word_1_384' title='bbox 2240 1049 2378 1122; x_wconf 85' lang='lat' dir='ltr'><strong>:nisi</strong></span> <span class='ocrx_word' id='word_1_385' title='bbox 2410 1051 2545 1122; x_wconf 77' lang='lat' dir='ltr'><strong>forte</strong></span> <span class='ocrx_word' id='word_1_386' title='bbox 2574 1051 2697 1117; x_wconf 85' lang='lat' dir='ltr'><strong>quia</strong></span> <span class='ocrx_word' id='word_1_387' title='bbox 2727 1051 2973 1104; x_wconf 82' lang='lat' dir='ltr'><strong>nationes</strong></span> <span class='ocrx_word' id='word_1_388' title='bbox 3005 1067 3067 1104; x_wconf 78' lang='lat' dir='ltr'><strong>ex</strong></span> <span class='ocrx_word' id='word_1_389' title='bbox 3102 1053 3204 1104; x_wconf 88' lang='lat' dir='ltr'><strong>illis</strong></span> <span class='ocrx_word' id='word_1_390' title='bbox 3241 1049 3541 1122; x_wconf 56' lang='lat' dir='ltr'><strong>pronagau&#39;e</strong></span> <span class='ocrx_word' id='word_1_391' title='bbox 3570 1071 3663 1109; x_wconf 85' lang='lat' dir='ltr'><strong>eo-</strong></span> 
     </span>
    </p>
   </div>
   <div class='ocr_carea' id='block_1_53' title="bbox 2083 1120 3664 1194">
    <p class='ocr_par' dir='ltr' id='par_1_53' title="bbox 2083 1120 3664 1194">
     <span class='ocr_line' id='line_1_55' title="bbox 2083 1120 3664 1194; baseline 0.006 -24"><span class='ocrx_word' id='word_1_392' title='bbox 2083 1133 2198 1183; x_wconf 81' lang='lat' dir='ltr'><strong>rum</strong></span> <span class='ocrx_word' id='word_1_393' title='bbox 2232 1120 2536 1194; x_wconf 71' lang='lat' dir='ltr'><strong>nominibus</strong></span> <span class='ocrx_word' id='word_1_394' title='bbox 2565 1131 2688 1194; x_wconf 69' lang='lat' dir='ltr'><strong>sunt</strong></span> <span class='ocrx_word' id='word_1_395' title='bbox 2710 1122 3011 1194; x_wconf 59' lang='lat' dir='ltr'><strong>appellatae,</strong></span> <span class='ocrx_word' id='word_1_396' title='bbox 3049 1123 3152 1194; x_wconf 84' lang='lat' dir='ltr'><strong>hoc</strong></span> <span class='ocrx_word' id='word_1_397' title='bbox 3190 1120 3544 1190; x_wconf 69' lang='lat' dir='ltr'><strong>signiﬁcatum</strong></span> <span class='ocrx_word' id='word_1_398' title='bbox 3573 1128 3664 1194; x_wconf 86' lang='lat' dir='ltr'><strong>sit,-</strong></span> 
     </span>
    </p>
   </div>
   <div class='ocr_carea' id='block_1_54' title="bbox 2083 1189 3667 1262">
    <p class='ocr_par' dir='ltr' id='par_1_54' title="bbox 2083 1189 3667 1262">
     <span class='ocr_line' id='line_1_56' title="bbox 2083 1189 3667 1262; baseline 0.007 -22"><span class='ocrx_word' id='word_1_399' title='bbox 2083 1203 2204 1260; x_wconf 86' lang='lat' dir='ltr'><strong>cum</strong></span> <span class='ocrx_word' id='word_1_400' title='bbox 2237 1189 2434 1242; x_wconf 88' lang='lat' dir='ltr'><strong>dictum</strong></span> <span class='ocrx_word' id='word_1_401' title='bbox 2454 1202 2563 1254; x_wconf 83' lang='lat' dir='ltr'><strong>est,</strong></span> <span class='ocrx_word' id='word_1_402' title='bbox 2597 1191 2892 1246; x_wconf 82' lang='lat' dir='ltr'><strong>Secundum</strong></span> <span class='ocrx_word' id='word_1_403' title='bbox 2925 1192 3131 1244; x_wconf 89' lang='lat' dir='ltr'><strong>nomina</strong></span> <span class='ocrx_word' id='word_1_404' title='bbox 3165 1189 3546 1262; x_wconf 75' lang='lat' dir='ltr'><strong>generationem</strong></span> <span class='ocrx_word' id='word_1_405' title='bbox 3574 1189 3667 1250; x_wconf 57' lang='lat' dir='ltr'><strong>eo;</strong></span> 
     </span>
    </p>
   </div>
   <div class='ocr_carea' id='block_1_55' title="bbox 2083 1262 3664 1329">
    <p class='ocr_par' dir='ltr' id='par_1_55' title="bbox 2083 1262 3664 1329">
     <span class='ocr_line' id='line_1_57' title="bbox 2083 1262 3664 1329; baseline 0.008 -19"><span class='ocrx_word' id='word_1_406' title='bbox 2083 1274 2199 1324; x_wconf 78' lang='lat' dir='ltr'><strong>rum</strong></span> <span class='ocrx_word' id='word_1_407' title='bbox 2235 1277 2256 1313; x_wconf 88' lang='lat'><strong><em>:</em></strong></span> <span class='ocrx_word' id='word_1_408' title='bbox 2295 1263 2544 1329; x_wconf 82' lang='lat' dir='ltr'><strong>quamvis</strong></span> <span class='ocrx_word' id='word_1_409' title='bbox 2589 1262 2692 1315; x_wconf 90' lang='lat' dir='ltr'><strong>hoc</strong></span> <span class='ocrx_word' id='word_1_410' title='bbox 2733 1262 2893 1315; x_wconf 88' lang='lat' dir='ltr'><strong>modo</strong></span> <span class='ocrx_word' id='word_1_411' title='bbox 2937 1262 3042 1316; x_wconf 67' lang='lat' dir='ltr'><strong>illa:</strong></span> <span class='ocrx_word' id='word_1_412' title='bbox 3084 1265 3328 1318; x_wconf 82' lang='lat' dir='ltr'><strong>nationes</strong></span> <span class='ocrx_word' id='word_1_413' title='bbox 3368 1267 3664 1322; x_wconf 76' lang='lat' dir='ltr'><strong>secundum</strong></span> 
     </span>
    </p>
   </div>
   <div class='ocr_carea' id='block_1_56' title="bbox 2085 1331 3671 1400">
    <p class='ocr_par' dir='ltr' id='par_1_56' title="bbox 2085 1331 3671 1400">
     <span class='ocr_line' id='line_1_58' title="bbox 2085 1331 3671 1400; baseline 0.006 -18"><span class='ocrx_word' id='word_1_414' title='bbox 2085 1331 2296 1400; x_wconf 83' lang='lat' dir='ltr'><strong>nomina</strong></span> <span class='ocrx_word' id='word_1_415' title='bbox 2349 1332 2604 1397; x_wconf 82' lang='lat' dir='ltr'><strong>istorum,</strong></span> <span class='ocrx_word' id='word_1_416' title='bbox 2665 1347 2768 1386; x_wconf 93' lang='lat' dir='ltr'><strong>non</strong></span> <span class='ocrx_word' id='word_1_417' title='bbox 2815 1334 2912 1385; x_wconf 88' lang='lat' dir='ltr'><strong>ista</strong></span> <span class='ocrx_word' id='word_1_418' title='bbox 2959 1337 3173 1387; x_wconf 89' lang='lat' dir='ltr'><strong>nomina</strong></span> <span class='ocrx_word' id='word_1_419' title='bbox 3220 1337 3511 1390; x_wconf 89' lang='lat' dir='ltr'><strong>secundum</strong></span> <span class='ocrx_word' id='word_1_420' title='bbox 3543 1338 3671 1391; x_wconf 83' lang='lat' dir='ltr'><strong>illas</strong></span> 
     </span>
    </p>
   </div>
   <div class='ocr_carea' id='block_1_57' title="bbox 2083 1400 3669 1472">
    <p class='ocr_par' dir='ltr' id='par_1_57' title="bbox 2083 1400 3669 1472">
     <span class='ocr_line' id='line_1_59' title="bbox 2083 1400 3669 1472; baseline 0.006 -19"><span class='ocrx_word' id='word_1_421' title='bbox 2083 1400 2384 1472; x_wconf 82' lang='lat' dir='ltr'><strong>nationes,.</strong></span> <span class='ocrx_word' id='word_1_422' title='bbox 2429 1403 2555 1469; x_wconf 87' lang='lat' dir='ltr'><strong>quia</strong></span> <span class='ocrx_word' id='word_1_423' title='bbox 2624 1403 2728 1462; x_wconf 73' lang='lat' dir='ltr'><strong>illa:</strong></span> <span class='ocrx_word' id='word_1_424' title='bbox 2783 1405 3051 1471; x_wconf 85' lang='lat' dir='ltr'><strong>posterius</strong></span> <span class='ocrx_word' id='word_1_425' title='bbox 3103 1408 3444 1460; x_wconf 79' lang='lat' dir='ltr'><strong>exstiterunt.</strong></span> <span class='ocrx_word' id='word_1_426' title='bbox 3516 1405 3669 1463; x_wconf 81' lang='lat' dir='ltr'><strong>Unde</strong></span> 
     </span>
    </p>
   </div>
   <div class='ocr_carea' id='block_1_58' title="bbox 2083 1471 3670 1542">
    <p class='ocr_par' dir='ltr' id='par_1_58' title="bbox 2083 1471 3670 1542">
     <span class='ocr_line' id='line_1_60' title="bbox 2083 1471 3670 1542; baseline 0.006 -19"><span class='ocrx_word' id='word_1_427' title='bbox 2083 1471 2329 1542; x_wconf 71' lang='lat' dir='ltr'><strong>notanda</strong></span> <span class='ocrx_word' id='word_1_428' title='bbox 2366 1473 2563 1526; x_wconf 91' lang='lat' dir='ltr'><strong>locutio</strong></span> <span class='ocrx_word' id='word_1_429' title='bbox 2615 1483 2730 1534; x_wconf 88' lang='lat' dir='ltr'><strong>est.</strong></span> <span class='ocrx_word' id='word_1_430' title='bbox 2799 1474 2919 1542; x_wconf 92' lang='lat' dir='ltr'><strong>quia</strong></span> <span class='ocrx_word' id='word_1_431' title='bbox 2975 1484 3031 1534; x_wconf 82' lang='lat' dir='ltr'><strong>et</strong></span> <span class='ocrx_word' id='word_1_432' title='bbox 3083 1483 3264 1542; x_wconf 87' lang='lat' dir='ltr'><strong>postea</strong></span> <span class='ocrx_word' id='word_1_433' title='bbox 3319 1478 3385 1530; x_wconf 83' lang='lat' dir='ltr'><strong>de</strong></span> <span class='ocrx_word' id='word_1_434' title='bbox 3440 1477 3542 1532; x_wconf 88' lang='lat' dir='ltr'><strong>illis</strong></span> <span class='ocrx_word' id='word_1_435' title='bbox 3587 1479 3670 1532; x_wconf 91' lang='lat' dir='ltr'><strong>di-</strong></span> 
     </span>
    </p>
   </div>
   <div class='ocr_carea' id='block_1_59' title="bbox 2082 1537 3663 1618">
    <p class='ocr_par' dir='ltr' id='par_1_59' title="bbox 2082 1537 3663 1618">
     <span class='ocr_line' id='line_1_61' title="bbox 2082 1537 3663 1618; baseline 0.006 -24"><span class='ocrx_word' id='word_1_436' title='bbox 2082 1544 2238 1598; x_wconf 91' lang='lat' dir='ltr'><strong>citur.</strong></span> <span class='ocrx_word' id='word_1_437' title='bbox 2293 1537 2573 1618; x_wconf 75' lang='lat' dir='ltr'><strong>Duodecim</strong></span> <span class='ocrx_word' id='word_1_438' title='bbox 2605 1537 2862 1618; x_wconf 71' lang='lat' dir='ltr'><strong>principes</strong></span> <span class='ocrx_word' id='word_1_439' title='bbox 2909 1537 3189 1599; x_wconf 81' lang='lat' dir='ltr'><strong>secundum</strong></span> <span class='ocrx_word' id='word_1_440' title='bbox 3229 1559 3400 1618; x_wconf 86' lang='lat' dir='ltr'><strong>gentes</strong></span> <span class='ocrx_word' id='word_1_441' title='bbox 3452 1565 3663 1612; x_wconf 86' lang='lat' dir='ltr'><strong>eorum,</strong></span> 
     </span>
    </p>
   </div>
   <div class='ocr_carea' id='block_1_60' title="bbox 2083 1614 3670 1688">
    <p class='ocr_par' dir='ltr' id='par_1_60' title="bbox 2083 1614 3670 1688">
     <span class='ocr_line' id='line_1_62' title="bbox 2083 1614 3670 1688; baseline 0.006 -23"><span class='ocrx_word' id='word_1_442' title='bbox 2083 1621 2354 1680; x_wconf 76' lang='lat' dir='ltr'><strong>tamquam</strong></span> <span class='ocrx_word' id='word_1_443' title='bbox 2378 1614 2624 1688; x_wconf 80' lang='lat' dir='ltr'><strong>dixisset,</strong></span> <span class='ocrx_word' id='word_1_444' title='bbox 2659 1616 2952 1688; x_wconf 84' lang='lat' dir='ltr'><strong>secundum</strong></span> <span class='ocrx_word' id='word_1_445' title='bbox 2979 1631 3099 1687; x_wconf 58' lang='lat' dir='ltr'><strong>qua!</strong></span> <span class='ocrx_word' id='word_1_446' title='bbox 3131 1614 3344 1672; x_wconf 78' lang='lat' dir='ltr'><strong>nomina</strong></span> <span class='ocrx_word' id='word_1_447' title='bbox 3367 1630 3550 1688; x_wconf 79' lang='lat' dir='ltr'><strong>gentes</strong></span> <span class='ocrx_word' id='word_1_448' title='bbox 3577 1635 3670 1675; x_wconf 90' lang='lat' dir='ltr'><strong>eo-</strong></span> 
     </span>
    </p>
   </div>
   <div class='ocr_carea' id='block_1_61' title="bbox 2083 1685 3013 1754">
    <p class='ocr_par' dir='ltr' id='par_1_61' title="bbox 2083 1685 3013 1754">
     <span class='ocr_line' id='line_1_63' title="bbox 2083 1685 3013 1754; baseline 0.008 -18"><span class='ocrx_word' id='word_1_449' title='bbox 2083 1685 2512 1754; x_wconf 18' lang='lat' dir='ltr'><strong>rumiappellalm</strong></span> <span class='ocrx_word' id='word_1_450' title='bbox 2539 1695 2682 1740; x_wconf 91' lang='lat' dir='ltr'><strong>sunt.</strong></span> <span class='ocrx_word' id='word_1_451' title='bbox 2713 1687 2970 1754; x_wconf 76' lang='lat' dir='ltr'><strong>Sequitur</strong></span> <span class='ocrx_word' id='word_1_452' title='bbox 2997 1685 3013 1743; x_wconf 78' lang='grc' dir='ltr'>Ξ</span> 
     </span>
    </p>
   </div>
   <div class='ocr_carea' id='block_1_62' title="bbox 2156 1752 3670 1826">
    <p class='ocr_par' dir='ltr' id='par_1_62' title="bbox 2156 1752 3670 1826">
     <span class='ocr_line' id='line_1_64' title="bbox 2156 1752 3670 1826; baseline 0.007 -20"><span class='ocrx_word' id='word_1_453' title='bbox 2156 1752 2332 1826; x_wconf 44' lang='lat' dir='ltr'><strong>(Vens.</strong></span> <span class='ocrx_word' id='word_1_454' title='bbox 2371 1756 2435 1810; x_wconf 79' lang='lat' dir='ltr'><strong>to</strong></span> <span class='ocrx_word' id='word_1_455' title='bbox 2466 1758 2642 1826; x_wconf 82' lang='lat' dir='ltr'><strong>seqq.)</strong></span> <span class='ocrx_word' id='word_1_456' title='bbox 2690 1752 2994 1816; x_wconf 86' lang='lat' dir='ltr'><strong>Duodecim</strong></span> <span class='ocrx_word' id='word_1_457' title='bbox 3015 1759 3269 1826; x_wconf 79' lang='lat' dir='ltr'><strong>principes</strong></span> <span class='ocrx_word' id='word_1_458' title='bbox 3298 1760 3521 1813; x_wconf 84' lang='lat' dir='ltr'><strong>tribuum</strong></span> <span class='ocrx_word' id='word_1_459' title='bbox 3549 1778 3670 1816; x_wconf 86' lang='lat' dir='ltr'><strong>sua-</strong></span> 
     </span>
    </p>
   </div>
   <div class='ocr_carea' id='block_1_63' title="bbox 2083 1822 3672 1902">
    <p class='ocr_par' dir='ltr' id='par_1_63' title="bbox 2083 1822 3672 1902">
     <span class='ocr_line' id='line_1_65' title="bbox 2083 1822 3672 1902; baseline 0.007 -27"><span class='ocrx_word' id='word_1_460' title='bbox 2083 1822 2215 1876; x_wconf 81' lang='lat' dir='ltr'><strong>rum.</strong></span> <span class='ocrx_word' id='word_1_461' title='bbox 2259 1822 2487 1902; x_wconf 66' lang='lat' dir='ltr'><strong>Etjacti</strong></span> <span class='ocrx_word' id='word_1_462' title='bbox 2515 1822 2632 1881; x_wconf 76' lang='lat' dir='ltr'><strong>suni</strong></span> <span class='ocrx_word' id='word_1_463' title='bbox 2678 1828 2798 1898; x_wconf 79' lang='lat' dir='ltr'><strong>anni</strong></span> <span class='ocrx_word' id='word_1_464' title='bbox 2828 1829 2942 1882; x_wconf 69' lang='lat' dir='ltr'><strong>vita:</strong></span> <span class='ocrx_word' id='word_1_465' title='bbox 2970 1822 3194 1883; x_wconf 82' lang='lat' dir='ltr'><strong>Ismahel</strong></span> <span class='ocrx_word' id='word_1_466' title='bbox 3223 1840 3424 1885; x_wconf 82' lang='lat' dir='ltr'><strong>centum</strong></span> <span class='ocrx_word' id='word_1_467' title='bbox 3464 1834 3672 1902; x_wconf 81' lang='lat' dir='ltr'><strong>triginta</strong></span> 
     </span>
    </p>
   </div>
   <div class='ocr_carea' id='block_1_64' title="bbox 2084 1898 3670 1972">
    <p class='ocr_par' dir='ltr' id='par_1_64' title="bbox 2084 1898 3670 1972">
     <span class='ocr_line' id='line_1_66' title="bbox 2084 1898 3670 1972; baseline 0.005 -26"><span class='ocrx_word' id='word_1_468' title='bbox 2084 1907 2290 1972; x_wconf 78' lang='lat' dir='ltr'><strong>septem.</strong></span> <span class='ocrx_word' id='word_1_469' title='bbox 2315 1898 2901 1972; x_wconf 69' lang='lat' dir='ltr'><strong>deﬁciensquemorlttus</strong></span> <span class='ocrx_word' id='word_1_470' title='bbox 2923 1903 3376 1972; x_wconf 78' lang='lat' dir='ltr'><strong>est,_etappositus</strong></span> <span class='ocrx_word' id='word_1_471' title='bbox 3408 1905 3472 1954; x_wconf 87' lang='lat' dir='ltr'><strong>ad</strong></span> <span class='ocrx_word' id='word_1_472' title='bbox 3500 1898 3670 1972; x_wconf 69' lang='lat' dir='ltr'><strong>popu-</strong></span> 
     </span>
    </p>
   </div>
   <div class='ocr_carea' id='block_1_65' title="bbox 2085 1965 3668 2042">
    <p class='ocr_par' dir='ltr' id='par_1_65' title="bbox 2085 1965 3668 2042">
     <span class='ocr_line' id='line_1_67' title="bbox 2085 1965 3668 2042; baseline 0.005 -25"><span class='ocrx_word' id='word_1_473' title='bbox 2085 1965 2191 2018; x_wconf 87' lang='lat' dir='ltr'><strong>lum</strong></span> <span class='ocrx_word' id='word_1_474' title='bbox 2211 1984 2393 2042; x_wconf 47' lang='lat' dir='ltr'><strong>suum;</strong></span> <span class='ocrx_word' id='word_1_475' title='bbox 2434 1967 2692 2023; x_wconf 82' lang='lat' dir='ltr'><strong>Habitavit</strong></span> <span class='ocrx_word' id='word_1_476' title='bbox 2730 1983 2898 2024; x_wconf 87' lang='lat' dir='ltr'><strong>autem</strong></span> <span class='ocrx_word' id='word_1_477' title='bbox 2927 1970 2989 2022; x_wconf 89' lang='lat' dir='ltr'><strong>ab</strong></span> <span class='ocrx_word' id='word_1_478' title='bbox 3013 1965 3161 2024; x_wconf 73' lang='lat' dir='ltr'><strong>Ettila</strong></span> <span class='ocrx_word' id='word_1_479' title='bbox 3186 1965 3342 2038; x_wconf 82' lang='lat' dir='ltr'><strong>usque</strong></span> <span class='ocrx_word' id='word_1_480' title='bbox 3370 1972 3477 2026; x_wconf 88' lang='lat' dir='ltr'><strong>Sur</strong></span> <span class='ocrx_word' id='word_1_481' title='bbox 3500 1965 3514 2032; x_wconf 67' lang='grc' dir='ltr'>ζ</span> <span class='ocrx_word' id='word_1_482' title='bbox 3549 1965 3668 2042; x_wconf 67' lang='lat' dir='ltr'><strong>quae</strong></span> 
     </span>
    </p>
   </div>
   <div class='ocr_carea' id='block_1_66' title="bbox 2086 2037 3663 2110">
    <p class='ocr_par' dir='ltr' id='par_1_66' title="bbox 2086 2037 3663 2110">
     <span class='ocr_line' id='line_1_68' title="bbox 2086 2037 3663 2110; baseline 0.005 -23"><span class='ocrx_word' id='word_1_483' title='bbox 2086 2039 2290 2110; x_wconf 79' lang='lat' dir='ltr'><strong>respicit</strong></span> <span class='ocrx_word' id='word_1_484' title='bbox 2320 2037 2610 2108; x_wconf 63' lang='lat' dir='ltr'><strong>xquptum</strong></span> <span class='ocrx_word' id='word_1_485' title='bbox 2639 2042 3003 2095; x_wconf 77' lang='lat' dir='ltr'><strong>introeuntibus</strong></span> <span class='ocrx_word' id='word_1_486' title='bbox 3029 2037 3298 2110; x_wconf 77' lang='lat' dir='ltr'><strong>Assyriis:</strong></span> <span class='ocrx_word' id='word_1_487' title='bbox 3331 2058 3506 2095; x_wconf 81' lang='lat' dir='ltr'><strong>eorum</strong></span> <span class='ocrx_word' id='word_1_488' title='bbox 3534 2037 3663 2095; x_wconf 73' lang='lat' dir='ltr'><strong>cun-</strong></span> 
     </span>
    </p>
   </div>
   <div class='ocr_carea' id='block_1_67' title="bbox 2087 2106 3667 2177">
    <p class='ocr_par' dir='ltr' id='par_1_67' title="bbox 2087 2106 3667 2177">
     <span class='ocr_line' id='line_1_69' title="bbox 2087 2106 3667 2177; baseline 0.006 -21"><span class='ocrx_word' id='word_1_489' title='bbox 2087 2106 2180 2177; x_wconf 75' lang='lat' dir='ltr'><strong>ctis</strong></span> <span class='ocrx_word' id='word_1_490' title='bbox 2209 2106 2454 2176; x_wconf 76' lang='lat' dir='ltr'><strong>fratribus</strong></span> <span class='ocrx_word' id='word_1_491' title='bbox 2481 2112 2586 2162; x_wconf 84' lang='lat' dir='ltr'><strong>suis</strong></span> <span class='ocrx_word' id='word_1_492' title='bbox 2634 2113 2775 2164; x_wconf 82' lang='lat' dir='ltr'><strong>obiit.</strong></span> <span class='ocrx_word' id='word_1_493' title='bbox 2804 2112 2962 2168; x_wconf 77' lang='lat' dir='ltr'><strong>Evila.</strong></span> <span class='ocrx_word' id='word_1_494' title='bbox 2995 2121 3076 2165; x_wconf 81' lang='lat' dir='ltr'><strong>est</strong></span> <span class='ocrx_word' id='word_1_495' title='bbox 3104 2106 3248 2175; x_wconf 72' lang='lat' dir='ltr'><strong>regio</strong></span> <span class='ocrx_word' id='word_1_496' title='bbox 3274 2127 3432 2177; x_wconf 86' lang='lat' dir='ltr'><strong>quant</strong></span> <span class='ocrx_word' id='word_1_497' title='bbox 3471 2113 3667 2167; x_wconf 83' lang='lat' dir='ltr'><strong>circuit</strong></span> 
     </span>
    </p>
   </div>
   <div class='ocr_carea' id='block_1_68' title="bbox 2087 2176 3668 2245">
    <p class='ocr_par' dir='ltr' id='par_1_68' title="bbox 2087 2176 3668 2245">
     <span class='ocr_line' id='line_1_70' title="bbox 2087 2176 3668 2245; baseline 0.006 -16"><span class='ocrx_word' id='word_1_498' title='bbox 2087 2176 2281 2232; x_wconf 83' lang='lat' dir='ltr'><strong>ﬂuvius</strong></span> <span class='ocrx_word' id='word_1_499' title='bbox 2329 2177 2553 2244; x_wconf 80' lang='lat' dir='ltr'><strong>Phison,</strong></span> <span class='ocrx_word' id='word_1_500' title='bbox 2605 2181 2790 2236; x_wconf 75' lang='lat' dir='ltr'><strong>exiens</strong></span> <span class='ocrx_word' id='word_1_501' title='bbox 2834 2185 2904 2236; x_wconf 87' lang='lat' dir='ltr'><strong>de</strong></span> <span class='ocrx_word' id='word_1_502' title='bbox 2941 2181 3237 2245; x_wconf 85' lang='lat' dir='ltr'><strong>Paradiso;</strong></span> <span class='ocrx_word' id='word_1_503' title='bbox 3294 2176 3433 2236; x_wconf 79' lang='lat' dir='ltr'><strong>dicta</strong></span> <span class='ocrx_word' id='word_1_504' title='bbox 3484 2190 3668 2238; x_wconf 85' lang='lat' dir='ltr'><strong>autem</strong></span> 
     </span>
    </p>
   </div>
   <div class='ocr_carea' id='block_1_69' title="bbox 2090 2247 3667 2321">
    <p class='ocr_par' dir='ltr' id='par_1_69' title="bbox 2090 2247 3667 2321">
     <span class='ocr_line' id='line_1_71' title="bbox 2090 2247 3667 2321; baseline 0.005 -21"><span class='ocrx_word' id='word_1_505' title='bbox 2090 2247 2238 2321; x_wconf 82' lang='lat' dir='ltr'><strong>Evila</strong></span> <span class='ocrx_word' id='word_1_506' title='bbox 2269 2265 2298 2302; x_wconf 91' lang='lat' dir='ltr'><strong>a</strong></span> <span class='ocrx_word' id='word_1_507' title='bbox 2329 2253 2558 2318; x_wconf 79' lang='lat' dir='ltr'><strong>quodam</strong></span> <span class='ocrx_word' id='word_1_508' title='bbox 2585 2263 2775 2321; x_wconf 75' lang='lat' dir='ltr'><strong>nepote</strong></span> <span class='ocrx_word' id='word_1_509' title='bbox 2801 2252 2929 2306; x_wconf 85' lang='lat' dir='ltr'><strong>Noe.</strong></span> <span class='ocrx_word' id='word_1_510' title='bbox 2985 2253 3079 2306; x_wconf 85' lang='lat' dir='ltr'><strong>Est</strong></span> <span class='ocrx_word' id='word_1_511' title='bbox 3106 2265 3157 2306; x_wconf 89' lang='lat' dir='ltr'><strong>et</strong></span> <span class='ocrx_word' id='word_1_512' title='bbox 3185 2253 3288 2306; x_wconf 89' lang='lat' dir='ltr'><strong>alia</strong></span> <span class='ocrx_word' id='word_1_513' title='bbox 3333 2253 3480 2306; x_wconf 83' lang='lat' dir='ltr'><strong>Evila</strong></span> <span class='ocrx_word' id='word_1_514' title='bbox 3531 2253 3667 2308; x_wconf 82' lang='lat' dir='ltr'><strong>soli-</strong></span> 
     </span>
    </p>
   </div>
   <div class='ocr_carea' id='block_1_70' title="bbox 2090 2318 3670 2395">
    <p class='ocr_par' dir='ltr' id='par_1_70' title="bbox 2090 2318 3670 2395">
     <span class='ocr_line' id='line_1_72' title="bbox 2090 2318 3670 2395; baseline 0.004 -24"><span class='ocrx_word' id='word_1_515' title='bbox 2090 2318 2221 2395; x_wconf 78' lang='lat' dir='ltr'><strong>tudo</strong></span> <span class='ocrx_word' id='word_1_516' title='bbox 2251 2329 2441 2395; x_wconf 75' lang='lat' dir='ltr'><strong>contra</strong></span> <span class='ocrx_word' id='word_1_517' title='bbox 2476 2318 2669 2395; x_wconf 66' lang='lat' dir='ltr'><strong>faciem</strong></span> <span class='ocrx_word' id='word_1_518' title='bbox 2686 2321 2926 2395; x_wconf 66' lang='lat' dir='ltr'><strong>Egypti.</strong></span> <span class='ocrx_word' id='word_1_519' title='bbox 2952 2323 3055 2377; x_wconf 92' lang='lat' dir='ltr'><strong>Sur</strong></span> <span class='ocrx_word' id='word_1_520' title='bbox 3079 2339 3292 2392; x_wconf 86' lang='lat' dir='ltr'><strong>quoque</strong></span> <span class='ocrx_word' id='word_1_521' title='bbox 3320 2324 3558 2378; x_wconf 83' lang='lat' dir='ltr'><strong>solitudo</strong></span> <span class='ocrx_word' id='word_1_522' title='bbox 3583 2335 3670 2379; x_wconf 82' lang='lat' dir='ltr'><strong>est</strong></span> 
     </span>
    </p>
   </div>
   <div class='ocr_carea' id='block_1_71' title="bbox 2091 2389 3670 2460">
    <p class='ocr_par' dir='ltr' id='par_1_71' title="bbox 2091 2389 3670 2460">
     <span class='ocr_line' id='line_1_73' title="bbox 2091 2389 3670 2460; baseline 0.004 -18"><span class='ocrx_word' id='word_1_523' title='bbox 2091 2389 2233 2446; x_wconf 88' lang='lat' dir='ltr'><strong>inter</strong></span> <span class='ocrx_word' id='word_1_524' title='bbox 2259 2391 2432 2445; x_wconf 84' lang='lat' dir='ltr'><strong>Cades</strong></span> <span class='ocrx_word' id='word_1_525' title='bbox 2460 2403 2514 2447; x_wconf 86' lang='lat' dir='ltr'><strong>et</strong></span> <span class='ocrx_word' id='word_1_526' title='bbox 2547 2389 3087 2457; x_wconf 55' lang='lat' dir='ltr'><strong>Barathfextendens</strong></span> <span class='ocrx_word' id='word_1_527' title='bbox 3111 2389 3383 2446; x_wconf 72' lang='lat' dir='ltr'><strong>desertum</strong></span> <span class='ocrx_word' id='word_1_528' title='bbox 3409 2410 3574 2460; x_wconf 85' lang='lat' dir='ltr'><strong>usque</strong></span> <span class='ocrx_word' id='word_1_529' title='bbox 3599 2395 3670 2449; x_wconf 85' lang='lat' dir='ltr'><strong>ad</strong></span> 
     </span>
    </p>
   </div>
   <div class='ocr_carea' id='block_1_72' title="bbox 2090 2462 3671 2534">
    <p class='ocr_par' dir='ltr' id='par_1_72' title="bbox 2090 2462 3671 2534">
     <span class='ocr_line' id='line_1_74' title="bbox 2090 2462 3671 2534; baseline 0.004 -20"><span class='ocrx_word' id='word_1_530' title='bbox 2090 2462 2506 2534; x_wconf 87' lang='lat' dir='ltr'><strong>mareRubrum</strong></span> <span class='ocrx_word' id='word_1_531' title='bbox 2531 2473 2586 2518; x_wconf 87' lang='lat' dir='ltr'><strong>et</strong></span> <span class='ocrx_word' id='word_1_532' title='bbox 2612 2464 2828 2534; x_wconf 64' lang='grc' dir='ltr'><strong>Ευριί</strong></span> <span class='ocrx_word' id='word_1_533' title='bbox 2858 2467 3101 2519; x_wconf 86' lang='lat' dir='ltr'><strong>conlinia.</strong></span> <span class='ocrx_word' id='word_1_534' title='bbox 3139 2465 3424 2518; x_wconf 86' lang='lat' dir='ltr'><strong>Duodecim</strong></span> <span class='ocrx_word' id='word_1_535' title='bbox 3451 2465 3540 2518; x_wconf 87' lang='lat' dir='ltr'><strong>lilii</strong></span> <span class='ocrx_word' id='word_1_536' title='bbox 3564 2467 3671 2520; x_wconf 83' lang='lat' dir='ltr'><strong>nati</strong></span> 
     </span>
    </p>
   </div>
   <div class='ocr_carea' id='block_1_73' title="bbox 2091 2533 3665 2605">
    <p class='ocr_par' dir='ltr' id='par_1_73' title="bbox 2091 2533 3665 2605">
     <span class='ocr_line' id='line_1_75' title="bbox 2091 2533 3665 2605; baseline 0.003 -20"><span class='ocrx_word' id='word_1_537' title='bbox 2091 2541 2218 2585; x_wconf 88' lang='lat' dir='ltr'><strong>sunt</strong></span> <span class='ocrx_word' id='word_1_538' title='bbox 2253 2533 2498 2598; x_wconf 78' lang='lat' dir='ltr'><strong>lsmahel,</strong></span> <span class='ocrx_word' id='word_1_539' title='bbox 2550 2549 2581 2588; x_wconf 92' lang='lat' dir='ltr'><strong>e</strong></span> <span class='ocrx_word' id='word_1_540' title='bbox 2608 2533 2800 2604; x_wconf 86' lang='lat' dir='ltr'><strong>quibus</strong></span> <span class='ocrx_word' id='word_1_541' title='bbox 2837 2536 3224 2604; x_wconf 75' lang='lat' dir='ltr'><strong>primogenitus</strong></span> <span class='ocrx_word' id='word_1_542' title='bbox 3255 2534 3352 2588; x_wconf 80' lang='lat' dir='ltr'><strong>fuit</strong></span> <span class='ocrx_word' id='word_1_543' title='bbox 3384 2535 3665 2605; x_wconf 84' lang='lat' dir='ltr'><strong>Nabajoth,</strong></span> 
     </span>
    </p>
   </div>
   <div class='ocr_carea' id='block_1_74' title="bbox 2092 2605 3672 2674">
    <p class='ocr_par' dir='ltr' id='par_1_74' title="bbox 2092 2605 3672 2674">
     <span class='ocr_line' id='line_1_76' title="bbox 2092 2605 3672 2674; baseline 0.004 -19"><span class='ocrx_word' id='word_1_544' title='bbox 2092 2617 2120 2674; x_wconf 84' lang='lat' dir='ltr'><strong>a</strong></span> <span class='ocrx_word' id='word_1_545' title='bbox 2150 2617 2258 2672; x_wconf 92' lang='lat' dir='ltr'><strong>quo</strong></span> <span class='ocrx_word' id='word_1_546' title='bbox 2288 2608 2461 2658; x_wconf 74' lang='lat' dir='ltr'><strong>omnis</strong></span> <span class='ocrx_word' id='word_1_547' title='bbox 2485 2662 2488 2668; x_wconf 52' lang='grc'>,</span> <span class='ocrx_word' id='word_1_548' title='bbox 2508 2608 2654 2674; x_wconf 91' lang='lat' dir='ltr'><strong>regio</strong></span> <span class='ocrx_word' id='word_1_549' title='bbox 2693 2607 2762 2659; x_wconf 89' lang='lat' dir='ltr'><strong>ab</strong></span> <span class='ocrx_word' id='word_1_550' title='bbox 2795 2606 3070 2672; x_wconf 84' lang='lat' dir='ltr'><strong>Euphrate</strong></span> <span class='ocrx_word' id='word_1_551' title='bbox 3093 2621 3259 2674; x_wconf 85' lang='lat' dir='ltr'><strong>usque</strong></span> <span class='ocrx_word' id='word_1_552' title='bbox 3288 2605 3354 2660; x_wconf 87' lang='lat' dir='ltr'><strong>ad</strong></span> <span class='ocrx_word' id='word_1_553' title='bbox 3387 2622 3535 2661; x_wconf 91' lang='lat' dir='ltr'><strong>mare</strong></span> <span class='ocrx_word' id='word_1_554' title='bbox 3566 2607 3672 2661; x_wconf 86' lang='lat' dir='ltr'><strong>Ru-</strong></span> 
     </span>
    </p>
   </div>
   <div class='ocr_carea' id='block_1_75' title="bbox 2092 2673 3675 2747">
    <p class='ocr_par' dir='ltr' id='par_1_75' title="bbox 2092 2673 3675 2747">
     <span class='ocr_line' id='line_1_77' title="bbox 2092 2673 3675 2747; baseline 0.004 -22"><span class='ocrx_word' id='word_1_555' title='bbox 2092 2673 2270 2747; x_wconf 78' lang='lat' dir='ltr'><strong>brum,</strong></span> <span class='ocrx_word' id='word_1_556' title='bbox 2299 2673 2770 2747; x_wconf 31' lang='lat' dir='ltr'><strong>Nabatbea’usqne</strong></span> <span class='ocrx_word' id='word_1_557' title='bbox 2801 2678 2960 2730; x_wconf 86' lang='lat' dir='ltr'><strong>hodie</strong></span> <span class='ocrx_word' id='word_1_558' title='bbox 2986 2673 3201 2737; x_wconf 88' lang='lat' dir='ltr'><strong>dicitur,</strong></span> <span class='ocrx_word' id='word_1_559' title='bbox 3236 2692 3354 2746; x_wconf 66' lang='lat' dir='ltr'><strong>qua:</strong></span> <span class='ocrx_word' id='word_1_560' title='bbox 3386 2693 3511 2747; x_wconf 87' lang='lat' dir='ltr'><strong>pars</strong></span> <span class='ocrx_word' id='word_1_561' title='bbox 3543 2681 3675 2732; x_wconf 79' lang='lat' dir='ltr'><strong>Ara-</strong></span> 
     </span>
    </p>
   </div>
   <div class='ocr_carea' id='block_1_76' title="bbox 2093 2744 3672 2816">
    <p class='ocr_par' dir='ltr' id='par_1_76' title="bbox 2093 2744 3672 2816">
     <span class='ocr_line' id='line_1_78' title="bbox 2093 2744 3672 2816; baseline 0.004 -20"><span class='ocrx_word' id='word_1_562' title='bbox 2093 2744 2195 2816; x_wconf 64' lang='lat' dir='ltr'><strong>biae</strong></span> <span class='ocrx_word' id='word_1_563' title='bbox 2219 2757 2302 2798; x_wconf 89' lang='lat' dir='ltr'><strong>est</strong></span> <span class='ocrx_word' id='word_1_564' title='bbox 2329 2785 2342 2798; x_wconf 92' lang='lat'><strong>.</strong></span> <span class='ocrx_word' id='word_1_565' title='bbox 2377 2761 2497 2800; x_wconf 89' lang='lat' dir='ltr'><strong>nam</strong></span> <span class='ocrx_word' id='word_1_566' title='bbox 2526 2758 2578 2799; x_wconf 90' lang='lat' dir='ltr'><strong>et</strong></span> <span class='ocrx_word' id='word_1_567' title='bbox 2605 2744 2822 2800; x_wconf 78' lang='lat' dir='ltr'><strong>familiae</strong></span> <span class='ocrx_word' id='word_1_568' title='bbox 2850 2762 3037 2814; x_wconf 84' lang='lat' dir='ltr'><strong>eorum</strong></span> <span class='ocrx_word' id='word_1_569' title='bbox 3071 2744 3466 2816; x_wconf 74' lang='lat' dir='ltr'><strong>oppidaqueac</strong></span> <span class='ocrx_word' id='word_1_570' title='bbox 3491 2750 3672 2805; x_wconf 67' lang='lat' dir='ltr'><strong>(tastel-</strong></span> 
     </span>
    </p>
   </div>
   <div class='ocr_carea' id='block_1_77' title="bbox 2096 2814 3670 2886">
    <p class='ocr_par' dir='ltr' id='par_1_77' title="bbox 2096 2814 3670 2886">
     <span class='ocr_line' id='line_1_79' title="bbox 2096 2814 3670 2886; baseline 0.005 -20"><span class='ocrx_word' id='word_1_571' title='bbox 2096 2814 2143 2886; x_wconf 90' lang='lat' dir='ltr'><strong>l_a</strong></span> <span class='ocrx_word' id='word_1_572' title='bbox 2173 2818 2399 2881; x_wconf 88' lang='lat' dir='ltr'><strong>munita,</strong></span> <span class='ocrx_word' id='word_1_573' title='bbox 2430 2827 2484 2870; x_wconf 91' lang='lat' dir='ltr'><strong>et</strong></span> <span class='ocrx_word' id='word_1_574' title='bbox 2518 2817 2688 2870; x_wconf 86' lang='lat' dir='ltr'><strong>tribus</strong></span> <span class='ocrx_word' id='word_1_575' title='bbox 2714 2816 2904 2870; x_wconf 87' lang='lat' dir='ltr'><strong>horum</strong></span> <span class='ocrx_word' id='word_1_576' title='bbox 2931 2814 3670 2886; x_wconf 38' lang='lat' dir='ltr'><strong>appellatione—celebrantur.</strong></span> 
     </span>
    </p>
   </div>
   <div class='ocr_carea' id='block_1_78' title="bbox 2093 2884 3670 2958">
    <p class='ocr_par' dir='ltr' id='par_1_78' title="bbox 2093 2884 3670 2958">
     <span class='ocr_line' id='line_1_80' title="bbox 2093 2884 3670 2958; baseline 0.002 -18"><span class='ocrx_word' id='word_1_577' title='bbox 2093 2884 2244 2952; x_wconf 86' lang='lat' dir='ltr'><strong>Quod</strong></span> <span class='ocrx_word' id='word_1_578' title='bbox 2259 2895 2451 2958; x_wconf 66' lang='lat' dir='ltr'><strong>autem</strong></span> <span class='ocrx_word' id='word_1_579' title='bbox 2481 2888 2532 2940; x_wconf 92' lang='lat' dir='ltr'><strong>in</strong></span> <span class='ocrx_word' id='word_1_580' title='bbox 2559 2898 2802 2940; x_wconf 85' lang='lat' dir='ltr'><strong>extremo</strong></span> <span class='ocrx_word' id='word_1_581' title='bbox 2844 2884 3015 2956; x_wconf 75' lang='lat' dir='ltr'><strong>hujus</strong></span> <span class='ocrx_word' id='word_1_582' title='bbox 3043 2889 3121 2942; x_wconf 88' lang='lat' dir='ltr'><strong>rei</strong></span> <span class='ocrx_word' id='word_1_583' title='bbox 3151 2890 3384 2956; x_wconf 72' lang='lat' dir='ltr'><strong>capitulo</strong></span> <span class='ocrx_word' id='word_1_584' title='bbox 3413 2892 3670 2958; x_wconf 87' lang='lat' dir='ltr'><strong>scriptum</strong></span> 
     </span>
    </p>
   </div>
   <div class='ocr_carea' id='block_1_79' title="bbox 2094 2956 3668 3027">
    <p class='ocr_par' dir='ltr' id='par_1_79' title="bbox 2094 2956 3668 3027">
     <span class='ocr_line' id='line_1_81' title="bbox 2094 2956 3668 3027; baseline 0.003 -17"><span class='ocrx_word' id='word_1_585' title='bbox 2094 2965 2177 3010; x_wconf 86' lang='lat' dir='ltr'><strong>est</strong></span> <span class='ocrx_word' id='word_1_586' title='bbox 2197 2997 2210 3021; x_wconf 95' lang='lat'><strong>,</strong></span> <span class='ocrx_word' id='word_1_587' title='bbox 2243 2956 2426 3010; x_wconf 86' lang='lat' dir='ltr'><strong>Coram</strong></span> <span class='ocrx_word' id='word_1_588' title='bbox 2453 2958 2686 3010; x_wconf 85' lang='lat' dir='ltr'><strong>omnibus</strong></span> <span class='ocrx_word' id='word_1_589' title='bbox 2715 2959 2958 3027; x_wconf 75' lang='lat' dir='ltr'><strong>fratribus</strong></span> <span class='ocrx_word' id='word_1_590' title='bbox 2983 2959 3088 3011; x_wconf 87' lang='lat' dir='ltr'><strong>suis</strong></span> <span class='ocrx_word' id='word_1_591' title='bbox 3123 2960 3368 3023; x_wconf 81' lang='lat' dir='ltr'><strong>occubuit,</strong></span> <span class='ocrx_word' id='word_1_592' title='bbox 3400 2961 3448 3013; x_wconf 90' lang='lat' dir='ltr'><strong>id</strong></span> <span class='ocrx_word' id='word_1_593' title='bbox 3475 2956 3583 3025; x_wconf 76' lang='lat' dir='ltr'><strong>est,</strong></span> <span class='ocrx_word' id='word_1_594' title='bbox 3619 2962 3668 3014; x_wconf 89' lang='lat' dir='ltr'><strong>in</strong></span> 
     </span>
    </p>
   </div>
   <div class='ocr_carea' id='block_1_80' title="bbox 2097 3028 3670 3090">
    <p class='ocr_par' dir='ltr' id='par_1_80' title="bbox 2097 3028 3670 3090">
     <span class='ocr_line' id='line_1_82' title="bbox 2097 3028 3670 3090; baseline 0.003 -10"><span class='ocrx_word' id='word_1_595' title='bbox 2097 3028 2341 3082; x_wconf 87' lang='lat' dir='ltr'><strong>manibus</strong></span> <span class='ocrx_word' id='word_1_596' title='bbox 2381 3033 2618 3084; x_wconf 89' lang='lat' dir='ltr'><strong>omnium</strong></span> <span class='ocrx_word' id='word_1_597' title='bbox 2649 3029 2876 3083; x_wconf 72' lang='lat' dir='ltr'><strong>liliorutn</strong></span> <span class='ocrx_word' id='word_1_598' title='bbox 2907 3043 3126 3083; x_wconf 83' lang='lat' dir='ltr'><strong>suorum</strong></span> <span class='ocrx_word' id='word_1_599' title='bbox 3156 3039 3395 3084; x_wconf 84' lang='lat' dir='ltr'><strong>mortuus</strong></span> <span class='ocrx_word' id='word_1_600' title='bbox 3421 3039 3530 3090; x_wconf 89' lang='lat' dir='ltr'><strong>est.</strong></span> <span class='ocrx_word' id='word_1_601' title='bbox 3575 3047 3670 3084; x_wconf 82' lang='lat' dir='ltr'><strong>su-</strong></span> 
     </span>
    </p>
   </div>
   <div class='ocr_carea' id='block_1_81' title="bbox 2096 3100 3673 3170">
    <p class='ocr_par' dir='ltr' id='par_1_81' title="bbox 2096 3100 3673 3170">
     <span class='ocr_line' id='line_1_83' title="bbox 2096 3100 3673 3170; baseline 0.001 -19"><span class='ocrx_word' id='word_1_602' title='bbox 2096 3101 2407 3170; x_wconf 62' lang='grc' dir='ltr'><strong>ρει-8111111118</strong></span> <span class='ocrx_word' id='word_1_603' title='bbox 2447 3100 2662 3163; x_wconf 88' lang='lat' dir='ltr'><strong>liberis,</strong></span> <span class='ocrx_word' id='word_1_604' title='bbox 2689 3109 2775 3170; x_wconf 19' lang='lat' dir='ltr'><strong>Wet</strong></span> <span class='ocrx_word' id='word_1_605' title='bbox 2803 3101 2950 3154; x_wconf 90' lang='lat' dir='ltr'><strong>nullo</strong></span> <span class='ocrx_word' id='word_1_606' title='bbox 2981 3101 3127 3162; x_wconf 85' lang='lat' dir='ltr'><strong>prius</strong></span> <span class='ocrx_word' id='word_1_607' title='bbox 3165 3110 3340 3156; x_wconf 80' lang='lat' dir='ltr'><strong>morte</strong></span> <span class='ocrx_word' id='word_1_608' title='bbox 3389 3109 3673 3170; x_wconf 67' lang='lat' dir='ltr'><strong>praerepto.</strong></span> 
     </span>
    </p>
   </div>
   <div class='ocr_carea' id='block_1_82' title="bbox 419 3165 3680 3250">
    <p class='ocr_par' dir='ltr' id='par_1_82' title="bbox 419 3165 3680 3250">
     <span class='ocr_line' id='line_1_84' title="bbox 419 3165 3680 3250; baseline 0 -27"><span class='ocrx_word' id='word_1_609' title='bbox 419 3173 662 3250; x_wconf 73' lang='lat' dir='ltr'><strong>mortalis</strong></span> <span class='ocrx_word' id='word_1_610' title='bbox 677 3165 1104 3250; x_wconf 33' lang='lat' dir='ltr'><strong>carnislpon‘dere</strong></span> <span class='ocrx_word' id='word_1_611' title='bbox 1132 3174 1342 3250; x_wconf 80' lang='lat' dir='ltr'><strong>toleret.</strong></span> <span class='ocrx_word' id='word_1_612' title='bbox 1368 3171 1516 3250; x_wconf 79' lang='lat' dir='ltr'><strong>lsaac</strong></span> <span class='ocrx_word' id='word_1_613' title='bbox 1537 3165 1665 3250; x_wconf 71' lang='lat' dir='ltr'><strong>vero</strong></span> <span class='ocrx_word' id='word_1_614' title='bbox 1686 3181 1739 3227; x_wconf 89' lang='lat' dir='ltr'><strong>et</strong></span> <span class='ocrx_word' id='word_1_615' title='bbox 1753 3171 1995 3250; x_wconf 77' lang='lat' dir='ltr'><strong>Rebecca</strong></span> <span class='ocrx_word' id='word_1_616' title='bbox 2022 3173 2066 3234; x_wconf 84' lang='lat' dir='ltr'>C</span> <span class='ocrx_word' id='word_1_617' title='bbox 2100 3165 2520 3250; x_wconf 29' lang='lat' dir='ltr'><strong>Fratres‘autem</strong></span> <span class='ocrx_word' id='word_1_618' title='bbox 2553 3184 2651 3238; x_wconf 91' lang='lat' dir='ltr'><strong>pro</strong></span> <span class='ocrx_word' id='word_1_619' title='bbox 2678 3169 2799 3250; x_wconf 76' lang='lat' dir='ltr'><strong>(iliis</strong></span> <span class='ocrx_word' id='word_1_620' title='bbox 2839 3172 3128 3250; x_wconf 68' lang='lat' dir='ltr'><strong>appellari,</strong></span> <span class='ocrx_word' id='word_1_621' title='bbox 3166 3170 3334 3227; x_wconf 81' lang='lat' dir='ltr'><strong>Jacob</strong></span> <span class='ocrx_word' id='word_1_622' title='bbox 3364 3165 3576 3240; x_wconf 75' lang='lat' dir='ltr'><strong>quoque</strong></span> <span class='ocrx_word' id='word_1_623' title='bbox 3610 3173 3680 3225; x_wconf 81' lang='lat' dir='ltr'><strong>ad</strong></span> 
     </span>
    </p>
   </div>
   <div class='ocr_carea' id='block_1_83' title="bbox 416 3241 1997 3311">
    <p class='ocr_par' dir='ltr' id='par_1_83' title="bbox 416 3241 1997 3311">
     <span class='ocr_line' id='line_1_85' title="bbox 416 3241 1997 3311; baseline -0.001 -11"><span class='ocrx_word' id='word_1_624' title='bbox 416 3241 672 3311; x_wconf 67' lang='lat' dir='ltr'><strong>innititur,</strong></span> <span class='ocrx_word' id='word_1_625' title='bbox 706 3245 757 3298; x_wconf 92' lang='lat' dir='ltr'><strong>id</strong></span> <span class='ocrx_word' id='word_1_626' title='bbox 788 3241 890 3309; x_wconf 77' lang='lat' dir='ltr'><strong>est,</strong></span> <span class='ocrx_word' id='word_1_627' title='bbox 923 3246 1063 3300; x_wconf 88' lang='lat' dir='ltr'><strong>risus</strong></span> <span class='ocrx_word' id='word_1_628' title='bbox 1093 3255 1146 3299; x_wconf 90' lang='lat' dir='ltr'><strong>et</strong></span> <span class='ocrx_word' id='word_1_629' title='bbox 1174 3246 1428 3311; x_wconf 88' lang='lat' dir='ltr'><strong>patientia</strong></span> <span class='ocrx_word' id='word_1_630' title='bbox 1470 3241 1840 3311; x_wconf 88' lang='lat' dir='ltr'><strong>permiscetur,</strong></span> <span class='ocrx_word' id='word_1_631' title='bbox 1874 3246 1997 3310; x_wconf 85' lang='lat' dir='ltr'><strong>quia</strong></span> 
     </span>
    </p>
   </div>
   <div class='ocr_carea' id='block_1_84' title="bbox 419 3309 2000 3386">
    <p class='ocr_par' dir='ltr' id='par_1_84' title="bbox 419 3309 2000 3386">
     <span class='ocr_line' id='line_1_86' title="bbox 419 3309 2000 3386; baseline 0.003 -23"><span class='ocrx_word' id='word_1_632' title='bbox 419 3309 480 3386; x_wconf 81' lang='lat' dir='ltr'><strong>iit</strong></span> <span class='ocrx_word' id='word_1_633' title='bbox 510 3313 564 3364; x_wconf 92' lang='lat' dir='ltr'><strong>in</strong></span> <span class='ocrx_word' id='word_1_634' title='bbox 589 3324 771 3369; x_wconf 88' lang='lat' dir='ltr'><strong>sancta</strong></span> <span class='ocrx_word' id='word_1_635' title='bbox 797 3315 1029 3386; x_wconf 81' lang='lat' dir='ltr'><strong>Ecclesia</strong></span> <span class='ocrx_word' id='word_1_636' title='bbox 1057 3317 1155 3368; x_wconf 86' lang='lat' dir='ltr'><strong>hoc</strong></span> <span class='ocrx_word' id='word_1_637' title='bbox 1177 3309 1318 3386; x_wconf 77' lang='lat' dir='ltr'><strong>quod</strong></span> <span class='ocrx_word' id='word_1_638' title='bbox 1347 3309 1602 3386; x_wconf 58' lang='lat' dir='ltr'><strong>scriptum</strong></span> <span class='ocrx_word' id='word_1_639' title='bbox 1629 3323 1732 3378; x_wconf 88' lang='lat' dir='ltr'><strong>est,</strong></span> <span class='ocrx_word' id='word_1_640' title='bbox 1751 3309 2000 3386; x_wconf 76' lang='lat' dir='ltr'><strong>Spegau-</strong></span> 
     </span>
    </p>
   </div>
   <div class='ocr_carea' id='block_1_85' title="bbox 421 3381 2001 3458">
    <p class='ocr_par' dir='ltr' id='par_1_85' title="bbox 421 3381 2001 3458">
     <span class='ocr_line' id='line_1_87' title="bbox 421 3381 2001 3458; baseline 0.005 -24"><span class='ocrx_word' id='word_1_641' title='bbox 421 3383 615 3450; x_wconf 77' lang='lat' dir='ltr'><strong>dentes,</strong></span> <span class='ocrx_word' id='word_1_642' title='bbox 641 3386 696 3438; x_wconf 88' lang='lat' dir='ltr'><strong>in</strong></span> <span class='ocrx_word' id='word_1_643' title='bbox 726 3385 1048 3458; x_wconf 80' lang='lat' dir='ltr'><strong>tribulatione</strong></span> <span class='ocrx_word' id='word_1_644' title='bbox 1084 3381 1330 3458; x_wconf 73' lang='lat' dir='ltr'><strong>patientes</strong></span> <span class='ocrx_word' id='word_1_645' title='bbox 1361 3382 1549 3458; x_wconf 40' lang='lat' dir='ltr'><strong>(Ibidu</strong></span> <span class='ocrx_word' id='word_1_646' title='bbox 1582 3386 1679 3455; x_wconf 83' lang='lat' dir='ltr'><strong>xu)</strong></span> <span class='ocrx_word' id='word_1_647' title='bbox 1713 3401 1728 3439; x_wconf 85' lang='lat'><strong>:</strong></span> <span class='ocrx_word' id='word_1_648' title='bbox 1778 3381 1834 3439; x_wconf 86' lang='lat' dir='ltr'><strong>ut</strong></span> <span class='ocrx_word' id='word_1_649' title='bbox 1865 3381 2001 3458; x_wconf 70' lang='lat' dir='ltr'><strong>hanc</strong></span> 
     </span>
    </p>
   </div>
   <div class='ocr_carea' id='block_1_86' title="bbox 421 3456 2002 3524">
    <p class='ocr_par' dir='ltr' id='par_1_86' title="bbox 421 3456 2002 3524">
     <span class='ocr_line' id='line_1_88' title="bbox 421 3456 2002 3524; baseline 0.002 -17"><span class='ocrx_word' id='word_1_650' title='bbox 421 3463 485 3524; x_wconf 73' lang='lat' dir='ltr'><strong>et</strong></span> <span class='ocrx_word' id='word_1_651' title='bbox 510 3469 759 3522; x_wconf 85' lang='lat' dir='ltr'><strong>prospera</strong></span> <span class='ocrx_word' id='word_1_652' title='bbox 803 3456 870 3508; x_wconf 90' lang='lat' dir='ltr'><strong>de</strong></span> <span class='ocrx_word' id='word_1_653' title='bbox 909 3456 1650 3524; x_wconf 53' lang='lat' dir='ltr'><strong>eontetnplatione&#39;ltetilicent</strong></span> <span class='ocrx_word' id='word_1_654' title='bbox 1680 3496 1696 3520; x_wconf 92' lang='lat'><strong>,</strong></span> <span class='ocrx_word' id='word_1_655' title='bbox 1744 3467 1799 3510; x_wconf 88' lang='lat' dir='ltr'><strong>et</strong></span> <span class='ocrx_word' id='word_1_656' title='bbox 1826 3456 2002 3510; x_wconf 85' lang='lat' dir='ltr'><strong>adhuc</strong></span> 
     </span>
    </p>
   </div>
   <div class='ocr_carea' id='block_1_87' title="bbox 422 3521 2002 3598">
    <p class='ocr_par' dir='ltr' id='par_1_87' title="bbox 422 3521 2002 3598">
     <span class='ocr_line' id='line_1_89' title="bbox 422 3521 2002 3598; baseline 0.001 -19"><span class='ocrx_word' id='word_1_657' title='bbox 422 3521 646 3598; x_wconf 67' lang='lat' dir='ltr'><strong>adversa</strong></span> <span class='ocrx_word' id='word_1_658' title='bbox 675 3521 1483 3598; x_wconf 38' lang='lat' dir='ltr'><strong>de‘tribulationeperturbent.</strong></span> <span class='ocrx_word' id='word_1_659' title='bbox 1524 3526 1774 3596; x_wconf 86' lang='lat' dir='ltr'><strong>Sequitur</strong></span> <span class='ocrx_word' id='word_1_660' title='bbox 1807 3545 1819 3580; x_wconf 91' lang='lat'><strong>:</strong></span> <span class='ocrx_word' id='word_1_661' title='bbox 1881 3596 1886 3598; x_wconf 81' lang='lat'><strong><em>_</em></strong></span> <span class='ocrx_word' id='word_1_662' title='bbox 1995 3583 2002 3592; x_wconf 38' lang='lat'><strong><em>‘</em></strong></span> 
     </span>
    </p>
   </div>
   <div class='ocr_carea' id='block_1_88' title="bbox 497 3593 2003 3668">
    <p class='ocr_par' dir='ltr' id='par_1_88' title="bbox 497 3593 2003 3668">
     <span class='ocr_line' id='line_1_90' title="bbox 497 3593 2003 3668; baseline 0.004 -24"><span class='ocrx_word' id='word_1_663' title='bbox 497 3593 650 3666; x_wconf 74' lang='lat' dir='ltr'><strong>(Cap.</strong></span> <span class='ocrx_word' id='word_1_664' title='bbox 676 3593 842 3668; x_wconf 49' lang='lat' dir='ltr'><strong>XXV.</strong></span> <span class='ocrx_word' id='word_1_665' title='bbox 866 3593 1114 3668; x_wconf 54' lang='lat' dir='ltr'><strong>-:\t&#39;ers.</strong></span> <span class='ocrx_word' id='word_1_666' title='bbox 1152 3593 1224 3668; x_wconf 86' lang='grc'><strong>1.)</strong></span> <span class='ocrx_word' id='word_1_667' title='bbox 1255 3597 1510 3652; x_wconf 77' lang='lat' dir='ltr'><strong>Abraham</strong></span> <span class='ocrx_word' id='word_1_668' title='bbox 1528 3593 1642 3651; x_wconf 82' lang='lat' dir='ltr'><strong>vero</strong></span> <span class='ocrx_word' id='word_1_669' title='bbox 1671 3598 1826 3652; x_wconf 88' lang='lat' dir='ltr'><strong>aliam</strong></span> <span class='ocrx_word' id='word_1_670' title='bbox 1853 3596 2003 3653; x_wconf 72' lang='lat' dir='ltr'><strong>duxit</strong></span> 
     </span>
    </p>
   </div>
   <div class='ocr_carea' id='block_1_89' title="bbox 425 3665 2002 3736">
    <p class='ocr_par' dir='ltr' id='par_1_89' title="bbox 425 3665 2002 3736">
     <span class='ocr_line' id='line_1_91' title="bbox 425 3665 2002 3736; baseline 0.003 -19"><span class='ocrx_word' id='word_1_671' title='bbox 425 3680 655 3729; x_wconf 78' lang='lat' dir='ltr'><strong>uxorem,</strong></span> <span class='ocrx_word' id='word_1_672' title='bbox 685 3666 888 3718; x_wconf 87' lang='lat' dir='ltr'><strong>nomine</strong></span> <span class='ocrx_word' id='word_1_673' title='bbox 913 3665 1213 3722; x_wconf 70' lang='lat' dir='ltr'><strong>Cethuram.</strong></span> <span class='ocrx_word' id='word_1_674' title='bbox 1238 3667 1474 3736; x_wconf 67' lang='lat' dir='ltr'><strong>Quzestio</strong></span> <span class='ocrx_word' id='word_1_675' title='bbox 1499 3669 1583 3722; x_wconf 86' lang='lat' dir='ltr'><strong>hic</strong></span> <span class='ocrx_word' id='word_1_676' title='bbox 1609 3679 1774 3731; x_wconf 89' lang='lat' dir='ltr'><strong>esset,</strong></span> <span class='ocrx_word' id='word_1_677' title='bbox 1803 3670 1847 3723; x_wconf 88' lang='lat' dir='ltr'><strong>si</strong></span> <span class='ocrx_word' id='word_1_678' title='bbox 1875 3685 2002 3736; x_wconf 84' lang='lat' dir='ltr'><strong>pec-</strong></span> 
     </span>
    </p>
   </div>
   <div class='ocr_carea' id='block_1_90' title="bbox 425 3739 2006 3810">
    <p class='ocr_par' dir='ltr' id='par_1_90' title="bbox 425 3739 2006 3810">
     <span class='ocr_line' id='line_1_92' title="bbox 425 3739 2006 3810; baseline 0.004 -21"><span class='ocrx_word' id='word_1_679' title='bbox 425 3745 600 3789; x_wconf 87' lang='lat' dir='ltr'><strong>catmn</strong></span> <span class='ocrx_word' id='word_1_680' title='bbox 633 3744 818 3810; x_wconf 67' lang='lat' dir='ltr'><strong>e~s_et,</strong></span> <span class='ocrx_word' id='word_1_681' title='bbox 870 3739 1100 3810; x_wconf 80' lang='lat' dir='ltr'><strong>maxime</strong></span> <span class='ocrx_word' id='word_1_682' title='bbox 1142 3739 1194 3792; x_wconf 94' lang='lat' dir='ltr'><strong>in</strong></span> <span class='ocrx_word' id='word_1_683' title='bbox 1234 3741 1464 3810; x_wconf 88' lang='lat' dir='ltr'><strong>antiquis</strong></span> <span class='ocrx_word' id='word_1_684' title='bbox 1494 3740 1744 3794; x_wconf 88' lang='lat' dir='ltr'><strong>dantibus</strong></span> <span class='ocrx_word' id='word_1_685' title='bbox 1783 3754 2006 3801; x_wconf 81' lang='lat' dir='ltr'><strong>cperam</strong></span> 
     </span>
    </p>
   </div>
   <div class='ocr_carea' id='block_1_91' title="bbox 428 3806 2003 3880">
    <p class='ocr_par' dir='ltr' id='par_1_91' title="bbox 428 3806 2003 3880">
     <span class='ocr_line' id='line_1_93' title="bbox 428 3806 2003 3880; baseline 0.003 -22"><span class='ocrx_word' id='word_1_686' title='bbox 428 3806 784 3880; x_wconf 71' lang='lat' dir='ltr'><strong>propagandae</strong></span> <span class='ocrx_word' id='word_1_687' title='bbox 828 3809 984 3880; x_wconf 84' lang='lat' dir='ltr'><strong>proli.</strong></span> <span class='ocrx_word' id='word_1_688' title='bbox 1039 3809 1222 3879; x_wconf 84' lang='lat' dir='ltr'><strong>Neque</strong></span> <span class='ocrx_word' id='word_1_689' title='bbox 1254 3806 1635 3866; x_wconf 60' lang='lat' dir='ltr'><strong>incontinentia</strong></span> <span class='ocrx_word' id='word_1_690' title='bbox 1681 3812 2003 3880; x_wconf 85' lang='lat' dir='ltr'><strong>suspicanda</strong></span> 
     </span>
    </p>
   </div>
   <div class='ocr_carea' id='block_1_92' title="bbox 426 3878 2002 3951">
    <p class='ocr_par' dir='ltr' id='par_1_92' title="bbox 426 3878 2002 3951">
     <span class='ocr_line' id='line_1_94' title="bbox 426 3878 2002 3951; baseline 0.003 -23"><span class='ocrx_word' id='word_1_691' title='bbox 426 3887 510 3951; x_wconf 79' lang='lat' dir='ltr'><strong>est</strong></span> <span class='ocrx_word' id='word_1_692' title='bbox 530 3878 809 3951; x_wconf 84' lang='lat' dir='ltr'><strong>_tantiviri,</strong></span> <span class='ocrx_word' id='word_1_693' title='bbox 830 3880 892 3951; x_wconf 84' lang='lat' dir='ltr'><strong>_in</strong></span> <span class='ocrx_word' id='word_1_694' title='bbox 925 3878 1010 3951; x_wconf 79' lang='lat' dir='ltr'><strong>illa</strong></span> <span class='ocrx_word' id='word_1_695' title='bbox 1040 3878 1333 3951; x_wconf 65' lang='lat' dir='ltr'><strong>praesertim</strong></span> <span class='ocrx_word' id='word_1_696' title='bbox 1356 3881 1464 3951; x_wconf 86' lang='lat' dir='ltr'><strong>jam</strong></span> <span class='ocrx_word' id='word_1_697' title='bbox 1488 3892 1666 3937; x_wconf 70' lang='lat' dir='ltr'><strong>actate.</strong></span> <span class='ocrx_word' id='word_1_698' title='bbox 1690 3878 1799 3935; x_wconf 80' lang='lat' dir='ltr'><strong>Cur</strong></span> <span class='ocrx_word' id='word_1_699' title='bbox 1825 3892 2002 3935; x_wconf 87' lang='lat' dir='ltr'><strong>autem</strong></span> 
     </span>
    </p>
   </div>
   <div class='ocr_carea' id='block_1_93' title="bbox 429 3945 2004 4019">
    <p class='ocr_par' dir='ltr' id='par_1_93' title="bbox 429 3945 2004 4019">
     <span class='ocr_line' id='line_1_95' title="bbox 429 3945 2004 4019; baseline 0.003 -19"><span class='ocrx_word' id='word_1_700' title='bbox 429 3945 498 4019; x_wconf 81' lang='lat' dir='ltr'><strong>de</strong></span> <span class='ocrx_word' id='word_1_701' title='bbox 528 3946 626 4000; x_wconf 88' lang='lat' dir='ltr'><strong>hac</strong></span> <span class='ocrx_word' id='word_1_702' title='bbox 659 3950 794 4002; x_wconf 87' lang='lat' dir='ltr'><strong>lilios</strong></span> <span class='ocrx_word' id='word_1_703' title='bbox 824 3945 1052 4017; x_wconf 76' lang='lat' dir='ltr'><strong>fecerit,</strong></span> <span class='ocrx_word' id='word_1_704' title='bbox 1073 3950 1166 4019; x_wconf 90' lang='lat' dir='ltr'><strong>qui</strong></span> <span class='ocrx_word' id='word_1_705' title='bbox 1192 3966 1309 4005; x_wconf 86' lang='lat' dir='ltr'><strong>cunt</strong></span> <span class='ocrx_word' id='word_1_706' title='bbox 1339 3945 1593 4007; x_wconf 79' lang='lat' dir='ltr'><strong>miraculo</strong></span> <span class='ocrx_word' id='word_1_707' title='bbox 1638 3952 1703 4006; x_wconf 89' lang='lat' dir='ltr'><strong>de</strong></span> <span class='ocrx_word' id='word_1_708' title='bbox 1735 3953 1866 4006; x_wconf 85' lang='lat' dir='ltr'><strong>Sara</strong></span> <span class='ocrx_word' id='word_1_709' title='bbox 1891 3951 2004 4019; x_wconf 87' lang='lat' dir='ltr'><strong>jam</strong></span> 
     </span>
    </p>
   </div>
   <div class='ocr_carea' id='block_1_94' title="bbox 429 4016 2006 4091">
    <p class='ocr_par' dir='ltr' id='par_1_94' title="bbox 429 4016 2006 4091">
     <span class='ocr_line' id='line_1_96' title="bbox 429 4016 2006 4091; baseline 0.004 -22"><span class='ocrx_word' id='word_1_710' title='bbox 429 4016 652 4091; x_wconf 79' lang='lat' dir='ltr'><strong>fecerat,</strong></span> <span class='ocrx_word' id='word_1_711' title='bbox 687 4033 843 4088; x_wconf 89' lang='lat' dir='ltr'><strong>supra</strong></span> <span class='ocrx_word' id='word_1_712' title='bbox 872 4016 1069 4076; x_wconf 81' lang='lat' dir='ltr'><strong>dictum</strong></span> <span class='ocrx_word' id='word_1_713' title='bbox 1092 4016 1179 4076; x_wconf 76' lang='lat' dir='ltr'><strong>est</strong></span> <span class='ocrx_word' id='word_1_714' title='bbox 1212 4040 1225 4076; x_wconf 90' lang='lat'><strong>:</strong></span> <span class='ocrx_word' id='word_1_715' title='bbox 1267 4023 1392 4091; x_wconf 90' lang='lat' dir='ltr'><strong>quid</strong></span> <span class='ocrx_word' id='word_1_716' title='bbox 1423 4024 1465 4076; x_wconf 89' lang='lat' dir='ltr'><strong>si</strong></span> <span class='ocrx_word' id='word_1_717' title='bbox 1494 4024 1636 4077; x_wconf 88' lang='lat' dir='ltr'><strong>enim</strong></span> <span class='ocrx_word' id='word_1_718' title='bbox 1665 4033 1719 4075; x_wconf 92' lang='lat' dir='ltr'><strong>et</strong></span> <span class='ocrx_word' id='word_1_719' title='bbox 1749 4022 1850 4076; x_wconf 89' lang='lat' dir='ltr'><strong>hoc</strong></span> <span class='ocrx_word' id='word_1_720' title='bbox 1885 4016 2006 4086; x_wconf 77' lang='lat' dir='ltr'><strong>pro-</strong></span> 
     </span>
    </p>
   </div>
   <div class='ocr_carea' id='block_1_95' title="bbox 428 4087 2005 4162">
    <p class='ocr_par' dir='ltr' id='par_1_95' title="bbox 428 4087 2005 4162">
     <span class='ocr_line' id='line_1_97' title="bbox 428 4087 2005 4162; baseline 0.003 -22"><span class='ocrx_word' id='word_1_721' title='bbox 428 4087 599 4162; x_wconf 71' lang='lat' dir='ltr'><strong>yisum</strong></span> <span class='ocrx_word' id='word_1_722' title='bbox 631 4098 716 4162; x_wconf 78' lang='lat' dir='ltr'><strong>est</strong></span> <span class='ocrx_word' id='word_1_723' title='bbox 752 4092 803 4162; x_wconf 91' lang='lat' dir='ltr'><strong>in</strong></span> <span class='ocrx_word' id='word_1_724' title='bbox 835 4091 952 4160; x_wconf 90' lang='lat' dir='ltr'><strong>ipso</strong></span> <span class='ocrx_word' id='word_1_725' title='bbox 980 4099 1127 4157; x_wconf 84' lang='lat' dir='ltr'><strong>patre</strong></span> <span class='ocrx_word' id='word_1_726' title='bbox 1151 4087 1436 4147; x_wconf 80' lang='lat' dir='ltr'><strong>multarum</strong></span> <span class='ocrx_word' id='word_1_727' title='bbox 1462 4095 1697 4162; x_wconf 86' lang='lat' dir='ltr'><strong>gentium</strong></span> <span class='ocrx_word' id='word_1_728' title='bbox 1718 4132 1733 4156; x_wconf 95' lang='lat'><strong>,</strong></span> <span class='ocrx_word' id='word_1_729' title='bbox 1764 4103 1886 4160; x_wconf 90' lang='lat' dir='ltr'><strong>post</strong></span> <span class='ocrx_word' id='word_1_730' title='bbox 1907 4093 2005 4144; x_wconf 91' lang='lat' dir='ltr'><strong>ob-</strong></span> 
     </span>
    </p>
   </div>
   <div class='ocr_carea' id='block_1_96' title="bbox 393 4157 2009 4233">
    <p class='ocr_par' dir='ltr' id='par_1_96' title="bbox 393 4157 2009 4233">
     <span class='ocr_line' id='line_1_98' title="bbox 393 4157 2009 4233; baseline 0.003 -22"><span class='ocrx_word' id='word_1_731' title='bbox 393 4221 396 4226; x_wconf 38' lang='grc'>,</span> <span class='ocrx_word' id='word_1_732' title='bbox 432 4157 567 4212; x_wconf 83' lang='grc'><strong>1111111</strong></span> <span class='ocrx_word' id='word_1_733' title='bbox 597 4157 1411 4233; x_wconf 55' lang='lat' dir='ltr'><strong>conjugis&#39;lterumconiugari,</strong></span> <span class='ocrx_word' id='word_1_734' title='bbox 1452 4157 1510 4216; x_wconf 70' lang='lat' dir='ltr'><strong>tit</strong></span> <span class='ocrx_word' id='word_1_735' title='bbox 1546 4157 2009 4216; x_wconf 74' lang='lat' dir='ltr'><strong>demonstraretur</strong></span> 
     </span>
    </p>
   </div>
   <div class='ocr_carea' id='block_1_97' title="bbox 430 4231 2010 4298">
    <p class='ocr_par' dir='ltr' id='par_1_97' title="bbox 430 4231 2010 4298">
     <span class='ocr_line' id='line_1_99' title="bbox 430 4231 2010 4298; baseline 0.004 -17"><span class='ocrx_word' id='word_1_736' title='bbox 430 4243 536 4282; x_wconf 91' lang='lat' dir='ltr'><strong>non</strong></span> <span class='ocrx_word' id='word_1_737' title='bbox 569 4243 686 4283; x_wconf 58' lang='lat' dir='ltr'><strong>esse</strong></span> <span class='ocrx_word' id='word_1_738' title='bbox 718 4232 1026 4298; x_wconf 76' lang='lat' dir='ltr'><strong>peccatum?</strong></span> <span class='ocrx_word' id='word_1_739' title='bbox 1071 4231 1445 4287; x_wconf 75' lang='lat' dir='ltr'><strong>Verumtamen</strong></span> <span class='ocrx_word' id='word_1_740' title='bbox 1486 4234 1586 4287; x_wconf 89' lang='lat' dir='ltr'><strong>boc</strong></span> <span class='ocrx_word' id='word_1_741' title='bbox 1618 4233 1809 4286; x_wconf 83' lang='lat' dir='ltr'><strong>laetum</strong></span> <span class='ocrx_word' id='word_1_742' title='bbox 1842 4233 2010 4287; x_wconf 81' lang='lat' dir='ltr'><strong>Abra-</strong></span> 
     </span>
    </p>
   </div>
   <div class='ocr_carea' id='block_1_98' title="bbox 430 4299 2010 4374">
    <p class='ocr_par' dir='ltr' id='par_1_98' title="bbox 430 4299 2010 4374">
     <span class='ocr_line' id='line_1_100' title="bbox 430 4299 2010 4374; baseline 0.004 -22"><span class='ocrx_word' id='word_1_743' title='bbox 430 4299 536 4365; x_wconf 72' lang='lat' dir='ltr'><strong>hte,</strong></span> <span class='ocrx_word' id='word_1_744' title='bbox 566 4300 705 4374; x_wconf 85' lang='lat' dir='ltr'><strong>quod</strong></span> <span class='ocrx_word' id='word_1_745' title='bbox 761 4313 878 4374; x_wconf 81' lang='lat' dir='ltr'><strong>post</strong></span> <span class='ocrx_word' id='word_1_746' title='bbox 924 4313 1147 4358; x_wconf 89' lang='lat' dir='ltr'><strong>m0rtem</strong></span> <span class='ocrx_word' id='word_1_747' title='bbox 1175 4303 1321 4359; x_wconf 85' lang='lat' dir='ltr'><strong>Sarae</strong></span> <span class='ocrx_word' id='word_1_748' title='bbox 1353 4303 1420 4358; x_wconf 89' lang='lat' dir='ltr'><strong>de</strong></span> <span class='ocrx_word' id='word_1_749' title='bbox 1448 4303 1684 4374; x_wconf 79' lang='lat' dir='ltr'><strong>Cetbttra</strong></span> <span class='ocrx_word' id='word_1_750' title='bbox 1718 4305 1856 4357; x_wconf 90' lang='lat' dir='ltr'><strong>lilios</strong></span> <span class='ocrx_word' id='word_1_751' title='bbox 1887 4320 2010 4374; x_wconf 87' lang='lat' dir='ltr'><strong>pro-</strong></span> 
     </span>
    </p>
   </div>
   <div class='ocr_carea' id='block_1_99' title="bbox 430 4371 2011 4445">
    <p class='ocr_par' dir='ltr' id='par_1_99' title="bbox 430 4371 2011 4445">
     <span class='ocr_line' id='line_1_101' title="bbox 430 4371 2011 4445; baseline 0.003 -21"><span class='ocrx_word' id='word_1_752' title='bbox 430 4371 653 4445; x_wconf 78' lang='lat' dir='ltr'><strong>creavit,</strong></span> <span class='ocrx_word' id='word_1_753' title='bbox 686 4388 788 4426; x_wconf 93' lang='lat' dir='ltr'><strong>non</strong></span> <span class='ocrx_word' id='word_1_754' title='bbox 822 4371 899 4427; x_wconf 86' lang='lat' dir='ltr'><strong>sic</strong></span> <span class='ocrx_word' id='word_1_755' title='bbox 925 4374 1293 4442; x_wconf 90' lang='lat' dir='ltr'><strong>accipiendum</strong></span> <span class='ocrx_word' id='word_1_756' title='bbox 1325 4383 1407 4430; x_wconf 81' lang='lat' dir='ltr'><strong>est</strong></span> <span class='ocrx_word' id='word_1_757' title='bbox 1431 4373 1584 4445; x_wconf 89' lang='lat' dir='ltr'><strong>quasi</strong></span> <span class='ocrx_word' id='word_1_758' title='bbox 1619 4374 1850 4428; x_wconf 87' lang='lat' dir='ltr'><strong>humana</strong></span> <span class='ocrx_word' id='word_1_759' title='bbox 1881 4371 2011 4428; x_wconf 82' lang='lat' dir='ltr'><strong>con-</strong></span> 
     </span>
    </p>
   </div>
   <div class='ocr_carea' id='block_1_100' title="bbox 431 4439 2010 4514">
    <p class='ocr_par' dir='ltr' id='par_1_100' title="bbox 431 4439 2010 4514">
     <span class='ocr_line' id='line_1_102' title="bbox 431 4439 2010 4514; baseline 0.003 -19"><span class='ocrx_word' id='word_1_760' title='bbox 431 4439 715 4497; x_wconf 84' lang='lat' dir='ltr'><strong>suetudine</strong></span> <span class='ocrx_word' id='word_1_761' title='bbox 757 4452 812 4498; x_wconf 89' lang='lat' dir='ltr'><strong>et</strong></span> <span class='ocrx_word' id='word_1_762' title='bbox 857 4439 1180 4514; x_wconf 80' lang='lat' dir='ltr'><strong>cogitatione</strong></span> <span class='ocrx_word' id='word_1_763' title='bbox 1227 4439 1594 4501; x_wconf 79' lang='lat' dir='ltr'><strong>tantummodo</strong></span> <span class='ocrx_word' id='word_1_764' title='bbox 1622 4446 2010 4500; x_wconf 61' lang='lat' dir='ltr'><strong>substituendae</strong></span> 
     </span>
    </p>
   </div>
   <div class='ocr_carea' id='block_1_101' title="bbox 432 4514 2007 4586">
    <p class='ocr_par' dir='ltr' id='par_1_101' title="bbox 432 4514 2007 4586">
     <span class='ocr_line' id='line_1_103' title="bbox 432 4514 2007 4586; baseline 0.004 -22"><span class='ocrx_word' id='word_1_765' title='bbox 432 4514 815 4569; x_wconf 88' lang='lat' dir='ltr'><strong>numerosioris</strong></span> <span class='ocrx_word' id='word_1_766' title='bbox 838 4517 1030 4584; x_wconf 88' lang='lat' dir='ltr'><strong>prioris</strong></span> <span class='ocrx_word' id='word_1_767' title='bbox 1061 4517 1224 4584; x_wconf 91' lang='lat' dir='ltr'><strong>prolis</strong></span> <span class='ocrx_word' id='word_1_768' title='bbox 1247 4517 1346 4572; x_wconf 88' lang='lat' dir='ltr'><strong>hoc</strong></span> <span class='ocrx_word' id='word_1_769' title='bbox 1373 4516 1572 4572; x_wconf 77' lang='lat' dir='ltr'><strong>factum</strong></span> <span class='ocrx_word' id='word_1_770' title='bbox 1613 4520 1683 4572; x_wconf 91' lang='lat' dir='ltr'><strong>sit</strong></span> <span class='ocrx_word' id='word_1_771' title='bbox 1714 4534 1726 4570; x_wconf 92' lang='lat'>:</span> <span class='ocrx_word' id='word_1_772' title='bbox 1758 4519 1835 4570; x_wconf 84' lang='lat' dir='ltr'><strong>sic</strong></span> <span class='ocrx_word' id='word_1_773' title='bbox 1866 4534 2007 4586; x_wconf 79' lang='lat' dir='ltr'><strong>enim</strong></span> 
     </span>
    </p>
   </div>
   <div class='ocr_carea' id='block_1_102' title="bbox 433 4586 2007 4655">
    <p class='ocr_par' dir='ltr' id='par_1_102' title="bbox 433 4586 2007 4655">
     <span class='ocr_line' id='line_1_104' title="bbox 433 4586 2007 4655; baseline 0.004 -20"><span class='ocrx_word' id='word_1_774' title='bbox 433 4593 665 4655; x_wconf 10' lang='lat' dir='ltr'><strong>possent,</strong></span> <span class='ocrx_word' id='word_1_775' title='bbox 680 4586 921 4654; x_wconf 88' lang='lat' dir='ltr'><strong>accipere</strong></span> <span class='ocrx_word' id='word_1_776' title='bbox 943 4587 1186 4642; x_wconf 92' lang='lat' dir='ltr'><strong>homines</strong></span> <span class='ocrx_word' id='word_1_777' title='bbox 1209 4589 1369 4643; x_wconf 85' lang='lat' dir='ltr'><strong>etiam</strong></span> <span class='ocrx_word' id='word_1_778' title='bbox 1391 4587 1531 4655; x_wconf 88' lang='lat' dir='ltr'><strong>quod</strong></span> <span class='ocrx_word' id='word_1_779' title='bbox 1557 4589 1623 4642; x_wconf 88' lang='lat' dir='ltr'><strong>de</strong></span> <span class='ocrx_word' id='word_1_780' title='bbox 1645 4590 1784 4655; x_wconf 79' lang='lat' dir='ltr'><strong>Agar</strong></span> <span class='ocrx_word' id='word_1_781' title='bbox 1813 4587 2007 4642; x_wconf 83' lang='lat' dir='ltr'><strong>factum</strong></span> 
     </span>
    </p>
   </div>
   <div class='ocr_carea' id='block_1_103' title="bbox 431 4605 2011 4730">
    <p class='ocr_par' dir='ltr' id='par_1_103' title="bbox 431 4605 2011 4730">
     <span class='ocr_line' id='line_1_105' title="bbox 435 4605 2007 4655; baseline 0.004 -20"><span class='ocrx_word' id='word_1_782' title='bbox 435 4605 654 4652; x_wconf 70' lang='lat' dir='ltr'><strong>posset&quot;.</strong></span> <span class='ocrx_word' id='word_1_783' title='bbox 680 4605 921 4654; x_wconf 78' lang='lat' dir='ltr'><strong>acetpere</strong></span> <span class='ocrx_word' id='word_1_784' title='bbox 943 4605 1186 4642; x_wconf 85' lang='lat' dir='ltr'><strong>nomines</strong></span> <span class='ocrx_word' id='word_1_785' title='bbox 1209 4605 1369 4643; x_wconf 71' lang='lat' dir='ltr'><strong>ellalll</strong></span> <span class='ocrx_word' id='word_1_786' title='bbox 1431 4605 1531 4643; x_wconf 82' lang='lat' dir='ltr'><strong>llOtl</strong></span> <span class='ocrx_word' id='word_1_787' title='bbox 1557 4605 1623 4642; x_wconf 87' lang='lat' dir='ltr'><strong>ue</strong></span> <span class='ocrx_word' id='word_1_788' title='bbox 1645 4605 1784 4655; x_wconf 76' lang='lat' dir='ltr'><strong>Agar</strong></span> <span class='ocrx_word' id='word_1_789' title='bbox 1813 4605 2007 4642; x_wconf 65' lang='lat' dir='ltr'><strong>lilCltlm</strong></span> 
     </span>
     <span class='ocr_line' id='line_1_106' title="bbox 431 4605 2011 4730; baseline 0.004 -22"><span class='ocrx_word' id='word_1_790' title='bbox 431 4661 538 4730; x_wconf 72' lang='lat' dir='ltr'><strong>est,</strong></span> <span class='ocrx_word' id='word_1_791' title='bbox 567 4654 669 4708; x_wconf 91' lang='lat' dir='ltr'><strong>nisi</strong></span> <span class='ocrx_word' id='word_1_792' title='bbox 704 4655 990 4730; x_wconf 80' lang='lat' dir='ltr'><strong>Apostolus</strong></span> <span class='ocrx_word' id='word_1_793' title='bbox 1014 4657 1330 4713; x_wconf 88' lang='lat' dir='ltr'><strong>admoneret</strong></span> <span class='ocrx_word' id='word_1_794' title='bbox 1356 4605 1518 4728; x_wconf 63' lang='lat' dir='ltr'><strong>(ian.</strong></span> <span class='ocrx_word' id='word_1_795' title='bbox 1559 4656 1683 4730; x_wconf 87' lang='lat' dir='ltr'><strong>tv),</strong></span> <span class='ocrx_word' id='word_1_796' title='bbox 1718 4657 1803 4712; x_wconf 91' lang='lat' dir='ltr'><strong>illa</strong></span> <span class='ocrx_word' id='word_1_797' title='bbox 1849 4660 2011 4714; x_wconf 79' lang='lat' dir='ltr'><strong>luisse</strong></span> 
     </span>
    </p>
   </div>
   <div class='ocr_carea' id='block_1_104' title="bbox 432 4722 2013 4796">
    <p class='ocr_par' dir='ltr' id='par_1_104' title="bbox 432 4722 2013 4796">
     <span class='ocr_line' id='line_1_107' title="bbox 432 4722 2013 4796; baseline 0.004 -18"><span class='ocrx_word' id='word_1_798' title='bbox 432 4722 572 4778; x_wconf 79' lang='lat' dir='ltr'><strong>facta</strong></span> <span class='ocrx_word' id='word_1_799' title='bbox 598 4722 908 4794; x_wconf 78' lang='lat' dir='ltr'><strong>prophetico</strong></span> <span class='ocrx_word' id='word_1_800' title='bbox 931 4731 1289 4796; x_wconf 10' lang='lat' dir='ltr'><strong>inrutriusque</strong></span> <span class='ocrx_word' id='word_1_801' title='bbox 1320 4722 1884 4796; x_wconf 77' lang='lat' dir='ltr'><strong>personistnulierum,</strong></span> <span class='ocrx_word' id='word_1_802' title='bbox 1920 4745 2013 4784; x_wconf 89' lang='lat' dir='ltr'><strong>ea-</strong></span> 
     </span>
    </p>
   </div>
   <div class='ocr_carea' id='block_1_105' title="bbox 431 4795 2009 4867">
    <p class='ocr_par' dir='ltr' id='par_1_105' title="bbox 431 4795 2009 4867">
     <span class='ocr_line' id='line_1_108' title="bbox 431 4795 2009 4867; baseline 0.004 -20"><span class='ocrx_word' id='word_1_803' title='bbox 431 4808 660 4867; x_wconf 86' lang='lat' dir='ltr'><strong>rumque</strong></span> <span class='ocrx_word' id='word_1_804' title='bbox 691 4797 826 4852; x_wconf 81' lang='lat' dir='ltr'><strong>ﬁlios</strong></span> <span class='ocrx_word' id='word_1_805' title='bbox 854 4799 958 4854; x_wconf 90' lang='lat' dir='ltr'><strong>duo</strong></span> <span class='ocrx_word' id='word_1_806' title='bbox 986 4795 1303 4863; x_wconf 84' lang='lat' dir='ltr'><strong>testamenta</strong></span> <span class='ocrx_word' id='word_1_807' title='bbox 1321 4795 1393 4853; x_wconf 84' lang='lat' dir='ltr'><strong>ad</strong></span> <span class='ocrx_word' id='word_1_808' title='bbox 1426 4799 1721 4852; x_wconf 80' lang='lat' dir='ltr'><strong>futurorum</strong></span> <span class='ocrx_word' id='word_1_809' title='bbox 1759 4815 2009 4867; x_wconf 63' lang='lat' dir='ltr'><strong>prmnun-</strong></span> 
     </span>
    </p>
   </div>
   <div class='ocr_carea' id='block_1_106' title="bbox 433 4866 2010 4938">
    <p class='ocr_par' dir='ltr' id='par_1_106' title="bbox 433 4866 2010 4938">
     <span class='ocr_line' id='line_1_109' title="bbox 433 4866 2010 4938; baseline 0.004 -20"><span class='ocrx_word' id='word_1_810' title='bbox 433 4866 711 4938; x_wconf 82' lang='lat' dir='ltr'><strong>tiationem</strong></span> <span class='ocrx_word' id='word_1_811' title='bbox 741 4868 1031 4938; x_wconf 81' lang='lat' dir='ltr'><strong>alleg&#39;orica</strong></span> <span class='ocrx_word' id='word_1_812' title='bbox 1060 4870 1448 4938; x_wconf 81' lang='lat' dir='ltr'><strong>signiﬁcatione</strong></span> <span class='ocrx_word' id='word_1_813' title='bbox 1478 4870 1728 4938; x_wconf 81' lang='lat' dir='ltr'><strong>ﬁgurare.</strong></span> <span class='ocrx_word' id='word_1_814' title='bbox 1761 4866 1930 4923; x_wconf 44' lang='lat' dir='ltr'><strong>&#39;Unde</strong></span> <span class='ocrx_word' id='word_1_815' title='bbox 1957 4873 2010 4924; x_wconf 90' lang='lat' dir='ltr'><strong>in</strong></span> 
     </span>
    </p>
   </div>
   <div class='ocr_carea' id='block_1_107' title="bbox 434 4886 2009 5008">
    <p class='ocr_par' dir='ltr' id='par_1_107' title="bbox 434 4886 2009 5008">
     <span class='ocr_line' id='line_1_110' title="bbox 434 4886 2009 4938; baseline 0.004 -20"><span class='ocrx_word' id='word_1_816' title='bbox 434 4886 711 4921; x_wconf 77' lang='lat' dir='ltr'><strong>stationem</strong></span> <span class='ocrx_word' id='word_1_817' title='bbox 741 4886 1031 4938; x_wconf 78' lang='lat' dir='ltr'><strong>allegorica</strong></span> <span class='ocrx_word' id='word_1_818' title='bbox 1060 4886 1100 4923; x_wconf 89' lang='lat' dir='ltr'><strong>SI</strong></span> <span class='ocrx_word' id='word_1_819' title='bbox 1145 4886 1448 4923; x_wconf 85' lang='lat' dir='ltr'><strong>ntncauone</strong></span> <span class='ocrx_word' id='word_1_820' title='bbox 1478 4886 1728 4938; x_wconf 83' lang='lat' dir='ltr'><strong>ngurare.</strong></span> <span class='ocrx_word' id='word_1_821' title='bbox 1781 4886 1930 4923; x_wconf 89' lang='lat' dir='ltr'><strong>unue</strong></span> <span class='ocrx_word' id='word_1_822' title='bbox 1957 4887 2009 4924; x_wconf 90' lang='lat' dir='ltr'><strong>tn</strong></span> 
     </span>
     <span class='ocr_line' id='line_1_111' title="bbox 434 4886 2009 5008; baseline 0.003 -18"><span class='ocrx_word' id='word_1_823' title='bbox 434 4937 554 5004; x_wconf 86' lang='lat' dir='ltr'><strong>ipso</strong></span> <span class='ocrx_word' id='word_1_824' title='bbox 581 4939 794 5008; x_wconf 77' lang='lat' dir='ltr'><strong>qucque</strong></span> <span class='ocrx_word' id='word_1_825' title='bbox 827 4940 1052 4994; x_wconf 72' lang='lat' dir='ltr'><strong>Abrahae</strong></span> <span class='ocrx_word' id='word_1_826' title='bbox 1099 4886 1239 4993; x_wconf 56' lang='lat' dir='ltr'><strong>gelo</strong></span> <span class='ocrx_word' id='word_1_827' title='bbox 1276 4939 1473 5008; x_wconf 89' lang='lat' dir='ltr'><strong>aliquid</strong></span> <span class='ocrx_word' id='word_1_828' title='bbox 1524 4941 1625 4995; x_wconf 86' lang='lat' dir='ltr'><strong>tale</strong></span> <span class='ocrx_word' id='word_1_829' title='bbox 1662 4941 2009 5008; x_wconf 68' lang='lat' dir='ltr'><strong>quaerendum</strong></span> 
     </span>
    </p>
   </div>
   <div class='ocr_carea' id='block_1_108' title="bbox 433 5010 2009 5080">
    <p class='ocr_par' dir='ltr' id='par_1_108' title="bbox 433 5010 2009 5080">
     <span class='ocr_line' id='line_1_112' title="bbox 433 5010 2009 5080; baseline 0.002 -18"><span class='ocrx_word' id='word_1_830' title='bbox 433 5016 538 5074; x_wconf 86' lang='lat' dir='ltr'><strong>est,</strong></span> <span class='ocrx_word' id='word_1_831' title='bbox 571 5010 674 5063; x_wconf 90' lang='lat' dir='ltr'><strong>etsi</strong></span> <span class='ocrx_word' id='word_1_832' title='bbox 706 5026 810 5064; x_wconf 88' lang='lat' dir='ltr'><strong>non</strong></span> <span class='ocrx_word' id='word_1_833' title='bbox 852 5010 1006 5067; x_wconf 83' lang='lat' dir='ltr'><strong>facile</strong></span> <span class='ocrx_word' id='word_1_834' title='bbox 1036 5021 1302 5065; x_wconf 89' lang='lat' dir='ltr'><strong>occurrat.</strong></span> <span class='ocrx_word' id='word_1_835' title='bbox 1352 5012 1486 5080; x_wconf 82' lang='lat' dir='ltr'><strong>Ergo</strong></span> <span class='ocrx_word' id='word_1_836' title='bbox 1530 5011 1742 5066; x_wconf 85' lang='lat' dir='ltr'><strong>interim</strong></span> <span class='ocrx_word' id='word_1_837' title='bbox 1790 5013 2009 5066; x_wconf 88' lang='lat' dir='ltr'><strong>munera</strong></span> 
     </span>
    </p>
   </div>
   <div class='ocr_carea' id='block_1_109' title="bbox 434 5081 2007 5151">
    <p class='ocr_par' dir='ltr' id='par_1_109' title="bbox 434 5081 2007 5151">
     <span class='ocr_line' id='line_1_113' title="bbox 434 5081 2007 5151; baseline 0.003 -22"><span class='ocrx_word' id='word_1_838' title='bbox 434 5085 555 5148; x_wconf 81' lang='lat' dir='ltr'><strong>quae</strong></span> <span class='ocrx_word' id='word_1_839' title='bbox 581 5091 903 5151; x_wconf 83' lang='lat' dir='ltr'><strong>acceperunt.</strong></span> <span class='ocrx_word' id='word_1_840' title='bbox 943 5081 1036 5136; x_wconf 87' lang='lat' dir='ltr'><strong>lilii</strong></span> <span class='ocrx_word' id='word_1_841' title='bbox 1088 5082 1503 5136; x_wconf 89' lang='lat' dir='ltr'><strong>concubinarum</strong></span> <span class='ocrx_word' id='word_1_842' title='bbox 1529 5127 1544 5151; x_wconf 84' lang='lat'><strong>,</strong></span> <span class='ocrx_word' id='word_1_843' title='bbox 1601 5082 1849 5136; x_wconf 87' lang='lat' dir='ltr'><strong>videntur</strong></span> <span class='ocrx_word' id='word_1_844' title='bbox 1881 5083 2007 5134; x_wconf 89' lang='lat' dir='ltr'><strong>mihi</strong></span> 
     </span>
    </p>
   </div>
   <div class='ocr_carea' id='block_1_110' title="bbox 433 5151 2012 5222">
    <p class='ocr_par' dir='ltr' id='par_1_110' title="bbox 433 5151 2012 5222">
     <span class='ocr_line' id='line_1_114' title="bbox 433 5151 2012 5222; baseline 0.003 -20"><span class='ocrx_word' id='word_1_845' title='bbox 433 5151 736 5218; x_wconf 83' lang='lat' dir='ltr'><strong>signiﬁcare</strong></span> <span class='ocrx_word' id='word_1_846' title='bbox 767 5151 1011 5222; x_wconf 53' lang='lat' dir='ltr'><strong>quaedam</strong></span> <span class='ocrx_word' id='word_1_847' title='bbox 1061 5152 1152 5206; x_wconf 89' lang='lat' dir='ltr'><strong>Dei</strong></span> <span class='ocrx_word' id='word_1_848' title='bbox 1203 5153 1374 5218; x_wconf 88' lang='lat' dir='ltr'><strong>dona,</strong></span> <span class='ocrx_word' id='word_1_849' title='bbox 1427 5153 1509 5208; x_wconf 89' lang='lat' dir='ltr'><strong>vel</strong></span> <span class='ocrx_word' id='word_1_850' title='bbox 1556 5153 1608 5207; x_wconf 92' lang='lat' dir='ltr'><strong>in</strong></span> <span class='ocrx_word' id='word_1_851' title='bbox 1657 5153 2012 5207; x_wconf 84' lang='lat' dir='ltr'><strong>sacramentis</strong></span> 
     </span>
    </p>
   </div>
   <div class='ocr_carea' id='block_1_111' title="bbox 433 5219 2013 5293">
    <p class='ocr_par' dir='ltr' id='par_1_111' title="bbox 433 5219 2013 5293">
     <span class='ocr_line' id='line_1_115' title="bbox 433 5219 2013 5293; baseline 0.003 -21"><span class='ocrx_word' id='word_1_852' title='bbox 433 5224 517 5278; x_wconf 80' lang='lat' dir='ltr'><strong>vel</strong></span> <span class='ocrx_word' id='word_1_853' title='bbox 547 5221 600 5276; x_wconf 81' lang='lat' dir='ltr'><strong>in</strong></span> <span class='ocrx_word' id='word_1_854' title='bbox 627 5219 924 5293; x_wconf 78' lang='lat' dir='ltr'><strong>quibusque</strong></span> <span class='ocrx_word' id='word_1_855' title='bbox 955 5223 1140 5292; x_wconf 78' lang='lat' dir='ltr'><strong>signis,</strong></span> <span class='ocrx_word' id='word_1_856' title='bbox 1169 5226 1330 5280; x_wconf 90' lang='lat' dir='ltr'><strong>etiam</strong></span> <span class='ocrx_word' id='word_1_857' title='bbox 1358 5225 1556 5277; x_wconf 90' lang='lat' dir='ltr'><strong>carnali</strong></span> <span class='ocrx_word' id='word_1_858' title='bbox 1581 5224 1775 5293; x_wconf 87' lang='lat' dir='ltr'><strong>populo</strong></span> <span class='ocrx_word' id='word_1_859' title='bbox 1801 5224 2013 5277; x_wconf 63' lang='grc'><strong>,11111100-</strong></span> 
     </span>
    </p>
   </div>
   <div class='ocr_carea' id='block_1_112' title="bbox 433 5292 2008 5366">
    <p class='ocr_par' dir='ltr' id='par_1_112' title="bbox 433 5292 2008 5366">
     <span class='ocr_line' id='line_1_116' title="bbox 433 5292 2008 5366; baseline 0.001 -21"><span class='ocrx_word' id='word_1_860' title='bbox 433 5306 555 5349; x_wconf 86' lang='lat' dir='ltr'><strong>rum</strong></span> <span class='ocrx_word' id='word_1_861' title='bbox 587 5292 658 5366; x_wconf 78' lang='lat' dir='ltr'><strong>et</strong></span> <span class='ocrx_word' id='word_1_862' title='bbox 694 5292 963 5366; x_wconf 66' lang='lat' dir='ltr'><strong>brereti&#39;cis</strong></span> <span class='ocrx_word' id='word_1_863' title='bbox 1013 5293 1170 5362; x_wconf 87' lang='lat' dir='ltr'><strong>data,</strong></span> <span class='ocrx_word' id='word_1_864' title='bbox 1217 5297 1361 5366; x_wconf 86' lang='lat' dir='ltr'><strong>velut</strong></span> <span class='ocrx_word' id='word_1_865' title='bbox 1407 5294 1529 5348; x_wconf 73' lang='lat' dir='ltr'><strong>(illis</strong></span> <span class='ocrx_word' id='word_1_866' title='bbox 1568 5292 2008 5358; x_wconf 81' lang='lat' dir='ltr'><strong>Concubinarutn,</strong></span> 
     </span>
    </p>
   </div>
   <div class='ocr_carea' id='block_1_113' title="bbox 434 5363 2011 5435">
    <p class='ocr_par' dir='ltr' id='par_1_113' title="bbox 434 5363 2011 5435">
     <span class='ocr_line' id='line_1_117' title="bbox 434 5363 2011 5435; baseline 0.001 -18"><span class='ocrx_word' id='word_1_867' title='bbox 434 5377 555 5418; x_wconf 91' lang='lat' dir='ltr'><strong>cum</strong></span> <span class='ocrx_word' id='word_1_868' title='bbox 586 5363 915 5421; x_wconf 72' lang='lat' dir='ltr'><strong>haereditatis</strong></span> <span class='ocrx_word' id='word_1_869' title='bbox 941 5363 1156 5431; x_wconf 86' lang='lat' dir='ltr'><strong>munus,</strong></span> <span class='ocrx_word' id='word_1_870' title='bbox 1185 5365 1325 5435; x_wconf 89' lang='lat' dir='ltr'><strong>quod</strong></span> <span class='ocrx_word' id='word_1_871' title='bbox 1355 5376 1438 5420; x_wconf 86' lang='lat' dir='ltr'><strong>est</strong></span> <span class='ocrx_word' id='word_1_872' title='bbox 1463 5365 1694 5421; x_wconf 89' lang='lat' dir='ltr'><strong>charitas</strong></span> <span class='ocrx_word' id='word_1_873' title='bbox 1726 5376 1780 5419; x_wconf 88' lang='lat' dir='ltr'><strong>et</strong></span> <span class='ocrx_word' id='word_1_874' title='bbox 1805 5369 1910 5418; x_wconf 89' lang='lat' dir='ltr'><strong>vita</strong></span> <span class='ocrx_word' id='word_1_875' title='bbox 1937 5382 2011 5419; x_wconf 69' lang='lat' dir='ltr'><strong>te-</strong></span> 
     </span>
    </p>
   </div>
   <div class='ocr_carea' id='block_1_114' title="bbox 431 5435 2010 5506">
    <p class='ocr_par' dir='ltr' id='par_1_114' title="bbox 431 5435 2010 5506">
     <span class='ocr_line' id='line_1_118' title="bbox 431 5435 2010 5506; baseline 0.003 -18"><span class='ocrx_word' id='word_1_876' title='bbox 431 5442 603 5503; x_wconf 85' lang='lat' dir='ltr'><strong>terna,</strong></span> <span class='ocrx_word' id='word_1_877' title='bbox 647 5451 754 5491; x_wconf 92' lang='lat' dir='ltr'><strong>non</strong></span> <span class='ocrx_word' id='word_1_878' title='bbox 783 5436 886 5493; x_wconf 87' lang='lat' dir='ltr'><strong>nisi</strong></span> <span class='ocrx_word' id='word_1_879' title='bbox 910 5437 975 5494; x_wconf 89' lang='lat' dir='ltr'><strong>ad</strong></span> <span class='ocrx_word' id='word_1_880' title='bbox 1012 5435 1161 5493; x_wconf 83' lang='lat' dir='ltr'><strong>isaac</strong></span> <span class='ocrx_word' id='word_1_881' title='bbox 1184 5437 1468 5506; x_wconf 86' lang='lat' dir='ltr'><strong>pertineat,</strong></span> <span class='ocrx_word' id='word_1_882' title='bbox 1499 5438 1601 5493; x_wconf 88' lang='lat' dir='ltr'><strong>hoc</strong></span> <span class='ocrx_word' id='word_1_883' title='bbox 1643 5444 1749 5502; x_wconf 88' lang='lat' dir='ltr'><strong>est,</strong></span> <span class='ocrx_word' id='word_1_884' title='bbox 1777 5436 1845 5490; x_wconf 87' lang='lat' dir='ltr'><strong>ad</strong></span> <span class='ocrx_word' id='word_1_885' title='bbox 1872 5435 2010 5492; x_wconf 85' lang='lat' dir='ltr'><strong>ﬁlios</strong></span> 
     </span>
    </p>
   </div>
   <div class='ocr_carea' id='block_1_115' title="bbox 430 5509 1230 5574">
    <p class='ocr_par' dir='ltr' id='par_1_115' title="bbox 430 5509 1230 5574">
     <span class='ocr_line' id='line_1_119' title="bbox 430 5509 1230 5574; baseline 0.011 -15"><span class='ocrx_word' id='word_1_886' title='bbox 430 5509 826 5574; x_wconf 86' lang='lat' dir='ltr'><strong>promissionis.</strong></span> <span class='ocrx_word' id='word_1_887' title='bbox 1227 5565 1230 5568; x_wconf 29' lang='grc' dir='ltr'><em>ί</em></span> 
     </span>
    </p>
   </div>
   <div class='ocr_carea' id='block_1_116' title="bbox 498 5575 2012 5652">
    <p class='ocr_par' dir='ltr' id='par_1_116' title="bbox 498 5575 2012 5652">
     <span class='ocr_line' id='line_1_120' title="bbox 498 5575 2012 5652; baseline 0.002 -24"><span class='ocrx_word' id='word_1_888' title='bbox 498 5577 679 5646; x_wconf 85' lang='lat' dir='ltr'><strong>(Vers.</strong></span> <span class='ocrx_word' id='word_1_889' title='bbox 717 5581 794 5652; x_wconf 88' lang='lat'><strong>7.)</strong></span> <span class='ocrx_word' id='word_1_890' title='bbox 840 5576 1272 5652; x_wconf 71' lang='lat' dir='ltr'><strong>Fueruntautem</strong></span> <span class='ocrx_word' id='word_1_891' title='bbox 1300 5581 1408 5633; x_wconf 84' lang='lat' dir='ltr'><strong>dies</strong></span> <span class='ocrx_word' id='word_1_892' title='bbox 1441 5575 1660 5631; x_wconf 76' lang='lat' dir='ltr'><strong>Abraha:</strong></span> <span class='ocrx_word' id='word_1_893' title='bbox 1687 5586 1888 5652; x_wconf 81' lang='lat' dir='ltr'><strong>centum</strong></span> <span class='ocrx_word' id='word_1_894' title='bbox 1931 5593 2012 5633; x_wconf 82' lang='lat' dir='ltr'><strong>se-</strong></span> 
     </span>
    </p>
   </div>
   <div class='ocr_carea' id='block_1_117' title="bbox 431 5649 2012 5718">
    <p class='ocr_par' dir='ltr' id='par_1_117' title="bbox 431 5649 2012 5718">
     <span class='ocr_line' id='line_1_121' title="bbox 431 5649 2012 5718; baseline 0.005 -22"><span class='ocrx_word' id='word_1_895' title='bbox 431 5655 700 5715; x_wconf 83' lang='lat' dir='ltr'><strong>ptuaginta</strong></span> <span class='ocrx_word' id='word_1_896' title='bbox 722 5649 942 5718; x_wconf 85' lang='lat' dir='ltr'><strong>quinque</strong></span> <span class='ocrx_word' id='word_1_897' title='bbox 966 5649 1110 5713; x_wconf 89' lang='lat' dir='ltr'><strong>anni,</strong></span> <span class='ocrx_word' id='word_1_898' title='bbox 1139 5659 1184 5701; x_wconf 86' lang='lat' dir='ltr'><strong>et</strong></span> <span class='ocrx_word' id='word_1_899' title='bbox 1207 5651 1447 5718; x_wconf 77' lang='lat' dir='ltr'><strong>deficiens</strong></span> <span class='ocrx_word' id='word_1_900' title='bbox 1476 5659 1707 5702; x_wconf 84' lang='lat' dir='ltr'><strong>mortuus</strong></span> <span class='ocrx_word' id='word_1_901' title='bbox 1737 5658 1810 5701; x_wconf 82' lang='lat' dir='ltr'><strong>est</strong></span> <span class='ocrx_word' id='word_1_902' title='bbox 1854 5650 1907 5702; x_wconf 89' lang='lat' dir='ltr'><strong>in</strong></span> <span class='ocrx_word' id='word_1_903' title='bbox 1932 5665 2012 5704; x_wconf 83' lang='lat' dir='ltr'><strong>se-</strong></span> 
     </span>
    </p>
   </div>
   <div class='ocr_carea' id='block_1_118' title="bbox 432 5719 2010 5788">
    <p class='ocr_par' dir='ltr' id='par_1_118' title="bbox 432 5719 2010 5788">
     <span class='ocr_line' id='line_1_122' title="bbox 432 5719 2010 5788; baseline 0.007 -25"><span class='ocrx_word' id='word_1_904' title='bbox 432 5719 824 5788; x_wconf 20' lang='lat' dir='ltr'><strong>nectutehbona.</strong></span> <span class='ocrx_word' id='word_1_905' title='bbox 881 5721 1158 5788; x_wconf 73' lang='lat' dir='ltr'><strong>Annorum</strong></span> <span class='ocrx_word' id='word_1_906' title='bbox 1208 5733 1335 5786; x_wconf 79' lang='lat' dir='ltr'><strong>ergo</strong></span> <span class='ocrx_word' id='word_1_907' title='bbox 1389 5719 1720 5786; x_wconf 85' lang='lat' dir='ltr'><strong>septuaginta</strong></span> <span class='ocrx_word' id='word_1_908' title='bbox 1773 5719 2010 5788; x_wconf 88' lang='lat' dir='ltr'><strong>quinque</strong></span> 
     </span>
    </p>
   </div>
   <div class='ocr_carea' id='block_1_119' title="bbox 433 5779 2007 5858">
    <p class='ocr_par' dir='ltr' id='par_1_119' title="bbox 433 5779 2007 5858">
     <span class='ocr_line' id='line_1_123' title="bbox 433 5779 2007 5858; baseline 0.005 -22"><span class='ocrx_word' id='word_1_909' title='bbox 433 5779 579 5836; x_wconf 78' lang='lat' dir='ltr'><strong>Isaac</strong></span> <span class='ocrx_word' id='word_1_910' title='bbox 605 5781 776 5836; x_wconf 81' lang='lat' dir='ltr'><strong>tilium</strong></span> <span class='ocrx_word' id='word_1_911' title='bbox 803 5797 958 5838; x_wconf 83' lang='lat' dir='ltr'><strong>suum</strong></span> <span class='ocrx_word' id='word_1_912' title='bbox 996 5779 1313 5850; x_wconf 54' lang='lat' dir='ltr'><strong>dereliquit&quot;,</strong></span> <span class='ocrx_word' id='word_1_913' title='bbox 1360 5779 1518 5852; x_wconf 77' lang='lat' dir='ltr'><strong>quem</strong></span> <span class='ocrx_word' id='word_1_914' title='bbox 1544 5779 1886 5842; x_wconf 64' lang='lat' dir='ltr'><strong>cEutenar&#39;ius</strong></span> <span class='ocrx_word' id='word_1_915' title='bbox 1911 5779 2007 5858; x_wconf 74' lang='lat' dir='ltr'><strong>ge-</strong></span> 
     </span>
    </p>
   </div>
   <div class='ocr_carea' id='block_1_120' title="bbox 2038 4555 2087 4614">
    <p class='ocr_par' dir='ltr' id='par_1_120' title="bbox 2038 4555 2087 4614">
     <span class='ocr_line' id='line_1_124' title="bbox 2038 4555 2087 4614; baseline 0 0"><span class='ocrx_word' id='word_1_916' title='bbox 2038 4555 2087 4614; x_wconf 88' lang='lat' dir='ltr'><strong>D</strong></span> 
     </span>
    </p>
   </div>
   <div class='ocr_carea' id='block_1_121' title="bbox 2099 3240 3676 3312">
    <p class='ocr_par' dir='ltr' id='par_1_121' title="bbox 2099 3240 3676 3312">
     <span class='ocr_line' id='line_1_125' title="bbox 2099 3240 3676 3312; baseline 0.002 -18"><span class='ocrx_word' id='word_1_917' title='bbox 2099 3241 2280 3294; x_wconf 87' lang='lat' dir='ltr'><strong>Laban</strong></span> <span class='ocrx_word' id='word_1_918' title='bbox 2312 3240 2664 3306; x_wconf 74' lang='lat' dir='ltr'><strong>demotistrat,</strong></span> <span class='ocrx_word' id='word_1_919' title='bbox 2695 3242 2902 3306; x_wconf 89' lang='lat' dir='ltr'><strong>dicens,</strong></span> <span class='ocrx_word' id='word_1_920' title='bbox 2934 3243 3083 3308; x_wconf 82' lang='lat' dir='ltr'><strong>Quod</strong></span> <span class='ocrx_word' id='word_1_921' title='bbox 3103 3252 3175 3294; x_wconf 81' lang='lat' dir='ltr'><strong>est</strong></span> <span class='ocrx_word' id='word_1_922' title='bbox 3201 3253 3463 3312; x_wconf 83' lang='lat' dir='ltr'><strong>peccatum</strong></span> <span class='ocrx_word' id='word_1_923' title='bbox 3491 3257 3676 3307; x_wconf 82' lang='lat' dir='ltr'><strong>meum,-</strong></span> 
     </span>
    </p>
   </div>
   <div class='ocr_carea' id='block_1_122' title="bbox 2100 3312 3681 3382">
    <p class='ocr_par' dir='ltr' id='par_1_122' title="bbox 2100 3312 3681 3382">
     <span class='ocr_line' id='line_1_126' title="bbox 2100 3312 3681 3382; baseline 0.003 -18"><span class='ocrx_word' id='word_1_924' title='bbox 2100 3312 2222 3380; x_wconf 87' lang='lat' dir='ltr'><strong>quia</strong></span> <span class='ocrx_word' id='word_1_925' title='bbox 2253 3323 2540 3379; x_wconf 84' lang='lat' dir='ltr'><strong>persecutus</strong></span> <span class='ocrx_word' id='word_1_926' title='bbox 2563 3329 2615 3365; x_wconf 87' lang='lat' dir='ltr'><strong>es</strong></span> <span class='ocrx_word' id='word_1_927' title='bbox 2653 3321 2764 3381; x_wconf 81' lang='lat' dir='ltr'><strong>post</strong></span> <span class='ocrx_word' id='word_1_928' title='bbox 2808 3330 2905 3378; x_wconf 87' lang='lat' dir='ltr'><strong>me,</strong></span> <span class='ocrx_word' id='word_1_929' title='bbox 2937 3321 2985 3366; x_wconf 83' lang='lat' dir='ltr'><strong>et</strong></span> <span class='ocrx_word' id='word_1_930' title='bbox 3004 3317 3123 3382; x_wconf 85' lang='lat' dir='ltr'><strong>quia</strong></span> <span class='ocrx_word' id='word_1_931' title='bbox 3148 3322 3405 3367; x_wconf 84' lang='lat' dir='ltr'><strong>scrutatus</strong></span> <span class='ocrx_word' id='word_1_932' title='bbox 3429 3330 3482 3367; x_wconf 89' lang='lat' dir='ltr'><strong>es</strong></span> <span class='ocrx_word' id='word_1_933' title='bbox 3509 3317 3681 3368; x_wconf 85' lang='lat' dir='ltr'><strong>omnia</strong></span> 
     </span>
    </p>
   </div>
   <div class='ocr_carea' id='block_1_123' title="bbox 2101 3382 3682 3450">
    <p class='ocr_par' dir='ltr' id='par_1_123' title="bbox 2101 3382 3682 3450">
     <span class='ocr_line' id='line_1_127' title="bbox 2101 3382 3682 3450; baseline 0.001 -15"><span class='ocrx_word' id='word_1_934' title='bbox 2101 3397 2220 3436; x_wconf 84' lang='lat' dir='ltr'><strong>uasa</strong></span> <span class='ocrx_word' id='word_1_935' title='bbox 2238 3382 2386 3434; x_wconf 82' lang='lat' dir='ltr'><strong>utea?</strong></span> <span class='ocrx_word' id='word_1_936' title='bbox 2407 3384 2526 3450; x_wconf 83' lang='lat' dir='ltr'><strong>quid</strong></span> <span class='ocrx_word' id='word_1_937' title='bbox 2553 3383 2784 3436; x_wconf 86' lang='lat' dir='ltr'><strong>invenisti</strong></span> <span class='ocrx_word' id='word_1_938' title='bbox 2807 3383 2870 3437; x_wconf 89' lang='lat' dir='ltr'><strong>de</strong></span> <span class='ocrx_word' id='word_1_939' title='bbox 2893 3384 3138 3436; x_wconf 82' lang='lat' dir='ltr'><strong>universis</strong></span> <span class='ocrx_word' id='word_1_940' title='bbox 3165 3385 3682 3438; x_wconf 65' lang='grc' dir='ltr'><strong>(101111181αωῖιόηο-</strong></span> 
     </span>
    </p>
   </div>
   <div class='ocr_carea' id='block_1_124' title="bbox 2104 3453 3682 3526">
    <p class='ocr_par' dir='ltr' id='par_1_124' title="bbox 2104 3453 3682 3526">
     <span class='ocr_line' id='line_1_128' title="bbox 2104 3453 3682 3526; baseline 0.003 -21"><span class='ocrx_word' id='word_1_941' title='bbox 2104 3462 2186 3526; x_wconf 83' lang='lat' dir='ltr'><strong>tur</strong></span> <span class='ocrx_word' id='word_1_942' title='bbox 2209 3468 2392 3526; x_wconf 76' lang='lat' dir='ltr'><strong>coram</strong></span> <span class='ocrx_word' id='word_1_943' title='bbox 2404 3453 2649 3526; x_wconf 67' lang='lat' dir='ltr'><strong>fratribus</strong></span> <span class='ocrx_word' id='word_1_944' title='bbox 2669 3455 2872 3519; x_wconf 88' lang='lat' dir='ltr'><strong>meis,et</strong></span> <span class='ocrx_word' id='word_1_945' title='bbox 2901 3455 3147 3524; x_wconf 75' lang='lat' dir='ltr'><strong>fratribus</strong></span> <span class='ocrx_word' id='word_1_946' title='bbox 3176 3455 3292 3516; x_wconf 87' lang='lat' dir='ltr'><strong>tuis,</strong></span> <span class='ocrx_word' id='word_1_947' title='bbox 3326 3465 3372 3508; x_wconf 86' lang='lat' dir='ltr'><strong>et</strong></span> <span class='ocrx_word' id='word_1_948' title='bbox 3397 3457 3682 3526; x_wconf 84' lang='lat' dir='ltr'><strong>dijudicent</strong></span> 
     </span>
    </p>
   </div>
   <div class='ocr_carea' id='block_1_125' title="bbox 2101 3523 3684 3594">
    <p class='ocr_par' dir='ltr' id='par_1_125' title="bbox 2101 3523 3684 3594">
     <span class='ocr_line' id='line_1_129' title="bbox 2101 3523 3684 3594; baseline 0.003 -19"><span class='ocrx_word' id='word_1_949' title='bbox 2101 3524 2234 3576; x_wconf 87' lang='lat' dir='ltr'><strong>inter</strong></span> <span class='ocrx_word' id='word_1_950' title='bbox 2260 3541 2351 3577; x_wconf 85' lang='lat' dir='ltr'><strong>nos</strong></span> <span class='ocrx_word' id='word_1_951' title='bbox 2375 3523 2526 3594; x_wconf 82' lang='lat' dir='ltr'><strong>(Gen.</strong></span> <span class='ocrx_word' id='word_1_952' title='bbox 2547 3527 2722 3592; x_wconf 75' lang='lat' dir='ltr'><strong>xui):</strong></span> <span class='ocrx_word' id='word_1_953' title='bbox 2753 3540 2850 3578; x_wconf 82' lang='lat' dir='ltr'><strong>nec</strong></span> <span class='ocrx_word' id='word_1_954' title='bbox 2878 3523 3018 3578; x_wconf 88' lang='lat' dir='ltr'><strong>enim</strong></span> <span class='ocrx_word' id='word_1_955' title='bbox 3049 3541 3331 3591; x_wconf 75' lang='lat' dir='ltr'><strong>possumus</strong></span> <span class='ocrx_word' id='word_1_956' title='bbox 3359 3523 3598 3587; x_wconf 73' lang='lat' dir='ltr'><strong>credere.</strong></span> <span class='ocrx_word' id='word_1_957' title='bbox 3627 3536 3684 3580; x_wconf 84' lang='lat' dir='ltr'><strong>ut</strong></span> 
     </span>
    </p>
   </div>
   <div class='ocr_carea' id='block_1_126' title="bbox 2104 3594 3677 3666">
    <p class='ocr_par' dir='ltr' id='par_1_126' title="bbox 2104 3594 3677 3666">
     <span class='ocr_line' id='line_1_130' title="bbox 2104 3594 3677 3666; baseline 0.001 -18"><span class='ocrx_word' id='word_1_958' title='bbox 2104 3594 2380 3666; x_wconf 83' lang='lat' dir='ltr'><strong>Scriptura</strong></span> <span class='ocrx_word' id='word_1_959' title='bbox 2406 3603 2798 3649; x_wconf 89' lang='lat' dir='ltr'><strong>commemorat</strong></span> <span class='ocrx_word' id='word_1_960' title='bbox 2825 3598 2965 3665; x_wconf 85' lang='lat' dir='ltr'><strong>quod</strong></span> <span class='ocrx_word' id='word_1_961' title='bbox 2991 3595 3176 3656; x_wconf 68' lang='lat' dir='ltr'><strong>Iacob.</strong></span> <span class='ocrx_word' id='word_1_962' title='bbox 3211 3597 3453 3666; x_wconf 86' lang='lat' dir='ltr'><strong>exceptis</strong></span> <span class='ocrx_word' id='word_1_963' title='bbox 3475 3597 3677 3663; x_wconf 82' lang='lat' dir='ltr'><strong>liberis,</strong></span> 
     </span>
    </p>
   </div>
   <div class='ocr_carea' id='block_1_127' title="bbox 2105 3665 3628 3739">
    <p class='ocr_par' dir='ltr' id='par_1_127' title="bbox 2105 3665 3628 3739">
     <span class='ocr_line' id='line_1_131' title="bbox 2105 3665 3628 3739; baseline 0.004 -21"><span class='ocrx_word' id='word_1_964' title='bbox 2105 3679 2285 3739; x_wconf 75' lang='lat' dir='ltr'><strong>secum</strong></span> <span class='ocrx_word' id='word_1_965' title='bbox 2321 3665 2512 3739; x_wconf 76' lang='lat' dir='ltr'><strong>fratres</strong></span> <span class='ocrx_word' id='word_1_966' title='bbox 2538 3668 2670 3739; x_wconf 84' lang='lat' dir='ltr'><strong>alios</strong></span> <span class='ocrx_word' id='word_1_967' title='bbox 2699 3668 2962 3739; x_wconf 79' lang='lat' dir='ltr'><strong>habuerit.</strong></span> <span class='ocrx_word' id='word_1_968' title='bbox 2987 3667 3241 3735; x_wconf 88' lang='lat' dir='ltr'><strong>Sequitur</strong></span> <span class='ocrx_word' id='word_1_969' title='bbox 3273 3683 3303 3739; x_wconf 83' lang='lat'>:_</span> <span class='ocrx_word' id='word_1_970' title='bbox 3352 3665 3361 3666; x_wconf 28' lang='grc' dir='ltr'>ί</span> <span class='ocrx_word' id='word_1_971' title='bbox 3624 3735 3628 3739; x_wconf 91' lang='lat'><strong><em>_</em></strong></span> 
     </span>
    </p>
   </div>
   <div class='ocr_carea' id='block_1_128' title="bbox 2163 3734 3682 3814">
    <p class='ocr_par' dir='ltr' id='par_1_128' title="bbox 2163 3734 3682 3814">
     <span class='ocr_line' id='line_1_132' title="bbox 2163 3734 3682 3814; baseline 0 -26"><span class='ocrx_word' id='word_1_972' title='bbox 2163 3734 2358 3807; x_wconf 60' lang='lat' dir='ltr'><strong>,(Vers.</strong></span> <span class='ocrx_word' id='word_1_973' title='bbox 2389 3736 2454 3790; x_wconf 68' lang='grc'><strong>21</strong></span> <span class='ocrx_word' id='word_1_974' title='bbox 2486 3735 2665 3814; x_wconf 83' lang='lat' dir='ltr'><strong>seqq.)</strong></span> <span class='ocrx_word' id='word_1_975' title='bbox 2716 3734 3123 3814; x_wconf 80' lang='lat' dir='ltr'><strong>Deprecatusque</strong></span> <span class='ocrx_word' id='word_1_976' title='bbox 3148 3751 3224 3814; x_wconf 80' lang='lat' dir='ltr'><strong>est</strong></span> <span class='ocrx_word' id='word_1_977' title='bbox 3269 3737 3550 3814; x_wconf 67' lang='lat' dir='ltr'><strong>Dominum</strong></span> <span class='ocrx_word' id='word_1_978' title='bbox 3591 3735 3682 3814; x_wconf 73' lang='lat' dir='ltr'><strong>pro</strong></span> 
     </span>
    </p>
   </div>
   <div class='ocr_carea' id='block_1_129' title="bbox 2106 3809 3684 3878">
    <p class='ocr_par' dir='ltr' id='par_1_129' title="bbox 2106 3809 3684 3878">
     <span class='ocr_line' id='line_1_133' title="bbox 2106 3809 3684 3878; baseline 0.002 -19"><span class='ocrx_word' id='word_1_979' title='bbox 2106 3823 2266 3878; x_wconf 73' lang='lat' dir='ltr'><strong>uxore</strong></span> <span class='ocrx_word' id='word_1_980' title='bbox 2285 3823 2400 3869; x_wconf 82' lang='lat' dir='ltr'><strong>sua,</strong></span> <span class='ocrx_word' id='word_1_981' title='bbox 2431 3824 2488 3860; x_wconf 87' lang='lat' dir='ltr'><strong>eo</strong></span> <span class='ocrx_word' id='word_1_982' title='bbox 2511 3809 2648 3878; x_wconf 86' lang='lat' dir='ltr'><strong>quod</strong></span> <span class='ocrx_word' id='word_1_983' title='bbox 2670 3819 2798 3862; x_wconf 83' lang='lat' dir='ltr'><strong>esset</strong></span> <span class='ocrx_word' id='word_1_984' title='bbox 2823 3810 3028 3863; x_wconf 84' lang='lat' dir='ltr'><strong>sterilis.</strong></span> <span class='ocrx_word' id='word_1_985' title='bbox 3059 3810 3158 3873; x_wconf 75' lang='lat' dir='ltr'><strong>Qui</strong></span> <span class='ocrx_word' id='word_1_986' title='bbox 3189 3809 3446 3862; x_wconf 64' lang='lat' dir='ltr'><strong>exaudivit</strong></span> <span class='ocrx_word' id='word_1_987' title='bbox 3475 3826 3608 3874; x_wconf 85' lang='lat' dir='ltr'><strong>eum,</strong></span> <span class='ocrx_word' id='word_1_988' title='bbox 3637 3809 3684 3862; x_wconf 80' lang='lat' dir='ltr'><strong>et</strong></span> 
     </span>
    </p>
   </div>
   <div class='ocr_carea' id='block_1_130' title="bbox 2105 3876 3686 3944">
    <p class='ocr_par' dir='ltr' id='par_1_130' title="bbox 2105 3876 3686 3944">
     <span class='ocr_line' id='line_1_134' title="bbox 2105 3876 3686 3944; baseline 0.001 -14"><span class='ocrx_word' id='word_1_989' title='bbox 2105 3876 2248 3930; x_wconf 86' lang='lat' dir='ltr'><strong>dedit</strong></span> <span class='ocrx_word' id='word_1_990' title='bbox 2288 3876 2583 3944; x_wconf 84' lang='lat' dir='ltr'><strong>conceptum</strong></span> <span class='ocrx_word' id='word_1_991' title='bbox 2613 3877 2866 3932; x_wconf 67' lang='lat' dir='ltr'><strong>Rebecca.</strong></span> <span class='ocrx_word' id='word_1_992' title='bbox 2926 3878 3031 3933; x_wconf 87' lang='lat' dir='ltr'><strong>Sed</strong></span> <span class='ocrx_word' id='word_1_993' title='bbox 3061 3880 3432 3932; x_wconf 85' lang='lat' dir='ltr'><strong>collidebantur</strong></span> <span class='ocrx_word' id='word_1_994' title='bbox 3459 3881 3512 3932; x_wconf 86' lang='lat' dir='ltr'><strong>in</strong></span> <span class='ocrx_word' id='word_1_995' title='bbox 3544 3890 3686 3933; x_wconf 84' lang='lat' dir='ltr'><strong>utero</strong></span> 
     </span>
    </p>
   </div>
   <div class='ocr_carea' id='block_1_131' title="bbox 2107 3949 3683 4019">
    <p class='ocr_par' dir='ltr' id='par_1_131' title="bbox 2107 3949 3683 4019">
     <span class='ocr_line' id='line_1_135' title="bbox 2107 3949 3683 4019; baseline 0 -17"><span class='ocrx_word' id='word_1_996' title='bbox 2107 3952 2220 4019; x_wconf 84' lang='lat' dir='ltr'><strong>ejus</strong></span> <span class='ocrx_word' id='word_1_997' title='bbox 2247 3951 2466 4016; x_wconf 75' lang='lat' dir='ltr'><strong>paruuli.</strong></span> <span class='ocrx_word' id='word_1_998' title='bbox 2498 3949 2624 4014; x_wconf 72' lang='lat' dir='ltr'><strong>Qum</strong></span> <span class='ocrx_word' id='word_1_999' title='bbox 2647 3951 2739 4014; x_wconf 89' lang='lat' dir='ltr'><strong>ait,</strong></span> <span class='ocrx_word' id='word_1_1000' title='bbox 2766 3949 2824 4004; x_wconf 90' lang='lat' dir='ltr'><strong>Si</strong></span> <span class='ocrx_word' id='word_1_1001' title='bbox 2856 3950 2927 4002; x_wconf 82' lang='lat' dir='ltr'><strong>sic</strong></span> <span class='ocrx_word' id='word_1_1002' title='bbox 2956 3949 3081 4002; x_wconf 80' lang='lat' dir='ltr'><strong>mihi</strong></span> <span class='ocrx_word' id='word_1_1003' title='bbox 3109 3952 3340 4019; x_wconf 77' lang='lat' dir='ltr'><strong>futurum</strong></span> <span class='ocrx_word' id='word_1_1004' title='bbox 3369 3959 3505 4011; x_wconf 78' lang='lat' dir='ltr'><strong>erat,</strong></span> <span class='ocrx_word' id='word_1_1005' title='bbox 3560 3951 3683 4017; x_wconf 83' lang='lat' dir='ltr'><strong>quid</strong></span> 
     </span>
    </p>
   </div>
   <div class='ocr_carea' id='block_1_132' title="bbox 2109 4019 3677 4090">
    <p class='ocr_par' dir='ltr' id='par_1_132' title="bbox 2109 4019 3677 4090">
     <span class='ocr_line' id='line_1_136' title="bbox 2109 4019 3677 4090; baseline -0.001 -18"><span class='ocrx_word' id='word_1_1006' title='bbox 2109 4035 2310 4074; x_wconf 81' lang='lat' dir='ltr'><strong>necesse</strong></span> <span class='ocrx_word' id='word_1_1007' title='bbox 2341 4020 2435 4089; x_wconf 81' lang='lat' dir='ltr'><strong>fuit</strong></span> <span class='ocrx_word' id='word_1_1008' title='bbox 2467 4021 2776 4090; x_wconf 84' lang='lat' dir='ltr'><strong>concipere?</strong></span> <span class='ocrx_word' id='word_1_1009' title='bbox 2809 4019 3145 4090; x_wconf 74' lang='lat' dir='ltr'><strong>Perrexitque</strong></span> <span class='ocrx_word' id='word_1_1010' title='bbox 3170 4029 3226 4074; x_wconf 89' lang='lat' dir='ltr'><strong>ut</strong></span> <span class='ocrx_word' id='word_1_1011' title='bbox 3265 4020 3540 4072; x_wconf 81' lang='lat' dir='ltr'><strong>consuleret</strong></span> <span class='ocrx_word' id='word_1_1012' title='bbox 3573 4020 3677 4071; x_wconf 88' lang='lat' dir='ltr'><strong>Do-</strong></span> 
     </span>
    </p>
   </div>
   <div class='ocr_carea' id='block_1_133' title="bbox 2111 4091 3679 4156">
    <p class='ocr_par' dir='ltr' id='par_1_133' title="bbox 2111 4091 3679 4156">
     <span class='ocr_line' id='line_1_137' title="bbox 2111 4091 3679 4156; baseline 0 -13"><span class='ocrx_word' id='word_1_1013' title='bbox 2111 4092 2326 4144; x_wconf 87' lang='lat' dir='ltr'><strong>minum.</strong></span> <span class='ocrx_word' id='word_1_1014' title='bbox 2375 4091 2646 4156; x_wconf 65' lang='lat' dir='ltr'><strong>Qumritur</strong></span> <span class='ocrx_word' id='word_1_1015' title='bbox 2690 4107 2796 4155; x_wconf 89' lang='lat' dir='ltr'><strong>quo</strong></span> <span class='ocrx_word' id='word_1_1016' title='bbox 2842 4092 3002 4147; x_wconf 84' lang='lat' dir='ltr'><strong>ierit:</strong></span> <span class='ocrx_word' id='word_1_1017' title='bbox 3037 4108 3141 4144; x_wconf 88' lang='lat' dir='ltr'><strong>non</strong></span> <span class='ocrx_word' id='word_1_1018' title='bbox 3193 4092 3329 4143; x_wconf 80' lang='lat' dir='ltr'><strong>enirn</strong></span> <span class='ocrx_word' id='word_1_1019' title='bbox 3359 4099 3513 4142; x_wconf 90' lang='lat' dir='ltr'><strong>erant</strong></span> <span class='ocrx_word' id='word_1_1020' title='bbox 3553 4099 3679 4142; x_wconf 86' lang='lat' dir='ltr'><strong>tunc</strong></span> 
     </span>
    </p>
   </div>
   <div class='ocr_carea' id='block_1_134' title="bbox 2113 4161 3677 4232">
    <p class='ocr_par' dir='ltr' id='par_1_134' title="bbox 2113 4161 3677 4232">
     <span class='ocr_line' id='line_1_138' title="bbox 2113 4161 3677 4232; baseline 0.001 -20"><span class='ocrx_word' id='word_1_1021' title='bbox 2113 4162 2391 4232; x_wconf 67' lang='lat' dir='ltr'><strong>prophetae</strong></span> <span class='ocrx_word' id='word_1_1022' title='bbox 2413 4169 2504 4213; x_wconf 82' lang='lat' dir='ltr'><strong>aut</strong></span> <span class='ocrx_word' id='word_1_1023' title='bbox 2543 4163 2875 4232; x_wconf 72' lang='lat' dir='ltr'><strong>sacerdotes,</strong></span> <span class='ocrx_word' id='word_1_1024' title='bbox 2915 4163 3203 4216; x_wconf 79' lang='lat' dir='ltr'><strong>secundum</strong></span> <span class='ocrx_word' id='word_1_1025' title='bbox 3225 4161 3677 4232; x_wconf 70' lang='lat' dir='ltr'><strong>ordinent-inber-</strong></span> 
     </span>
    </p>
   </div>
   <div class='ocr_carea' id='block_1_135' title="bbox 2114 4231 3684 4301">
    <p class='ocr_par' dir='ltr' id='par_1_135' title="bbox 2114 4231 3684 4301">
     <span class='ocr_line' id='line_1_139' title="bbox 2114 4231 3684 4301; baseline 0 -17"><span class='ocrx_word' id='word_1_1026' title='bbox 2114 4231 2287 4285; x_wconf 82' lang='lat' dir='ltr'><strong>naculi</strong></span> <span class='ocrx_word' id='word_1_1027' title='bbox 2313 4231 2395 4284; x_wconf 88' lang='lat' dir='ltr'><strong>vel</strong></span> <span class='ocrx_word' id='word_1_1028' title='bbox 2421 4231 2602 4299; x_wconf 87' lang='lat' dir='ltr'><strong>tetnpli</strong></span> <span class='ocrx_word' id='word_1_1029' title='bbox 2637 4231 2867 4286; x_wconf 90' lang='lat' dir='ltr'><strong>Domini.</strong></span> <span class='ocrx_word' id='word_1_1030' title='bbox 2901 4234 3017 4300; x_wconf 89' lang='lat' dir='ltr'><strong>Quo</strong></span> <span class='ocrx_word' id='word_1_1031' title='bbox 3037 4248 3160 4301; x_wconf 83' lang='lat' dir='ltr'><strong>ergo</strong></span> <span class='ocrx_word' id='word_1_1032' title='bbox 3188 4233 3325 4290; x_wconf 79' lang='lat' dir='ltr'><strong>ierit,</strong></span> <span class='ocrx_word' id='word_1_1033' title='bbox 3353 4231 3546 4284; x_wconf 83' lang='lat' dir='ltr'><strong>merito</strong></span> <span class='ocrx_word' id='word_1_1034' title='bbox 3569 4245 3684 4284; x_wconf 88' lang='lat' dir='ltr'><strong>mo-</strong></span> 
     </span>
    </p>
   </div>
   <div class='ocr_carea' id='block_1_136' title="bbox 2113 4301 3686 4367">
    <p class='ocr_par' dir='ltr' id='par_1_136' title="bbox 2113 4301 3686 4367">
     <span class='ocr_line' id='line_1_140' title="bbox 2113 4301 3686 4367; baseline -0.001 -12"><span class='ocrx_word' id='word_1_1035' title='bbox 2113 4311 2224 4367; x_wconf 88' lang='lat' dir='ltr'><strong>net,</strong></span> <span class='ocrx_word' id='word_1_1036' title='bbox 2250 4302 2348 4355; x_wconf 88' lang='lat' dir='ltr'><strong>nisi</strong></span> <span class='ocrx_word' id='word_1_1037' title='bbox 2383 4302 2519 4354; x_wconf 81' lang='lat' dir='ltr'><strong>forte</strong></span> <span class='ocrx_word' id='word_1_1038' title='bbox 2545 4303 2608 4354; x_wconf 85' lang='lat' dir='ltr'><strong>ad</strong></span> <span class='ocrx_word' id='word_1_1039' title='bbox 2641 4303 2811 4356; x_wconf 88' lang='lat' dir='ltr'><strong>locum</strong></span> <span class='ocrx_word' id='word_1_1040' title='bbox 2837 4304 2924 4358; x_wconf 90' lang='lat' dir='ltr'><strong>ubi</strong></span> <span class='ocrx_word' id='word_1_1041' title='bbox 2955 4319 3098 4357; x_wconf 89' lang='lat' dir='ltr'><strong>aram</strong></span> <span class='ocrx_word' id='word_1_1042' title='bbox 3119 4312 3489 4357; x_wconf 81' lang='lat' dir='ltr'><strong>conSIrnxerat</strong></span> <span class='ocrx_word' id='word_1_1043' title='bbox 3511 4301 3686 4355; x_wconf 81' lang='lat' dir='ltr'><strong>Abra-</strong></span> 
     </span>
    </p>
   </div>
   <div class='ocr_carea' id='block_1_137' title="bbox 2115 4372 3688 4442">
    <p class='ocr_par' dir='ltr' id='par_1_137' title="bbox 2115 4372 3688 4442">
     <span class='ocr_line' id='line_1_141' title="bbox 2115 4372 3688 4442; baseline 0 -16"><span class='ocrx_word' id='word_1_1044' title='bbox 2115 4373 2258 4426; x_wconf 89' lang='lat' dir='ltr'><strong>ham.</strong></span> <span class='ocrx_word' id='word_1_1045' title='bbox 2307 4372 2410 4426; x_wconf 91' lang='lat' dir='ltr'><strong>Sed</strong></span> <span class='ocrx_word' id='word_1_1046' title='bbox 2463 4372 2572 4426; x_wconf 89' lang='lat' dir='ltr'><strong>illtc</strong></span> <span class='ocrx_word' id='word_1_1047' title='bbox 2600 4373 2870 4441; x_wconf 88' lang='lat' dir='ltr'><strong>quomodo</strong></span> <span class='ocrx_word' id='word_1_1048' title='bbox 2920 4390 3173 4442; x_wconf 78' lang='lat' dir='ltr'><strong>responsa</strong></span> <span class='ocrx_word' id='word_1_1049' title='bbox 3221 4374 3435 4432; x_wconf 71' lang='lat' dir='ltr'><strong>(lentur.</strong></span> <span class='ocrx_word' id='word_1_1050' title='bbox 3467 4373 3688 4426; x_wconf 87' lang='lat' dir='ltr'><strong>omnino</strong></span> 
     </span>
    </p>
   </div>
   <div class='ocr_carea' id='block_1_138' title="bbox 2115 4443 3685 4512">
    <p class='ocr_par' dir='ltr' id='par_1_138' title="bbox 2115 4443 3685 4512">
     <span class='ocr_line' id='line_1_142' title="bbox 2115 4443 3685 4512; baseline -0.002 -14"><span class='ocrx_word' id='word_1_1051' title='bbox 2115 4452 2255 4498; x_wconf 88' lang='lat' dir='ltr'><strong>tacet</strong></span> <span class='ocrx_word' id='word_1_1052' title='bbox 2303 4443 2628 4509; x_wconf 89' lang='lat' dir='ltr'><strong>Scriptura:</strong></span> <span class='ocrx_word' id='word_1_1053' title='bbox 2673 4454 2846 4498; x_wconf 92' lang='lat' dir='ltr'><strong>utrnm</strong></span> <span class='ocrx_word' id='word_1_1054' title='bbox 2905 4461 3000 4511; x_wconf 81' lang='lat' dir='ltr'><strong>per</strong></span> <span class='ocrx_word' id='word_1_1055' title='bbox 3045 4447 3272 4512; x_wconf 89' lang='lat' dir='ltr'><strong>aliquem</strong></span> <span class='ocrx_word' id='word_1_1056' title='bbox 3326 4445 3685 4508; x_wconf 79' lang='lat' dir='ltr'><strong>sacerdotem,</strong></span> 
     </span>
    </p>
   </div>
   <div class='ocr_carea' id='block_1_139' title="bbox 2115 4513 3684 4581">
    <p class='ocr_par' dir='ltr' id='par_1_139' title="bbox 2115 4513 3684 4581">
     <span class='ocr_line' id='line_1_143' title="bbox 2115 4513 3684 4581; baseline -0.001 -13"><span class='ocrx_word' id='word_1_1057' title='bbox 2115 4513 2257 4580; x_wconf 87' lang='lat' dir='ltr'><strong>quod</strong></span> <span class='ocrx_word' id='word_1_1058' title='bbox 2284 4513 2597 4577; x_wconf 80' lang='lat' dir='ltr'><strong>incredibile</strong></span> <span class='ocrx_word' id='word_1_1059' title='bbox 2634 4523 2736 4581; x_wconf 87' lang='lat' dir='ltr'><strong>est,</strong></span> <span class='ocrx_word' id='word_1_1060' title='bbox 2767 4517 2810 4568; x_wconf 89' lang='lat' dir='ltr'><strong>si</strong></span> <span class='ocrx_word' id='word_1_1061' title='bbox 2835 4525 2968 4581; x_wconf 89' lang='lat' dir='ltr'><strong>erat,</strong></span> <span class='ocrx_word' id='word_1_1062' title='bbox 3007 4531 3109 4569; x_wconf 87' lang='lat' dir='ltr'><strong>non</strong></span> <span class='ocrx_word' id='word_1_1063' title='bbox 3135 4517 3294 4568; x_wconf 74' lang='lat' dir='ltr'><strong>tuisse</strong></span> <span class='ocrx_word' id='word_1_1064' title='bbox 3320 4516 3646 4567; x_wconf 75' lang='lat' dir='ltr'><strong>nominatum</strong></span> <span class='ocrx_word' id='word_1_1065' title='bbox 3672 4530 3684 4574; x_wconf 90' lang='lat'><strong>;</strong></span> 
     </span>
    </p>
   </div>
   <div class='ocr_carea' id='block_1_140' title="bbox 2114 4584 3688 4652">
    <p class='ocr_par' dir='ltr' id='par_1_140' title="bbox 2114 4584 3688 4652">
     <span class='ocr_line' id='line_1_144' title="bbox 2114 4584 3688 4652; baseline 0.003 -15"><span class='ocrx_word' id='word_1_1066' title='bbox 2114 4602 2180 4638; x_wconf 88' lang='lat' dir='ltr'><strong>an</strong></span> <span class='ocrx_word' id='word_1_1067' title='bbox 2225 4592 2382 4638; x_wconf 87' lang='lat' dir='ltr'><strong>erant</strong></span> <span class='ocrx_word' id='word_1_1068' title='bbox 2409 4584 2575 4652; x_wconf 87' lang='lat' dir='ltr'><strong>aliqui</strong></span> <span class='ocrx_word' id='word_1_1069' title='bbox 2619 4587 2772 4644; x_wconf 79' lang='lat' dir='ltr'><strong>tales.</strong></span> <span class='ocrx_word' id='word_1_1070' title='bbox 2818 4588 2976 4640; x_wconf 89' lang='lat' dir='ltr'><strong>etiam</strong></span> <span class='ocrx_word' id='word_1_1071' title='bbox 3025 4587 3117 4639; x_wconf 84' lang='lat' dir='ltr'><strong>illo</strong></span> <span class='ocrx_word' id='word_1_1072' title='bbox 3151 4598 3412 4652; x_wconf 83' lang='lat' dir='ltr'><strong>tempore.</strong></span> <span class='ocrx_word' id='word_1_1073' title='bbox 3447 4584 3688 4638; x_wconf 74' lang='lat' dir='ltr'><strong>homines</strong></span> 
     </span>
    </p>
   </div>
   <div class='ocr_carea' id='block_1_141' title="bbox 2116 4655 3691 4724">
    <p class='ocr_par' dir='ltr' id='par_1_141' title="bbox 2116 4655 3691 4724">
     <span class='ocr_line' id='line_1_145' title="bbox 2116 4655 3691 4724; baseline -0.001 -15"><span class='ocrx_word' id='word_1_1074' title='bbox 2116 4656 2232 4720; x_wconf 89' lang='lat' dir='ltr'><strong>Dei,</strong></span> <span class='ocrx_word' id='word_1_1075' title='bbox 2269 4657 2318 4708; x_wconf 95' lang='lat' dir='ltr'><strong>in</strong></span> <span class='ocrx_word' id='word_1_1076' title='bbox 2353 4655 2545 4724; x_wconf 88' lang='lat' dir='ltr'><strong>quibus</strong></span> <span class='ocrx_word' id='word_1_1077' title='bbox 2570 4667 2750 4724; x_wconf 80' lang='lat' dir='ltr'><strong>posset</strong></span> <span class='ocrx_word' id='word_1_1078' title='bbox 2781 4657 2917 4711; x_wconf 75' lang='lat' dir='ltr'><strong>Deus</strong></span> <span class='ocrx_word' id='word_1_1079' title='bbox 2941 4659 3279 4723; x_wconf 76' lang='lat' dir='ltr'><strong>interrogari.</strong></span> <span class='ocrx_word' id='word_1_1080' title='bbox 3308 4657 3390 4720; x_wconf 76' lang='lat' dir='ltr'><strong>Qu</strong></span> <span class='ocrx_word' id='word_1_1081' title='bbox 3415 4655 3691 4718; x_wconf 56' lang='grc'><strong>(1110111110-</strong></span> 
     </span>
    </p>
   </div>
   <div class='ocr_carea' id='block_1_142' title="bbox 2115 4726 3692 4797">
    <p class='ocr_par' dir='ltr' id='par_1_142' title="bbox 2115 4726 3692 4797">
     <span class='ocr_line' id='line_1_146' title="bbox 2115 4726 3692 4797; baseline -0.001 -16"><span class='ocrx_word' id='word_1_1082' title='bbox 2115 4742 2232 4781; x_wconf 87' lang='lat' dir='ltr'><strong>rum</strong></span> <span class='ocrx_word' id='word_1_1083' title='bbox 2263 4733 2367 4789; x_wconf 86' lang='lat' dir='ltr'><strong>est,</strong></span> <span class='ocrx_word' id='word_1_1084' title='bbox 2399 4737 2452 4780; x_wconf 88' lang='lat' dir='ltr'><strong>et</strong></span> <span class='ocrx_word' id='word_1_1085' title='bbox 2479 4727 2520 4777; x_wconf 83' lang='lat' dir='ltr'><strong>si</strong></span> <span class='ocrx_word' id='word_1_1086' title='bbox 2567 4729 2691 4796; x_wconf 85' lang='lat' dir='ltr'><strong>quiti</strong></span> <span class='ocrx_word' id='word_1_1087' title='bbox 2724 4727 2866 4780; x_wconf 80' lang='lat' dir='ltr'><strong>aliud</strong></span> <span class='ocrx_word' id='word_1_1088' title='bbox 2895 4730 3034 4797; x_wconf 83' lang='lat' dir='ltr'><strong>quod</strong></span> <span class='ocrx_word' id='word_1_1089' title='bbox 3068 4744 3153 4780; x_wconf 77' lang='lat' dir='ltr'><strong>me</strong></span> <span class='ocrx_word' id='word_1_1090' title='bbox 3181 4726 3322 4779; x_wconf 74' lang='lat' dir='ltr'><strong>forte</strong></span> <span class='ocrx_word' id='word_1_1091' title='bbox 3369 4741 3692 4779; x_wconf 82' lang='lat' dir='ltr'><strong>commemo-</strong></span> 
     </span>
    </p>
   </div>
   <div class='ocr_carea' id='block_1_143' title="bbox 2117 4797 3692 4866">
    <p class='ocr_par' dir='ltr' id='par_1_143' title="bbox 2117 4797 3692 4866">
     <span class='ocr_line' id='line_1_147' title="bbox 2117 4797 3692 4866; baseline 0 -15"><span class='ocrx_word' id='word_1_1092' title='bbox 2117 4813 2239 4851; x_wconf 77' lang='lat' dir='ltr'><strong>rare</strong></span> <span class='ocrx_word' id='word_1_1093' title='bbox 2281 4797 2880 4866; x_wconf 33' lang='lat' dir='ltr'><strong>praeterieritrmentiri</strong></span> <span class='ocrx_word' id='word_1_1094' title='bbox 2919 4810 3094 4851; x_wconf 83' lang='lat' dir='ltr'><strong>tamen</strong></span> <span class='ocrx_word' id='word_1_1095' title='bbox 3135 4800 3413 4865; x_wconf 83' lang='lat' dir='ltr'><strong>Scriptura</strong></span> <span class='ocrx_word' id='word_1_1096' title='bbox 3461 4813 3564 4849; x_wconf 88' lang='grc'><strong>11011</strong></span> <span class='ocrx_word' id='word_1_1097' title='bbox 3601 4812 3692 4860; x_wconf 88' lang='lat' dir='ltr'><strong>po-</strong></span> 
     </span>
    </p>
   </div>
   <div class='ocr_carea' id='block_1_144' title="bbox 2117 4867 3691 4936">
    <p class='ocr_par' dir='ltr' id='par_1_144' title="bbox 2117 4867 3691 4936">
     <span class='ocr_line' id='line_1_148' title="bbox 2117 4867 3691 4936; baseline 0 -16"><span class='ocrx_word' id='word_1_1098' title='bbox 2117 4877 2244 4932; x_wconf 88' lang='lat' dir='ltr'><strong>test,</strong></span> <span class='ocrx_word' id='word_1_1099' title='bbox 2295 4886 2412 4936; x_wconf 75' lang='lat' dir='ltr'><strong>quze</strong></span> <span class='ocrx_word' id='word_1_1100' title='bbox 2451 4869 2586 4921; x_wconf 82' lang='lat' dir='ltr'><strong>dixit</strong></span> <span class='ocrx_word' id='word_1_1101' title='bbox 2633 4869 2932 4923; x_wconf 80' lang='lat' dir='ltr'><strong>Rebeccant</strong></span> <span class='ocrx_word' id='word_1_1102' title='bbox 2985 4870 3088 4921; x_wconf 58' lang='lat' dir='ltr'><strong>is~e</strong></span> <span class='ocrx_word' id='word_1_1103' title='bbox 3135 4867 3199 4921; x_wconf 89' lang='lat' dir='ltr'><strong>ad</strong></span> <span class='ocrx_word' id='word_1_1104' title='bbox 3250 4867 3691 4936; x_wconf 70' lang='lat' dir='ltr'><strong>interm-gaudium</strong></span> 
     </span>
    </p>
   </div>
   <div class='ocr_carea' id='block_1_145' title="bbox 2117 4937 3693 5008">
    <p class='ocr_par' dir='ltr' id='par_1_145' title="bbox 2117 4937 3693 5008">
     <span class='ocr_line' id='line_1_149' title="bbox 2117 4937 3693 5008; baseline 0.001 -17"><span class='ocrx_word' id='word_1_1105' title='bbox 2117 4938 2308 5003; x_wconf 88' lang='lat' dir='ltr'><strong>Deum,</strong></span> <span class='ocrx_word' id='word_1_1106' title='bbox 2355 4938 2512 5005; x_wconf 74' lang='lat' dir='ltr'><strong>eique</strong></span> <span class='ocrx_word' id='word_1_1107' title='bbox 2555 4942 2939 5000; x_wconf 70' lang='lat' dir='ltr'><strong>resnomlissc:</strong></span> <span class='ocrx_word' id='word_1_1108' title='bbox 2975 4937 3101 4992; x_wconf 73' lang='lat' dir='ltr'><strong>Dure</strong></span> <span class='ocrx_word' id='word_1_1109' title='bbox 3143 4951 3315 5008; x_wconf 85' lang='lat' dir='ltr'><strong>gentes</strong></span> <span class='ocrx_word' id='word_1_1110' title='bbox 3357 4941 3408 4990; x_wconf 86' lang='lat' dir='ltr'><strong>in</strong></span> <span class='ocrx_word' id='word_1_1111' title='bbox 3438 4950 3579 4990; x_wconf 81' lang='lat' dir='ltr'><strong>utero</strong></span> <span class='ocrx_word' id='word_1_1112' title='bbox 3607 4949 3693 4992; x_wconf 88' lang='lat' dir='ltr'><strong>tuo</strong></span> 
     </span>
    </p>
   </div>
   <div class='ocr_carea' id='block_1_146' title="bbox 2117 5010 3694 5079">
    <p class='ocr_par' dir='ltr' id='par_1_146' title="bbox 2117 5010 3694 5079">
     <span class='ocr_line' id='line_1_150' title="bbox 2117 5010 3694 5079; baseline -0.001 -16"><span class='ocrx_word' id='word_1_1113' title='bbox 2117 5020 2258 5076; x_wconf 88' lang='lat' dir='ltr'><strong>sunt,</strong></span> <span class='ocrx_word' id='word_1_1114' title='bbox 2287 5019 2332 5062; x_wconf 87' lang='lat' dir='ltr'><strong>et</strong></span> <span class='ocrx_word' id='word_1_1115' title='bbox 2362 5011 2466 5062; x_wconf 88' lang='lat' dir='ltr'><strong>duo</strong></span> <span class='ocrx_word' id='word_1_1116' title='bbox 2495 5010 2671 5076; x_wconf 80' lang='lat' dir='ltr'><strong>pepuli</strong></span> <span class='ocrx_word' id='word_1_1117' title='bbox 2701 5027 2764 5064; x_wconf 78' lang='lat' dir='ltr'><strong>ea:</strong></span> <span class='ocrx_word' id='word_1_1118' title='bbox 2788 5022 2956 5064; x_wconf 80' lang='lat' dir='ltr'><strong>ventre</strong></span> <span class='ocrx_word' id='word_1_1119' title='bbox 2985 5020 3072 5063; x_wconf 85' lang='lat' dir='ltr'><strong>tuo</strong></span> <span class='ocrx_word' id='word_1_1120' title='bbox 3110 5010 3417 5069; x_wconf 75' lang='lat' dir='ltr'><strong>dividentur,</strong></span> <span class='ocrx_word' id='word_1_1121' title='bbox 3451 5011 3694 5079; x_wconf 81' lang='lat' dir='ltr'><strong>populus-</strong></span> 
     </span>
    </p>
   </div>
   <div class='ocr_carea' id='block_1_147' title="bbox 2117 5079 3693 5152">
    <p class='ocr_par' dir='ltr' id='par_1_147' title="bbox 2117 5079 3693 5152">
     <span class='ocr_line' id='line_1_151' title="bbox 2117 5079 3693 5152; baseline -0.002 -19"><span class='ocrx_word' id='word_1_1122' title='bbox 2117 5097 2212 5150; x_wconf 85' lang='lat' dir='ltr'><strong>que</strong></span> <span class='ocrx_word' id='word_1_1123' title='bbox 2241 5079 2484 5150; x_wconf 86' lang='lat' dir='ltr'><strong>populum</strong></span> <span class='ocrx_word' id='word_1_1124' title='bbox 2513 5083 2792 5152; x_wconf 83' lang='lat' dir='ltr'><strong>.superabit.</strong></span> <span class='ocrx_word' id='word_1_1125' title='bbox 2827 5093 2873 5134; x_wconf 85' lang='lat' dir='ltr'><strong>et</strong></span> <span class='ocrx_word' id='word_1_1126' title='bbox 2902 5083 3066 5150; x_wconf 81' lang='lat' dir='ltr'><strong>major</strong></span> <span class='ocrx_word' id='word_1_1127' title='bbox 3095 5083 3269 5134; x_wconf 65' lang='lat' dir='ltr'><strong>sentiet</strong></span> <span class='ocrx_word' id='word_1_1128' title='bbox 3301 5081 3505 5152; x_wconf 86' lang='lat' dir='ltr'><strong>minori.</strong></span> <span class='ocrx_word' id='word_1_1129' title='bbox 3531 5081 3693 5145; x_wconf 88' lang='lat' dir='ltr'><strong>Spiri-</strong></span> 
     </span>
    </p>
   </div>
   <div class='ocr_carea' id='block_1_148' title="bbox 2118 5151 3692 5220">
    <p class='ocr_par' dir='ltr' id='par_1_148' title="bbox 2118 5151 3692 5220">
     <span class='ocr_line' id='line_1_152' title="bbox 2118 5151 3692 5220; baseline -0.001 -16"><span class='ocrx_word' id='word_1_1130' title='bbox 2118 5151 2213 5205; x_wconf 88' lang='lat' dir='ltr'><strong>tali</strong></span> <span class='ocrx_word' id='word_1_1131' title='bbox 2242 5151 2589 5220; x_wconf 80' lang='lat' dir='ltr'><strong>intelligentia</strong></span> <span class='ocrx_word' id='word_1_1132' title='bbox 2620 5153 2860 5206; x_wconf 85' lang='lat' dir='ltr'><strong>carnales</strong></span> <span class='ocrx_word' id='word_1_1133' title='bbox 2888 5153 2938 5207; x_wconf 94' lang='lat' dir='ltr'><strong>in</strong></span> <span class='ocrx_word' id='word_1_1134' title='bbox 2968 5154 3160 5219; x_wconf 84' lang='lat' dir='ltr'><strong>populo</strong></span> <span class='ocrx_word' id='word_1_1135' title='bbox 3205 5152 3300 5205; x_wconf 90' lang='lat' dir='ltr'><strong>Dei</strong></span> <span class='ocrx_word' id='word_1_1136' title='bbox 3327 5151 3692 5219; x_wconf 81' lang='lat' dir='ltr'><strong>signiﬁcantur</strong></span> 
     </span>
    </p>
   </div>
   <div class='ocr_carea' id='block_1_149' title="bbox 2120 5222 3690 5292">
    <p class='ocr_par' dir='ltr' id='par_1_149' title="bbox 2120 5222 3690 5292">
     <span class='ocr_line' id='line_1_153' title="bbox 2120 5222 3690 5292; baseline -0.002 -16"><span class='ocrx_word' id='word_1_1137' title='bbox 2120 5238 2218 5289; x_wconf 90' lang='lat' dir='ltr'><strong>per</strong></span> <span class='ocrx_word' id='word_1_1138' title='bbox 2248 5224 2504 5286; x_wconf 86' lang='lat' dir='ltr'><strong>majorem</strong></span> <span class='ocrx_word' id='word_1_1139' title='bbox 2534 5223 2722 5286; x_wconf 88' lang='lat' dir='ltr'><strong>ﬁlium,</strong></span> <span class='ocrx_word' id='word_1_1140' title='bbox 2747 5231 2802 5277; x_wconf 85' lang='lat' dir='ltr'><strong>et</strong></span> <span class='ocrx_word' id='word_1_1141' title='bbox 2824 5225 3091 5292; x_wconf 78' lang='lat' dir='ltr'><strong>spiritales</strong></span> <span class='ocrx_word' id='word_1_1142' title='bbox 3117 5236 3207 5289; x_wconf 88' lang='lat' dir='ltr'><strong>per</strong></span> <span class='ocrx_word' id='word_1_1143' title='bbox 3229 5222 3521 5275; x_wconf 86' lang='lat' dir='ltr'><strong>minorem:</strong></span> <span class='ocrx_word' id='word_1_1144' title='bbox 3550 5222 3690 5287; x_wconf 84' lang='lat' dir='ltr'><strong>quia,</strong></span> 
     </span>
    </p>
   </div>
   <div class='ocr_carea' id='block_1_150' title="bbox 2117 5291 3692 5362">
    <p class='ocr_par' dir='ltr' id='par_1_150' title="bbox 2117 5291 3692 5362">
     <span class='ocr_line' id='line_1_154' title="bbox 2117 5291 3692 5362; baseline -0.003 -15"><span class='ocrx_word' id='word_1_1145' title='bbox 2117 5298 2257 5347; x_wconf 89' lang='lat' dir='ltr'><strong>sicut</strong></span> <span class='ocrx_word' id='word_1_1146' title='bbox 2299 5293 2430 5346; x_wconf 90' lang='lat' dir='ltr'><strong>dicit</strong></span> <span class='ocrx_word' id='word_1_1147' title='bbox 2459 5294 2768 5361; x_wconf 84' lang='lat' dir='ltr'><strong>Apostolus,</strong></span> <span class='ocrx_word' id='word_1_1148' title='bbox 2814 5291 2934 5349; x_wconf 83' lang='lat' dir='ltr'><strong>Non</strong></span> <span class='ocrx_word' id='word_1_1149' title='bbox 2975 5297 3115 5361; x_wconf 82' lang='lat' dir='ltr'><strong>prius</strong></span> <span class='ocrx_word' id='word_1_1150' title='bbox 3145 5295 3281 5362; x_wconf 84' lang='lat' dir='ltr'><strong>quod</strong></span> <span class='ocrx_word' id='word_1_1151' title='bbox 3323 5291 3551 5362; x_wconf 74' lang='lat' dir='ltr'><strong>spiritale</strong></span> <span class='ocrx_word' id='word_1_1152' title='bbox 3596 5301 3692 5343; x_wconf 87' lang='lat' dir='ltr'><strong>est.</strong></span> 
     </span>
    </p>
   </div>
   <div class='ocr_carea' id='block_1_151' title="bbox 2118 5360 3692 5436">
    <p class='ocr_par' dir='ltr' id='par_1_151' title="bbox 2118 5360 3692 5436">
     <span class='ocr_line' id='line_1_155' title="bbox 2118 5360 3692 5436; baseline -0.001 -20"><span class='ocrx_word' id='word_1_1153' title='bbox 2118 5365 2208 5436; x_wconf 83' lang='lat' dir='ltr'><strong>sed</strong></span> <span class='ocrx_word' id='word_1_1154' title='bbox 2229 5363 2366 5433; x_wconf 90' lang='lat' dir='ltr'><strong>quod</strong></span> <span class='ocrx_word' id='word_1_1155' title='bbox 2387 5364 2632 5436; x_wconf 81' lang='lat' dir='ltr'><strong>anintale,</strong></span> <span class='ocrx_word' id='word_1_1156' title='bbox 2656 5377 2830 5436; x_wconf 88' lang='lat' dir='ltr'><strong>postea</strong></span> <span class='ocrx_word' id='word_1_1157' title='bbox 2849 5360 3119 5435; x_wconf 80' lang='lat' dir='ltr'><strong>ueroquod</strong></span> <span class='ocrx_word' id='word_1_1158' title='bbox 3140 5360 3424 5430; x_wconf 68' lang='lat' dir='ltr'><strong>spiritale“</strong></span> <span class='ocrx_word' id='word_1_1159' title='bbox 3446 5360 3692 5436; x_wconf 49' lang='grc' dir='ltr'><strong>σωκ-ιν).</strong></span> 
     </span>
    </p>
   </div>
   <div class='ocr_carea' id='block_1_152' title="bbox 2121 5433 3695 5505">
    <p class='ocr_par' dir='ltr' id='par_1_152' title="bbox 2121 5433 3695 5505">
     <span class='ocr_line' id='line_1_156' title="bbox 2121 5433 3695 5505; baseline 0 -18"><span class='ocrx_word' id='word_1_1160' title='bbox 2121 5435 2209 5505; x_wconf 90' lang='lat' dir='ltr'><strong>Sic</strong></span> <span class='ocrx_word' id='word_1_1161' title='bbox 2228 5437 2366 5489; x_wconf 86' lang='lat' dir='ltr'><strong>solet</strong></span> <span class='ocrx_word' id='word_1_1162' title='bbox 2382 5433 2777 5505; x_wconf 80' lang='lat' dir='ltr'><strong>ethicintelligi</strong></span> <span class='ocrx_word' id='word_1_1163' title='bbox 2796 5433 3047 5501; x_wconf 81' lang='lat' dir='ltr'><strong>hocun</strong></span> <span class='ocrx_word' id='word_1_1164' title='bbox 3065 5436 3264 5488; x_wconf 84' lang='lat' dir='ltr'><strong>dictum</strong></span> <span class='ocrx_word' id='word_1_1165' title='bbox 3282 5448 3452 5497; x_wconf 86' lang='lat' dir='ltr'><strong>est,ut</strong></span> <span class='ocrx_word' id='word_1_1166' title='bbox 3480 5433 3532 5486; x_wconf 92' lang='lat' dir='ltr'><strong>in</strong></span> <span class='ocrx_word' id='word_1_1167' title='bbox 3560 5433 3695 5488; x_wconf 84' lang='lat' dir='ltr'><strong>Esau</strong></span> 
     </span>
    </p>
   </div>
   <div class='ocr_carea' id='block_1_153' title="bbox 2115 5504 3696 5576">
    <p class='ocr_par' dir='ltr' id='par_1_153' title="bbox 2115 5504 3696 5576">
     <span class='ocr_line' id='line_1_157' title="bbox 2115 5504 3696 5576; baseline -0.001 -18"><span class='ocrx_word' id='word_1_1168' title='bbox 2115 5504 2370 5576; x_wconf 85' lang='lat' dir='ltr'><strong>ﬁguratus</strong></span> <span class='ocrx_word' id='word_1_1169' title='bbox 2387 5508 2456 5561; x_wconf 91' lang='lat' dir='ltr'><strong>sit</strong></span> <span class='ocrx_word' id='word_1_1170' title='bbox 2475 5507 2644 5576; x_wconf 87' lang='lat' dir='ltr'><strong>major</strong></span> <span class='ocrx_word' id='word_1_1171' title='bbox 2661 5504 2884 5575; x_wconf 81' lang='lat' dir='ltr'><strong>populus</strong></span> <span class='ocrx_word' id='word_1_1172' title='bbox 2906 5507 3023 5570; x_wconf 87' lang='lat' dir='ltr'><strong>Dei,</strong></span> <span class='ocrx_word' id='word_1_1173' title='bbox 3045 5510 3143 5559; x_wconf 78' lang='lat' dir='ltr'><strong>hoc</strong></span> <span class='ocrx_word' id='word_1_1174' title='bbox 3158 5516 3262 5569; x_wconf 54' lang='lat' dir='ltr'><strong>eat,</strong></span> <span class='ocrx_word' id='word_1_1175' title='bbox 3284 5506 3604 5576; x_wconf 79' lang='lat' dir='ltr'><strong>Israeliticus</strong></span> <span class='ocrx_word' id='word_1_1176' title='bbox 3621 5519 3696 5558; x_wconf 85' lang='lat' dir='ltr'><strong>se-</strong></span> 
     </span>
    </p>
   </div>
   <div class='ocr_carea' id='block_1_154' title="bbox 2112 5575 3696 5648">
    <p class='ocr_par' dir='ltr' id='par_1_154' title="bbox 2112 5575 3696 5648">
     <span class='ocr_line' id='line_1_158' title="bbox 2112 5575 3696 5648; baseline -0.001 -17"><span class='ocrx_word' id='word_1_1177' title='bbox 2112 5575 2344 5648; x_wconf 88' lang='lat' dir='ltr'><strong>cundum</strong></span> <span class='ocrx_word' id='word_1_1178' title='bbox 2359 5575 2577 5632; x_wconf 88' lang='lat' dir='ltr'><strong>carnem</strong></span> <span class='ocrx_word' id='word_1_1179' title='bbox 2593 5595 2690 5648; x_wconf 91' lang='lat' dir='ltr'><strong>per</strong></span> <span class='ocrx_word' id='word_1_1180' title='bbox 2710 5577 2877 5632; x_wconf 80' lang='lat' dir='ltr'><strong>Jacob</strong></span> <span class='ocrx_word' id='word_1_1181' title='bbox 2898 5589 3074 5632; x_wconf 87' lang='lat' dir='ltr'><strong>autem</strong></span> <span class='ocrx_word' id='word_1_1182' title='bbox 3106 5577 3362 5648; x_wconf 69' lang='lat' dir='ltr'><strong>ligtiratos</strong></span> <span class='ocrx_word' id='word_1_1183' title='bbox 3385 5575 3452 5629; x_wconf 91' lang='lat' dir='ltr'><strong>sit</strong></span> <span class='ocrx_word' id='word_1_1184' title='bbox 3475 5577 3588 5648; x_wconf 84' lang='lat' dir='ltr'><strong>ipse</strong></span> <span class='ocrx_word' id='word_1_1185' title='bbox 3609 5577 3696 5648; x_wconf 79' lang='lat' dir='ltr'><strong>Ja-</strong></span> 
     </span>
    </p>
   </div>
   <div class='ocr_carea' id='block_1_155' title="bbox 2113 5647 3696 5718">
    <p class='ocr_par' dir='ltr' id='par_1_155' title="bbox 2113 5647 3696 5718">
     <span class='ocr_line' id='line_1_159' title="bbox 2113 5647 3696 5718; baseline 0.002 -16"><span class='ocrx_word' id='word_1_1186' title='bbox 2113 5647 2234 5713; x_wconf 92' lang='lat' dir='ltr'><strong>cob,</strong></span> <span class='ocrx_word' id='word_1_1187' title='bbox 2257 5650 2552 5703; x_wconf 87' lang='lat' dir='ltr'><strong>secundum</strong></span> <span class='ocrx_word' id='word_1_1188' title='bbox 2569 5647 2865 5718; x_wconf 85' lang='lat' dir='ltr'><strong>spiritalem</strong></span> <span class='ocrx_word' id='word_1_1189' title='bbox 2883 5650 3210 5717; x_wconf 70' lang='lat' dir='ltr'><strong>progeniem.</strong></span> <span class='ocrx_word' id='word_1_1190' title='bbox 3235 5647 3337 5702; x_wconf 86' lang='lat' dir='ltr'><strong>Sed</strong></span> <span class='ocrx_word' id='word_1_1191' title='bbox 3361 5655 3419 5700; x_wconf 88' lang='lat' dir='ltr'><strong>et</strong></span> <span class='ocrx_word' id='word_1_1192' title='bbox 3443 5647 3696 5705; x_wconf 76' lang='lat' dir='ltr'><strong>historica</strong></span> 
     </span>
    </p>
   </div>
   <div class='ocr_carea' id='block_1_156' title="bbox 2114 5718 3696 5788">
    <p class='ocr_par' dir='ltr' id='par_1_156' title="bbox 2114 5718 3696 5788">
     <span class='ocr_line' id='line_1_160' title="bbox 2114 5718 3696 5788; baseline -0.001 -17"><span class='ocrx_word' id='word_1_1193' title='bbox 2114 5721 2444 5787; x_wconf 84' lang='lat' dir='ltr'><strong>proprietate</strong></span> <span class='ocrx_word' id='word_1_1194' title='bbox 2475 5718 2577 5774; x_wconf 89' lang='lat' dir='ltr'><strong>hoc</strong></span> <span class='ocrx_word' id='word_1_1195' title='bbox 2619 5736 2940 5788; x_wconf 86' lang='lat' dir='ltr'><strong>responsum</strong></span> <span class='ocrx_word' id='word_1_1196' title='bbox 2991 5720 3265 5775; x_wconf 84' lang='lat' dir='ltr'><strong>invenitur</strong></span> <span class='ocrx_word' id='word_1_1197' title='bbox 3297 5732 3422 5776; x_wconf 86' lang='lat' dir='ltr'><strong>esse</strong></span> <span class='ocrx_word' id='word_1_1198' title='bbox 3455 5719 3696 5788; x_wconf 48' lang='lat' dir='ltr'><strong>comples</strong></span> 
     </span>
    </p>
   </div>
   <div class='ocr_carea' id='block_1_157' title="bbox 2061 5788 3692 5887">
    <p class='ocr_par' dir='ltr' id='par_1_157' title="bbox 2061 5788 3692 5887">
     <span class='ocr_line' id='line_1_161' title="bbox 2061 5788 3692 5887; baseline 0.002 -43"><span class='ocrx_word' id='word_1_1199' title='bbox 2061 5874 2079 5887; x_wconf 40' lang='lat'><strong><em>’</em></strong></span> <span class='ocrx_word' id='word_1_1200' title='bbox 2113 5798 2251 5856; x_wconf 84' lang='lat' dir='ltr'><strong>tum,</strong></span> <span class='ocrx_word' id='word_1_1201' title='bbox 2418 5789 3311 5881; x_wconf 24' lang='grc' dir='ltr'><strong>0090111811ξιςεειρ-11000111110011</strong></span> <span class='ocrx_word' id='word_1_1202' title='bbox 3340 5788 3520 5850; x_wconf 83' lang='lat' dir='ltr'><strong>minor</strong></span> <span class='ocrx_word' id='word_1_1203' title='bbox 3548 5789 3692 5851; x_wconf 78' lang='lat' dir='ltr'><strong>ﬁlius</strong></span> 
     </span>
    </p>
   </div>
  </div>
