3996 6186
295 201 396 261 981

1329 165 1813 258 optimemanu
1850 163 1915 251 in
1955 193 2278 252 GENESIM.
2320 197 2453 254 LIB.
2489 171 2556 256 ’u.

3447 169 3450 172 ’
3471 203 3580 268 asa

295 327 576 394 superavit
594 307 856 386 Idumaeos
878 321 985 390 hoc
1010 331 1111 395 est,
1140 323 1349 395 gentem
1373 337 1532 395 quam
1563 318 1881 395 prppaaavil.
1905 321 1957 378 Α
1985 315 2038 395 in
2068 335 2189 395 eum
2216 335 2376 388 quem
2404 322 2836 395 praenuntiabant
2860 342 2872 376 :
2893 339 3004 381 non
3024 326 3168 381 enim
3186 323 3576 395 praecurrendo

294 391 470 464 Esau;
502 414 705 467 eosque
733 395 979 462 iecerunt
1007 393 1318 467 tributarios
1350 391 1882 467 per_D_avid,_quam_-

297 470 388 524 diu
420 462 633 524 fuerunt
659 462 831 535 usque
874 467 937 519 ad
969 481 1169 532 regem,
1204 466 1303 518 stult
1331 479 1434 532 quo
1461 462 1884 535 ldumzei‘rebel-

298 541 574 604 laverunt,
602 551 648 593 et
669 532 852 609 jugum
875 535 1534 609 Israelitarumldnmteia
1553 532 1765 609 cervice
1789 548 1883 587 sua

297 605 703 678 deposuerunt,
739 605 1050 663 secundum
1104 606 1440 678 prOphetiam
1485 606 1658 678 ipsius
1698 605 1880 678 Isaac,

299 674 512 749 quando
545 683 802 744 minorem
855 693 951 745 pro
999 678 1200 746 majore
1248 676 1522 731 benedixit
1557 675 1712 749 :Lhoc
1739 674 1884 749 enim

298 747 437 805 dixit
468 752 639 806 eidem
682 749 893 819 majori,
925 765 1043 819 cum
1079 758 1132 800 et
1171 750 1344 815 ipsum
1377 760 1564 819 p0stea
1599 747 1887 819 benedice-

299 834 400 877 ret.
431 824 539 888 Ego
568 823 696 888 puto
725 817 864 890 quod
907 830 962 874 et
985 817 1053 873 de
1086 820 1310 888 singulis
1336 819 1489 871 nobis
1522 817 1623 872 hoc
1652 817 1756 869 dici
1791 831 1885 882 po-

301 904 422 952 teSt.
454 896 574 963 quia
609 895 728 946 dua:
767 903 954 961 gentes
984 903 1036 963 et
1063 890 1169 944 duo
1205 890 1382 963 p0puli
1414 891 1554 944 intra
1574 903 1688 963 nos
1719 896 1879 963 sunt:

298 979 420 1017 nam
451 960 504 1015 et
547 960 803 1017 virtutum
849 961 1105 1030 populus,
1148 973 1199 1014 et
1233 962 1482 1014 vitiorum
1534 960 1884 1030 nihilominus

299 1035 437 1086 intra
474 1050 570 1087 nos
599 1045 701 1088 est.
757 1033 832 1084 De
851 1021 1011 1086 corde
1042 1021 1178 1084 enim
1209 1041 1395 1085 nostro
1436 1030 1712 1097 procedunt
1745 1021 1886 1095 cogi-

297 1106 514 1158 tationes
549 1108 716 1166 malta,
748 1104 1023 1166 adulteria,
1058 1107 1219 1172 furta,
1251 1102 1385 1166 falsa
1417 1103 1722 1172 testimonia.
1755 1100 1882 1163 doli,

297 1177 659 1230 contentiones.
687 1174 923 1236 han-eses,
940 1171 1164 1237 invidiae,
1181 1175 1566 1225 comessationes
1586 1171 1764 1240 (Matt.
1783 1186 1814 1222 χ
1825 1186 1882 1233 ν;

298 1244 468 1300 Marc.
519 1262 616 1313 vn;
644 1246 784 1316 ισαι.
818 1263 844 1295 v
880 1247 898 1313 )
926 1289 939 1312 ,
993 1254 1048 1297 et
1079 1247 1158 1296 his
1187 1243 1406 1316 similia.
1447 1241 1608 1296 Vides
1654 1252 1886 1310 quantus

300 1319 562 1371 malorum
606 1312 844 1385 populus
874 1317 1011 1369 i--tra
1059 1329 1157 1368 nos
1196 1325 1275 1385 est
1333 1312 1388 1367 Si
1419 1328 1549 1366 vero
1581 1328 1887 1385 mereamur

298 1386 446 1440 illaut
477 1380 661 1442 vocoin
685 1380 866 1440 dicere
885 1395 1218 1438 sanctorum.
1241 1381 1283 1436 Α
1307 1385 1486 1436 timore
1511 1392 1618 1443 tuo.
1645 1380 1883 1448 Domine,

303 1461 629 1525 concepimus
659 1469 704 1510 et
729 1459 1048 1528 peperimus;
1080 1457 1313 1526 spiritum
1341 1455 1524 1528 salutis
1544 1465 1644 1508 tua:
1674 1453 1886 1518 fecimus

297 1546 454 1596 super
484 1541 675 1582 terram
709 1526 844 1582 (18η.
879 1527 1050 1594 XXVI).
1085 1536 1212 1579 tunc
1241 1533 1295 1576 ct
1324 1526 1463 1577 alius
1496 1527 1631 1576 intra
1665 1538 1762 1578 nos
1787 1539 1884 1592 po-

297 1602 456 1669 pulus
504 1600 798 1669 invenitur,
849 1599 900 1651 in
934 1597 1123 1669 spiritu
1153 1602 1472 1669 generatus;
1505 1598 1706 1669 fructus
1749 1596 1885 1646 enim

298 1663 512 1734 spiritus
538 1678 609 1723 est
642 1668 885 1728 Charitas,
928 1663 1192 1738 gaudium,
1221 1682 1343 1735 pax,
1369 1663 1752 1738 longanimitas,
1783 1682 1881 1736 prt-

296 1742 508 1800 tientia.
557 1739 789 1804 bonitas,
836 1737 1205 1801 mansuetudo,
1260 1737 1606 1801 continentia,
1669 1742 1879 1790 castitas

299 1809 446 1880 (Gal.
477 1811 551 1876 ν),
580 1823 632 1865 et
663 1811 745 1864 his
772 1811 986 1863 similia.
1005 1805 1179 1880 ,V‘ides
1208 1806 1374 1880 alium
1405 1811 1683 1880 pupulum,
1710 1808 1798 1880 qui
1825 1817 1880 1861 et

296 1877 412 1951 ipse
458 1884 594 1936 intra
627 1898 724 1935 nos
767 1891 878 1945 est;
923 1879 1017 1934 sed
1059 1877 1144 1932 hic
1182 1878 1358 1951 minor
1401 1887 1501 1951 est,
1533 1878 1620 1951 ille
1667 1877 1876 1951 major:

295 1947 507 2019 semper
549 1952 692 2005 enim
724 1954 902 2018 plures
947 1961 1070 2002 sunt
1103 1947 1224 2000 mali
1272 1964 1432 2016 quam
1473 1948 1620 2012 boni,
1655 1956 1708 2019 ct
1752 1949 1877 2019 vitia

297 2018 670 2077 numerosiora
693 2019 1121 2077 Vil‘lltltitus.sed
1150 2019 1194 2073 si
1226 2020 1361 2072 tales
1393 2019 1559 2072 simus
1583 2018 1753 2086 qualis
1776 2018 1880 2072 Re-

297 2093 482 2158 becca,
525 2106 578 2149 et
623 2108 927 2146 mereamur
967 2091 1034 2145 de
1071 2090 1237 2152 Isaac,
1274 2089 1322 2142 id
1355 2101 1457 2150 est,
1490 2090 1556 2143 de
1589 2089 1755 2143 verbo
1785 2089 1878 2144 Dei

297 2163 497 2219 habere
541 2177 880 2231 Conceptum.
914 2162 1075 2215 etiam
1103 2163 1154 2213 in
1187 2160 1341 2231 nobis
1367 2161 1591 2227 populus
1623 2159 1876 2228 populum

298 2235 590 2302 superabit.
616 2242 670 2287 et
694 2230 864 2299 maior
886 2235 1081 2287 serviet
1108 2230 1337 2285 minori:
1369 2233 1567 2302 serviet
1588 2246 1729 2284 entm
1752 2245 1878 2285 caro

297 2299 534 2376 spiritui.
562 2305 769 2376 etvitia
799 2304 1083 2376 virtutibus
1113 2303 1326 2357 cedent.
1359 2299 1617 2376 Sequitur
1648 2318 1660 2352 :

372 2375 550 2446 (Vers.
580 2374 654 2429 24
680 2375 858 2445 seqq.)
893 2374 1114 2441 Jamque
1141 2373 1611 2446 tempus__pariendi
1636 2380 1838 2446 venerat
1859 2412 1874 2438 ,

299 2456 346 2499 et
369 2442 482 2500 ecce
506 2447 691 2517 gemini
720 2442 773 2500 in
798 2442 939 2499 utero
960 2446 1145 2516 reperti
1175 2442 1309 2496 sunt.
1327 2442 1659 2517 _H‘ic_st-rmo,
1677 2442 1739 2517 id
1764 2453 1874 2510 est,

302 2512 560 2584 temporis
599 2518 917 2583 completio,
953 2512 1388 2584 numquantinisi
1419 2513 1486 2566 de
1519 2513 1719 2584 sanctis
1759 2529 1878 2584 mu-

300 2583 521 2641 lieribus
549 2587 818 2650 scribitur,
852 2587 990 2641 sicut
1019 2585 1086 2638 de
1118 2585 1216 2638 hac
1245 2583 1484 2638 Rebecca
1519 2592 1572 2638 et
1603 2583 1876 2637 Elisabeth

300 2667 470 2710 matre
514 2656 766 2720 Joannis,
809 2667 864 2712 et
899 2655 1060 2711 Maria
1099 2668 1270 2708 matre
1303 2654 1510 2708 Domini
1546 2655 1710 2708 nostri
1749 2655 1875 2710 Jesu

301 2725 537 2792 Christi;
583 2728 723 2782 unde
766 2727 1024 2782 eximium
1071 2725 1268 2792 aliquid
1315 2733 1365 2778 et
1410 2734 1603 2792 printer
1653 2734 1878 2780 czetvros

301 2796 547 2852 homines
583 2798 951 2866 hujuscemodi
996 2806 1148 2864 partu
1181 2795 1516 2857 ostenditur,
1551 2803 1607 2849 et
1638 2796 1878 2862 impletio

299 2867 505 2923 dierum
536 2879 712 2922 ortum
756 2868 1010 2938 perfectae
1038 2867 1241 2922 sobolis
1287 2867 1506 2920 indicat.
1542 2867 1642 2938 Qui
1681 2867 1879 2938 primus

298 2956 528 3009 egressus
548 2949 646 3004 est,
665 2937 812 3007 rufus
835 2950 942 2994 erat
961 2949 1007 2993 et
1029 2949 1160 3009 totu_s
1175 2938 1230 2990 in
1248 2952 1435 3009 mo‘rem
1455 2939 1602 3005 pellis
1620 2937 1875 3009 hispidus,

299 3005 629 3071 vocatumque
654 3005 935 3064 estnomen
966 3007 1265 3080 ejusiEsau.
1307 3005 1552 3080 Protinus
1582 3005 1711 3059 alter
1737 3023 1880 3080 egre-

1911 1700 1960 1760 Β

1987 389 2183 472 divulsi
2217 400 2368 464 sunt,
2399 391 2503 472 sed
2526 392 2968 472 adjunctipotius
3003 389 3351 472 obsequendo
3386 415 3397 449 :
3449 413 3575 452 nam

1988 464 2090 533 etsi
2121 478 2309 518 manus
2337 480 2365 517 a
2389 464 2562 524 capite
2596 465 2847 532 prtemitti
2878 475 3074 533 potest,
3099 464 3368 525 connexio
3390 476 3574 523 tamen

1987 532 2105 608 ejus
2133 533 2254 594 sub
2284 537 2604 608 capiteest.
2662 532 3238 608 Quapmpterwpinnia
3284 555 3405 608 quae
3449 551 3576 598 ante

1989 605 2187 671 St't‘ipta
2208 614 2354 675 sunt,
2379 613 2436 658 ut
2456 603 2554 658 nos
2578 606 2896 660 doceremur
2917 603 3289 675 scriptasupt,
3305 603 3360 664 ‘et
3389 607 3574 674 ﬁgura:

1989 685 2188 745 nostrae
2245 674 2458 730 fuerunt
2491 717 2506 740 ,
2554 686 2610 738 et
2655 678 2707 730 in
2769 678 2932 745 ligura
2996 674 3375 745 contingebant
3403 679 3571 744 illis:

1987 744 2182 815 scripta
2214 755 2339 800 snnt
2368 755 2545 800 autem
2581 741 2950 815 pr0pter'nos,
3000 747 3054 801 in
3088 741 3220 813 quos
3252 741 3373 801 linis
3403 741 3574 804 saecu-

1987 814 2162 868 lorum
2191 817 2429 870 obvenit.
2475 816 2576 883 Qui
2623 814 2764 872 enim
2797 821 2993 888 primus
3021 834 3250 888 egressus
3285 829 3390 886 est,
3427 821 3574 888 rufus

1988 899 2119 950 erat,
2153 897 2195 938 et
2229 888 2444 958 totusju
2470 904 2661 958 morem
2695 889 2842 952 pellis
2858 889 3120 958 hispidus,
3145 900 3479 952 vocatumque
3500 899 3574 945 est

1986 972 2171 1032 nomen
2214 959 2322 1028 ejus
2345 953 2521 1032 Esau.
2552 957 2806 1032 Protinus
2845 953 2976 1016 alter
3005 959 3300 1032 egrediens,
3341 961 3573 1032 plantam

1988 1026 2190 1100 [ratiis
2223 1026 2421 1082 tenebat
2452 1047 2602 1084 manu
2629 1069 2644 1090 ,
2679 1040 2724 1084 et
2753 1031 2946 1084 idcirco
2973 1026 3268 1100 appellatus,
3286 1043 3356 1083 est
3386 1029 3573 1085 Jacob.

1987 1097 2136 1163 Quod
2173 1099 2369 1154 Paulus
2399 1101 2678 1170 apostolus
2709 1118 2954 1169 magnum
2991 1097 3103 1155 vult
3134 1102 3352 1163 intelligi
3385 1105 3570 1170 gratia:

1989 1172 2390 1224 documentum.
2436 1169 2543 1229 Cur
2586 1171 2672 1225 ille
2705 1181 2846 1224 totus
2875 1174 3022 1226 rufus
3051 1183 3105 1225 et
3151 1169 3419 1238 hispidus,
3467 1172 3573 1228 nisi

1988 1239 2110 1311 quia
2139 1242 2363 1308 populus
2387 1241 2535 1309 prior
2560 1241 2940 1311 prophetarum
2963 1258 3008 1296 ct
3035 1240 3230 1296 Christi
3255 1243 3346 1302 fuit
3373 1258 3572 1295 cruore

1988 1310 2263 1379 pollutus,
2314 1327 2377 1366 ac
2425 1316 2630 1374 peccati
2663 1310 2738 1366 iet
2780 1315 3030 1374 nequitia:
3075 1313 3323 1379 squalore
3365 1313 3571 1368 CXstilit

1987 1381 2385 1436 circumdatus?
2430 1383 2593 1448 Cujus
2625 1384 2744 1438 ideo
2792 1383 2969 1438 minor
2997 1384 3309 1439 calcaneum
3361 1385 3567 1447 tenuit,

1987 1453 2108 1524 quia
2167 1453 2423 1524 mystice,
2477 1455 2648 1522 major
2692 1453 2955 1508 minorem
3003 1463 3351 1518 superaturos
3406 1467 3566 1519 erat;

1986 1523 2167 1590 planta
2193 1527 2334 1578 enim
2361 1525 2504 1578 Esau
2529 1525 2882 1578 novissimum
2907 1527 3264 1594 priesiguabat
3287 1524 3569 1579 Israelitici

1988 1596 2165 1666 populi
2222 1604 2476 1666 tempus,
2527 1595 2580 1649 in
2629 1595 3040 1666 quoiDominus
3082 1606 3265 1648 noster
3309 1596 3566 1650 advenire

1988 1663 2232 1738 dignatus
2264 1677 2372 1738 est,
2423 1663 2479 1719 ut
2515 1668 2606 1738 eis
2636 1665 2906 1721 conferret
2935 1667 3183 1738 salutent.
3219 1667 3322 1738 Sed
3356 1667 3415 1738 in_
3439 1675 3568 1738 typo

1986 1733 2340 1807 Ninivitarum
2381 1737 2620 1804 gentium
2665 1740 2925 1807 populus,
2958 1750 3012 1790 ut
3035 1735 3202 1792 Jacob
3234 1737 3370 1789 Esau
3403 1733 3566 1791 Israel

1982 1805 2314 1861 incretlulttm
2357 1805 2754 1862 condemnavit.
2790 1809 2940 1862 Unde
2961 1819 3014 1862 et
3037 1807 3220 1867 Jacoh,
3248 1824 3276 1858 a
3307 1807 3563 1862 luctando

1980 1879 2067 1931 Vel
2100 1877 2494 1944 supplantaudo
2517 1894 2710 1932 nomen
2737 1881 2960 1945 accepit.
2998 1878 3252 1947 Seqoitur
3286 1895 3298 1930 :
3328 1879 3561 1947 Sexage-

1981 1949 2160 2001 narius
2212 1957 2320 2002 erat
2374 1947 2524 2002 Isaac
2567 1949 2770 2018 quando
2802 1951 2908 2002 nati
2961 1958 3080 2002 sunt
3130 1948 3352 2015 parvuli.
3399 1948 3567 2002 Sexta

1982 2021 2124 2071 enim
2165 2029 2326 2070 aetate
2373 2019 2554 2072 mundi
2583 2017 2838 2086 populum
2885 2018 3189 2072 Judarorum
3226 2031 3441 2085 propter
3470 2033 3567 2073 su-

1983 2087 2226 2154 perbiam
2256 2099 2310 2142 et
2340 2089 2770 2144 incredulitatem
2813 2089 3056 2144 videmus
3088 2105 3207 2142 esse
3247 2089 3512 2151 abiectum
3541 2127 3560 2155 ,

1981 2169 2032 2228 et
2073 2162 2311 2228 gentium
2342 2160 2598 2226 ponnlum
2649 2160 2714 2213 ad
2766 2158 2924 2214 ﬁdem
2975 2159 3173 2228 Christi
3231 2171 3559 2213 revocatum.

1981 2227 2233 2298 Sequitur
2263 2248 2274 2282 :
2311 2229 2506 2296 Quibus
2535 2230 2746 2295 adultis,
2776 2231 2942 2301 factus
2966 2241 3044 2301 est
3076 2227 3219 2282 Esau
3258 2230 3333 2301 vir
3369 2245 3564 2301 gnarus

1981 2301 2202 2370 venandi
2250 2315 2296 2352 et
2348 2301 2499 2352 homo
2531 2299 2796 2370 agricola;
2825 2299 2984 2354 Iacob
3012 2310 3187 2370 autent
3227 2300 3301 2351 vir
3345 2299 3563 2370 simplex;

1978 2367 2240 2443 habitabat
2270 2371 2323 2423 in
2338 2367 2711 2443 tabernaculis.
2744 2367 2896 2436 Isaac
2917 2371 3120 2443 amabat
3147 2369 3312 2443 Esau,
3336 2367 3564 2443 ecquod

1979 2441 2043 2492 de
2072 2440 2418 2495 venationibus
2471 2439 2613 2495 illius
2640 2453 2937 2506 nasceretur,
2980 2454 3027 2495 et
3062 2440 3285 2495 Rebecca
3315 2439 3564 2508 diligebat

1977 2508 2248 2584 Jacob.__ln
2278 2525 2425 2584 typo,
2454 2509 2631 2584 itaque
2654 2512 2818 2584 Esau,
2845 2514 3074 2584 carnalis
3095 2513 3327 2584 populus
3356 2509 3559 2584 Israel,

1978 2590 2038 2634 ut
2059 2582 2124 2634 de
2156 2581 2446 2636 Nemhroth
2477 2581 2688 2651 legitur,
2724 2583 2960 2638 Venator
2991 2581 3168 2637 fuit’et
3195 2581 3430 2650 agricola
3464 2599 3476 2633 :
3507 2581 3564 2636 id

1979 2662 2084 2715 est,
2118 2654 2390 2721 proprium
2424 2651 2804 2722 derelinquens
2837 2656 3025 2713 Deum.
3060 2663 3405 2708 externarum
3431 2667 3567 2721 gen-

1981 2725 2110 2776 tiutn
2151 2723 2256 2778 diis
2303 2725 2506 2779 cultum
2537 2726 2856 2793 sacrilegum
2902 2725 3178 2788 exhibuit,
3226 2733 3278 2776 et
3330 2724 3563 2777 terrenis

1979 2794 2365 2862 cupiditatibus
2414 2811 2476 2849 ac
2501 2795 2781 2850 desideriis
2804 2794 3018 2850 deditus
3067 2803 3170 2848 est.
3222 2793 3375 2862 Quod
3431 2807 3562 2850 vero

1978 2861 2148 2919 Jacob
2176 2866 2225 2917 in
2251 2864 2412 2918 domo
2442 2865 2670 2934 simplex
2717 2867 2990 2919 habitabat
3017 2873 3072 2918 et
3108 2864 3224 2916 sine
3247 2861 3370 2915 dolo
3398 2902 3412 2926 ,
3453 2878 3564 2918 non

1983 2951 2076 3001 per
2103 2935 2281 2987 dolum
2315 2943 2525 3000 accepit
2562 2935 2899 3003 primogeniti
2961 2934 3429 2993 benedictionem,
3464 2948 3564 2990 nec

1983 3019 2080 3071 per
2111 3003 2352 3057 fraudem
2385 3004 2684 3070 subripuit,
2715 3007 2808 3058 sed
2837 3014 2894 3067 ut
2932 3005 3035 3058 sibi
3065 3003 3296 3073 debitam
3323 3004 3562 3073 accepit,

301 3081 467 3143 diens,
497 3080 728 3150 plantam
758 3080 936 3149 fratris
967 3072 1163 3150 timebat
1193 3092 1371 3144 manu,
1398 3085 1450 3150 et
1482 3072 1881 3150 idcirco‘appel:
1910 3077 1956 3139 C
1988 3073 2517 3150 quamﬁmncedente
2532 3076 2697 3150 fratre
2723 3075 2789 3128 de
2813 3075 2974 3150 lcn_tis
3005 3072 3249 3150 mercede
3278 3072 3562 3150 c0tupara-_

303 3149 441 3203 latus
473 3146 544 3202 est
571 3146 766 3202 Jacobf
787 3150 900 3203 Non
929 3150 998 3200 ob
1023 3148 1166 3200 aliud
1197 3153 1321 3198 ante
1346 3147 1636 3199 adventum
1669 3146 1881 3200 Domini

305 3220 503 3287 scripta
526 3226 840 3272 suntomuia
867 3235 983 3284 qua!
1004 3217 1056 3270 in
1083 3218 1376 3284 Scripturis
1403 3217 1604 3270 sanctis
1629 3215 1878 3287 legimus,

303 3285 496 3343 nisiint
547 3291 752 3343 Domini
787 3287 1255 3344 commendaretur
1295 3287 1588 3353 adventus,
1619 3297 1668 3339 et
1701 3285 1879 3340 futura

304 3361 722 3430 praesigttaretur
743 3359 1006 3420 Ecclesia,
1025 3359 1075 3411 id
1096 3366 1202 3430 _e~t,
1225 3358 1560 3430 [tOpIIIIISADel
1584 3372 1674 3424 per
1692 3373 1880 3412 omnes

302 3428 521 3503 genus,
551 3432 693 3503 quod
725 3439 806 3484 est
835 3445 1029 3503 corpus
1059 3428 1198 3503 ejus,
1231 3428 1495 3503 adjnnCtis
1523 3438 1681 3503 atque
1703 3446 1878 3483 attnu-

306 3500 528 3556 nwratis
552 3501 800 3556 omnibus
842 3502 1070 3564 sanctis,
1113 3501 1200 3563 qui
1235 3500 1396 3552 etiam
1428 3507 1551 3552 ante
1591 3500 1879 3553 adtentutn
1929 3524 1936 3529 -

306 3572 422 3639 ejus
475 3574 523 3626 itt
581 3573 681 3626 hoc
731 3573 932 3625 saeculo
979 3572 1264 3632 \‘ixerunt,
1319 3572 1386 3622 ita
1425 3585 1544 3623 eunt
1599 3571 1882 3624 credentes

307 3652 590 3696 venturum
623 3658 765 3702 esse.
797 3653 934 3694 sicut
964 3656 1057 3694 nos
1085 3642 1296 3693 venisse
1331 3657 1342 3692 :
1376 3640 1516 3693 sicut
1546 3641 1684 3694 enim
1717 3640 1882 3695 Jacob

308 3730 521 3768 manum
555 3717 719 3780 prius,
747 3716 871 3765 dum
899 3725 1231 3773 nasceretur,
1262 3710 1438 3764 emisit
1467 3726 1530 3764 ex
1562 3720 1735 3774 utero,
1763 3728 1882 3779 qua:

307 3787 468 3837 etiam
515 3787 702 3851 pedi-nt
748 3783 1134 3846 praettasceutis
1165 3783 1345 3835 lratrts
1390 3782 1638 3846 tenebat,
1689 3782 1883 3835 deinde

310 3858 494 3922 utique
524 3867 764 3908 secutum
811 3864 890 3908 est
923 3863 1081 3921 caput
1104 3892 1118 3918 ,
1166 3861 1291 3906 tunc
1320 3852 1533 3905 demum
1574 3854 1882 3906 necessario

307 3939 501 3979 caetera
553 3927 837 3978 tuombra:
887 3924 980 3977 scd
1017 3934 1191 3976 tamen
1239 3935 1394 3988 Caput
1424 3938 1530 3975 non
1575 3927 1776 3977 tantum
1819 3937 1883 3978 ea

311 3999 549 4049 membra
597 4012 718 4064 qua:
749 4009 932 4050 secuta
966 4005 1120 4064 sunt,
1151 3993 1244 4048 sed
1275 3998 1432 4047 etiam
1464 3993 1631 4063 ipsam
1666 4009 1883 4048 manum

308 4081 427 4134 quae
460 4069 510 4118 iu
545 4063 815 4120 naScendo
848 4063 1154 4133 praecessit,
1206 4066 1465 4133 dignitate
1514 4081 1575 4118 ac
1622 4075 1884 4133 potestate

310 4137 586 4204 pra-cedit.
613 4150 662 4191 et
687 4138 930 4207 quamvis
957 4153 1061 4190 non
1088 4147 1330 4207 tempore
1355 4136 1671 4204 apparendi,
1708 4148 1884 4191 tamen

309 4218 512 4278 natnrzr.
568 4206 760 4262 ordine
808 4209 959 4278 prius
1013 4220 1095 4262 est
1146 4225 1160 4260 :
1211 4206 1284 4261 ita
1327 4218 1381 4261 et
1428 4207 1681 4278 Dominus
1728 4207 1884 4261 Jesus

305 4277 586 4341 Christus,
641 4279 741 4333 etsi
791 4277 1080 4347 antequam
1127 4285 1413 4344 appareret
1461 4277 1512 4330 in
1569 4293 1771 4338 carne.
1831 4287 1887 4333 et

306 4351 703 4416 quntlattttuntln
732 4365 795 4402 ex
824 4363 976 4402 utero
1002 4348 1198 4402 secreti
1228 4349 1308 4400 sui
1352 4347 1417 4400 ad
1448 4349 1727 4402 hominum
1755 4365 1886 4404 ocu-

306 4418 386 4470 los
416 4421 664 4472 mediator
699 4417 792 4470 Dei
823 4431 865 4472 et
895 4419 1160 4472 hominum
1182 4417 1334 4470 Itomo
1367 4417 1406 4488 (l
1444 4417 1576 4470 Tim.
1608 4421 1666 4488 ιι)
1697 4434 1882 4486 proce-

305 4488 478 4548 deret,
503 4489 594 4556 qui
617 4497 700 4541 est
721 4503 882 4554 super
899 4489 1075 4541 Omnia
1099 4488 1235 4539 Deus
1255 4489 1567 4541 benedictus
1585 4488 1635 4540 in
1659 4491 1877 4555 sa-cula,

307 4560 564 4626 prtemisn
589 4561 637 4611 iu
662 4558 861 4612 sanctis
886 4556 1202 4626 patriarchis
1231 4566 1282 4611 et
1306 4556 1575 4626 prophetis
1599 4562 1880 4626 quamdam

308 4638 517 4696 partem
548 4631 790 4694 enrporis
817 4629 921 4694 sui,
952 4643 1053 4692 qua
1090 4628 1236 4680 velut
1266 4643 1424 4680 manu
1456 4630 1782 4681 nascitm'um
1822 4646 1882 4684 se

307 4713 426 4753 esse
478 4699 871 4765 praenuntians,
915 4703 1076 4752 etiam
1109 4699 1361 4765 populum
1405 4701 1637 4766 superbe
1677 4714 1880 4766 praece-

309 4767 550 4832 dentem,
587 4770 808 4822 \lDCUIlS
838 4769 967 4836 legis
991 4778 1258 4834 tamquam
1289 4767 1467 4836 digitis
1489 4771 1722 4837 quinque
1747 4783 1878 4837 sop-

309 4841 517 4908 plantat
563 4857 575 4891 ε
627 4840 751 4907 quia
796 4851 849 4891 et
879 4855 973 4907 per
1005 4847 1302 4905 temporum
1347 4839 1581 4906 quinque
1624 4841 1881 4895 articulos

309 4911 654 4980 praenuntiari
685 4917 942 4964 venturus
966 4909 1382 4979 prophetarique
1406 4924 1508 4962 n0u
1538 4909 1773 4974 destitit';
1820 4923 1873 4967 et

306 4981 430 5035 huic
485 4984 558 5034 rei
600 4990 956 5035 consonantes
1003 4995 1095 5048 per
1143 4994 1278 5045 quos
1322 4982 1400 5033 lex
1437 4981 1556 5032 data
1590 4989 1673 5034 cst
1707 4980 1872 5037 libros

304 5054 535 5122 quinque
560 5052 906 5118 conscripsit;
933 5062 985 5104 ct
1008 5049 1221 5118 superbi
1250 5051 1539 5105 carnaliter
1567 5052 1869 5120 sapientes,

303 5131 356 5176 et
383 5137 532 5175 suam
561 5122 821 5191 justitiam
864 5123 1103 5176 volentes
1136 5122 1499 5184 constituere,
1539 5136 1644 5174 non
1685 5137 1871 5189 aperta

305 5207 460 5246 manu
475 5191 671 5248 Christi
689 5192 879 5262 repleti
903 5200 1026 5246 sunt
1045 5191 1436 5262 benedictione,
1460 5192 1551 5246 sed
1578 5196 1871 5250 constricta

303 5274 462 5332 atque
504 5261 759 5318 conclusa
787 5263 980 5319 retenti
1012 5270 1156 5316 sunt.
1187 5261 1370 5332 Itaque
1397 5263 1470 5316 illi
1499 5261 1716 5330 obligati
1745 5274 1872 5318 sunt

303 5335 438 5402 pede
487 5343 542 5390 et
579 5334 922 5398 ceciderunt,
953 5348 1050 5388 nos
1082 5348 1208 5385 vero
1232 5334 1564 5388 surreximus
1610 5342 1663 5386 et
1704 5337 1869 5390 erecti

303 5419 506 5474 sumus.
539 5405 792 5472 Quamvis
819 5419 951 5474 ergo
971 5446 984 5468 ,
1017 5411 1076 5457 ut
1105 5403 1234 5461 dixi.
1273 5405 1590 5472 praemiserit
1618 5404 1874 5462 Dominus

303 5472 546 5546 Christus
585 5478 872 5546 quamdam
891 5472 1110 5545 partem
1142 5477 1385 5543 curpnris
1426 5476 1509 5528 sui
1551 5476 1600 5527 in
1631 5489 1830 5531 sanctis
1855 5519 1871 5545 ,

303 5545 395 5615 qui
442 5561 563 5600 eum
603 5545 867 5602 nascendi
917 5559 1156 5613 tempore
1205 5556 1597 5615 prm-eSserunt
1630 5587 1645 5611 ,
1697 5557 1874 5604 tamen

302 5614 421 5683 ipse
440 5626 520 5670 est
538 5631 693 5685 caput
716 5618 962 5687 corporis
985 5614 1257 5682 Ecclesiae,
1283 5619 1467 5687 illique
1491 5633 1677 5672 omnes
1698 5621 1873 5675 cidem

302 5688 546 5758 corpori,
587 5690 740 5758 cujus
767 5689 860 5748 ille
901 5699 1061 5758 caput
1089 5697 1198 5758 est,
1230 5689 1572 5748 cohaeserunt
1605 5690 1875 5751 credendo

1909 4457 1962 4517 D

1987 3146 2083 3199 vit.
2141 3142 2396 3213 Sequitur
2433 3161 2446 3196 :
2477 3144 2625 3214 Coxit
2677 3155 2844 3198 autem
2881 3144 3043 3198 Jacob
3093 3142 3429 3214 pulmentum.
3482 3144 3564 3198 Ad

1984 3233 2132 3287 quem
2157 3211 2272 3269 cunt
2300 3215 2511 3287 venisset
2544 3211 2684 3268 Esau
2713 3217 2876 3269 lassus
2906 3215 2969 3269 de
2996 3211 3151 3285 agro,
3175 3214 3288 3267 ait:
3317 3212 3405 3287 Da
3439 3217 3567 3269 mihi

1985 3284 2047 3341 de
2072 3287 2300 3339 coctione
2326 3284 2425 3339 hac
2453 3291 2594 3355 rufa,
2623 3287 2744 3356 quia
2765 3288 2952 3357 oppido
2994 3284 3158 3357 lassus
3201 3301 3331 3357 sum.
3367 3284 3566 3357 Quam-

1985 3360 2157 3412 obrem
2185 3366 2421 3411 vocatum
2446 3367 2519 3410 est
2542 3355 2723 3411 nomen
2747 3355 2859 3427 ejus
2889 3355 3075 3411 Edam.
3108 3355 3199 3410 Cui
3227 3356 3355 3408 dixit
3378 3355 3562 3427 Jacob,

1992 3429 2170 3484 Vende
2214 3427 2342 3481 mihi
2388 3427 2724 3496 primogenita
2751 3425 2859 3481 tua.
2897 3429 2960 3482 At
3008 3427 3099 3481 ille.
3138 3427 3426 3493 respondit,
3476 3425 3564 3481 En

1986 3501 2197 3571 morior,
2230 3498 2359 3571 quid
2391 3499 2518 3571 milli
2552 3499 2828 3571 proderunt
2858 3497 3238 3571 primogenita?
3268 3497 3348 3550 Ait
3375 3496 3560 3565 Jacob,

1985 3567 2117 3624 Iura
2146 3567 2265 3642 ergo
2293 3567 2659 3642 mihiJuravit
2691 3567 2924 3630 lixam-et
2950 3569 3176 3642 vendidit
3201 3571 3562 3642 primogenita;

1987 3655 2034 3694 et
2059 3643 2130 3694 sic
2160 3640 2364 3708 accepto
2393 3658 2524 3708 pane
2552 3652 2596 3696 et
2624 3640 2775 3695 lentis
2801 3642 2970 3694 edulio
2999 3641 3237 3700 comedit,
3269 3651 3314 3692 et
3341 3640 3483 3704 bibit,
3514 3647 3565 3694 et

1987 3713 2111 3764 abiit
2139 3756 2153 3778 ,
2199 3713 2343 3783 parvi
2385 3713 2609 3782 pendens
2660 3713 2795 3779 quod
2846 3713 3183 3783 primogenita
3234 3711 3561 3783 vendidisset.

1989 3780 2228 3837 Tradunt
2260 3780 2483 3835 Περιιιωὶ
2517 3797 2704 3836 omnes
2730 3780 3110 3851 primogenitos
3139 3780 3355 3834 functos
3382 3782 3562 3836 cilicio

1989 3853 2307 3915 sacerdotali
2339 3863 2623 3921 antequam
2658 3856 2836 3906 Aaron
2864 3853 2916 3906 in
2951 3852 3306 3905 sacerdotium
3337 3853 3564 3917 eligere-

1990 3933 2096 3990 tur,
2127 3933 2180 3978 et
2205 3923 2459 3977 habuisse
2482 3925 2858 3977 vestimentum
2887 3923 3240 3985 sacerdotale,
3264 3934 3369 3988 quo
3393 3923 3565 3976 induti

1989 3997 2234 4048 victimas
2277 3994 2387 4047 Deo
2426 3993 2752 4059 olierebaut;
2802 4002 2854 4046 et
2885 3993 2998 4046 inec
3023 4006 3144 4045 esse
3173 3993 3558 4059 priumgenita,

1990 4061 2095 4119 hoc
2119 4072 2229 4128 est,
2257 4067 2577 4119 ve-timenta
2612 4066 2772 4130 Esau,
2801 4079 2918 4133 qua:
2947 4062 3190 4117 vendidit
3214 4059 3380 4115 Jucob
3411 4061 3563 4115 fratri

1991 4151 2092 4191 Suo
2123 4155 2135 4189 :
2167 4150 2288 4189 nam
2320 4136 2459 4204 quod
2493 4139 2592 4190 iste
2631 4135 2770 4189 Esau
2816 4133 3168 4203 primogenita
3221 4146 3313 4184 sua
3348 4141 3565 4204 propter

1992 4222 2169 4262 escam
2204 4203 2350 4260 fratri
2383 4221 2480 4260 suo
2503 4206 2704 4274 juniori
2732 4204 3096 4270 venumdavit,
3129 4218 3199 4274 ac,
3224 4203 3565 4270 postmodum

2029 4290 2213 4332 aterna
2239 4272 2613 4332 benedictione
2635 4278 2876 4345 privatus
2898 4287 3003 4341 est,
3031 4272 3565 4345 signiticatgeumdem

2018 4348 2343 4403 sraeliticum
2375 4343 2656 4415 pupulum,
2704 4349 2792 4415 qui
2822 4362 2851 4400 a
2887 4347 3024 4406 Deo.
3057 4355 3117 4399 ut
3146 4343 3313 4397 Exodi
3361 4343 3566 4415 indicat

1997 4419 2153 4481 liber.
2187 4413 2760 4499 printogenitusillius
2789 4426 3124 4499 nuncupat-us
3149 4425 3234 4470 est
3258 4456 3275 4496 ε
3313 4413 3404 4481 qui
3432 4429 3561 4494 pro:

1989 4501 2106 4556 pter
2128 4483 2409 4557 priesentis
2437 4489 2617 4542 Stet-itii
2648 4489 2816 4553 lucra,
2848 4504 2954 4540 non
2986 4486 3161 4541 solum
3192 4484 3453 4557 primatus
3481 4483 3565 4539 sui

1988 4555 2247 4613 honorem
2275 4559 2473 4625 amisit,
2505 4573 2690 4612 verum
2717 4557 2876 4610 etiam
2900 4569 2952 4611 et
2981 4557 3127 4626 regni
3159 4555 3399 4611 ctelcsus
3426 4570 3565 4623 pra:-

1988 4635 2152 4700 mium
2209 4639 2573 4700 prteparatunt
2621 4627 2839 4694 adipisci
2871 4643 2996 4700 Anon
3044 4626 3564 4700 meruit,_rl_)omino

1985 4699 2380 4768 quodammodo
2412 4701 2461 4752 id
2491 4697 2664 4753 eidem
2697 4698 3082 4768 exprobrante,
3112 4697 3231 4751 cum
3267 4697 3423 4768 dicit,
3456 4697 3566 4768 Au:

1985 4766 2180 4840 feretur
2209 4788 2239 4822 a
2267 4769 2406 4823 vobis
2431 4785 2666 4840 regnum
2701 4767 2792 4822 Dei
2810 4810 2834 4840 ,ι
2863 4781 2908 4823 et
2944 4769 3148 4840 dabitur
3176 4769 3313 4838 genti
3358 4766 3566 4840 facienti

1985 4838 2211 4911 fructum
2236 4844 2346 4909 ejus
2394 4838 2608 4909 (Matth.
2639 4841 2773 4908 XXI).
2821 4839 3176 4909 Primogenita
3201 4848 3375 4911 autem
3424 4838 3563 4911 ipsa,

1984 4907 2042 4964 ut
2083 4912 2193 4979 jam
2220 4907 2378 4980 supra
2405 4907 2618 4964 dit-tum
2668 4907 2770 4972 est,
2822 4907 3133 4964 vilstis'erat
3179 4907 3564 4980 sacerdotalis,

1980 4977 2139 5053 quam
2169 4977 2400 5050 majores
2432 4991 2557 5034 natu
2589 4997 2706 5034 cum
2744 4981 3118 5053 benedictione
3146 4982 3314 5053 patris
3351 4977 3561 5053 induti,

1979 5037 2226 5108 victimas
2251 5037 2368 5107 Deo
2402 5053 2546 5105 velut
2589 5037 2868 5114 pontilices
2897 5037 3192 5114 utierebant
3226 5065 3240 5102 :
3269 5050 3369 5104 hoc
3419 5037 3566 5102 dono

1981 5125 2176 5178 terreni
2208 5123 2408 5177 amoris
2443 5111 2710 5177 desiderio
2738 5111 3220 5191 carueruntIJudtei
3249 5135 3368 5174 cum
3397 5120 3567 5189 gloria

1979 5195 2126 5262 regni
2161 5191 2346 5247 futuri.
2380 5193 2630 5262 Sequitur
2662 5209 2677 5247 :

2050 5259 2202 5334 (Cap.
2241 5263 2432 5319 XXVI.
2472 5259 2535 5303 4-
2567 5261 2719 5318 Vers.
2753 5265 2776 5316 1
2825 5263 3008 5334 seqq.)
3059 5262 3185 5316 Orta
3215 5271 3385 5334 autem
3425 5259 3560 5334 fama

1981 5330 2130 5404 super
2151 5330 2360 5406 'terrant
2399 5343 2512 5406 post
2548 5351 2656 5406 eam
2675 5330 3003 5406 sterilitatem
3048 5349 3162 5406 qua:
3201 5331 3491 5406 acciderat_
3510 5330 3565 5381 in

1982 5398 2157 5460 diebus
2184 5398 2476 5466 Abt-aliain,
2508 5405 2630 5458 abiit
2664 5404 2811 5458 Isaac
2848 5407 2915 5456 ad
2938 5398 3223 5458 Abimelech
3252 5418 3418 5472 regem
3447 5398 3563 5472 Pia-

1985 5478 2298 5531 lwstinorum
2330 5481 2381 5530 in
2407 5475 2626 5530 Gerara.
2656 5474 2924 5542 Quaeritur
2963 5478 3062 5530 hoc
3100 5471 3324 5542 quando
3359 5475 3428 5525 sit
3479 5471 3563 5524 la-

1983 5557 2160 5604 etum:
2190 5563 2364 5602 utrum
2395 5556 2579 5622 postea
2603 5562 2760 5616 quam
2787 5546 2926 5622 Esau
2950 5545 3187 5622 vendidit
3211 5543 3564 5622 primogenita

1983 5636 2101 5690 sua,
2131 5631 2251 5690 post
2280 5617 2422 5676 illam
2453 5619 2649 5688 quippe
2675 5619 3033 5676 narrationem
3060 5621 3160 5671 hoc
3187 5631 3409 5672 narrare
3430 5617 3565 5668 inci-

1984 5683 2096 5763 piti
2124 5683 2214 5760 an,
2248 5701 2304 5750 ut
2331 5692 2447 5750 ﬁeri
2473 5683 2635 5759 'sol'e’t,
2670 5702 2765 5760 per
2780 5691 3279 5760 recapitulatlonem
3309 5694 3565 5744 narrator
