3996 6186
468 155 580 213 985

1496 148 1590 206 AD
1622 144 1858 206 OPERA
1893 142 1957 199 s.
1996 138 2317 200 EUCflERll
2352 123 2722 204 APPENDIX.

3648 149 3808 208 εει

470 269 542 328 ad
568 281 628 323 ea
657 275 910 323 reversus
938 267 1038 335 sit,
1083 280 1205 323 cum
1232 251 1551 335 progressus
1579 265 1649 319 de
1677 263 1802 318 tiliis
1829 263 1948 332 ejus
1992 262 2060 318 ad
2087 268 2138 328 Α
2167 261 2301 317 illud
2331 261 2456 335 inde
2485 263 2562 335 sit
2582 262 2876 335 cognitum.
2908 261 3157 320 Profecto
3179 260 3425 335 quisquis
3453 272 3523 335 ne
3547 260 3792 335 aliquid

468 355 595 395 cum
619 339 793 393 locum
824 340 1186 407 pervenisset,
1219 334 1310 404 qui
1339 335 1406 388 de
1437 334 1698 407 lenticula
1726 349 2057 407 commemo-

472 420 624 465 ratus
642 420 739 463 est.
759 405 939 464 movet
956 419 1134 462 autem
1157 407 1280 474 quia
1302 408 1416 473 ipse
1435 405 1704 459 invenitur
1722 405 2054 470 Abimelech,

472 483 566 551 qui
599 480 759 536 etiam
807 479 997 551 Saram
1027 475 1409 551 concupiverat
1458 493 1482 551 :_
1513 476 1679 551 ipsius
1705 477 1848 530 enim
1904 491 2059 551 para:-

399 570 436 612 κ
473 545 746 622 nymphas
776 561 830 602 et
846 550 1111 622 princeps
1157 548 1362 600 militiae
1392 545 1486 616 qui
1535 547 1606 600 ibi
1649 547 2057 622 commemorati

474 617 624 680 sunt;
656 621 813 674 etiam
846 617 934 672 hic
961 626 1485 681 commemorantur;
1530 627 1704 670 utrum
1754 619 1834 671 vel
1882 619 2060 673 vivere

477 693 707 761 potuerit
740 706 753 740 :
801 689 1011 754 quando
1057 688 1197 761 enim
1243 689 1646 761 amicusfactus
1673 695 1756 741 est
1787 687 2017 742 Abraha:
2042 729 2058 755 ,

476 757 715 815 nondum
759 768 913 813 natus
942 767 1059 812 erat
1096 757 1260 822 Isaac,
1310 760 1403 813 sed
1448 759 1557 826 jam
1594 761 1908 824 promissus.
1957 762 2060 813 Po-

476 847 670 885 namus
715 841 840 883 ante
871 845 1101 893 annum,
1155 843 1315 898 quam
1363 839 1677 882 nasceretur
1721 830 1897 898 Isaac,
1957 830 2060 885 hoc

475 902 643 956 fuisse
672 901 887 954 factum.
921 901 1121 954 Deinde
1151 901 1298 954 Isaac
1320 901 1557 969 suscepit
1581 898 1738 964 ﬁlios,
1765 916 1886 955 cum
1913 912 2061 956 esset

472 974 750 1042 sexaginta
776 987 1072 1035 annorum;
1098 971 1173 1024 illi
1200 984 1374 1025 autem
1393 972 1619 1042 juvenes
1645 981 1819 1034 erant,
1844 973 2061 1042 quando

472 1043 717 1097 vendidit
749 1044 884 1096 Esau
913 1042 1269 1110 primogenita
1293 1057 1410 1094 sua.
1444 1041 1712 1096 Ponatnus
1741 1041 1881 1095 enim
1913 1044 2059 1111 ipsos

471 1115 620 1168 circa
655 1115 836 1180 viginti
885 1129 1055 1167 annos
1096 1113 1296 1176 fniSse,
1357 1111 1493 1164 ﬁttnt
1521 1113 1648 1165 anni
1693 1117 1864 1166 aetatis
1912 1113 2060 1168 Isaac

474 1199 647 1254 usque
675 1186 739 1237 ad
761 1185 886 1236 illttd
909 1184 1108 1238 factum
1138 1185 1366 1236 filiorum
1391 1182 1746 1254 ejnsrcirciter
1765 1186 2057 1253 octoginta.

475 1253 889 1309 Adulescentem
917 1255 1242 1322 accipiamus
1273 1254 1436 1306 fuisse
1473 1253 1813 1321 Abimelech,
1847 1257 2060 1320 quando

480 1337 703 1380 matrem
733 1328 898 1392 ipsius
925 1325 1260 1393 concupivit,
1291 1334 1346 1378 et
1375 1324 1605 1378 Abrahae
1639 1328 1842 1380 amicus
1873 1333 1955 1380 est
1987 1329 2062 1377 fa-

476 1409 615 1449 ctus.
651 1398 827 1451 Putnit
856 1413 987 1464 ergo
1012 1398 1119 1463 jam
1151 1410 1272 1449 esse
1303 1403 1452 1464 quasi
1477 1397 1842 1461 centenarias,
1870 1398 1913 1448 si
1943 1408 2064 1464 post

476 1468 607 1520 illud
643 1469 838 1521 factum
863 1469 1095 1520 filiorum
1119 1481 1338 1519 siturum
1369 1469 1603 1534 perrexit
1634 1467 1687 1520 in
1713 1483 1829 1520 eam
1863 1477 2060 1522 terram

472 1536 634 1591 famis
668 1541 988 1592 necessitate
1018 1539 1183 1591 Isaac.
1217 1538 1330 1590 Non
1363 1551 1492 1606 ergo
1527 1553 1592 1590 ex
1620 1537 1720 1591 hoc
1750 1537 1891 1606 cogit
1920 1540 2062 1593 nulla

477 1609 772 1662 necessitas
829 1625 922 1675 per
979 1609 1476 1675 recapitulalionem
1532 1620 1722 1676 putare
1787 1620 2056 1663 narratam

479 1679 867 1747 profectionem
904 1678 1049 1732 l-aac
1082 1680 1130 1731 iu
1160 1679 1392 1742 Gerara;
1427 1678 1521 1732 sed
1550 1678 1672 1747 quia
1702 1679 1777 1733 ibi
1803 1680 2058 1735 diuturno

479 1757 722 1817 tempore
753 1751 917 1802 fuisse
943 1751 1087 1802 Isaac
1116 1749 1398 1808 scribitur.
1425 1760 1478 1802 et
1512 1762 1700 1817 puteos
1738 1750 1956 1814 fudisse,
2003 1762 2057 1807 et

473 1821 545 1874 de
574 1821 654 1873 his
677 1823 1039 1884 contendisse,
1064 1820 1358 1873 etditatnm
1382 1821 1543 1873 fuisse
1568 1820 1812 1889 pecunia,
1840 1823 2053 1887 mirum,

475 1893 579 1944 nisi
630 1893 1033 1957 recapitulaudo
1080 1892 1180 1944 iSla
1229 1899 1745 1956 commemorantur,
1780 1907 1899 1961 quae
1937 1893 2057 1948 ideo

474 1961 685 2015 fuerant
713 1965 1095 2032 praetertttissa,
1127 1972 1185 2014 ut
1218 1961 1444 2028 primum
1493 1963 1560 2015 de
1591 1963 1714 2016 filiis
1745 1963 1862 2030 ejus
1889 1979 2058 2029 usque

475 2032 542 2085 ad
579 2035 728 2087 illttm
776 2035 950 2087 ticum
999 2033 1066 2086 de
1099 2033 1392 2093 lenticula,
1439 2033 1679 2085 narratio
1731 2035 2054 2094 perveniret.

469 2105 725 2175 Sequitur
741 2103 1126 2175 :prparuitqtte
1146 2105 1194 2156 ei
1213 2101 1484 2168 Dominus,
1506 2112 1552 2155 et
1566 2104 1636 2156 ait
1651 2119 1668 2155 :
1686 2102 1768 2156 Ne
1780 2104 2056 2160 descendas

472 2174 530 2225 in
559 2174 978 2246 .-11'gyptum,scd
1010 2177 1211 2244 quiesce
1233 2175 1289 2227 in
1315 2185 1448 2227 terra
1479 2191 1630 2242 quam
1649 2176 1833 2246 dixero
1862 2177 1981 2238 tibi,
2010 2186 2058 2229 et

469 2245 804 2317 peregrinare
827 2249 881 2299 in
907 2261 999 2308 ea;
1028 2262 1215 2314 eraque
1239 2255 1401 2298 tecum
1423 2255 1466 2298 et
1499 2245 1788 2317 benedicaut
1812 2246 1935 2310 tibi;
1965 2247 2057 2300 tibi

471 2314 613 2367 enim
651 2325 698 2370 et
739 2319 917 2371 semini
955 2329 1043 2368 tuo
1064 2317 1195 2369 dabo
1226 2318 1488 2368 uniuersas
1511 2317 1738 2384 regiones
1769 2314 1889 2377 has,
1916 2333 2058 2370 com-

471 2387 620 2454 plens
673 2391 1023 2457 juramentum
1082 2402 1248 2440 meum
1299 2385 1436 2454 quod
1490 2386 1744 2455 spopondi
1795 2385 2056 2441 Abraham

475 2461 615 2520 patri
648 2467 734 2508 tuo
784 2474 802 2510 :
852 2468 898 2510 et
947 2457 1299 2526 multiplicabo
1332 2472 1500 2510 semen
1533 2469 1678 2508 tuum
1718 2459 1846 2510 sicut
1879 2459 2056 2514 stellas

473 2527 872 2598 cwli,rdaboque
911 2529 1127 2598 pasteris
1173 2528 1268 2580 tuis
1298 2528 1556 2579 universas
1598 2529 1826 2595 regiones
1854 2530 1974 2596 has,
2009 2541 2056 2584 et

476 2595 834 2648 benedicentur
883 2595 934 2649 in
987 2601 1176 2650 semine
1214 2607 1302 2650 tuo
1351 2613 1520 2650 omnes
1555 2607 1726 2666 gentes
1757 2607 1905 2653 terra:
1931 2641 1944 2664 ,
1996 2618 2055 2654 eo

473 2666 611 2733 quod
636 2668 878 2720 obedierit
905 2667 1166 2720 Abraham
1189 2670 1298 2721 coci
1324 2684 1463 2722 metu.
1501 2667 1602 2722 Iste
1632 2679 1734 2735 pall
1752 2669 1928 2722 iarelu
1956 2687 2055 2727 nec

471 2752 700 2808 uxorem
733 2739 918 2791 habuit
947 2741 1126 2799 aliam.
1161 2755 1257 2791 nec
1285 2739 1514 2808 aliquam
1545 2741 1920 2805 concubinam,
1955 2758 2055 2797 nec

471 2805 595 2860 ideo
623 2816 798 2862 tamen
827 2809 984 2862 istum
1015 2811 1148 2877 patri
1179 2811 1296 2877 ejus
1316 2805 1570 2875 pra-ferre
1592 2810 1878 2876 debemus;
1900 2826 2055 2868 erant

469 2879 616 2931 enim
645 2880 999 2946 proculdubio
1023 2893 1257 2948 patet-na:
1285 2880 1405 2932 ﬁdei
1433 2891 1486 2934 et
1513 2883 1833 2934 obedientiam:
1862 2888 2055 2938 merita

471 2950 685 3070 potiora
714 2993 728 3017 ,
785 2955 834 3003 in
886 2960 1090 3004 tantmn
1125 2963 1179 3004 ut
1210 2964 1425 3019 propter
1459 2951 1605 3005 illum
1637 2951 1781 3006 dicat
1823 2953 1965 3008 Deus
1997 2971 2054 3010 se

494 3035 599 3070 ltltc
631 3020 808 3070 facere
846 3021 982 3070 bona
1015 3037 1136 3070 unm
1166 3022 1286 3070 facit
1325 3038 1445 3070 cum
1490 3023 1564 3070 illi
1599 3023 1758 3070 dit-at.
1803 3021 1916 3070 Enn
1942 3043 2052 3070 sunt

2090 1652 2137 1712 Β

2163 334 2396 388 errando
2425 332 2477 387 in
2531 330 2770 389 Ecclesia
2816 342 3036 403 peccet,
3069 330 3336 390 secretum
3369 333 3467 386 viri
3508 330 3675 402 hujus
3715 335 3792 391 in

2163 403 2453 471 Scripturis
2481 407 2682 460 sanctis
2711 404 2992 475 diligenter
3041 405 3300 469 intuetur,
3350 404 3586 459 inveniet
3629 419 3786 460 eum

2165 476 2500 538 majestatent
2559 491 2742 543 suam,
2802 491 2904 546 qua
2950 477 3001 529 in
3047 477 3216 531 forma
3247 476 3343 531 Dei
3386 477 3612 546 aqualis
3636 488 3782 545 est,

2162 547 2434 612 paulisper
2462 545 2892 602 abscondissein
2925 545 3094 600 forma
3125 549 3300 609 servi,
3333 557 3391 600 ut
3421 545 3538 614 ejus
3580 563 3781 613 capax

2162 631 2284 671 esse
2313 617 2542 670 humana
2578 618 2860 671 infirmitas
2882 628 3102 686 posset,
3136 634 3309 686 eoque
3341 620 3500 672 modo
3531 620 3782 688 conjugi

2161 701 2222 741 se
2250 696 2611 757 congruenter
2636 697 2862 756 aptaret.
2896 689 3032 753 Quid
3067 689 3208 742 enim
3236 689 3550 753 absurdum,
3582 688 3778 742 immo

2161 759 2291 827 quid
2315 777 2420 812 non
2447 760 2833 814 convenienter
2865 760 3159 814 futurorum
3191 762 3626 828 prmnttritiatinni
3659 775 3776 814 ac-

2161 830 2586 896 commodatum,
2611 832 2654 884 si
2677 830 2935 901 propheta
2958 831 3050 884 Dei
3070 831 3359 885 carnaliter
3375 831 3572 900 aliquid
3598 831 3772 898 lusit,

2161 907 2222 970 ut
2247 916 2379 970 eum
2407 911 2628 970 caperet
2649 902 2873 956 affectus
2903 903 3084 955 uxoris
3105 942 3120 965 ,
3146 917 3268 955 cum
3316 902 3489 970 ipsum
3523 903 3768 956 verbum

2162 968 2257 1024 Dei
2286 987 2413 1024 caro
2439 968 2636 1026 factum
2663 984 2766 1032 est,
2788 983 2844 1027 ut
2875 971 3144 1027 habitaret
3167 974 3220 1028 iit
3247 968 3438 1026 nobis?
3457 972 3721 1040 Sequitur
3744 990 3766 1027 :

2235 1042 2409 1109 (Vers.
2449 1047 2536 1105 12,
2567 1040 2677 1111 15.)
2711 1043 2987 1099 Seminarit
3016 1052 3185 1098 autem
3216 1042 3365 1097 Isaac
3393 1045 3443 1095 in
3471 1053 3604 1097 terra
3628 1043 3767 1106 illa,

2162 1120 2207 1165 et
2223 1113 2416 1186 invenit
2439 1116 2492 1167 in
2517 1115 2631 1186 ipso
2660 1131 2798 1167 anno
2827 1115 3140 1178 centuplum.
3171 1115 3538 1186 Benedixitque
3567 1115 3610 1167 ei
3645 1114 3770 1167 Do-

2162 1183 2356 1247 minus,
2389 1193 2436 1237 et
2463 1183 2800 1254 locupletatus
2824 1194 2896 1237 est
2947 1186 3134 1250 homo,
3170 1197 3218 1239 et
3248 1185 3354 1239 ibat
3386 1183 3662 1256 prbﬁciens
3694 1202 3771 1238 ac

2163 1269 2484 1326 succrescens
2510 1295 2524 1322 ,
2580 1255 2742 1309 donec
2772 1273 2983 1326 uiagnus
3036 1257 3349 1310 vehementer
3390 1255 3604 1324 effectus
3651 1269 3763 1310 est.

2163 1321 2472 1378 Secundum
2527 1337 2794 1380 terrenam
2831 1321 3138 1381 Iélieitatem
3167 1327 3367 1382 dictum
3412 1321 3557 1382 Isaac
3601 1327 3768 1381 locu-

2163 1394 2421 1461 pletatum
2446 1398 2720 1464 sequentia
2749 1397 2947 1450 dor-ent
2977 1414 2992 1452 :
3031 1399 3346 1465 exsequitur
3385 1399 3526 1452 enim
3563 1412 3765 1451 narra~

2167 1475 2258 1538 tori
2282 1467 2496 1520 easdem
2530 1472 2646 1534 ejus
2675 1467 2915 1531 divitias,
2946 1468 3141 1534 quibus
3173 1483 3397 1538 magnus
3435 1469 3602 1522 factus
3633 1479 3762 1533 est,

2165 1546 2218 1588 et
2247 1537 2371 1590 hinc
2395 1547 2572 1591 motus
2591 1548 2674 1591 est
2693 1537 3025 1593 Abimelech.
3051 1539 3249 1593 Timuit
3271 1537 3419 1593 illum
3449 1539 3517 1592 ibi
3539 1554 3659 1594 esse
3682 1555 3765 1594 ne

2166 1610 2405 1673 potentia
2453 1611 2572 1675 ejus
2624 1609 2724 1662 sibi
2781 1622 2925 1664 esset
2971 1608 3185 1664 infesta.
3239 1610 3573 1678 Quamquam
3617 1625 3764 1677 ergo

2163 1679 2405 1743 Spiritale
2432 1681 2632 1749 aliquid
2664 1681 2762 1733 ista
2793 1679 3125 1748 signiﬁcent,
3159 1691 3336 1735 tamen
3369 1684 3660 1734 secundum
3695 1680 3764 1736 id

2159 1749 2300 1820 quod
2322 1751 2686 1820 Contigerant,
2711 1751 2832 1805 ideo
2856 1753 3188 1818 prtemissum
3209 1762 3311 1812 est,
3337 1750 3612 1804 Benedixit
3632 1768 3763 1804 eum

2158 1817 2412 1874 Dominus
2439 1817 2548 1876 {ut
2575 1837 2704 1875 sana
2746 1817 3231 1890 fideinleliigamus
3263 1823 3424 1876 etiam
3455 1821 3557 1888 ista
3598 1832 3755 1875 tem-

2158 1891 2362 1956 poralia
2385 1893 2524 1946 dona
2548 1908 2646 1946 nec
2670 1892 2784 1946 dari
2805 1907 2964 1962 pOSse
2985 1907 3082 1947 nec
3100 1893 3303 1962 sperari
3330 1892 3548 1962 debere.
3574 1895 3763 1962 etiam

2157 1975 2278 2032 cum
2308 1965 2376 2014 ab
2406 1961 3177 2032 iulirmioribus’appetuutur,
3224 1962 3326 2016 nisi
3357 1961 3422 2016 ab
3459 1976 3574 2032 uno
3625 1961 3758 2016 Deo

2159 2031 2495 2104 tribuantur;
2526 2046 2581 2088 et
2609 2034 2702 2104 qui
2724 2035 2774 2088 in
2805 2036 3035 2088 minimis
3061 2033 3229 2087 ﬁdelis
3247 2042 3352 2098 est,
3379 2042 3431 2086 et
3454 2031 3506 2085 in
3531 2033 3757 2100 magnis

2160 2100 2330 2156 ﬁdelis
2361 2107 2470 2169 sit;
2501 2117 2554 2158 et
2582 2100 2670 2175 qui
2705 2107 2755 2158 in
2795 2119 3097 2158 mammona
3127 2104 3309 2171 iniquo
3345 2104 3513 2156 fidelis
3539 2113 3624 2175 est
3661 2104 3757 2175 irt-

2159 2184 2370 2238 veutus,
2403 2180 2566 2230 etiam
2590 2171 2770 2230 verum
2803 2177 3047 2242 accipere
3071 2187 3362 2236 mereatur;
3389 2175 3528 2226 sicut
3562 2171 3756 2226 Domi-

2160 2257 2264 2316 nus
2295 2245 2367 2316 in
2405 2245 2694 2316 Evangelio
2733 2245 3148 2313 loqttitt1_;(Luc.
3186 2248 3328 2308 xvi).
3366 2248 3515 2297 Isaac
3563 2258 3752 2316 sermo

2164 2312 2369 2386 Domini
2399 2327 2483 2371 est
2504 2359 2518 2380 ,
2547 2312 2632 2386 qui
2664 2330 2840 2369 sermo
2867 2312 2926 2370 in
2950 2312 3064 2384 lege
3095 2316 3188 2369 Dei
3218 2317 3444 2369 ordeum
3474 2314 3746 2386 seminat,

2159 2383 2211 2456 in
2237 2385 2542 2456 Evangeliis
2565 2383 2802 2442 triticum
2829 2386 2978 2441 illum
3015 2383 3168 2439 enim
3199 2386 3377 2439 cibum
3409 2383 3750 2452 perfectiori-

2161 2454 2260 2527 bus
2289 2466 2343 2510 et
2371 2454 2701 2527 spiritalibus
2751 2457 2894 2511 hunc
2936 2456 3425 2527 itttperl‘ectioribus
3453 2467 3505 2509 et
3537 2458 3750 2511 anima-

2159 2525 2299 2580 libus
2327 2525 2475 2594 parat
2509 2548 2520 2580 :
2546 2531 2669 2598 quia
2697 2530 2958 2598 scriptum
2988 2539 3072 2582 est
3105 2545 3129 2598 :7
3150 2526 3402 2580 Homines
3433 2537 3478 2579 et
3503 2527 3749 2597 jumenta

2157 2600 2324 2668 salvos
2351 2601 2527 2668 facies,
2565 2597 2801 2652 ’Domine
2825 2597 2942 2665 (Ps.
2977 2597 3162 2668 xxxv).
3192 2598 3338 2651 l~aac
3369 2613 3520 2668 ergo,
3563 2613 3746 2651 sermo

2158 2667 2320 2737 legis,
2355 2667 2578 2725 ordeum
2629 2671 2880 2733 seminat,
2915 2680 2966 2722 et
3025 2667 3201 2721 tamen
3231 2667 3285 2722 in
3319 2669 3434 2736 ipso
3471 2669 3634 2722 ordeo
3663 2671 3749 2722 in-

2155 2740 2305 2792 Vt'nil
2349 2740 2702 2794 centesimum
2737 2740 2993 2793 fructum.
3034 2739 3248 2792 Iuvenis
3278 2749 3329 2792 et
3359 2739 3409 2792 in
3439 2739 3550 2809 lege
3596 2755 3745 2792 mar-

2159 2818 2325 2878 tyres,
2359 2826 2588 2879 quorum
2618 2819 2700 2864 est
2721 2814 3050 2863 centesimus
3078 2810 3302 2864 fructus.
3335 2809 3436 2863 Sed
3475 2819 3527 2862 et
3553 2809 3743 2864 Delmi-

2159 2895 2256 2932 uus
2290 2893 2474 2935 noster
2502 2881 2670 2945 Isaac,
2702 2881 3112 2950 Evangeliurum
3148 2882 3480 2948 perfectiora,
3511 2896 3744 2950 qua-que

2159 2953 2452 3015 Apustulis,
2479 2955 2648 3006 turbis
2679 2963 2858 3005 autem
2887 2954 3192 3006 communia
3216 2953 3366 3018 plane
3399 2952 3737 3018 loquebatur.

517 3035 599 3072 tttc
631 3020 808 3093 facere
846 3021 982 3074 bona
1015 3037 1136 3087 quas
1166 3022 1286 3075 facit
1325 3038 1445 3075 cum
1490 3023 1564 3075 illi
1599 3023 1758 3086 dicat,
1802 3021 1916 3093 Ego
1942 3043 2052 3080 sunt
2081 3021 2125 3084 C
2166 3023 2254 3074 Vis
2295 3035 2475 3076 autem
2518 3025 2704 3075 videre
2735 3023 2855 3090 quia
2889 3025 3053 3076 etiam
3091 3023 3205 3088 ipse
3245 3023 3390 3075 ordei
3422 3021 3568 3074 cibus
3601 3022 3741 3093 inci—

471 3088 610 3162 Deus
637 3091 894 3145 Abraham
921 3095 1082 3160 patris
1101 3095 1202 3154 tui;
1221 3092 1326 3144 noli
1350 3095 1542 3149 timere.
1570 3103 1735 3145 tecum
1760 3088 1895 3147 enim
1916 3113 2049 3162 sum,

471 3170 520 3212 et
549 3161 785 3217 benedixi
817 3175 882 3230 te,
912 3174 957 3215 et
984 3165 1336 3234 multiplicabo
1353 3180 1525 3234 semen
1554 3173 1815 3234 tuum;rut
1854 3161 2054 3221 intelli-

471 3245 661 3303 gamus
685 3249 840 3300 quam
865 3247 1009 3287 caste
1041 3233 1311 3287 Abraltuu
1343 3233 1550 3298 fecerit,
1579 3235 1719 3303 quod
1746 3233 2056 3293 hominibus

471 3301 757 3370 impudicis
778 3313 832 3358 et
855 3309 1105 3369 nequitim
1131 3305 1198 3358 de
1220 3305 1508 3374 Scripturi~
1535 3301 1735 3359 sanctis
1761 3310 2055 3370 patrocinia

471 3376 838 3495 Eia-rentibus
893 3377 1104 3428 videtur
1150 3376 1341 3428 fecisse
1390 3376 1693 3429 libidinose.
1737 3377 1995 3445 Sequitur
2040 3398 2051 3432 :

536 3448 666 3495 ansit
693 3446 862 3495 itaaue
884 3444 1035 3495 Isaac
1079 3446 1130 3495 in
1177 3444 1405 3495 Geraris:
1429 3448 1534 3495 aui-
1563 3464 1680 3495 cum
1707 3448 2051 3495 interranare-

536 3448 666 3496 ausit
693 3446 862 3514 itaque
884 3444 1035 3497 Isaac
1079 3446 1130 3498 in
1177 3444 1405 3508 Geraris;
1429 3448 1534 3515 qui,
1563 3464 1680 3500 cum
1707 3444 2054 3515 interrogare-

475 3467 665 3496 manu"
693 3467 862 3514 Itaque
884 3467 1035 3497 ιδηασ
1079 3467 1130 3498 ιιι
1177 3467 1405 3508 uerarts;
1429 3467 1534 3515 qut,
1563 3467 1680 3500 cum
1707 3467 1898 3501 mu!er
1935 3467 2054 3503 are-

475 3522 559 3566 tur
585 3531 616 3565 a
638 3515 757 3566 viris
785 3516 881 3566 loci
912 3516 1047 3567 illius
1073 3533 1222 3581 supcr
1247 3533 1404 3570 uxore
1428 3535 1520 3570 sua
1539 3563 1552 3581 ,
1583 3520 1865 3584 respondit,
1890 3467 2057 3574 ἔοι-ον

474 3599 586 3637 mea
613 3595 722 3657 est;
757 3586 992 3638 timuerat
1019 3593 1156 3639 enim
1186 3588 1414 3656 conﬁteri
1443 3590 1581 3657 quod
1610 3589 1679 3642 ibi
1701 3600 1826 3642 esset
1861 3593 2056 3644 sociata

474 3655 760 3731 conjugio,_
785 3666 1027 3731 reputans
1071 3674 1133 3710 ue
1173 3655 1304 3727 forte
1340 3655 1677 3731 interﬁcerent
1707 3676 1819 3712 eum
1847 3673 2058 3731 propter

474 3724 618 3777 illius
669 3724 1125 3794 pulchritudinem.
1171 3724 1320 3794 Quod
1366 3724 1516 3783 Isaac
1560 3724 1888 3796 Rebeccani,
1935 3724 2055 3798 quite

474 3809 610 3848 uxor
655 3807 807 3870 erat,
837 3813 1077 3853 sororem
1112 3799 1325 3853 finxerit
1354 3817 1364 3850 :
1392 3816 1561 3870 genus
1602 3803 1744 3855 enim
1788 3801 2049 3857 Rebeccae

473 3880 580 3920 non
614 3869 832 3921 tacitum
882 3880 986 3935 est,
1019 3879 1073 3923 et
1104 3886 1218 3941 eam
1249 3887 1345 3941 per
1371 3869 1702 3924 notissimam
1741 3872 2059 3941 propinqui-

473 3945 635 3991 tatem
667 3953 908 3994 sororem
941 3943 1057 4010 ejus
1085 3939 1623 3996 fuisse‘manifestum
1652 3939 1756 4006 est,
1790 3939 2053 3996 ut’autem

473 4015 676 4082 taceret
733 4027 975 4072 uxorem.
1025 4013 1151 4082 quid
1181 4013 1399 4077 mirum,
1432 4025 1523 4066 aut
1552 4015 1676 4081 quid
1707 4028 1958 4082 pravum,
2009 4015 2057 4067 si

474 4077 714 4133 imitatus
741 4091 825 4135 est
852 4077 1078 4149 patroni,
1109 4099 1228 4136 cum
1257 4085 1443 4136 eadem
1471 4077 1678 4152 jusiitia
1707 4077 2051 4148 defendatur,

473 4163 580 4218 qua
611 4163 761 4222 pater
785 4153 903 4219 ejus
934 4153 1000 4206 de
1031 4154 1192 4208 simili
1221 4154 1431 4220 objecta
1463 4151 1767 4222 inculpatus
1798 4151 2055 4207 inventus

477 4221 595 4294 est?
621 4220 872 4291 Sequitur
907 4241 919 4276 :
947 4224 1169 4290 Cumque
1195 4225 1584 4294 pertransissent
1616 4220 1721 4294 dies
1748 4225 1979 4294 plurimi,
2010 4235 2057 4277 et

471 4290 658 4345 rbidem
685 4290 990 4366 moraretur,
1010 4290 1320 4366 prospiciens
1342 4293 1631 4347 Abimelech
1658 4290 2057 4366 Palwstjnorum

471 4378 564 4415 rea:
619 4379 708 4430 per
749 4364 1023 4432 fenestram
1053 4364 1176 4418 vidit
1210 4380 1326 4418 eum
1357 4368 1619 4435 jocantem
1661 4381 1777 4418 cum
1828 4364 2056 4420 Rebecca

471 4448 633 4486 uxore
662 4450 792 4508 sua,
834 4437 1152 4508 etﬂaccersito
1182 4451 1239 4489 eo
1263 4433 1370 4502 ait,
1415 4433 1756 4508 Perspicuum
1791 4445 1866 4490 est
1904 4437 2050 4508 quod

471 4519 605 4556 uxor
634 4515 720 4557 tua
749 4506 837 4559 sit.
871 4506 972 4559 Cur
992 4506 1227 4560 mentitus
1246 4523 1322 4572 es,
1343 4506 1571 4560 sororem
1602 4518 1740 4561 tuam
1767 4507 1918 4560 esse?
1951 4508 2055 4574 Qui

471 4576 765 4645 respondit,
804 4575 974 4630 Timui
996 4595 1058 4631 ne
1079 4593 1304 4631 morerer
1330 4586 1537 4647 prapter
1563 4594 1696 4632 eam.
1737 4577 1867 4644 ρυω
1894 4577 2054 4647 igitur

470 4659 573 4717 pro
618 4647 890 4701 Abraham
946 4648 1089 4717 quod
1144 4649 1210 4701 ad
1251 4647 1388 4702 hanc
1427 4664 1540 4703 rem
1593 4651 1818 4714 attinet,
1861 4649 2052 4704 eadem

470 4715 636 4768 etiam
667 4732 762 4780 pro
794 4719 939 4772 Isaac
963 4715 1082 4772 filio
1105 4720 1221 4783 ejus
1250 4718 1452 4785 valent,
1480 4735 1596 4785 qua:
1625 4734 1911 4773 recensere
1943 4736 2052 4774 non

473 4795 554 4858 est
584 4785 803 4843 difficile
827 4806 840 4840 :
875 4790 975 4842 nisi
1009 4789 1145 4842 forte
1166 4789 1528 4842 studiosorum
1553 4789 1746 4857 aliquis
1767 4801 1973 4858 quaerat
1999 4791 2053 4845 in

471 4857 622 4925 cujus
654 4857 834 4928 figurae
878 4859 1621 4929 sacramentoaccipiendum
1674 4860 1744 4913 sit
1773 4857 1913 4928 quod
1958 4877 2053 4916 rex

471 4927 769 4997 alienigena
802 4930 1103 4984 Rebeccam
1131 4927 1233 4984 viri
1283 4927 1382 4984 sui
1412 4929 1695 4999 conjngem
1749 4927 1877 4984 tunc
1932 4947 2054 4986 esse

469 5004 741 5066 cognovit,
773 4999 988 5070 quando
1012 5016 1133 5056 eum
1163 5014 1282 5055 cum
1312 5000 1401 5054 illa
1429 5002 1698 5055 ludentem
1724 5000 1877 5068 vidit,
1909 5002 2052 5068 quod

469 5083 579 5123 non
610 5073 969 5140 cognovisset,
999 5072 1102 5126 nisi
1133 5086 1253 5126 cum
1284 5071 1511 5142 conjuge
1541 5071 1633 5126 ille
1669 5071 1748 5125 sic
1796 5071 2050 5139 luderet,

470 5143 743 5213 quomodo
768 5158 888 5198 cum
913 5158 977 5198 ea
1002 5159 1119 5212 qua:
1144 5143 1342 5213 conjux
1373 5159 1476 5195 non
1507 5150 1680 5207 esset,
1723 5142 1912 5197 ludere
1945 5158 2052 5197 non

418 5243 424 5274 ;
469 5211 711 5284 deceret,
738 5215 879 5284 quod
909 5211 1030 5268 cum
1054 5215 1225 5267 sancti
1249 5211 1521 5282 conjugati
1550 5214 1774 5280 faciunt,
1806 5230 1912 5267 non
1938 5214 2053 5268 ina-

469 5281 613 5354 niter
643 5281 863 5347 faciunt,
892 5284 987 5340 sed
1013 5285 1307 5354 prudenter
1337 5281 1717 5339 {descendunt
1744 5286 1888 5340 enim
1919 5299 2054 5354 quo-

469 5352 761 5425 damtnodo
788 5356 853 5409 ad
883 5352 1097 5411 feminei
1129 5369 1292 5410 sexus
1322 5355 1718 5422 infirmitatem,
1748 5366 1806 5410 ut
1852 5352 2052 5425 aliquid

468 5423 665 5479 blanda
705 5425 975 5481 hilaritate
1013 5427 1100 5482 vel
1130 5427 1312 5481 dicant
1355 5429 1436 5480 vel
1477 5426 1708 5493 faciant,
1737 5441 1844 5480 non
1893 5423 2054 5481 ener-

468 5505 681 5567 vantes,
703 5498 798 5551 sed
822 5506 1182 5567 temperantes
1205 5497 1412 5551 virilem
1431 5498 1690 5567 vigorem.
1713 5496 1854 5564 Quid
1871 5505 2049 5552 autem

468 5563 570 5616 sibi
602 5567 731 5620 velit
768 5567 823 5620 in
852 5563 1191 5622 sacramento
1219 5567 1424 5622 Christi
1454 5563 1511 5620 ei
1557 5563 1811 5622 Ecclesiae
1837 5609 1850 5632 ,
1905 5569 2049 5636 quod

468 5641 652 5688 tantus
676 5637 979 5702 patriarcha
1009 5652 1130 5692 cum
1152 5637 1379 5706 conjuge
1399 5638 1612 5702 luserit,
1639 5639 2052 5708 conjugiumque

2163 3093 2435 3161 pientibtts
2465 3093 2718 3148 exhibet?
2763 3093 3032 3162 Scriptum
3064 3104 3147 3146 est
3188 3093 3237 3146 in
3268 3093 3568 3154 Evangeliis
3611 3092 3742 3161 quia

2162 3165 2400 3218 secundo
2432 3167 2643 3233 paverit
2688 3166 2889 3224 turbas.
2923 3164 3016 3218 sed
3050 3165 3168 3217 illas
3199 3179 3328 3228 quas
3360 3167 3588 3230 primum
3622 3179 3744 3230 pas-

2160 3236 2262 3306 cit;
2307 3248 2491 3306 postea
2527 3252 2654 3289 vero
2696 3251 2815 3289 cum
2855 3235 2965 3304 jam
3000 3235 3433 3306 pt'ofecissentiin
3482 3234 3652 3306 verbo
3687 3244 3742 3289 et

2162 3303 2438 3372 doctrina,
2488 3308 2729 3362 triticeos
2761 3307 2838 3359 eis
2861 3303 3097 3359 exhibet
3127 3321 3310 3374 panes.
3356 3305 3462 3360 Sed
3499 3319 3610 3372 μηδι
3641 3303 3743 3361 hoc

2163 3374 2440 3441 Dominus,
2469 3378 2663 3446 inquit,
2712 3379 2963 3430 benedixit
2995 3375 3164 3442 Isaac,
3198 3385 3244 3429 et
3274 3378 3630 3445 magniﬁcatus
3670 3386 3740 3430 est

2162 3448 2329 3502 valde.
2368 3449 2570 3501 Parvus
2599 3458 2715 3502 erat
2740 3447 2887 3502 Isaac
2913 3447 2966 3499 iu
2997 3449 3142 3516 lege,
3177 3448 3269 3501 sed
3321 3464 3575 3515 prticeSsu
3611 3459 3741 3499 tem-

2159 3520 2312 3585 puris
2347 3522 2403 3571 fit
2425 3535 2651 3588 magnus
2684 3522 2732 3570 in
2759 3519 3032 3587 prophetis
3067 3535 3079 3571 :
3111 3535 3230 3571 nam
3261 3535 3382 3572 cum
3415 3521 3464 3572 in
3492 3522 3601 3572 suta
3629 3521 3737 3586 lege

2163 3601 2265 3653 est,
2298 3592 2532 3642 nondum
2584 3606 2804 3658 magnus
2837 3601 2920 3642 est
2944 3630 2957 3653 ,
3009 3592 3205 3658 quippe
3235 3605 3355 3658 qua:
3381 3601 3433 3644 et
3482 3589 3740 3643 vclatniuo

2162 3667 2298 3713 tecta
2333 3672 2434 3714 est.
2460 3664 2660 3715 (Ircscit
2692 3675 2818 3730 ergo
2849 3659 2900 3713 iu
2937 3661 3242 3728 prophetis;
3272 3661 3382 3728 jam
3413 3677 3533 3713 cum
3561 3675 3740 3729 μνη-νου

2164 3734 2305 3784 nerit
2328 3748 2496 3802 usque
2522 3733 2585 3784 ad
2619 3733 2721 3784 hoc
2753 3744 2808 3784 ut
2841 3732 3078 3784 velamen
3108 3731 3326 3797 abjiciat
3357 3731 3547 3785 littera:
3569 3775 3583 3799 ,
3622 3742 3740 3784 tunc

2162 3805 2269 3854 erit
2292 3819 2514 3869 magnus
2547 3805 2702 3857 valde
2727 3843 2741 3860 .
2791 3818 2910 3856 cum
2940 3802 3164 3870 coeperit
3200 3803 3378 3856 littera
3431 3803 3558 3870 iugis
3601 3803 3741 3854 velut

2161 3873 2315 3938 palea
2342 3873 2492 3928 ordei
2515 3874 2632 3938 ejus
2655 3874 2887 3934 secerni,
2914 3888 2962 3926 et
2988 3876 3296 3940 apparuerit
3326 3875 3464 3942 quod
3489 3872 3737 3939 Spiritalis

2161 3953 2244 3993 est
2276 3943 2390 4007 lex;
2449 3957 2572 3998 tunc
2600 3943 3027 4011 magnificabitur
3069 3945 3250 4004 Isaac,
3299 3955 3352 3995 et
3394 3946 3480 3995 fiet
3520 3957 3737 4010 magnus

2160 4014 2337 4066 valde.
2376 4013 2505 4068 Vide
2532 4015 2675 4068 enim
2706 4014 2827 4082 quia
2855 4024 2909 4067 et
2934 4015 3192 4067 Dominus
3217 4014 3265 4065 in
3293 4012 3584 4080 Evangeliis
3610 4026 3732 4078 pau-

2163 4097 2254 4136 COs
2279 4099 2442 4152 panes
2473 4085 2689 4151 frangit,
2723 4097 2776 4138 et
2804 4094 2934 4153 quot
2967 4083 3129 4138 tniilia
3160 4084 3344 4138 refecit
3372 4083 3684 4150 ||0jlttl0flllll
3712 4123 3726 4146 ,

2162 4157 2418 4220 etquattti
2445 4156 2662 4222 cophini
2697 4155 3046 4224 reliquiarum
3077 4165 3379 4224 supersunt.
3430 4153 3607 4206 Duncc
3651 4155 3734 4206 in-

2163 4225 2298 4292 tegri
2320 4235 2446 4279 sunt
2468 4241 2652 4294 panes,
2680 4241 2839 4278 nemo
2860 4236 3144 4290 saturatur,
3175 4239 3328 4279 nemo
3351 4225 3617 4289 reficitur;
3638 4239 3735 4279 nec

2161 4295 2267 4363 ipsi
2313 4310 2480 4365 panes
2529 4298 2780 4350 videntur
2836 4298 3043 4364 augeri.
3096 4297 3383 4350 Considera
3429 4310 3736 4365 ergonnnc

2161 4363 2433 4435 quomodo
2460 4382 2660 4438 paucos
2687 4381 2854 4436 panes
2896 4363 3190 4437 frangimus
3234 4367 3287 4420 in
3329 4363 3737 4438 Scripturis__di-

2161 4439 2320 4490 vinis.
2355 4436 2562 4493 Paucos
2591 4454 2871 4491 sermones
2894 4436 3255 4503 assumimus,
3305 4447 3359 4492 et
3403 4447 3534 4507 quot
3579 4436 3736 4491 millia

2161 4507 2442 4579 hominum
2476 4510 2822 4579 saturantur!
2855 4507 3109 4579 Sequitur
3139 4527 3153 4561 :

2238 4578 2416 4648 (Vcrs.
2447 4577 2515 4632 ﬂ
2538 4578 2716 4650 seqq.)
2737 4579 2930 4632 Habuit
2945 4577 3158 4650 quoque
3184 4579 3549 4647 possessionem
3577 4578 3736 4650 ouium

2161 4658 2210 4702 et
2232 4649 2624 4713 armentorum,
2653 4649 2703 4702 et
2726 4651 2937 4717 familia:
2965 4649 3242 4718 plurimum
3269 4690 3280 4708 .
3307 4659 3353 4702 et
3383 4650 3528 4718 coepit
3572 4649 3738 4719 [cdere

2161 4729 2360 4790 puteos,
2396 4736 2522 4786 quos
2551 4721 2788 4791 foderant
2826 4723 2974 4785 pueri
3005 4723 3164 4788 patris
3207 4723 3319 4791 ejus
3359 4718 3618 4791 Abrahte;
3656 4719 3736 4772 sed

2161 4789 2442 4844 invidentes
2493 4789 2564 4845 eis
2600 4791 2879 4843 l’hilistiim
2905 4789 3264 4844 obstruxerunt
3293 4807 3375 4844 eos
3405 4789 3588 4855 humo,
3636 4800 3732 4844 etc.

2162 4861 2292 4927 Quis
2321 4871 2404 4917 est
2441 4861 2542 4916 iste
2570 4861 2753 4925 Isaac,
2789 4862 2890 4916 nisi
2935 4862 3182 4916 Salvator
3229 4865 3446 4916 unster?
3487 4861 3616 4926 Quis
3661 4868 3738 4914 est

2160 4930 2263 4985 iste
2281 4934 2369 4998 qui
2391 4947 2516 4986 cum
2540 4932 2910 4987 descendisset
2938 4932 2990 4986 in
3014 4931 3173 4985 istum
3199 4942 3494 4986 torrentem
3521 4932 3732 4992 Gerara,

2160 5003 2338 5070 primo
2386 5008 2626 5056 omnium
2660 5004 2776 5056 illos
2825 5012 3018 5072 puteos
3048 5003 3232 5056 fodere
3262 5005 3407 5066 vult,
3437 5017 3571 5071 quos
3598 5000 3736 5054 fode-

2159 5081 2285 5144 rant
2315 5076 2461 5144 pueri
2498 5077 2661 5139 patris
2698 5074 2814 5140 ejus
2846 5090 2858 5125 :
2892 5072 2941 5125 id
2975 5083 3077 5140 est,
3117 5075 3327 5144 Moyses
3353 5086 3591 5144 puteum
3615 5072 3734 5144 Iri-gis

2157 5141 2404 5209 foderat;
2455 5143 2641 5207 David,
2697 5145 2948 5198 Salomon
2993 5155 3045 5197 et
3092 5141 3400 5214 prophetai,
3448 5143 3539 5212 qui
3582 5143 3737 5196 libros

2157 5216 2491 5282 scripserunt
2526 5214 2725 5268 veteris
2753 5214 3081 5270 Testameuti
3103 5256 3117 5277 ,
3156 5229 3294 5282 quos
3325 5223 3502 5268 tamen
3537 5223 3735 5268 terrena

2157 5292 2213 5338 et
2254 5285 2471 5339 sordida
2511 5286 2815 5355 repleverat
2862 5286 3217 5355 intelligentia
3247 5284 3581 5339 Judzeorum.
3636 5282 3734 5338 llus

2154 5368 2276 5426 cum
2304 5356 2473 5411 vellet
2504 5371 2737 5426 purgare
2768 5355 2936 5423 Isaac,
2967 5358 3018 5410 id
3045 5366 3150 5422 est,
3182 5355 3441 5409 Dominus
3473 5362 3653 5408 noster
3688 5363 3736 5408 et

2156 5423 2436 5498 Salvator,
2469 5423 2631 5498 cujus
2657 5427 2747 5481 ille
2775 5427 2923 5482 Isaac
2981 5429 3201 5496 figuram
3231 5427 3395 5498 gessit
3416 5465 3429 5484 .
3459 5434 3519 5478 ut
3560 5434 3733 5498 osten-

2154 5495 2310 5568 deret
2357 5500 2480 5567 quia
2536 5495 2885 5568 qu:ccumque
2935 5495 3212 5567 prophetae
3237 5495 3644 5568 idixerttntpde
3674 5511 3732 5568 se

2153 5565 2428 5622 dixerunt.
2455 5565 2632 5623 Itixali
2651 5579 2775 5623 sunt
2801 5565 2919 5623 eum
2937 5565 3007 5624 eo
3033 5567 3344 5627 Philistiiut.
3373 5567 3424 5620 id
3445 5565 3726 5631 estJudtci,

2152 5650 2186 5692 a
2232 5653 2400 5708 regno
2432 5639 2528 5714 Dei
2559 5639 2749 5706 alieni;
2795 5641 2889 5698 sed
2919 5639 3148 5698 discedit
3177 5641 3244 5694 ab
3286 5639 3364 5694 eis
3395 5655 3407 5690 :
3442 5651 3546 5693 non
3591 5637 3720 5697 enim
