3996 6186
1216 234 1697 294 COMMENTARII
1734 233 1802 293 1N
1838 234 2157 297 GENESIM.
2199 242 2329 299 LIB.
2361 240 2426 299 Π.

3340 260 3449 320 986

174 370 295 435 esse
323 361 504 425 potest
530 369 651 435 cum
680 355 768 410 his
798 355 890 425 qui
923 353 1186 435 inputeis
1208 370 1399 435 aquam
1426 357 1630 435 habere
1656 372 1756 412 no-
1784 360 1839 421 Α
1864 358 2025 412 etiam
2052 369 2105 415 et
2132 360 2355 416 Paulum
2384 350 2679 433 dicentem,
2699 365 3119 426 Fundamentum
3138 373 3274 428 enim
3300 377 3448 435 aliud

176 427 392 482 luerunt
412 469 428 493 ,
460 428 553 482 sed
585 437 784 481 terram
820 444 831 478 :
864 437 919 480 et
944 426 1077 481 dicit
1109 428 1187 481 eis
1208 469 1223 493 ,
1273 426 1408 481 Ecce
1447 429 1757 497 relinquetur

176 499 311 571 uobis
341 500 525 552 domus
553 508 714 551 vestra
744 496 945 571 deserta
974 497 1191 571 (Matth.
1221 498 1395 569 XXIII).
1432 496 1595 553 Fodit
1637 517 1756 571 ergo

175 565 333 639 Isaac
352 586 534 621 novum
551 578 778 639 puteum.
809 565 1151 637 lmino‘pueri
1172 569 1318 623 Isaac
1344 565 1571 625 fodiunt.
1597 565 1755 626 Pueri

175 650 293 691 sunt
320 638 466 693 Isaac
488 638 789 702 Matthmus,
821 640 1051 705 Marcus,
1083 640 1277 709 Lucas,
1306 640 1566 697 Joannes.
1597 643 1756 697 Pueri

174 710 288 781 ejus
312 721 454 772 sunt,
492 710 702 771 Petrus,
735 709 987 768 Jacolius.
1017 710 1213 777 ludas;
1250 728 1381 780 puer
1406 713 1524 781 ejus
1546 754 1561 776 ,
1596 729 1757 780 apos-

175 780 311 851 tolus
342 781 536 851 Paulus
566 799 578 833 :
616 782 703 850 qui
733 797 921 835 omnes
942 782 1065 834 novi
1096 780 1646 851 Testamenti’puteos
1675 785 1755 837 fo-

172 850 341 903 diunt.
376 850 482 906 Sed
512 860 567 904 et
596 868 691 920 pro
723 851 805 904 liis
841 855 1171 906 altercantur
1198 853 1274 906 illi
1304 855 1393 921 qui
1426 850 1637 908 terrena
1669 870 1758 910 sa-

173 920 341 988 piunt,
372 937 471 975 nec
502 936 637 975 nova
660 922 820 975 condi
846 924 1135 991 patiuntur,
1164 939 1262 978 nec
1290 920 1471 979 vetera
1502 934 1751 992 purgant,

171 992 496 1058 evangelicis
524 994 694 1060 puteis
725 994 1119 1057 contradicunt,
1149 1004 1204 1048 et
1225 996 1535 1063 apostolicis
1562 1000 1753 1050 adver-

170 1074 384 1127 samur;
418 1072 472 1118 et
499 1063 751 1133 quoniam
782 1066 833 1117 in
860 1067 1111 1118 omnibus
1133 1067 1529 1133 contradicunt,
1559 1068 1609 1119 in
1639 1084 1754 1120 om-

170 1133 335 1207 nibus
362 1135 591 1200 litigant,
620 1136 814 1207 dicitur
843 1137 905 1188 ad
936 1152 1061 1197 eos,
1107 1136 1365 1199 Quoniam
1394 1139 1635 1207 indignos
1665 1154 1751 1192 vos

170 1204 362 1277 fecistis
375 1208 551 1274 gratia:
573 1207 683 1263 Dei.
702 1222 762 1258 ex
773 1205 986 1277 hocjam
997 1208 1063 1258 ad
1076 1219 1244 1277 gentes
1258 1208 1442 1259 ibimus
1457 1204 1591 1277 (Ᾰτι.
1611 1211 1749 1276 xtit).

168 1272 298 1326 Post
320 1272 435 1348 haec
458 1277 588 1339 fodit
617 1279 816 1348 tertium
847 1272 1051 1343 p'uteiim
1077 1272 1254 1348 Isaac,
1281 1286 1327 1330 et
1354 1272 1633 1348 appellavit
1666 1272 1754 1332 no-

167 1360 279 1396 men
310 1346 406 1397 loci
436 1347 598 1413 illius,
634 1347 876 1400 Latitudo
899 1386 911 1408 ,
949 1348 1123 1401 dicens
1156 1365 1173 1402 :
1207 1347 1365 1401 Nunc
1392 1346 1628 1401 dilatavit
1658 1366 1751 1403 nos

167 1414 442 1487 Dominus,
465 1428 509 1470 et
530 1419 647 1487 fecit
660 1434 884 1470 crescere
900 1435 1054 1485 super
1070 1429 1274 1472 terram.
1296 1419 1431 1472 Vere
1445 1422 1587 1473 enim
1609 1436 1750 1475 nunc

165 1486 418 1541 dilatatus
465 1498 548 1542 est
586 1489 754 1552 Isaac,
782 1497 836 1541 et
856 1499 1070 1542 auctum
1104 1498 1186 1543 est
1208 1505 1401 1543 nomen
1427 1491 1542 1557 ejus
1585 1506 1749 1558 super

164 1558 473 1627 universam
500 1569 721 1623 terrain,
746 1575 868 1613 cum
888 1560 1198 1627 adimplevit
1218 1563 1269 1613 in
1295 1561 1449 1614 nobis
1467 1562 1746 1616 scientiam

164 1626 479 1697 Trinitatis;
505 1642 629 1684 tunc
674 1635 814 1685 enim
845 1626 1046 1683 tantum
1070 1633 1123 1683 in
1145 1629 1335 1685 Judcea
1364 1640 1511 1685 notus
1533 1641 1669 1697 erat,
1700 1642 1748 1685 et

164 1698 216 1749 in
240 1696 409 1773 Israel
439 1717 621 1754 nomen
651 1704 760 1773 ejus
803 1702 1177 1755 nominabatur
1208 1702 1323 1768 (Ps.
1359 1702 1551 1771 Lxxv);
1603 1696 1746 1758 nunc

165 1778 342 1823 autem
376 1772 429 1821 in
452 1786 649 1844 omnem
674 1772 864 1825 terram
878 1774 1011 1844 exiit
1038 1789 1194 1825 sonus
1224 1789 1398 1825 eorum
1417 1814 1431 1839 ,
1463 1782 1511 1826 et
1540 1775 1591 1825 in
1621 1775 1750 1844 ﬁnes

164 1842 458 1914 orbisterra:
478 1842 624 1895 verba
647 1858 820 1896 eorum
840 1843 1017 1914 (Rom.
1043 1844 1119 1907 x);
1145 1854 1413 1898 exeuntes
1428 1845 1570 1897 enim
1600 1842 1750 1914 pueri

163 1909 337 1970 laaac.
389 1913 489 1966 hoc
520 1923 601 1966 est
630 1909 856 1981 apostoli
889 1913 1100 1967 Domini
1128 1914 1455 1979 Salvatoris,
1494 1909 1753 1981 per'uni-

163 1995 378 2055 versum
404 1983 587 2037 orbem
610 1992 765 2037 terrae
786 1984 1038 2037 lodernnt
1059 1994 1266 2050 puteos,
1286 1995 1341 2039 et
1358 2000 1551 2055 aquam
1574 1987 1748 2040 vivam

161 2052 414 2106 omnibus
460 2056 845 2113 ostenderunt.
894 2056 1226 2123 baptizantes
1255 2052 1442 2109 omnes
1471 2066 1656 2124 gentes
1696 2058 1749 2111 in

162 2126 379 2177 nomine
399 2124 583 2196 Patris
607 2168 622 2193 ,
672 2134 724 2178 ct
752 2126 891 2187 Filii,
922 2136 975 2180 et
1003 2126 1235 2193 Spiritus
1266 2128 1456 2180 sancti.
1488 2128 1593 2181 Sed
1623 2130 1749 2196 quid

162 2195 409 2263 estquod
452 2206 641 2264 puteos
671 2212 804 2265 quos
827 2198 1095 2252 Abraham
1125 2200 1336 2261 aperuit
1365 2198 1510 2250 Isaac
1542 2198 1619 2251 sic
1643 2195 1744 2251 ιὀς

161 2265 443 2338 caviteos,
491 2267 628 2321 sicut
659 2281 713 2322 et
763 2279 913 2337 pater
940 2268 1095 2338 ejus?
1134 2284 1239 2321 non
1263 2270 1414 2338 enim
1447 2268 1751 2322 immolavit

160 2335 428 2408 vocabula
460 2335 774 2404 puteorum.
800 2340 862 2391 Et
891 2335 1185 2393 estmirum
1208 2339 1349 2406 quod
1375 2337 1585 2408 Moyses
1607 2341 1748 2406 apud

161 2405 435 2479 noseiiani
454 2408 662 2477 Moyses
685 2410 1004 2476 appellatur;
1026 2419 1081 2463 et
1103 2405 1365 2475 propheta
1384 2405 1749 2479 unusquisque

161 2490 265 2528 suo
288 2478 504 2530 nomine
527 2480 828 2546 appellatur
860 2496 871 2531 :
899 2496 1004 2533 non
1032 2480 1171 2533 enim
1195 2478 1440 2533 Christus
1464 2481 1515 2532 in
1543 2482 1621 2533 eis
1653 2478 1747 2534 no-

161 2546 349 2621 mina,
382 2548 475 2602 sed
508 2548 912 2619 intelligentiam
945 2550 1313 2604 commutavit.
1347 2551 1470 2604 ΙΙωο
1497 2553 1742 2621 tnyStice.

159 2616 438 2691 Moraliter
491 2616 711 2687 autem,
766 2623 913 2676 Isaac
958 2623 1097 2690 apud
1130 2623 1484 2689 alienigenam
1532 2616 1744 2691 gentem

157 2698 355 2762 puteos
406 2689 605 2746 fodisse
657 2689 1010 2758 describitur,
1070 2708 1175 2760 quo
1224 2693 1471 2747 videlicet
1498 2689 1746 2762 eieinplo

158 2758 419 2833 discimus
476 2774 559 2827 ut,
604 2763 657 2816 in
713 2762 814 2818 hac
868 2758 1316 2833 peregrinationis
1370 2780 1608 2817 ierunina
1655 2758 1749 2832 po-

158 2829 286 2892 siti,
318 2833 699 2899 cogitationum
731 2829 1034 2888 nostrarum
1070 2835 1327 2898 profunda
1380 2829 1744 2903 peiteireruns,

158 2910 213 2975 et
268 2916 547 2971 quousque
577 2905 732 2959 nobis
761 2921 904 2959 verae
934 2905 1302 2969 intelligentia:
1346 2922 1483 2973 aqua
1524 2922 1749 2975 respou-

158 2971 314 3044 deat,
341 2989 676 3044 nequaquam
708 2986 905 3030 nostra:
941 2977 1304 3043 inquisitionis
1341 2971 1531 3028 manus
1556 2971 1748 3029 ades-

156 3041 459 3097 haurieuda
492 3041 672 3100 cordis
704 3047 912 3100 interna
947 3041 1237 3112 torpescat.
1270 3047 1415 3111 Quos
1442 3058 1616 3099 tamen
1653 3062 1749 3113 pii-

1862 440 2188 515 ne‘m’olpotest
2210 449 2634 515 ponerc,_prwter
2658 439 2713 515 id
2745 441 2885 515 quod
2916 445 3137 513 positum
3178 455 3273 511 est,
3306 449 3447 515 quod

1860 511 1934 582 est
1960 500 2367 582 Christus-{esus
2399 500 2592 582 (Πίον.
2617 511 2717 582 ιιι).
2746 500 2847 565 Ubi
2875 500 3005 582 ergo
3037 500 3445 574 tabernaculum

1858 581 1963 637 est,
1996 575 2209 652 etiamsi
2236 574 2432 644 ligatur
2462 578 2577 633 sine
2606 574 2769 635 dubio
2802 574 3175 639 resolvendum
3209 599 3287 640 est
3313 605 3328 652 ;
3355 590 3443 644 ubi

1858 656 1986 723 vero
2017 643 2362 701 fundamenta
2393 658 2541 713 sunt,
2582 662 2636 705 et
2685 666 2845 723 supra
2896 666 3099 723 petram
3146 643 3445 714 :edllicatur

1857 712 2076 789 domus,
2110 732 2398 787 numquam
2429 712 2723 776 resolvitur
2749 712 2942 779 domus
2967 727 3077 789 illa,
3110 726 3328 783 fundata
3360 712 3447 786 est

1857 786 2003 838 enim
2021 801 2182 855 super
2207 786 2434 856 petram.
2461 791 2621 845 Fodit
2642 801 2819 868 tamen
2850 796 3001 868 etibi
3028 786 3173 853 Isaac
3200 810 3438 868 puteum,

1858 870 1961 935 nec
1985 871 2237 935 umquam
2262 870 2440 915 cessat
2471 871 2661 935 puteos
2703 863 2977 935 fodiendo,
3028 863 3212 923 donec
3234 863 3443 926 oriatur

1857 923 1979 979 fons
1999 923 2346 1003 aqumhvivm,
2390 943 2442 986 et
2471 923 2713 1003 ﬂuminis
2745 923 3232 1003 impetusltetiﬁcet
3252 923 3444 997 civita-

1858 1004 1965 1080 tein
1999 997 2117 1052 Dei.
2149 1000 2438 1080 Sequitur:
2469 1002 2573 1059 Sed
2604 1014 2652 1080 et
2675 997 2963 1062 Abimelech
2985 1009 3091 1071 ille,
3130 1012 3220 1080 qui
3246 1012 3442 1066 dudum

1858 1068 2198 1137 Itonoraverat
2229 1068 2506 1137 Abraham,
2536 1076 2669 1128 venit
2699 1094 2835 1129 nunc
2861 1095 2975 1131 cum
3016 1068 3195 1134 amic'is
3237 1083 3344 1135 suis
3376 1084 3442 1136 de

1857 1134 2068 1215 Cereris
2098 1141 2166 1193 ad
2192 1141 2361 1215 Isaac.
2392 1145 2457 1198 Et
2484 1134 2611 1199 dicit
2634 1145 2739 1200 illis
2768 1146 2939 1214 Isaac,
2973 1151 3108 1215 Quid
3138 1134 3344 1206 venistis
3371 1134 3438 1206 ad

1854 1210 1971 1261 me?
2008 1209 2104 1287 Vos
2128 1215 2262 1266 enim
2292 1214 2470 1287 odistis
2490 1234 2595 1287 me,
2620 1226 2668 1270 et
2694 1209 3014 1287 ejecistisme
3030 1239 3060 1272 a
3082 1224 3238 1276 vobis.
3272 1223 3334 1276 At
3356 1223 3440 1278 illi

1855 1282 2246 1361 responderunt,
2281 1286 2525 1352 dicentes,
2562 1282 2818 1361 Viden'tes,
2867 1291 3129 1361 inquiunt,
3182 1293 3435 1360 vidimus,

1854 1352 1975 1429 quia
2000 1363 2071 1405 est
2097 1352 2346 1407 Dominus
2384 1367 2580 1423 tecum;
2616 1372 2662 1411 et
2704 1352 2950 1424 diximus,
2995 1352 3125 1416 Fiat
3145 1352 3437 1427 coniuratio

1853 1430 1985 1501 inter
2014 1439 2104 1501 nos
2129 1434 2176 1477 et
2207 1435 2276 1501 te,
2310 1437 2354 1478 et
2385 1430 2749 1501 constituamus
2773 1442 2935 1483 tecum
2964 1446 3194 1501 pactum,
3244 1450 3305 1485 ne
3353 1439 3434 1500 [a-

1852 1491 1957 1544 cias
1987 1494 2130 1572 nobis
2157 1494 2370 1572 malum.
2402 1498 2509 1572 lst‘e
2538 1501 2853 1572 Abimelecli
2883 1491 2987 1555 non
3012 1491 3225 1570 semper
3247 1491 3436 1572 pacem

1853 1574 1970 1613 cum
1990 1562 2138 1618 Isaac
2167 1564 2371 1642 habet,_
2390 1568 2485 1623 sed
2526 1570 2814 1642 aliquando
2859 1572 3109 1637 dissidet,
3134 1562 3435 1642 aliquando

1852 1645 2035 1712 pacem
2078 1638 2788 1712 requiritalsteAbiinelech
2826 1659 3107 1708 personam
3140 1638 3289 1698 tenet
3314 1656 3436 1698 stu-

1854 1703 2547 1783 diosorumAetsapientiutn
2592 1715 2794 1771 szeculi.
2820 1703 2910 1783 qui
2946 1731 3043 1783 per
3069 1714 3432 1770 eruditionem

1857 1774 2209 1853 philosophia;
2237 1774 2406 1833 multa
2435 1783 2595 1836 etiam
2629 1799 2697 1837 ex
2727 1774 2960 1839 veri-tate
3005 1786 3435 1853 comprehende-

1854 1856 1998 1925 runt.
2029 1846 2332 1925 intelligere
2364 1867 2651 1925 possumus
2680 1856 2953 1922 qumnodo
2984 1856 3070 1909 hic
3108 1846 3229 1909 cum
3261 1857 3430 1925 Isaac,

1852 1916 1941 1982 qui
1977 1917 2123 1993 verbi
2152 1918 2268 1981 Dei,
2290 1916 2445 1993 quod
2473 1924 2523 1975 in
2552 1924 2667 1993 lege
2696 1916 2797 1985 est,
2831 1934 2975 1980 tenet
3025 1928 3283 1993 liguram;
3339 1916 3434 1982 ne;

1853 2000 1957 2052 que
1980 1987 2038 2065 in
2073 1987 2411 2065 dissensione
2447 1987 2663 2065 sempEr
2690 2003 2868 2063 potest
2904 1987 3435 2065 essefneqne'sem-

1855 2070 1950 2134 per
1977 2060 2027 2134 in
2053 2073 2207 2134 pace.
2228 2060 2736 2130 Pliilosophia'eniin
2767 2066 2946 2119 mundi
2971 2081 3145 2134 neque
3164 2060 3229 2120 'in
3257 2067 3431 2120 omni-

1852 2126 1953 2179 bus
1980 2128 2079 2196 legi
2116 2128 2208 2203 Dei
2241 2126 2507 2203 contraria
2553 2145 2656 2197 est,
2698 2151 2870 2203 neque
2908 2136 2960 2189 in
2998 2126 3246 2190 omnibus
3299 2151 3434 2191 con-

1853 2210 2016 2263 sona;
2045 2200 2196 2252 multi
2222 2202 2363 2255 cnim
2391 2200 2830 2270 philosophorum
2858 2222 3021 2260 unum
3068 2221 3189 2260 esse
3234 2205 3429 2270 Deum,

1853 2270 1952 2344 qui
1971 2280 2161 2344 cuncta
2185 2276 2471 2344 creaverit,
2504 2276 2855 2344 scripserunt.
2895 2280 2947 2329 Ιιι
2966 2277 3065 2330 hoc
3086 2278 3433 2331 consentiunt

1850 2337 1954 2403 legi
1987 2338 2104 2393 Dei.
2139 2341 2407 2409 Aliquanti
2439 2337 2726 2400 etiam-hoc
2752 2347 3255 2413 addiderunt.quod
3288 2347 3433 2401 Deus

1852 2419 2040 2485 cuncta
2064 2426 2161 2485 per
2194 2412 2425 2468 Verbum
2454 2431 2607 2469 suum
2639 2430 2693 2471 ei
2724 2416 2912 2471 fecerit
2936 2428 2990 2472 et
3013 2412 3182 2485 regat,
3211 2425 3267 2471 et
3298 2417 3432 2471 Ver-

1853 2477 1978 2551 bum
2004 2479 2099 2533 Dei
2121 2482 2186 2535 sit
2209 2498 2316 2551 quo
2338 2498 2529 2539 cuncta
2565 2490 2891 2542 moderetur.
2916 2489 2973 2542 In
2998 2477 3100 2540 hoc
3118 2477 3223 2541 non
3254 2487 3429 2542 solum

1853 2548 1978 2616 legi,
2009 2552 2103 2605 sed
2146 2564 2198 2607 et
2226 2548 2545 2625 Evangeliis
2594 2574 2826 2612 consona
2883 2560 3143 2613 scribunt.
3210 2559 3430 2613 Muralis

1853 2634 1982 2673 vero
2007 2635 2058 2675 ei
2085 2625 2299 2694 physica
2318 2636 2446 2696 ‘qua-
2473 2629 2670 2682 dicitur
2700 2630 3059 2699 plliiOSOpilla,
3084 2644 3221 2697 pene
3249 2630 3431 2683 omnia

1852 2706 1971 2765 qua:
2004 2708 2181 2765 nostra
2214 2707 2341 2751 smit
2392 2702 2576 2753 sentit.
2626 2701 2852 2754 Dissidet
2879 2716 3006 2752 vero
3027 2716 3054 2751 a
3087 2700 3263 2765 nobis,
3304 2713 3429 2754 cum

1856 2762 1964 2838 Deo
1984 2763 2409 2823 dicitinateriam
2447 2779 2802 2835 coaeteruam;
2835 2770 3078 2832 dissidet,
3100 2784 3221 2822 cum
3251 2762 3431 2838 'negat

1853 2830 2025 2909 Deum
2046 2851 2233 2909 curare
2264 2841 2534 2900 mortalia,
2568 2843 2661 2895 scd
2695 2830 3083 2909 providentiam
3117 2842 3233 2909 ejus
3261 2830 3428 2908 super

1854 2903 2057 2976 lunaris
2083 2908 2225 2974 globi
2254 2909 2425 2976 spatia
2453 2903 2714 2963 cohiberi.
2754 2909 3021 2963 Dissident
3055 2924 3081 2960 a
3111 2903 3429 2974 nobis,ciiiti

1853 2972 2012 3047 vitam
2046 2972 2376 3029 nascentium
2406 2980 2680 3034 stellarum
2716 2982 2963 3034 cursibus
3010 2972 3283 3047 pendunt;
3317 2978 3431 3033 dis-

1854 3044 2067 3108 sident,
2106 3061 2225 3097 Clllll
2263 3061 2578 3114 perpetuum
2642 3050 2827 3104 dicunt
2865 3044 3022 3103 Ιιιιιιὰ
3053 3054 3331 3111 munitum,
3374 3059 3430 3103 et

158 3122 281 3187 tcos
323 3114 595 3185 allopliyli,
646 3115 697 3187 id
731 3127 814 3169 est
864 3110 1123 3187 immundi
1155 3110 1378 3185 spiritus
1428 3110 1751 3170 insidiantes
1779 3110 1824 3173 C
1859 3114 2004 3187 nullo
2038 3116 2141 3168 line
2164 3110 2555 3187 claudendum;
2583 3122 2675 3173 sed
2707 3131 2759 3174 et
2791 3121 2894 3173 alia
2916 3119 3147 3187 plurima
3192 3110 3337 3183 sunt,
3374 3119 3426 3172 iit

154 3182 408 3251 replent,
434 3182 562 3252 quia
606 3185 857 3239 nimirum
890 3186 1149 3238 immundi
1184 3182 1456 3250 'spiritus,
1490 3200 1609 3237 cuni
1650 3202 1749 3239 nos

154 3253 455 3326 studiosius
484 3255 668 3311 fodere
697 3256 1072 3326 conspiciunt,
1103 3256 1359 3309 molestas
1388 3255 1541 3309 nobis
1574 3265 1747 3310 tenta-

155 3324 369 3378 tiontim
398 3328 751 3395 cogitationes
793 3324 1135 3394 imii’iergunt.
1172 3329 1429 3395 Sequitur
1460 3344 1472 3378 :
1748 3332 1749 3335 ‘

232 3395 420 3463 (νει-ε.
451 3401 523 3451 25
553 3396 730 3467 seqq.)
769 3398 1011 3451 Ascendit
1065 3409 1233 3450 autem
1274 3398 1337 3450 ab
1383 3397 1476 3450 illo
1523 3400 1635 3451 loco
1692 3399 1745 3452 in

150 3464 433 3540 Bersabee,
473 3469 557 3521 ubi
590 3464 834 3540 apparuit
867 3472 910 3521 ei
945 3467 1198 3522 Dominus
1238 3470 1289 3520 in
1320 3470 1431 3540 ipsa
1461 3480 1625 3533 nocte,
1658 3470 1745 3521 di-

150 3552 298 3600 cens,
329 3535 442 3608 Ego
464 3556 576 3592 sum
603 3535 739 3593 Deus
772 3540 1026 3593 Abraham
1050 3542 1212 3606 patris
1236 3535 1349 3592 tui.'
1386 3538 1564 3607 Usque
1592 3542 1657 3592 ad
1691 3542 1744 3594 id

149 3609 301 3681 quod
332 3610 487 3677 dicit,
518 3610 794 3679 Surgentes
818 3627 965 3662 mane
985 3611 1395 3681 juraveruntsibi
1428 3621 1625 3672 mutuo,
1660 3612 1743 3663 di-

149 3679 405 3747 misitque
435 3698 519 3734 eos
549 3681 779 3749 paciﬁce.
814 3679 994 3749 llujus‘
1016 3680 1164 3736 lsaac
1202 3681 1337 3734 duas
1360 3682 1514 3734 nobis
1548 3684 1758 3750 tiguras‘

146 3750 417 3820 exposuit
471 3755 752 3820 apostolus
803 3752 1035 3805 Paulus:
1072 3768 1233 3806 uuam
1274 3768 1376 3820 qua
1420 3752 1554 3804 dixit
1598 3753 1743 3819 quod

148 3818 398 3894 lsntaliel
436 3818 650 3888 quidem
700 3822 841 3876 illius
882 3824 1044 3894 Agar,
1084 3824 1267 3891 populi
1294 3818 1596 3877 secundum
1619 3818 1746 3877 ﬁcar-

146 3907 309 3955 netu,
344 3889 492 3947 Isaac
509 3910 641 3947 vero
665 3894 844 3962 populi
865 3889 957 3962 qui
980 3909 1048 3947 ex
1080 3889 1185 3946 [ide
1206 3903 1310 3954 est.
1348 3896 1574 3946 toi-mam
1597 3907 1745 3948 tene—

146 3972 272 4039 ret;
303 3963 479 4039 aliain
501 3980 602 4039 qua
628 3964 734 4039 ait;
760 3966 873 4018 Non
892 3964 1053 4018 dixit.
1076 3966 1139 4017 Et
1163 3965 1482 4039 seminibus,
1513 3965 1664 4039 quasi
1690 3970 1761 4039 in

148 4035 368 4104 multis,
388 4035 504 4098 sed,
523 4035 721 4089 Semini
743 4046 850 4102 tuo,
872 4045 1141 4104 tamquam
1162 4036 1211 4087 in
1232 4050 1359 4096 uno,
1376 4037 1463 4104 qui
1482 4045 1566 4104 est
1587 4034 1744 4087 illiri-

149 4116 296 4157 sttiS.
334 4103 504 4159 Tenet
532 4121 660 4173 ergo
691 4106 837 4160 Isaac
866 4115 923 4160 et
954 4103 1131 4174 pepuli
1181 4103 1404 4166 figurant
1440 4116 1495 4158 et
1517 4103 1739 4159 Christi.

149 4175 432 4230 Christum
463 4187 642 4230 autem
672 4188 944 4244 tamquam
964 4178 1190 4230 verbum
1217 4176 1331 4242 Dei,
1358 4191 1463 4229 non
1488 4177 1660 4230 solum
1688 4179 1740 4229 iii

150 4246 471 4315 EVangoliis
504 4248 671 4315 quni,
704 4247 799 4301 sed
847 4259 899 4301 et
946 4248 998 4301 in
1061 4248 1177 4317 lege
1218 4261 1425 4301 cerium
1456 4256 1558 4312 est,
1592 4262 1645 4300 ct
1685 4246 1739 4301 in

191 4319 460 4388 ruptietis.
493 4317 691 4372 Verum
744 4318 796 4371 in
848 4318 963 4388 lege
991 4318 1331 4384 incipientes,
1383 4320 1435 4370 in
1493 4318 1743 4385 Evange-

172 4390 239 4441 iis
266 4386 539 4456 perfectos
579 4390 757 4443 docet.
787 4386 933 4442 lsaae
956 4404 1083 4458 ergo
1112 4404 1256 4442 nunc
1296 4389 1445 4440 verbi
1488 4389 1737 4451 formam,

146 4459 302 4523 quod
338 4458 390 4510 in
418 4459 532 4526 lege
555 4462 639 4511 vel
672 4459 948 4526 prophetis
975 4472 1079 4521 est,
1118 4469 1283 4512 tenet.
1315 4458 1557 4510 Ascendit
1584 4459 1741 4526 igitur

145 4528 315 4584 Isaac
338 4529 409 4580 ad
435 4540 641 4595 puteum
674 4530 977 4609 juramenti,
1005 4540 1049 4580 et
1078 4530 1319 4596 apparuit
1349 4530 1427 4579 illi
1460 4528 1730 4609 Dominus.

144 4603 555 4658 Ascensioneni
589 4598 721 4666 legis
760 4598 988 4651 dicimus
1023 4608 1272 4651 ornatum
1300 4613 1419 4651 esse
1447 4600 1650 4660 templi,
1681 4606 1735 4651 et

142 4686 347 4727 eorum
378 4682 498 4734 qua:
538 4669 606 4721 ibi
639 4668 815 4721 divina
864 4668 1191 4735 gerebantur
1218 4668 1493 4733 obsequia.
1553 4668 1738 4722 Potest

139 4754 198 4798 ct
232 4747 592 4807 augmentum
619 4740 1024 4806 prophetarum,
1060 4738 1191 4806 legis
1220 4739 1467 4791 ascensio
1500 4740 1735 4791 nomina-

138 4817 225 4877 ri;
262 4821 323 4864 et
348 4824 636 4877 prepaerea
668 4810 805 4863 forte
835 4809 902 4861 ad
944 4822 1161 4877 puteum
1188 4808 1479 4876 juramenti
1504 4810 1730 4873 dicitur,

136 4897 195 4938 ιιι
228 4885 304 4937 ibi
342 4883 663 4945 apparuisse
693 4880 743 4932 ei
786 4879 1109 4942 Dominum;
1151 4895 1245 4947 per
1275 4878 1563 4946 prOphetas
1592 4879 1735 4933 enim

138 4954 341 5031 iuravit
368 4950 647 5031 Doiiiinus,
688 4960 733 5004 et
765 4966 865 5003 non
910 4950 1204 5031 paenitebit,”
1228 4949 1737 5031 qtioduipsesnsd—

138 5018 331 5080 'cerdus
385 5023 442 5074 in
473 5035 719 5075 teternum
764 5018 1045 5075 secundum
1093 5021 1323 5074 ordinem
1362 5018 1737 5073 Melchisedech

139 5096 265 5168 (Ps.
299 5100 447 5168 Clit).
479 5094 811 5168 Adpnteuut
858 5107 985 5168 ergo
1018 5092 1311 5168 juratnenti
1363 5093 1521 5168 visus
1566 5093 1735 5168 αςιεὶ

140 5160 314 5229 Deus,
351 5165 537 5216 futura
574 5164 625 5216 in
659 5180 781 5216 eum
810 5163 1068 5227 promissa
1095 5161 1443 5215 coitfirniaiis.
1474 5160 1541 5213 Et
1568 5162 1735 5224 (edi/i-

139 5241 281 5293 cavit
315 5237 393 5287 ibi
426 5239 587 5287 altare
630 5233 868 5295 Domino.
900 5245 943 5286 et
991 5235 1223 5285 invocato
1269 5233 1470 5284 nomine
1524 5231 1736 5285 Domini

140 5309 386 5364 extendit
447 5306 514 5358 ibi
537 5304 939 5365 tabernaculum,
966 5304 1305 5373 prazcepitque
1330 5302 1487 5355 servis
1526 5302 1633 5355 suis
1678 5312 1733 5354 ut

146 5382 401 5452 fo-.'erent
427 5389 654 5452 puteum.
671 5375 921 5452 {Edilicat
944 5372 1180 5452 _quidein
1202 5372 1349 5452 Isaac
1380 5375 1547 5452 altare
1570 5372 1731 5452 etiam

148 5444 209 5506 in
245 5451 371 5515 lege
403 5444 456 5498 et
497 5446 608 5515 figit
648 5445 1048 5500 tabernaculum
1092 5459 1276 5508 somn;
1324 5444 1381 5497 iii
1430 5444 1739 5515 Evangeliis

148 5514 349 5577 autem
378 5530 483 5567 non
508 5514 617 5581 figit
644 5517 1068 5583 tabernaculum,
1110 5516 1203 5568 sed
1234 5516 1451 5567 domum
1484 5514 1738 5577 aedificat,

150 5600 215 5647 ct.
246 5589 662 5642 flllltialllelllum
694 5588 950 5652 collocat;
984 5586 1108 5639 audi
1136 5587 1277 5639 enim
1301 5586 1630 5653 Sapientiam
1656 5584 1741 5638 di—

150 5670 389 5721 centem
416 5658 481 5710 de
510 5657 779 5715 Ecclesia:
814 5659 1101 5725 Sapientia,
1135 5657 1326 5726 inquit,
1354 5657 1624 5725 wdiﬁcavit
1647 5657 1742 5708 sibi

149 5731 408 5795 domum,
437 5737 484 5782 et
510 5730 775 5799 supposuit
816 5731 1306 5801 columnasseptem.
1336 5726 1476 5786 Audi
1526 5729 1593 5783 de
1640 5727 1744 5783 hoc

1856 3183 2049 3252 quibus
2089 3186 2366 3241 nobiscum
2400 3190 2482 3241 vel
2516 3190 2799 3255 dissident,
2859 3183 2938 3241 vel
2976 3190 3324 3243 ciiiicorilant.
3361 3188 3429 3243 Et

1854 3255 1981 3329 ideo
2016 3255 2325 3311 Abiinelech
2357 3261 2650 3314 secundum
2688 3261 2825 3314 hanc
2853 3260 3073 3329 figuram
3095 3301 3109 3323 ,
3138 3259 3427 3328 aliquando

1852 3323 2512 3399 ὀίεεὶάειουᾼαυεςιίιιὶιιιν.
2566 3332 2671 3388 Sed
2712 3342 2767 3385 et
2816 3323 2917 3384 hoc
2957 3346 3063 3384 non
3114 3323 3244 3397 puto
3282 3330 3425 3399 quod

1851 3398 2024 3449 otiose
2061 3397 2274 3471 spiritui
2313 3400 2534 3464 Sancto,
2566 3406 2653 3471 qui
2687 3404 2803 3457 lucc
2829 3402 3063 3468 scripsit,
3093 3415 3234 3454 curae
3263 3397 3427 3471 fuerit

1851 3468 2336 3535 Comprehendere,
2369 3473 2511 3539 quod
2550 3468 2657 3528 duo
2697 3473 2786 3527 alii
2816 3487 2935 3525 cum
2979 3470 3293 3526 Atiimelecli
3336 3486 3421 3526 ve-

1850 3550 2068 3600 nerunt,
2095 3541 2145 3592 id
2177 3551 2280 3607 est,
2310 3542 2569 3605 Oehozat,
2594 3546 2798 3597 amicus
2820 3543 2935 3611 ejus
2957 3553 3009 3595 et
3032 3542 3278 3602 Phichol.
3311 3542 3421 3596 dux

1848 3612 2125 3681 exercitus
2154 3612 2289 3678 ejus.
2324 3614 2707 3681 interpretatur
2732 3626 2907 3667 autem
2951 3612 3191 3668 Ocliozat
3228 3622 3423 3676 tenens,

1849 3686 1904 3732 ct
1929 3679 2176 3745 l'hichol,
2201 3698 2255 3733 os
2277 3679 2533 3747 omnium;
2563 3688 2677 3750 ipse
2698 3698 2875 3738 autem
2898 3682 3213 3738 Abiuielech
3233 3724 3248 3744 ,
3281 3694 3424 3747 pater

1848 3765 1990 3802 meus
2038 3768 2148 3805 rex.
2203 3753 2268 3805 lli
2303 3766 2409 3808 tres
2448 3757 2733 3824 imaginem
2766 3756 2927 3807 totius
2962 3755 3316 3821 philosophia:
3347 3762 3428 3806 te-

1848 3832 1997 3894 nent,
2029 3837 2149 3890 quae
2176 3824 2315 3892 apud
2341 3840 2436 3879 eos
2459 3826 2509 3878 iu
2537 3838 2644 3879 tres
2668 3837 2851 3894 partes
2872 3824 3146 3886 dividitur,
3175 3824 3422 3892 logicam,

1845 3890 2122 3961 physicam
2152 3890 2488 3961 et‘etliicam,
2530 3897 2579 3949 id
2621 3890 2724 3957 est,
2749 3895 3089 3956 rationalem,
3125 3890 3423 3945 naturalem

1846 3974 1899 4013 ct
1932 3964 2559 4041 moralem.nRationalis
2599 3977 2702 4041 est.
2726 3966 2813 4041 illa
2848 3980 2969 4041 quas
3014 3963 3182 4041 Deum
3216 3973 3423 4041 patrem

1846 4034 2084 4085 omnium
2114 4036 2420 4111 confitetur,
2454 4038 2503 4090 id
2546 4047 2647 4103 est,
2677 4031 3012 4111 Abimelecli.
3039 4032 3309 4111 Naturalis
3335 4031 3425 4110 illa

1846 4111 2085 4183 estuqna:
2114 4106 2215 4183 lixa
2237 4117 2319 4160 est
2345 4118 2397 4161 et
2431 4119 2581 4162 tenet
2600 4107 2780 4183 omnia
2800 4105 2989 4183 ,“vt-lut
3021 4113 3223 4183 natura:
3251 4105 3425 4183 ipsius

1844 4171 2049 4227 viribus
2078 4175 2275 4246 nitens,
2305 4193 2463 4246 qnam
2491 4180 2771 4246 prolitetur
2807 4177 3064 4241 Ocliozat,
3112 4174 3199 4243 qui
3232 4171 3427 4246 dicitur

1845 4252 2039 4297 tenens.
2082 4245 2299 4302 Moralis
2325 4242 2429 4311 est,
2470 4242 2589 4319 qua:
2631 4251 2680 4302 in
2721 4263 2815 4302 ore
2850 4258 2932 4301 est
2958 4242 3219 4319 omnium.
3262 4250 3320 4319 rt
3356 4242 3424 4295 ad

1844 4328 2033 4369 omnes
2077 4320 2331 4383 pertinet,
2374 4328 2431 4373 et
2488 4313 2584 4387 per
2623 4333 2964 4373 communem
3012 4313 3423 4387 similitudinem

1826 4382 2239 4453 praeceptorum
2287 4390 2337 4442 in
2376 4382 2619 4442 omnium
2657 4405 2749 4442 ore
2787 4395 3057 4449 versatur.
3096 4400 3252 4453 quam
3282 4382 3425 4453 desii

1847 4466 1976 4521 gnat
2006 4452 2105 4508 iste
2132 4456 2360 4533 Pliicol,
2404 4463 2508 4533 qui
2534 4474 2590 4510 os
2641 4452 3307 4533 omniuminterpretatur.
3343 4452 3423 4533 .lli

1846 4539 1977 4592 ergo
2002 4539 2190 4579 omnes
2221 4529 2308 4594 qui
2337 4530 2387 4579 in
2423 4528 2725 4595 ltujusmodi
2758 4526 3148 4581 eruditionibus
3173 4532 3298 4595 sunt
3342 4526 3423 4575 in-

1840 4595 2038 4658 Sil-tuli,
2083 4593 2303 4649 veniunt
2356 4597 2421 4649 ad
2485 4593 2655 4665 legem
2710 4597 2825 4659 Dei,
2856 4608 2910 4650 et
2939 4596 3145 4657 dicunt,
3185 4593 3424 4646 Videntes

1840 4665 2079 4729 vidimus,
2100 4668 2219 4733 quia
2241 4677 2313 4719 est
2339 4667 2587 4720 Dominus
2614 4678 2809 4733 tecmu;
2833 4684 2879 4719 ct
2906 4668 3147 4728 diximus,
3177 4665 3421 4734 Sitjura-

1840 4748 2065 4787 mentum
2094 4738 2227 4789 inter
2255 4755 2377 4803 nos,
2422 4748 2469 4790 et
2523 4739 2755 4791 ineamus
2803 4739 2984 4802 (tedas.
3018 4748 3071 4789 ut
3119 4752 3221 4789 non
3266 4736 3427 4805 facias

1841 4806 1985 4858 nobis
2011 4807 2292 4877 quidquam
2322 4810 2467 4874 mali,
2506 4809 2639 4860 sicut
2682 4817 2727 4861 et
2758 4825 2848 4863 nos
2899 4808 3027 4861 nihil
3072 4820 3274 4858 tuorum
3304 4806 3425 4857 atii-

1841 4878 2008 4954 gimus
2033 4893 2051 4929 :
2078 4895 2168 4929 nec
2194 4880 2407 4947 ferimus
2431 4878 2564 4954 quod
2593 4890 2640 4954 te
2668 4879 2903 4954 lwdfret,
2931 4879 3020 4954 sed
3043 4894 3161 4954 Eum
3192 4892 3317 4946 pace
3349 4877 3429 4954 di-

1847 4948 2100 5011 misimus,
2131 4962 2336 5002 auctum
2368 4949 2713 5002 benedictione
2752 4949 2980 5002 Domini.
3043 4948 3273 5001 Possunt
3310 4948 3428 5009 nui-

1845 5018 1970 5071 dein
2003 5023 2051 5071 hi
2096 5031 2225 5079 ires.
2271 5020 2359 5089 qui
2393 5034 2576 5088 pacein
2628 5021 2908 5086 requirunt
2959 5036 2987 5071 a
3037 5019 3203 5089 verbo
3230 5017 3340 5079 liei,
3374 5028 3428 5069 et

1846 5091 2145 5156 praevenire
2166 5086 2403 5158 cupiunt
2416 5097 2569 5167 pacto
2593 5091 2904 5167 societatem
2930 5090 3074 5167 ejus,
3098 5086 3322 5167 figuram
3352 5096 3429 5167 tef

1845 5174 1974 5213 nere
2029 5177 2326 5229 magorum,
2375 5161 2467 5226 qui
2510 5176 2577 5213 ex
2627 5160 2868 5215 Orientis
2919 5160 3160 5229 partibus
3202 5160 3430 5210 veniunt

1844 5230 2042 5283 eruditi
2092 5228 2329 5299 paternis
2381 5230 2533 5284 libris
2565 5240 2620 5283 et
2667 5228 2999 5285 institutiOne
3039 5228 3431 5299 iuajoruin,__et

1843 5299 2044 5363 dicunt,
2080 5295 2200 5370 quia
2230 5303 2478 5356 videntes
2498 5301 2718 5355 vidimus
2759 5312 2940 5355 natum
2969 5295 3180 5369 regem,
3209 5309 3262 5352 et
3294 5295 3432 5350 vidi-

1844 5386 1981 5441 mus,
2012 5372 2135 5440 quia
2166 5373 2304 5426 Deus
2336 5382 2418 5426 est
2434 5388 2552 5427 cum
2574 5374 2712 5441 ipso,
2736 5380 2783 5425 et
2810 5373 3039 5426 venimus
3058 5371 3428 5441 adorareeum

1845 5440 2059 5519 (Matth.
2085 5442 2301 5519 iii._Sed
2328 5443 2453 5497 etsi
2480 5440 2603 5519 quis
2638 5442 2729 5497 ille
2771 5452 2874 5519 est_
2901 5440 3273 5519 hujusceitiodi
3306 5453 3432 5519 ert:-

1845 5508 2139 5592 ditionibus
2172 5513 2466 5592 institutus,
2494 5508 2816 5592 vidensquia
2841 5508 2986 5592 Deus
3011 5508 3431 5592 eratiuChristo

1847 5582 2636 5660 mundumreconciliaii§_si_lii,
2662 5591 2715 5637 et
2760 5584 3024 5660 attonitus
3061 5596 3294 5660 operuit:
3313 5582 3432 5660 ejus

1846 5653 2221 5724 magnitudine
2260 5654 2429 5722 dicat,
2468 5651 2707 5707 Videntes
2736 5655 2957 5708 vidimus
3002 5649 3124 5723 quia
3150 5662 3220 5707 est
3251 5649 3432 5703 Domi-

1848 5742 1945 5782 nus
1975 5734 2162 5797 tecum,
2195 5734 2242 5781 st
2272 5726 2518 5797 diximus,
2551 5724 2633 5783 Sit
2651 5726 3003 5795 juramentum
3027 5726 3163 5782 inter
3180 5736 3317 5790 nos;
3343 5734 3432 5778 sc-
