3996 6186
560 211 682 295 ρετ

1600 212 1698 269 ΔΙ)
1732 212 1962 268 OPERA
1998 210 2060 267 S.
2102 210 2420 267 EUCHERII
2459 214 2824 274 APPENDIX.

562 310 772 385 cedens
798 330 945 401 enim
966 329 1031 383 ad
1058 328 1223 399 legem
1242 328 1371 401 Dei,
1404 327 1713 401 necessario
1748 326 1909 401 dicit1
1940 325 2144 401 Juravi,
2177 332 2226 388 Λ
2257 328 2394 381 tione
2428 338 2537 401 tua,
2572 340 2619 383 et
2645 335 2729 398 [ac
2750 332 2909 395 cibos,
2936 338 2994 386 ut
3018 336 3307 401 comedam,-
3338 343 3387 390 et
3436 336 3732 394 benedicam
3755 343 3869 397 tibi

574 412 621 453 et
653 400 804 454 statui
824 400 1080 455 custodire
1097 396 1339 452 mandata
1368 409 1457 450 tua
1488 396 1604 467 (Ps.
1638 400 1848 465 cxvm).
1879 398 1986 453 Sed
2018 400 2146 467 quid

576 471 799 539 petunt?
834 468 911 522 Ne
938 471 1099 535 facias
1122 468 1263 522 nobis
1294 469 1417 538 quid
1455 486 1571 523 uam
1613 471 1754 537 ntali,
1786 473 1919 522 sicut
1966 482 2011 521 et
2059 486 2150 526 nos

577 543 709 594 nihil
736 553 937 594 tuorum
960 541 1238 611 attigimus,
1287 557 1376 593 nec
1418 488 1633 611 iecimus
1658 542 1793 610 quod
1832 550 1880 594 te
1917 541 2146 611 laederet,

577 543 709 594 nihil
736 553 937 594 tuorum
960 541 1238 614 attigimus,
1287 557 1376 593 nec
1418 541 1633 614 fecimus
1658 542 1793 614 quod
1832 550 1880 594 te
1917 541 2146 614 laederet,

568 614 660 666 sed
678 629 790 665 cum
821 627 941 678 pace
961 609 1271 675 dimisimus,
1306 609 1511 665 auctum
1537 609 1882 666 benedictione
1919 609 2144 667 Domini.

572 682 959 736 Remissionem
994 691 1333 745 peccatorum
1372 682 1465 749 per
1505 683 1603 735 hoc
1632 683 1929 751 deposcere
1963 683 2149 739 viden-

569 762 673 813 tur,
722 769 786 804 ne
826 752 1089 821 recipiant
1140 753 1317 814 mala;
1375 754 1805 808 benedicuonem
1851 755 2143 821 postulant,

567 840 669 876 non
704 822 1126 877 retributionem.
1158 824 1393 889 Denique
1428 824 1551 879 vide
1591 824 1716 893 quid
1746 826 1990 889 sequitur
2024 843 2037 878 :
2077 824 2145 879 Et

564 893 681 961 fecit
710 893 814 946 illis
841 896 1123 948 convivium
1152 910 1391 963 magnum
1432 893 1604 959 Isaac,
1634 904 1681 947 et
1712 895 2145 950 manducaverunt

564 977 608 1016 et
642 967 884 1026 biberunt,
916 974 962 1018 et
1002 976 1113 1035 post
1150 965 1322 1017 cibum
1362 975 1407 1017 et
1438 978 1609 1031 potum
1638 976 1899 1032 surgentes
1932 968 2145 1035 jurave-

564 1046 677 1087 runt
708 1036 803 1116 sibi
831 1046 1026 1101 mutuo,
1060 1034 1350 1115 dimisitque
1371 1052 1456 1116 eos
1486 1035 1635 1116 Isaac
1657 1036 1866 1116 paci/ice
1897 1034 1947 1088 in
1973 1036 2143 1091 locum

562 1123 730 1158 suum.
764 1105 982 1160 Certum
1014 1118 1095 1158 est
1126 1107 1267 1159 enim
1298 1105 1418 1174 quia
1466 1108 1553 1174 qui
1601 1105 1870 1160 ministrat
1897 1111 2138 1175 verbum,

563 1178 897 1247 sapientibus
936 1186 989 1230 et
1030 1177 1408 1242 insipientibus
1448 1178 1660 1230 debitor
1690 1187 1793 1230 est.
1848 1179 1979 1242 Quia
2013 1194 2141 1247 ergo

566 1246 650 1297 hie
698 1248 1002 1300 convivium
1043 1247 1376 1315 sapientibus
1426 1248 1681 1309 exhibet,
1714 1247 1915 1300 idcirco
1944 1246 2141 1302 dicitur

562 1317 684 1385 quia
718 1334 820 1371 non
848 1333 1086 1383 parvum,
1120 1318 1212 1371 sed
1246 1334 1494 1381 magnum
1517 1318 1821 1371 convivium
1864 1316 2010 1371 fecit.
2043 1318 2141 1373 Se-

562 1391 764 1455 quitur,
800 1387 930 1442 Ecce
958 1401 1125 1443 autem
1156 1400 1393 1441 venerunt
1423 1390 1473 1440 in
1501 1388 1611 1458 ipso
1655 1388 1740 1441 die
1782 1390 1913 1441 servi
1963 1388 2135 1455 Isaac,

562 1462 923 1529 annuntiantes
952 1462 996 1512 ei
1026 1462 1087 1513 de
1118 1470 1268 1529 puteo
1294 1476 1448 1529 quem
1492 1459 1747 1525 foderant,
1790 1469 1939 1525 atque
1965 1460 2140 1513 dicen-

563 1538 657 1593 tes,
692 1527 981 1585 Invenimus
1028 1526 1232 1599 aquam.
1288 1526 1435 1583 Unde
1470 1530 1747 1599 appellavit
1797 1546 1912 1581 eum
1962 1529 2137 1583 Abun-

563 1602 821 1671 dantium;
847 1602 895 1654 el
926 1598 1107 1655 nomen
1133 1601 1425 1671 impositum
1454 1612 1526 1653 est
1564 1600 1675 1652 urbi
1706 1598 1974 1653 Bersabee.
2024 1602 2136 1655 lloc

562 1670 826 1737 signiﬁcat
851 1672 991 1739 quod
1020 1670 1323 1725 invenerint
1350 1686 1563 1738 aquam,
1599 1681 1653 1724 et
1696 1680 1979 1738 propterea
2034 1686 2132 1739 ap-

564 1742 789 1808 pellatus
816 1743 901 1806 sit,
931 1752 1117 1809 puteus
1140 1742 1474 1805 Saturitatis;
1504 1753 1554 1796 et
1581 1753 1766 1794 vocata
1795 1742 1982 1795 civitas
2010 1741 2134 1796 Ber-

563 1813 745 1875 sabee,
780 1814 878 1866 hoc
918 1824 1017 1875 est,
1052 1825 1242 1879 puteus
1261 1814 1595 1869 S.tturitatis:
1625 1812 1747 1865 licet
1778 1812 1920 1864 enim
1961 1828 2131 1879 supra

560 1896 628 1935 ex
665 1884 829 1936 verbo
850 1882 1162 1950 jurameuti,
1192 1884 1303 1938 sive
1325 1898 1390 1937 ex
1416 1882 1723 1949 septenario
1741 1883 1920 1935 ovium
1944 1899 2131 1936 nume-

562 1967 640 2010 ro.
674 1953 816 2021 quod
847 1954 1017 2008 Sabee
1044 1954 1259 2018 dicitur,
1312 1967 1681 2006 asseveremus
1721 1951 1984 2007 Bersabee
2030 1969 2129 2022 ap-

562 2024 833 2087 pellatam.
867 2035 1040 2077 tamen
1066 2039 1206 2078 nunc
1236 2038 1301 2078 ex
1331 2038 1396 2076 eo
1425 2023 1563 2090 quod
1608 2038 1741 2087 aqua
1776 2024 1987 2075 inventa
2020 2034 2126 2090 est,

562 2094 708 2147 Isaac
737 2095 801 2147 ad
820 2110 1009 2150 nomen
1028 2094 1277 2155 civitatis,
1302 2096 1503 2161 quzeita
1522 2094 1833 2158 vocabatur,
1859 2094 2125 2161 alludens,

559 2164 844 2219 declinavit
867 2167 1136 2236 paululum
1165 2167 1418 2236 litteram,
1438 2174 1492 2218 et
1513 2180 1606 2236 pro
1631 2164 1857 2216 stridulo
1878 2165 2130 2236 llebrteo-

559 2250 675 2289 rum
718 2238 795 2289 sin
833 2234 998 2303 a'quo
1042 2235 1216 2291 Sahee
1258 2235 1541 2303 incipitur,
1571 2234 1817 2303 Graecum
1856 2235 2042 2301 sigma,
2075 2236 2127 2288 id

558 2314 659 2375 est,
695 2302 977 2360 llebrzeum
1008 2306 1231 2370 samech,
1261 2302 1458 2375 posuit.
1488 2302 1747 2375 Alioquin
1771 2312 1824 2356 et
1847 2305 1996 2371 juxta
2052 2308 2130 2360 al-

561 2374 775 2442 legoria:
816 2377 1006 2447 legem,
1040 2389 1154 2445 post
1201 2371 1374 2429 tantos
1399 2384 1587 2445 puteos
1625 2371 1676 2427 in
1721 2371 1825 2447 llne
1870 2377 2127 2431 virtutum

560 2444 890 2517 nequaquam
924 2444 1169 2517 congruit
1197 2456 1253 2501 ut
1290 2444 1437 2500 Isaac
1463 2459 1653 2514 aquam
1679 2444 1901 2500 minime
1926 2450 2127 2515 reperi-

558 2526 656 2568 ret.
692 2515 974 2582 Sequitur:

630 2584 778 2653 (Cap.
832 2584 1046 2641 XXVII.
1092 2616 1163 2627 —
1206 2583 1357 2641 Vers.
1408 2586 1435 2639 1
1488 2584 1674 2652 seqq.)
1721 2582 1905 2639 Senuit
1954 2600 2128 2643 autem

556 2653 729 2726 (suae,
763 2668 806 2710 et
834 2660 1177 2724 catigaverunt
1205 2657 1341 2711 oculi
1364 2660 1497 2726 eius,
1520 2668 1565 2708 et
1588 2656 1755 2710 videre
1784 2674 1884 2710 non
1909 2670 2122 2723 poterat.

562 2724 868 2799 Zocavilque
898 2728 1038 2783 Esau
1066 2727 1228 2798 ﬁlium
1277 2724 1429 2799 suum
1477 2729 1761 2799 majorem,
1808 2738 1866 2799 e_t_
1900 2729 2029 2781 dixit
2055 2733 2123 2796 ei,

557 2794 664 2857 Fili
694 2794 792 2849 mi.
814 2799 918 2864 Qui
940 2794 1218 2867 respondit,
1252 2796 1467 2852 Adsum.
1492 2794 1585 2850 Cui
1617 2807 1780 2864 pater,
1832 2797 2001 2863 Vides,
2044 2794 2126 2854 in?

553 2869 680 2938 quit,
712 2869 851 2938 quod
873 2871 1144 2936 senuerim,
1168 2879 1214 2923 et
1244 2870 1469 2939 ignorent
1490 2868 1623 2920 diem
1647 2871 1820 2921 mortis
1851 2885 1992 2923 ntere.
2022 2870 2123 2925 Su-

554 2955 633 3011 me
670 2957 814 2992 arma
846 2951 952 3003 tua,
983 2940 1275 3011 pharetram
1302 2947 1349 2992 et
1379 2955 1580 3011 arcum,
1620 2947 1666 3011 et
1698 2943 1938 3011 egredere
1961 2941 2117 3008 foras.

552 3008 773 3077 Cumque
799 3007 992 3065 venatu'
1018 3012 1214 3075 aliquid
1240 3007 1707 3081 comprehenderis,
1729 3007 1818 3078 ‘fac
1849 3007 1970 3064 mihi
2002 3011 2121 3067 inde

2260 414 2429 479 coram
2466 399 3006 479 Dominopntequam
3047 406 3261 459 moriar.
3292 399 3450 479 Nunc
3474 425 3614 479 ergo,
3644 410 3717 477 ﬁli
3756 416 3857 479 mi,

2257 473 2766 548 ocquiesceconsiliis
2788 476 2989 533 meis.et
3008 478 3307 548 pergensad
3334 473 3695 548 gregem'affer
3722 473 3860 538 mihi

2255 540 2386 621 duos
2414 541 2589 621 latr-dos
2622 546 2859 621 optimos,
2908 555 2959 596 ut
2991 540 3177 615 faciam
3207 565 3269 601 ea:
3296 540 3367 602 eis
3396 540 3539 603 escas
3568 540 3703 619 patri
3734 564 3850 621 tuo,

2252 614 2433 685 quibus
2464 614 2679 685 libenter
2720 618 2936 669 vescitur
2959 614 3133 685 {quas
3181 634 3297 672 cum
3327 614 3637 675 intuleris'et
3666 614 3849 679 come;

2253 681 2723 755 d_erit,Abenedicat
2780 686 2868 737 tibi
2936 681 3208 755 antequam
3270 692 3538 744 moriatur.
3596 693 3847 751 Rebecca

2251 753 2407 819 plena
2426 752 2627 822 Spiritu
2646 765 2855 813 Sancto.
2874 768 2926 810 et
2953 752 3127 811 sciens
3140 759 3267 825 quid
3288 760 3524 815 audisset
3548 774 3845 826 antequam

2250 834 2483 897 pareret,
2521 826 2656 891 Quia
2686 829 2855 895 major
2881 828 3061 881 serviet
3085 830 3289 895 minori,
3310 833 3478 897 magis
3507 842 3686 889 autem
3720 835 3844 891 for-

2250 893 2598 975 ina_Spiritus
2629 893 2823 975 sancit,
2857 914 2975 975 (pne
3020 898 3222 975 futura
3253 893 3477 975 noverat
3502 903 3559 975 in
3591 906 3838 975 Christo,

2246 962 2300 1043 in
2332 964 2499 1045 Jacob
2530 977 2656 1045 ante
2686 962 3065 1022 meditabatur.
3100 971 3288 1045 Accipe
3316 972 3445 1045 mihi
3475 973 3599 1027 duos
3627 962 3838 1045 turdos,

2248 1034 2453 1113 inquit,
2489 1038 2849 1114 prteligurans.
2877 1054 3132 1114 corneum
3174 1042 3468 1095 Salvatoris
3508 1034 3837 1114 adventum;

2249 1104 2299 1179 in
2331 1120 2437 1172 quo
2470 1122 2565 1160 eos
2596 1109 2677 1161 vel
2712 1108 2944 1163 maxime
2975 1110 3231 1165 liberaret
3260 1115 3347 1179 qui
3398 1116 3626 1177 peccatis
3675 1104 3840 1171 tene;

2245 1174 2439 1248 bantur
2494 1178 2710 1231 obnoxii
2747 1196 2760 1232 :
2792 1180 3055 1247 siquidem
3116 1182 3165 1232 in
3223 1174 3475 1237 omnibus
3528 1183 3835 1248 Scripturis

2248 1242 2543 1317 hredipro
2596 1242 2970 1316 peccaturi-bus
3027 1252 3384 1316 accipiuntur.
3438 1256 3585 1317 Quod
3643 1242 3831 1314 autem

2245 1314 2381 1366 duos
2405 1314 2621 1393 jubetur
2642 1318 2853 1393 afferre,
2886 1320 3111 1373 duorum
3139 1314 3835 1393 populorumsigniﬁcatur

2244 1391 2584 1455 assumptio;
2614 1390 2755 1456 quod
2788 1399 3004 1443 teneros
3035 1401 3087 1444 et
3122 1396 3313 1449 bonos.
3347 1390 3627 1451 (lociles'et
3671 1400 3832 1449 iuno-

2244 1468 2427 1534 centes
2456 1458 2657 1513 animo.
2690 1458 2817 1512 Sive
2847 1461 3000 1513 aliter
3030 1476 3221 1534 carnes
3263 1464 3535 1518 hmdoz-nm
3560 1507 3575 1527 ,
3608 1482 3668 1519 ex
3698 1471 3831 1534 qui-

2244 1526 2343 1579 bus
2368 1527 2511 1582 Isaac
2544 1540 2872 1597 pra-paratus
2900 1540 2982 1584 est
3027 1532 3197 1598 cilius,
3248 1526 3585 1601 peccantium
3618 1526 3831 1591 intelli-

2242 1601 2413 1673 gelida
2445 1610 2525 1673 est
2547 1601 2863 1673 conversio,
2889 1617 2952 1653 ex
2985 1601 3194 1656 duobus
3226 1605 3437 1671 pupulis
3466 1612 3824 1673 venientium,

2241 1666 2441 1720 Judaeis
2474 1668 2724 1723 videlicet
2752 1682 2803 1721 et
2833 1672 3149 1726 nationibus
3178 1666 3462 1730 universis.
3514 1676 3685 1730 Panes
3732 1666 3829 1731 au;

2240 1740 2738 1816 Item-apostolorum
2759 1742 3194 1816 accipiendacst
3214 1747 3377 1816 lidcs,
3402 1756 3457 1800 et
3482 1748 3694 1802 illorum
3724 1750 3824 1816 qui

2237 1806 2289 1859 in
2336 1806 2675 1884 Pentecoste,
2706 1812 3038 1884 adveniente,
3085 1813 3283 1880 Spiritu
3315 1806 3519 1884 sancto,
3575 1806 3824 1871 credide-

2234 1887 2362 1953 runt
2405 1879 2470 1932 de
2509 1879 2730 1936 ,Ιιιιιτιίρο
2775 1883 2989 1949 populo.
3026 1882 3078 1935 In
3122 1879 3242 1937 vino
3290 1896 3463 1940 autem
3510 1879 3822 1953 intelligen-

2233 1948 2333 2022 dus
2366 1960 2447 2002 est
2478 1948 2783 2015 martyrum,
2819 1969 2999 2007 cruor.
3032 1953 3142 2007 Tali
3192 1956 3387 2022 quippe
3423 1957 3546 2009 cibo
3586 1975 3650 2011 ac
3687 1948 3822 2018 potu

2233 2017 2490 2091 delectari
2522 2023 2837 2091 intelligitur
2865 2026 3019 2077 Deus.
3049 2017 3411 2087 Sequitur,’Et
3434 2017 3824 2083 vestibusEsau

2233 2090 2379 2163 valde
2407 2090 2571 2163 bonis,
2602 2090 2726 2161 quas
2758 2095 2897 2157 apud
2942 2110 2994 2147 se
3023 2095 3234 2146 habebat
3274 2096 3432 2158 domi,
3468 2098 3633 2151 induit
3665 2114 3815 2163 eum,

2232 2159 2888 2231 pelbcnlasque'lnrdorum
2927 2165 3259 2218 circumdedit
3307 2166 3565 2230 manibus,
3612 2180 3658 2222 et
3690 2159 3822 2223 colli

2233 2231 2376 2307 nuda
2405 2236 2647 2307 protexit.
2678 2233 2735 2307 In
2774 2236 2873 2307 hoc
2898 2235 3012 2287 loco
3041 2236 3259 2289 tradunt
3302 2236 3442 2290 Hebr
3458 2240 3509 2289 ei
3545 2239 3821 2307 primoge-

2235 2300 2375 2351 nitus
2410 2302 2621 2357 funcms
2650 2304 2829 2357 ol'lit-io
2874 2307 3238 2370 sacerdotum,
3271 2320 3322 2358 et
3358 2300 3609 2363 habuisse
3640 2300 3820 2363 vesvti-

2232 2380 2471 2424 mentum
2503 2372 2976 2439 sacerdotale.quo
3004 2375 3174 2429 induti
3211 2379 3316 2429 ι)εο
3346 2379 3591 2433 victimas
3620 2379 3817 2434 oll'ere-

2232 2439 2382 2513 bnnt,
2418 2452 2701 2513 antequam
2760 2448 2935 2500 Aaron
2988 2445 3039 2499 in
3090 2448 3453 2503 sacerdotium
3498 2451 3810 2513 eligeretur.

2233 2510 2625 2569 Vestimenttim
2654 2515 2815 2577 Esau,
2842 2516 2972 2569 lides
3001 2527 3053 2569 et
3085 2516 3375 2583 Scripturte
3402 2530 3528 2571 sunt
3557 2510 3815 2573 l‘lebrteo-

2233 2598 2376 2655 rum,
2399 2585 2591 2648 quibus
2621 2585 2902 2654 gentilium
2932 2588 3145 2640 indmus
3182 2599 3267 2641 est
3299 2591 3554 2655 pottultts;
3599 2592 3708 2643 sive
3738 2592 3811 2645 ﬁ-

2230 2652 2327 2705 des
2358 2652 2698 2721 intelligenda
2729 2670 2805 2709 est
2835 2652 3492 2724 patriarcltarumfPelles
3526 2652 3807 2716 haedorum

2230 2724 2421 2789 quibus
2456 2742 2643 2778 manus
2690 2725 2858 2781 Jacob
2905 2736 3110 2792 opertae
3159 2738 3300 2795 sunt,
3332 2731 3642 2799 collumque
3673 2748 3809 2782 ron-

2230 2802 2424 2869 tectum
2452 2804 2557 2859 est,
2586 2807 2797 2869 peccata
2827 2808 2949 2850 sunt
2978 2800 3261 2866 utriusque
3290 2798 3484 2869 plebis,
3514 2798 3629 2869 «μην
3650 2801 3812 2855 Chri-

2226 2876 2343 2915 ειυς
2402 2862 2454 2916 in
2510 2865 2826 2919 extensione
2884 2883 3138 2920 manuum
3170 2862 3333 2921 'cruci
3390 2862 3570 2924 secum
3613 2871 3807 2926 allixit.

2226 2932 2379 2997 Quod
2420 2951 2484 3008 es
2506 2935 2709 2988 eisdem
2765 2936 2993 3004 pellibus
3018 2938 3143 2991 colli
3177 2940 3317 2994 nuda
3352 2943 3601 3008 protexit.
3631 2946 3809 3007 signi-

2228 3007 2350 3080 ticat
2386 3007 2507 3073 quia
2532 3020 2757 3080 quorum
2788 3010 3020 3080 suscepit
3054 3007 3364 3077 personam,
3391 3025 3573 3063 eorum
3602 3023 3656 3065 et
3688 3028 3814 3080 pro-

552 3069 888 3148 pulmentum,
918 3088 1048 3137 sicut
1070 3069 1193 3137 velle
1216 3098 1291 3134 me
1312 3069 1467 3145 nosti,
1499 3090 1543 3133 et
1576 3069 1810 3146 effem-ut
1840 3084 2120 3147 comedam,
2151 3069 2195 3131 C
2230 3075 2341 3149 pria
2382 3069 2525 3149 ‘voce
2550 3069 2860 3149 deploravit
2900 3069 3256 3141 inﬁrmitates,
3288 3069 3358 3134 δι’
3384 3080 3529 3133 ﬂevit
3560 3069 3804 3149 perc-uta.

550 3161 596 3204 et
624 3154 881 3207 benedicat
924 3154 1013 3207 tibi
1052 3154 1227 3205 anima
1252 3168 1365 3204 mea
1396 3161 1669 3219 antequam
1698 3151 1909 3204 moriar.
1966 3153 2123 3206 Plura

549 3232 673 3275 sunt
699 3241 857 3293 quam
889 3235 943 3275 ut
968 3225 1225 3293 exemplis
1256 3224 1549 3277 debeamus
1576 3221 1769 3275 docere
1800 3229 2016 3293 sanctos
2044 3225 2123 3277 vi-

550 3309 636 3345 ros
660 3292 729 3348 et’
747 3295 855 3348 Deo
877 3294 1066 3347 charos
1090 3292 1151 3348 ea
1186 3294 1554 3347 tantummodo
1605 3293 1771 3345 scisse
1820 3308 1937 3359 quae
1970 3292 2048 3346 eis
2091 3309 2123 3349 ι

551 3363 776 3418 Domino
807 3369 1039 3419 revelata
1070 3374 1224 3429 sunt;
1256 3363 1531 3432 ignorasse
1577 3377 1705 3416 vero
1733 3378 1850 3431 quae
1882 3364 2122 3418 revelata

548 3434 627 3486 eis
675 3448 781 3489 non
825 3434 1035 3487 inurunt
1063 3451 1076 3489 ξ
1109 3436 1243 3488 sicut
1286 3445 1339 3487 et
1388 3434 1533 3488 Isaac
1582 3435 1663 3487 vir
1701 3433 1876 3501 justus
1924 3446 1979 3488 et
2012 3435 2123 3490 Deo

547 3502 764 3568 Charus,
807 3520 913 3558 non
946 3505 1017 3557 illi
1050 3506 1132 3559 cui
1167 3505 1357 3569 voluit,
1387 3505 1480 3558 sed
1509 3504 1595 3558 cui
1643 3505 1813 3558 noluit
1862 3505 2123 3570 deceptus

547 3589 735 3627 errore
769 3575 1060 3629 benedixit.
1096 3574 1250 3631 Unde
1291 3592 1395 3629 non
1440 3576 1630 3629 mirmn
1678 3586 1761 3627 est
1807 3582 1862 3629 et
1890 3576 2035 3630 lsaac
2066 3579 2119 3631 in

546 3659 642 3697 sua
675 3645 907 3698 maxime
938 3647 1163 3700 ntilttate
1196 3648 1430 3702 nescisse
1452 3646 1575 3713 quid
1610 3646 1829 3708 laceret,
1853 3661 1974 3699 cum
2008 3664 2120 3700 ma-

546 3715 626 3783 gis
656 3730 721 3769 eo
752 3724 992 3781 tempore
1021 3727 1247 3778 erraret.
1288 3733 1394 3787 quo
1426 3719 1591 3770 tilium
1634 3717 2033 3785 sanguinarium
2064 3726 2120 3771 et

546 3787 785 3841 deditum
817 3788 1078 3854 voluptati
1109 3798 1163 3844 et
1192 3806 1313 3843 eum
1345 3790 1435 3857 qui
1484 3798 1670 3853 postea
1700 3788 1863 3840 vellet
1896 3787 2115 3842 fratrem

545 3858 811 3928 occidere,
850 3861 1209 3927 pnetennisso
1242 3862 1331 3914 illo
1360 3859 1449 3928 qui
1497 3858 2117 3928 innocenter_babitabat

544 3927 712 3993 domi,
746 3926 905 3984 mum
936 3933 1148 3991 ellerre.
1180 3940 1232 3984 et
1256 3926 1402 3984 suam
1430 3933 1594 3995 magis
1625 3943 1780 3994 quam
1814 3926 1905 3980 Dei
1941 3928 2116 3982 facere

547 4001 896 4055 voluntatem.
932 4002 1083 4055 Unde
1110 4001 1512 4069 dispensatione
1543 3998 1708 4050 divini
1754 3996 1938 4069 judirii
1971 3999 2030 4050 tit
2060 4010 2117 4053 ut

543 4074 715 4124 oculis
767 4084 1087 4135 cmcaretur;
1141 4066 1211 4123 et'
1244 4086 1364 4124 cum
1414 4072 1529 4135 ipse
1573 4069 1813 4132 diceret,
1854 4066 1986 4128 Vox,
2018 4086 2115 4124 vox

541 4139 705 4195 Iacob
737 4153 841 4207 est;
878 4158 1057 4192 manus
1085 4152 1276 4205 autem,
1326 4156 1503 4192 manus
1553 4147 1671 4191 sunt
1720 4137 1880 4203 Esau,
1934 4149 2113 4196 tamen

541 4210 863 4280 intelligeret
894 4212 1152 4263 minorem
1186 4226 1305 4264 esse
1356 4209 1555 4280 lilium,
1602 4209 1689 4276 qui
1715 4208 2113 4280 benedictione

542 4278 1009 4350 fratrisqirairepta
1056 4283 1345 4335 restiterat.
1398 4279 1549 4333 Unde
1599 4278 2003 4347 intelligendum
2056 4282 2110 4337 in

542 4352 643 4407 hoc
674 4354 870 4408 laetam
901 4368 1022 4406 esse
1052 4351 1349 4415 spiritalem
1396 4352 1839 4414 admonitionem,
1895 4359 1952 4404 ut
1980 4368 2107 4406 con-

541 4424 779 4477 lirmaret
828 4423 1258 4478 benedictionem
1304 4436 1454 4478 suam
1488 4421 1538 4473 in
1585 4420 1696 4473 lilio
1744 4422 1976 4479 minore.
2024 4427 2107 4477 cui

539 4496 713 4564 potius
746 4497 1079 4549 irascendum
1112 4493 1230 4564 fuit,
1252 4493 1395 4560 quod
1421 4490 1667 4564 [elellerit
1698 4503 1925 4564 patrem.
1960 4492 2106 4550 Isaac

539 4561 716 4633 portat
746 4566 1029 4635 imaginem
1064 4567 1152 4619 [)ei
1189 4563 1379 4635 Patris,
1424 4562 1664 4635 Rebecca
1715 4561 1944 4635 Spiritus
1985 4580 2106 4618 san-

536 4631 625 4698 cti,
664 4638 799 4690 Esau
835 4631 1011 4705 pbpuli
1052 4635 1240 4705 prioris
1270 4646 1322 4687 et
1350 4634 1570 4695 diaboli,
1602 4631 1773 4705 Jacob
1821 4634 2103 4705 Ecclesiae,

536 4708 648 4761 site
677 4703 1190 4761 ϐῑιιθίδιίξδυηθειυδ
1222 4704 1365 4758 Isaac
1410 4703 1928 4758 consummationem
1961 4705 2107 4761 orbis

536 4779 799 4842 o-tendit;
833 4779 974 4832 oculi
1018 4776 1159 4829 illius
1211 4777 1300 4843 qui
1332 4774 1717 4843 caligaverunt,
1768 4775 1926 4827 [idem
1958 4775 2107 4830 del'e-

534 4852 672 4902 cisse
703 4859 752 4903 et
787 4852 1012 4917 periisse
1040 4846 1105 4900 de
1138 4845 1358 4917 mundo,
1392 4853 1445 4917 et
1493 4844 1764 4917 religionis
1798 4845 1977 4897 lumen
2009 4862 2101 4898 au-

534 4922 733 4989 tiqmmt
769 4915 1066 4988 neglectum
1097 4932 1218 4970 esse
1246 4915 1568 4989 signiﬁcant.
1593 4916 1744 4981 Quod
1771 4916 1913 4989 libus
1937 4921 2109 4982 major

533 4987 774 5055 vocatur,
809 4987 1050 5057 acceptio
1098 4989 1230 5058 legis
1287 4994 1369 5058 est
1399 4987 1734 5058 .ludacorum;
1776 4987 1915 5055 quod
1956 5002 2108 5042 escas

531 5064 647 5131 ejus
678 5071 839 5131 atque
868 5056 1345 5131 capturam'dtligit
1367 5066 1533 5131 pater,
1568 5056 1813 5131 homines
1843 5067 1967 5131 sunt
1996 5059 2102 5112 sal-

531 5126 640 5187 vat]
669 5126 971 5195 ab'erroré,
1005 5144 1139 5199 quos
1190 5126 1287 5195 per
1311 5129 1605 5181 doctrinam
1655 5126 1833 5197 justus
1880 5128 2106 5196 quisque

530 5215 776 5259 venatur.
818 5204 1005 5256 Sermo
1040 5199 1152 5264 Dei,
1188 5199 1581 5256 benedictionis
1617 5207 1700 5252 est
1730 5202 2102 5266 repromissio,

530 5287 584 5332 et
613 5290 738 5343 Spes
769 5274 919 5342 regni
950 5272 1135 5337 futuri,
1174 5272 1225 5325 in
1256 5286 1361 5340 quo
1390 5283 1513 5343 cum
1542 5269 1759 5343 Christo
1810 5270 1979 5343 sancti
2015 5286 2105 5343 re-

534 5339 741 5419 gnaturi
784 5339 926 5413 sunt,
967 5352 1023 5398 ct
1057 5356 1244 5398 verum
1277 5339 1588 5399 sabbatum
1618 5340 1962 5396 celebraturi.
2009 5339 2107 5396 Se-

570 5420 745 5471 uitur:

528 5438 785 5557 qui
818 5489 850 5543 5
880 5486 1059 5555 seqq.)
1093 5484 1246 5553 Quod
1273 5500 1389 5537 cum
1412 5484 1639 5535 audisset
1674 5481 1920 5549 Rebecca,
1952 5492 1999 5535 et
2023 5483 2110 5557 ille

526 5563 733 5615 abiisset
776 5560 828 5609 in
857 5574 979 5629 agro
1008 5566 1063 5610 ut
1084 5558 1365 5629 jussionem
1395 5557 1556 5626 patris
1588 5556 1839 5629 impieret,
1882 5557 2011 5607 dixit
2040 5556 2107 5619 [i-

528 5636 598 5693 lio
624 5625 926 5693 περισσοῦ,
979 5625 1166 5680 Audivi
1218 5636 1411 5687 patrem
1458 5636 1601 5693 tuum
1661 5625 1945 5692 loquentem
1993 5640 2108 5676 cum

528 5692 677 5751 Esau
696 5692 974 5756 Iratrsttto
1025 5695 1346 5749 “dicentem
1386 5694 1448 5759 ei,
1496 5692 1637 5759 Aﬂ'er
1666 5694 1793 5749 mihi
1841 5694 1905 5748 de
1950 5711 2105 5750 vena-

2231 3144 2485 3223 Sequitur
2510 3165 2519 3223 ς
2541 3146 2844 3223 Quomodo,
2876 3149 3056 3215 inquit,
3089 3161 3191 3223 tam
3221 3144 3584 3223 cito‘invrnire
3632 3157 3809 3223 potui-

2226 3217 2321 3291 sti,
2346 3217 2425 3291 [ili
2455 3218 2560 3269 nti?
2595 3218 2695 3282 Qui
2722 3222 2979 3291 respondit
2996 3261 3020 3291 Α.
3050 3221 3289 3291 voluntas
3311 3218 3407 3275 Dei
3438 3224 3560 3291 fuit,
3596 3217 3651 3277 ul
3698 3227 3805 3279 cito

2228 3287 2371 3363 mihi
2393 3298 2682 3340 occurreret
2711 3290 2845 3359 quod
2874 3289 3116 3363 volebam.
3143 3290 3294 3363 Quod
3328 3287 3471 3345 Isaac
3504 3298 3694 3363 qua-rit
3730 3296 3806 3349 ab

2226 3354 2391 3409 Jacob
2422 3374 2518 3411 cur
2545 3370 2650 3410 tam
2692 3354 2800 3411 cito
2828 3361 3056 3423 venerit,
3089 3354 3381 3415 admiratur
3406 3354 3643 3418 velocem
3675 3380 3805 3419 cre-

2226 3427 2462 3479 dentium
2496 3429 2677 3482 lidem.
2707 3431 2857 3496 Quod
2876 3433 2976 3483 cibi
3002 3431 3345 3486 delectabiles
3373 3433 3687 3490 offeruntur.
3712 3437 3810 3490 hu-

2222 3498 2573 3572 stiauplaceuj
2602 3500 2732 3567 Deo,
2766 3509 2820 3572 et
2849 3503 2990 3572 salus
3016 3514 3098 3572 est
3130 3514 3489 3569 peccatorum.
3513 3507 3800 3572 Sequitur:

2298 3568 2499 3647 (V_ers._
2534 3569 2597 3623 21
2647 3570 2826 3647 seqq.)
2858 3568 3001 3625 Dixit
3048 3568 3467 3647 lsaaCKﬁrcede
3508 3568 3803 3647 util-angam

2225 3644 2291 3702 te,
2324 3639 2403 3707 ﬁli
2431 3641 2519 3705 mi,
2548 3652 2593 3691 et
2616 3639 2819 3707 prolem
2852 3653 3017 3694 utrum
3044 3653 3099 3695 tu
3120 3644 3187 3696 sis
3211 3643 3351 3709 [ilius
3376 3662 3514 3697 meus
3545 3639 3701 3710 Esau',
3728 3665 3803 3701 an

2223 3724 2346 3785 non.
2395 3709 2613 3785 Accessit
2646 3712 2733 3765 ille
2754 3714 2818 3785 ad
2841 3723 3051 3785 patrem,
3078 3722 3126 3766 et
3151 3715 3357 3785 palpata
3382 3733 3438 3769 eo
3462 3719 3589 3770 dixit
3622 3716 3798 3785 Isaac,

2232 3776 2345 3852 an:
2371 3783 2592 3852 quidem,
2618 3799 2714 3834 v0.1:
2740 3776 2900 3835 Iacob
2929 3793 3031 3849 est;
3054 3776 3251 3838 manus
3264 3797 3451 3852 autem,
3480 3805 3657 3841 manus
3682 3776 3804 3845 sunt

2221 3846 2390 3926 Esau.
2418 3851 2477 3903 Et
2509 3846 2608 3904 non
2640 3856 2868 3926 cognorit
2897 3846 3033 3919 eum,
3063 3857 3184 3926 quia
3210 3856 3387 3923 pilosa:
3411 3846 3588 3912 manus
3615 3862 3801 3913 simili-

2221 3922 2447 3991 tudinem
2489 3922 2713 3991 majoris
2731 3922 3100 3988 expresserant.
3151 3922 3261 3979 Hoc
3310 3930 3357 3980 in
3393 3930 3506 3982 IOI'I)
3533 3931 3673 3983 Isaac
3704 3931 3802 3984 Ju-

2220 3990 2430 4066 datcum
2464 3990 3134 4066 pupulumpra-ﬁguravit;
3162 3996 3331 4052 Jacob
3354 3999 3493 4051 lilius
3519 4001 3652 4066 ejm,
3692 4000 3802 4052 Do-

2221 4061 2422 4114 minutn
2462 4064 2644 4118 Jesum
2674 4061 2943 4118 Christum
2972 4081 2986 4130 ;
3033 4068 3120 4133 qtti
3146 4077 3199 4121 et
3225 4071 3455 4137 caligatis
3499 4061 3687 4131 oculis,
3738 4082 3801 4127 et

2219 4140 2584 4199 prOphetans,
2634 4138 2688 4186 in
2735 4139 2990 4202 pt‘aasenti
3034 4139 3196 4189 lilium
3232 4153 3333 4191 n0n
3382 4138 3528 4196 vidit.
3563 4140 3649 4191 cui
3684 4151 3794 4196 tam

2218 4205 2381 4277 multa
2418 4206 2467 4257 in
2502 4217 2772 4273 posterum
2806 4206 3075 4276 praevidit,
3107 4208 3228 4277 quia
3262 4210 3507 4261 nimirum
3540 4209 3796 4268 .ludaicus

2217 4274 2446 4340 populus
2507 4274 2823 4344 pt0pbetiae'
2850 4278 3036 4343 Spiritu
3084 4274 3269 4341 plettus
3308 4289 3355 4331 et
3403 4294 3617 4345 caecus,
3668 4298 3795 4338 emn

2216 4347 2283 4397 de
2312 4360 2416 4411 quo
2452 4348 2615 4399 multa
2650 4349 2701 4421 in
2732 4346 3202 4421 futuropra‘dixtt,
3252 4349 3303 4401 in
3354 4352 3602 4416 praesenti
3643 4353 3795 4421 posi-

2217 4424 2326 4467 tuut
2354 4432 2458 4469 non
2490 4418 2727 4489 agnovit.
2764 4419 3040 4485 Sequitur:
3073 4416 3349 4489 Statimque
3370 4431 3424 4472 ut
3452 4424 3606 4475 sensit
3635 4416 3791 4476 vesti-

2215 4499 2499 4559 mentorum
2534 4488 2644 4559 ejus
2675 4490 3046 4559 fragrantiam,
3078 4488 3372 4544 benedicens
3394 4508 3503 4542 eum
3530 4493 3622 4556 ait,
3656 4492 3796 4547 Ecce

2218 4558 2344 4630 odor
2369 4558 2468 4626 ﬁlii
2497 4558 2613 4626 mei,
2640 4558 2767 4613 sicut
2792 4562 2916 4611 odor
2937 4562 3048 4629 agri
3072 4562 3221 4630 pleni,
3246 4564 3326 4613 cui
3350 4560 3601 4615 benedixit
3626 4562 3787 4616 Deus.

2216 4628 2314 4701 Det
2346 4631 2434 4682 tibi
2470 4632 2607 4683 Deus
2652 4632 2714 4682 de
2764 4643 2878 4683 rore
2930 4628 3079 4695 deli,
3117 4644 3161 4685 et
3208 4635 3270 4685 de
3314 4633 3620 4701 pinguedine
3653 4644 3792 4687 terra

2217 4699 2586 4753 abundantiam
2638 4702 2900 4770 frumenti,
2956 4703 3059 4754 vini
3111 4712 3159 4755 et
3198 4699 3329 4766 olei,-
3371 4699 3421 4756 et
3443 4707 3662 4757 serviant
3698 4705 3790 4757 tibi

2219 4772 2412 4839 papuli,
2434 4781 2477 4823 et
2508 4769 2720 4824 adorent
2753 4782 2798 4825 te
2826 4773 3002 4826 tribus.
3022 4769 3147 4844 Esto
3171 4774 3406 4827 dominus
3425 4776 3645 4844 fratrum
3671 4786 3789 4826 tuo-

2218 4857 2354 4904 rum,
2386 4852 2429 4892 et
2456 4844 2781 4896 incurventur
2802 4850 2918 4895 ante
2944 4852 2991 4895 te
3028 4842 3126 4910 ﬁlii
3157 4846 3333 4897 matris
3366 4842 3484 4899 tutu.
3531 4847 3631 4907 Qui
3679 4862 3780 4897 ma-

2219 4912 2451 4987 ledixerit
2486 4914 2596 4987 tibi,
2646 4914 2709 4987 sit
2751 4912 2840 4966 ille
2876 4912 3222 4987 maledictus;
3274 4928 3322 4987 et
3349 4917 3437 4987 qui
3472 4915 3792 4987 benedixerit

2218 4981 2307 5053 tibi
2348 4982 2777 5053 benedictionibus
2807 4986 3081 5050 repleatur.
3113 4981 3424 5041 Benedictio
3461 4985 3627 5041 Jacob
3655 5002 3788 5053 prae-

2215 5052 2413 5125 dicatio
2442 5051 2638 5106 Christi
2688 5066 2771 5108 est
2821 5056 2874 5109 in
2926 5054 3173 5108 omnibus
3196 5057 3465 5125 gentibus.
3514 5057 3625 5111 Hoc
3657 5051 3794 5111 litet

2214 5124 2387 5189 agitur
2414 5140 2427 5188 ;
2462 5125 2563 5178 hoc
2604 5126 2687 5176 lex
2720 5136 2769 5179 et
2802 5126 3076 5191 prophetia
3106 5124 3215 5180 est.
3264 5128 3409 5181 Isaae
3457 5126 3665 5191 plebem
3694 5126 3794 5178 Ju-

2213 5195 2473 5259 daaorum,
2514 5211 2543 5247 a
2594 5208 2697 5262 qua
2726 5195 2971 5251 Christus
3022 5198 3373 5262 benedicitur,
3412 5196 3556 5251 velut
3609 5212 3636 5247 a
3692 5212 3793 5249 ne-

2212 5266 2439 5328 sciente,
2472 5266 2595 5333 quia
2621 5266 2686 5318 ab
2722 5268 2833 5335 ipsa
2866 5265 3144 5327 nescitur;
3177 5268 3342 5322 odore
3370 5268 3600 5320 numinis
3628 5267 3794 5320 (:hri-

2210 5338 2301 5401 sti,
2326 5336 2463 5390 sicut
2499 5351 2627 5405 ager
2654 5337 2886 5392 mundus
2914 5337 3165 5404 impletur
3192 5356 3205 5393 :
3232 5340 3315 5393 vel
3345 5346 3489 5391 certe
3513 5340 3647 5389 odor
3674 5339 3791 5405 agri

2214 5406 2357 5477 pleni
2390 5410 2647 5460 bonorum
2680 5424 2900 5475 operum
2930 5408 3236 5475 accipienda
3283 5420 3405 5462 sunt
3443 5417 3614 5477 gesta.
3659 5407 3792 5477 Ejus

2213 5488 2298 5533 est
2346 5478 2647 5531 benediCtio
2679 5481 2745 5533 de
2776 5494 2899 5534 rore
2938 5481 3078 5543 Cteli,
3128 5480 3228 5533 hoc
3270 5489 3370 5542 est,
3405 5480 3473 5533 de
3498 5480 3789 5532 Verborum

2212 5550 2392 5619 pluvia
2422 5550 2724 5603 divinorum
2752 5567 2766 5614 ;
2795 5560 2849 5604 et
2880 5552 2944 5604 de
2978 5551 3225 5605 ubertate
3255 5565 3433 5614 terrte,
3462 5550 3561 5603 hoc
3590 5565 3691 5611 est,
3719 5552 3793 5607 de

2212 5624 2627 5692 congregatione
2653 5623 2963 5692 populorum
2995 5621 3077 5675 vel
3105 5624 3471 5691 apostolorum
3515 5622 3787 5692 doctrina.

2215 5690 2341 5762 Ejus
2368 5698 2452 5748 est
2476 5690 2756 5751 multitudo
2785 5692 3043 5750 frumenti
3077 5690 3282 5763 et'viui,
3331 5695 3434 5752 hoc
3458 5700 3563 5760 οδι,
3605 5690 3819 5763 multi-ﬂ
