3996 6186
130 248 235 326 Μ

1157 228 1627 323 aestimarunt
1664 257 1731 314 IN
1769 226 2088 316 etatem.
2128 230 2260 317 Litt.
2300 256 2343 320 tt

3282 222 3389 321 996

133 378 258 441 tedii
280 376 399 457 dum
421 380 621 457 colligit
648 374 1054 457 frumentum‘et
1080 370 1265 438 vinum
1290 381 1344 438 in
1362 366 1701 457 sacramento
1805 378 2164 457 Ιιειξξίξ-ηεξειηιηΔ
2179 383 2489 457 pinguedine
2511 392 2659 439 terra:
2675 428 2692 457 _,
2725 386 2849 439 etin
2877 401 2992 440 rore
3022 384 3135 441 celi
3171 386 3387 451 desuper

131 452 370 527 corporis
397 452 598 527 ejusgét
626 452 920 527 sanguinis.
963 452 1142 510 Potest
1172 462 1230 510 et
1275 470 1371 521 per
1417 453 1699 517 abundan-

135 524 256 582 tiam
289 525 541 582 frumenti
569 532 624 579 et
649 524 781 586 vini,
813 524 1119 580 Sanctorum
1147 538 1475 598 martyrum
1502 538 1566 598 ac
1595 527 1703 587 vir-

1802 454 1899 509 erit
1920 452 2197 525 benedictio
2228 462 2349 507 tua:
2377 454 2427 507 id
2461 468 2561 518 rei,
2588 457 2639 509 in
2668 455 2993 511 fecunditate
3013 473 3193 512 rerum
3217 467 3268 511 et
3292 471 3386 525 po-

1802 525 1973 593 tentia
2000 524 2176 593 regni,
2220 540 2338 593 qua:
2382 526 2433 577 in
2478 527 2568 578 illo
2597 530 2795 593 populo
2826 528 2955 589 fuit;
3002 531 3083 580 vel
3121 524 3384 590 certe,’In

132 600 307 668 giuum
337 598 560 669 intelligi
590 599 898 669 multitudo.
931 598 990 649 Ei
1014 596 1259 669 serviunt
1286 590 1496 663 gentes,
1527 594 1702 663 ipsum
1800 590 2111 669 pinguedine
2154 590 2327 669 terrae,
2369 605 2416 669 et
2444 612 2559 649 rore
2598 590 2707 651 creti
2757 599 2993 669 desuper,
3045 600 3144 653 hoc
3176 611 3276 662 est,
3330 601 3383 652 in

133 666 356 724 adorant
378 668 661 735 principes.
692 667 809 733 Ipse
832 677 917 721 est
945 668 1197 721 Dominus
1210 666 1433 721 fratrum
1457 680 1703 729 suorum,

133 742 251 806 quia
282 740 509 808 populus
531 738 649 806 ejus
682 738 990 801 dominatur
1017 737 1241 808 Iudaeis.
1275 738 1447 804 Ipsum
1479 737 1707 808 adorant

136 811 224 864 lilii
253 806 416 880 patris
442 808 578 880 ejus,
607 808 656 860 id
685 817 788 866 est.
814 808 906 880 filii
933 807 1165 880 Abrabm
1190 808 1487 880 secundum
1519 806 1705 872 fidem,

135 877 265 948 quia
286 891 341 935 et
390 881 502 948 ipse
533 878 674 931 filius
721 888 804 932 est
839 878 1070 934 Abrahae
1118 877 1411 933 secundum
1460 888 1701 929 carnem.

136 950 306 1017 Ipsum
336 950 427 1019 qui
453 950 812 1013 tnaledixerit,
849 949 1166 1002 maledictus
1192 951 1316 1011 erit,
1344 959 1396 1002 et
1418 948 1506 1017 qui
1541 950 1707 1011 bene:

134 1021 347 1088 dixerit,
382 1019 691 1075 benedictus
712 1030 812 1073 est.
843 1020 1111 1081 Christus,
1139 1023 1378 1089 inquam,
1422 1029 1605 1072 noster
1636 1033 1707 1072 ex

134 1108 225 1163 ore
254 1092 581 1167 Iudaeorum,
604 1092 848 1167 quamvis
866 1090 1186 1167 errantium,
1209 1089 1507 1167 sedi-amen
1534 1089 1709 1167 Iegcm‘

135 1152 533 1232 prophetasqti'e
561 1152 892 1231 czﬁientiutu,
924 1152 1279 1223 benedicitur,
1314 1160 1365 1214 id
1402 1170 1517 1232 est.
1552 1152 1707 1232 vera;

136 1228 267 1301 citer
297 1228 511 1295 dicitur,
554 1228 609 1285 et
652 1232 786 1286 alitis
841 1232 1081 1285 benedici
1129 1242 1365 1297 putatur,
1410 1230 1502 1299 qui
1532 1228 1602 1283 ab
1628 1231 1709 1285 eis

135 1304 432 1358 errantibus
462 1312 821 1371 exsp~ctatur.
850 1302 1139 1371 Sequitur:

206 1374 389 1444 (Vers.
412 1374 483 1435 30
508 1369 685 1442 seqq.)
719 1370 817 1426 Via:
840 1369 991 1444 Isaac
1020 1388 1301 1426 sermonem
1325 1371 1637 1442 impleverat,
1660 1378 1709 1425 et

136 1441 331 1516 egresso
365 1442 521 1516 Iacob
553 1441 693 1516 foras
724 1445 852 1516 venit
882 1441 1037 1516 Esau,
1070 1455 1334 1511 coctosque
1355 1444 1418 1496 de
1447 1444 1711 1516 venatione

134 1513 269 1569 cibos
298 1515 471 1579 intulit
504 1514 661 1584 patri,
691 1513 882 1584 dicens,
918 1514 1103 1581 Surge,
1137 1525 1281 1583 pater
1310 1516 1402 1572 mi.
1434 1524 1479 1565 et
1506 1513 1711 1584 comede

136 1585 199 1639 de
221 1576 483 1638 venatione
504 1576 611 1653 'filii
638 1576 731 1639 tui.
766 1594 822 1636 ut
847 1576 1103 1636 benedi'rat
1137 1576 1260 1636 inihi
1290 1585 1463 1635 anima
1492 1595 1599 1635 tua.
1652 1583 1706 1635 Itt

136 1655 567 1723 prmlignratione
598 1656 790 1720 quippe
817 1658 1001 1706 ltortttn
1042 1655 1258 1707 fratrum
1286 1668 1520 1721 congrue
1550 1654 1709 1706 valde

137 1727 265 1780 illud
294 1726 561 1794 optabitur
590 1726 730 1793 quod
765 1725 1068 1787 evangelica
1092 1726 1288 1778 iudicat
1312 1724 1493 1788 lectio,
1516 1725 1578 1794 _in
1603 1739 1706 1792 qua

135 1791 350 1858 dicitur,
388 1794 537 1865 Venit
566 1791 776 1865 quidam
812 1799 1043 1863 princeps
1088 1809 1361 1865 synagoga:
1403 1795 1472 1847 ad
1500 1791 1701 1859 Iesum,

134 1878 183 1920 et
210 1870 280 1920 ait
303 1867 400 1926 illi.
445 1864 586 1918 Filia
617 1883 727 1919 mea
762 1866 912 1918 modo
941 1864 1183 1935 defuncta
1204 1864 1306 1930 est,“
1335 1866 1581 1935 sediveni,
1612 1870 1713 1917 im-

136 1954 267 2008 pone
288 1953 495 1989 manum
524 1946 664 1990 luant
693 1953 844 2007 super
877 1934 1041 2002 illam,
1100 1946 1147 1989 et
1187 1938 1314 1988 vivet
1357 1934 1572 2003 (Matth.
1608 1935 1705 2005 ιχ).

137 2007 214 2062 Ad
268 2024 425 2076 quam
476 2007 897 2061 resuscitandam
956 2024 1076 2059 cum
1132 2015 1379 2073 pergeret
1429 2008 1708 2076 Dominus.

136 2075 298 2141 Ecce,
318 2082 412 2143 ait,
436 2077 621 2131 mulier
644 2095 755 2141 qua:
783 2080 988 2147 ﬂuxum
1017 2080 1283 2147 sanguinis
1307 2075 1628 2147 patiebatur;
1657 2086 1711 2128 et

138 2159 316 2217 typum
345 2153 591 2213 gestabat
640 2146 929 2211 Ecclesiae;
963 2150 1173 2202 accessit
1194 2159 1352 2209 retro,
1385 2147 1535 2215 quasi
1558 2146 1714 2215 igno-

140 2232 291 2273 raute
317 2220 561 2281 Domino,
590 2229 636 2273 et
664 2221 822 2290 tetigit
854 2220 1112 2290 ﬁmbriam
1158 2221 1441 2290 vestimenti
1471 2218 1602 2290 ejus,
1664 2227 1712 2290 et

135 2291 308 2343 statim
356 2300 539 2345 sanata
565 2299 656 2344 est.
692 2287 783 2343 Cui
812 2292 882 2343 ait
927 2289 1221 2344 Dominus:
1262 2287 1422 2350 Vade,
1472 2289 1614 2355 ﬁlia,
1658 2289 1715 2340 in

136 2376 260 2430 pace
282 2377 299 2426 ;
322 2360 451 2429 ﬁdes
480 2370 567 2412 tua
590 2370 637 2413 te
662 2360 856 2413 salvam
886 2361 1024 2427 fecit.
1056 2362 1344 2430 Sequitur}
1374 2359 1617 2429 Dixitque
1633 2358 1713 2411 illi

136 2428 329 2496 Isaac,
348 2432 473 2495 Quis
499 2432 633 2484 enim
656 2432 827 2501 esui?
860 2431 957 2501 Qui
982 2430 1265 2501 respondit,
1294 2428 1404 2498 Ego
1426 2428 1538 2482 sum
1569 2430 1712 2497 ﬁlius

138 2510 258 2554 tuus
288 2502 649 2573 primogenitus
682 2500 843 2569 Esau.
892 2499 1113 2565 Expavit
1156 2499 1307 2573 Isaac
1332 2511 1541 2573 stupore
1568 2502 1714 2573 vehe-

135 2573 315 2640 menti,
348 2584 394 2643 et
427 2576 567 2625 ultra
590 2588 745 2641 quant
774 2573 911 2625 credi
940 2580 1103 2643 potest
1131 2572 1416 2633 admirans,
1445 2572 1554 2625 ait:
1579 2572 1709 2638 Quis

138 2643 296 2714 igitur
325 2641 413 2696 ille
435 2653 505 2696 est
526 2647 655 2710 ,λᾳιιὶ
683 2644 881 2696 dudum
922 2641 1127 2712 captam
1172 2644 1490 2697 venationem
1537 2644 1709 2695 attulit

139 2714 285 2783 mihi,
318 2723 364 2765 et
386 2714 584 2768 comedi
610 2730 673 2768 ea:
715 2714 945 2766 munibus
996 2714 1134 2775 prius
1178 2730 1331 2783 quam
1369 2723 1426 2766 tu
1471 2714 1714 2767 venires?

137 2781 488 2849 Benedixique
532 2787 598 2847 ei,
644 2795 690 2837 et
717 2787 813 2838 erit
840 2784 1165 2838 benedictus?
1192 2781 1356 2838 'Ecce
1388 2784 1715 2840 benedictio-

139 2869 262 2908 nem
291 2858 605 2923 promissam
637 2870 848 2922 petente
880 2856 1086 2925 majore
1113 2856 1423 2919 expavescit
1462 2854 1630 2919 Isaac,
1659 2865 1714 2909 et

138 2925 302 2978 alium
338 2942 433 2994 pro
464 2928 568 2980 alio
595 2941 654 2980 se
683 2925 1028 2982 benedixisse
1078 2940 1410 2995 cognoscens
1460 2929 1709 2991 miratur,

137 3006 192 3047 et
217 2998 460 3063 quisnam
490 2997 581 3051 illo
622 2997 691 3050 sit
723 3006 1127 3061 percunctatur;
1162 3012 1261 3049 nec
1300 3006 1479 3049 tamen
1508 3010 1568 3049 se
1612 2997 1712 3049 de-

137 3074 349 3133 ceptum
389 3082 510 3121 esse
538 3066 909 3133 conqueritur,
949 3067 1113 3119 immo
1154 3066 1435 3119 confesnm
1476 3066 1711 3118 revelato

136 3118 411 3190 sibiiutus
441 3118 909 3206 i‘nicordemagnof
949 3118 1290 3190 sacramento
1329 3134 1531 3206 devitat
1572 3136 1710 3188 iudio
1739 3118 1783 3181 Ο

135 3215 466 3275 gnattonem,
522 3202 819 3261 confirmat
858 3206 1309 3268 benedictionem,
1356 3202 1464 3257 non
1494 3206 1717 3259 maledi-

137 3277 394 3333 ctionem.
426 3276 609 3331 Potius
634 3279 916 3331 miraretur
934 3278 1118 3339 iratus,
1139 3276 1184 3329 si
1212 3276 1325 3330 haec
1353 3290 1455 3328 non
1481 3290 1714 3345 superna

138 3346 511 3417 inspiratione,
536 3349 628 3401 sed
655 3359 868 3402 terreno
895 3364 1041 3401 more
1067 3360 1412 3417 gererentur.
1443 3347 1486 3400 0
1508 3363 1591 3400 res
1620 3363 1715 3416 ge-

136 3416 271 3481 stas,
302 3418 396 3473 sed
445 3418 794 3487 prOphetice;
837 3426 1012 3487 gestas
1048 3421 1290 3476 interra,
1323 3416 1416 3470 sed
1462 3418 1711 3484 coalitus;

137 3502 235 3555 per
266 3489 528 3555 homines,
555 3489 647 3543 sed
686 3489 960 3543 divinitus.
1008 3488 1061 3545 Si
1116 3487 1457 3542 excutiantur
1503 3490 1712 3557 singula

136 3562 303 3631 tantis
329 3561 556 3615 fecunda
602 3560 889 3631 mysteriis,
921 3561 1083 3613 multa
1116 3570 1237 3631 sunt
1268 3559 1537 3622 implenda
1567 3561 1713 3631 volu-

136 3630 305 3683 mina.
338 3632 440 3684 Sed
476 3630 599 3684 huic
632 3630 781 3698 Opeti
806 3631 997 3683 modus
1021 3630 1296 3683 moderate
1334 3630 1712 3699 imponendos,

135 3714 237 3754 nos
269 3701 319 3754 in
343 3702 445 3755 alia
474 3701 731 3756 festinare
754 3702 1051 3768 Compellit.
1072 3700 1354 3765 Sequitur:

207 3770 390 3842 (Vers.
421 3770 487 3825 ὄλ
532 3773 711 3842 seqq.)
764 3770 969 3825 Auditis
999 3770 1140 3826 Esau
1182 3771 1713 3842 sermonibus_patris,

132 3838 341 3911 irrugiit
371 3838 847 3911 clamore—magno,
888 3853 935 3895 et
974 3854 1333 3911 consternatus
1359 3842 1457 3907 ait,
1491 3838 1716 3896 Benedic

130 3910 293 3965 etiam
317 3913 460 3977 mihi,
495 3923 655 3972 pater.
684 3914 785 3980 Qui
810 3913 903 3981 ait,
946 3910 1092 3967 Venit
1120 3929 1394 3981 germanus
1421 3924 1539 3965 tuus
1572 3915 1718 3981 frau-

132 3982 392 4049 dulenter,
426 3992 472 4036 et
494 3986 686 4052 accepit
714 3984 1111 4037 benedictionem
1150 3994 1311 4052 tuam.
1364 3983 1430 4036 At
1472 3983 1559 4036 ille
1595 3984 1716 4037 sub.

133 4054 326 4126 iunxit.
360 4054 508 4107 .luste
532 4051 764 4108 vocatum
789 4065 861 4107 est
888 4072 1069 4126 nomen
1097 4058 1208 4124 ejus
1234 4051 1432 4118 Iacob;
1459 4055 1714 4125 supplan-

133 4123 257 4176 tavit
284 4128 418 4178 enim
462 4143 540 4178 me
567 4127 619 4177 in
650 4126 817 4179 altera
847 4126 970 4178 vice.
1020 4123 1376 4191 Primogenita
1436 4123 1550 4178 mea
1596 4134 1716 4179 ante

133 4195 273 4268 ριιει,
306 4205 354 4249 et
380 4211 513 4268 nunc
552 4197 777 4268 secundo
805 4194 1061 4268 subripuit
1101 4196 1500 4268 benedictionem
1524 4211 1711 4253 meam.

133 4263 276 4318 Ecce
301 4266 544 4320 secundo
572 4265 739 4321 Jacoh
777 4263 1147 4334 supplautntor
1175 4267 1581 4333 interpretatur.
1630 4270 1713 4321 Ab

130 4348 200 4389 eo
228 4336 385 4405 igitur
410 4338 549 4404 quod
582 4339 803 4390 fratrem
832 4347 950 4391 arte
971 4336 1263 4404 deceperit,
1294 4338 1475 4391 allusit
1503 4338 1569 4391 ad
1616 4354 1712 4391 nov

132 4407 404 4473 men.Qui
434 4408 553 4461 ideo
592 4408 759 4462 Iacob
806 4419 932 4462 ante
958 4420 1180 4462 vocatus
1206 4418 1309 4470 est,
1356 4422 1423 4461 eo
1467 4408 1610 4475 quod
1660 4410 1713 4463 in

130 4483 257 4529 ortu
292 4482 524 4542 plantam
567 4480 748 4531 fratris
792 4476 1182 4546 apprehendat.
1233 4476 1489 4544 Sequitur
1521 4494 1535 4529 :
1571 4476 1712 4530 liur~

129 4562 348 4615 sumque
375 4549 448 4599 ait
490 4548 556 4598 ad
591 4559 784 4609 patrem
813 4563 831 4599 :
858 4546 1124 4616 Numquid
1169 4563 1270 4616 non
1298 4548 1588 4616 reservasti,
1616 4550 1711 4611 ait,

127 4623 184 4670 et
230 4613 357 4669 mihi
398 4617 835 4670 benedictionem?
888 4613 1174 4683 Respondit
1226 4613 1401 4676 Isaac,
1436 4615 1714 4671 Dominum

128 4696 282 4741 tuum
306 4688 455 4740 illum
485 4688 744 4749 constitui,
778 4697 825 4740 et
848 4703 1021 4741 omnes
1043 4691 1227 4755 fratres
1254 4688 1365 4753 ejus
1392 4689 1620 4740 servituti
1649 4688 1715 4741 il-

126 4757 234 4813 lius
262 4758 557 4829 subjugavi.
598 4755 892 4829 _Frumento
917 4766 963 4812 et
988 4759 1105 4811 vino
1132 4755 1357 4829 stabilivi
1376 4774 1525 4829 eum;
1554 4768 1599 4829 et
1612 4758 1717 4829 tibi

127 4842 245 4899 post
269 4826 397 4892 hinc,
435 4827 512 4897 ﬁli
536 4827 627 4893 mi,
660 4828 797 4881 ultra
824 4828 948 4898 quid
978 4830 1165 4899 faciam
1190 4829 1215 4899 .9
1244 4826 1339 4880 Cui
1365 4826 1543 4883 Esau:
1572 4827 1715 4883 Num

126 4897 311 4965 unam,
337 4902 520 4963 inquit,
540 4908 738 4951 tantunt
758 4897 1155 4953 benedictionem
1178 4897 1356 4960 habes,
1382 4902 1563 4965 pater?
1589 4900 1717 4954 Mihi

126 4987 332 5041 quoque
375 4971 581 5024 obsecro
616 4980 671 5023 ut
698 4970 985 5024 benedicas.
1022 4968 1253 5041 Cumque
1302 4970 1503 5041 ejulatu
1531 4986 1716 5038 magno

127 5040 299 5113 ﬂeret,
334 5042 684 5113 motusqlsaac
710 5043 842 5096 dixit
870 5043 936 5095 ad
960 5058 1096 5113 eum,
1120 5040 1187 5093 1η
1204 5040 1516 5113 pinguedine
1546 5049 1713 5105 terrae,

126 5111 259 5182 etin
285 5128 398 5166 rore
427 5111 538 5166 cmli
564 5111 780 5181 desuper
810 5114 905 5165 erit
938 5110 1216 5166 benedictio
1254 5120 1363 5167 tua.
1411 5110 1563 5165 Vives
1601 5112 1722 5182 gla-

126 5179 243 5254 dio,
271 5194 319 5234 et
346 5182 497 5254 fratri
525 5193 611 5236 tuo
638 5179 857 5249 servies;
884 5190 1179 5252 tempusque
1217 5183 1381 5236 veniet
1427 5199 1537 5254 rum
1566 5179 1721 5235 estcu-

126 5252 228 5303 tias
256 5252 709 5328 _et_s:olvasgjugunt
731 5255 842 5328 eius
870 5256 934 5309 de
961 5254 1238 5328 cetvicibus
1267 5257 1388 5306 tuis.
1442 5252 1720 5321 Signiﬁcat

125 5323 274 5390 quod
305 5323 804 5380 Idutnmi'sérvituri
833 5335 1017 5381 essent
1039 5324 1258 5387 iudicis,
1277 5334 1333 5378 et
1356 5334 1566 5387 tempus
1599 5339 1719 5379 esse

128 5404 443 5464 venturum,
501 5396 717 5464 quando
770 5396 840 5452 de
878 5392 1025 5451 collo
1070 5410 1169 5450 suo
1208 5396 1393 5464 jugum
1438 5394 1713 5449 servitutis

125 5462 454 5536 abjicereut,
488 5462 780 5536 eorumque
798 5467 1024 5535 imperio
1044 5462 1474 5536 contradicerent
1499 5483 1513 5519 :
1540 5481 1713 5534 neque

125 5535 280 5589 enim
307 5536 561 5602 majorem
595 5534 759 5591 illium
795 5534 1007 5604 penitus
1039 5536 1286 5591 videmus
1330 5534 1494 5590 fuisse
1524 5536 1710 5602 despe-

123 5614 302 5679 ctum,
330 5605 445 5667 sed,
472 5609 617 5679 _sicut
641 5608 714 5661 ait
751 5607 1063 5679 Apostolus,
1102 5606 1229 5679 Cum
1264 5608 1523 5679 intraverit
1551 5608 1714 5679 pleni.

125 5678 317 5763 uitudb
341 5677 595 5763 gentium,
632 5688 751 5735 tunc
794 5677 973 5763 orituis‘
1009 5677 1174 5763 Israel
1208 5678 1378 5761 salvus
1406 5677 1709 5763 erit_('ll£on.t.

124 5751 229 5818 ιι).
261 5744 430 5820 ϐαῖνε
458 5744 634 5807 tamen
681 5749 929 5808 secundae
958 5744 1349 5809 benedictionis
1370 5744 1712 5819 proph'e'tatio

1802 667 2143 719 confessione
2175 667 2461 720 Ilomitticze
2492 667 2892 727 incarnationis,
2940 683 2988 724 et
3025 672 3126 723 fide
3169 670 3385 723 dmtatis

1804 735 1967 792 illius.
2002 736 2107 790 erit
2140 736 2303 791 Israel
2332 738 2769 801 benedicendus;
2816 742 2930 794 sive
2967 742 3151 805 etiam,
3182 740 3243 793 In
3268 756 3384 793 rore

1804 807 1918 860 caeli
1938 808 2031 860 erit
2056 809 2331 860 benedictio
2357 810 2489 876 ejus.
2522 811 2569 861 id
2598 818 2701 874 est,
2731 810 2781 862 iu
2815 813 3044 870 eloquiis
3086 813 3173 865 Dt-i
3210 831 3222 864 :
3257 811 3385 871 ipsis

1805 880 1946 930 enim
1972 880 2199 949 primitur
2230 880 2428 931 credita
2458 888 2582 931 sunt
2625 883 2833 948 eloquia
2895 883 3008 944 Dei,
3042 893 3090 934 ot
3140 884 3269 949 legis
3307 892 3384 933 te-

1808 958 2095 1020 stamenta.
2133 948 2280 1003 Vives
2311 950 2503 1020 gladio,
2532 952 2579 1001 id
2613 962 2713 1012 est,
2740 953 2859 1018 quia
2902 954 3141 1016 sanguini
3174 948 3385 1006 tletlitns

1809 1019 2036 1086 populus
2061 1020 2148 1073 ille
2179 1018 2365 1073 necent
2390 1022 2439 1071 itt
2470 1018 2685 1073 Christo
2712 1024 2792 1074 vel
2821 1024 3090 1082 ιπισψιιριὶκ
3120 1026 3381 1077 exorauit.

1809 1089 1879 1141 Et
1910 1091 2057 1159 fratri
2092 1099 2180 1142 tuo
2205 1092 2409 1157 servies,
2436 1092 2638 1144 scilicet
2668 1094 2864 1157 populo
2888 1092 3190 1147 Christiano
3240 1093 3384 1146 Tent-

1809 1176 2001 1235 pusque
2028 1163 2189 1214 ueniet
2213 1164 2419 1235 quando
2450 1164 2676 1215 excutias
2715 1173 2761 1215 et
2788 1167 2954 1216 solvas
2976 1168 3160 1235 jugum
3192 1168 3255 1217 de
3275 1180 3386 1216 cer—

1810 1232 1999 1301 vicibus
2028 1235 2149 1295 tuis,
2196 1232 2321 1286 dum
2372 1247 2467 1300 per
2518 1236 2878 1297 cognitionem
2908 1232 3126 1290 lideiiati
3160 1238 3384 1301 gratiam

1809 1299 2005 1354 Christi
2026 1316 2339 1367 conversus,
2367 1299 2679 1369 depouieris
2704 1321 2837 1357 onus
2863 1307 2993 1361 locis
3013 1325 3023 1360 :
3046 1299 3259 1372 quando
3276 1306 3383 1369 jam

1812 1388 1915 1444 non
1949 1387 2135 1444 servus
2166 1376 2345 1443 populi
2375 1376 2618 1441 minoris,
2643 1376 2738 1429 sed
2775 1392 2867 1444 per
2896 1377 3054 1431 ﬁdem
3101 1379 3264 1430 frater
3290 1390 3387 1428 vo-

1810 1443 2038 1496 caberis.
2065 1443 2346 1507 Sequitur:

1886 1513 2063 1587 (vers.
2096 1516 2156 1568 41
2190 1516 2372 1586 seqq.)
2406 1515 2596 1569 Oderat
2623 1528 2792 1570 autem
2816 1537 3013 1587 semper
3040 1519 3177 1573 Esau
3200 1516 3384 1579 Iacob.

1810 1599 1932 1658 prie
1959 1585 2316 1658 benedictione
2333 1603 2434 1658 qua
2464 1589 2720 1642 benedixit
2757 1593 2803 1643 ei
2848 1585 3028 1657 pater;
3067 1592 3295 1658 dixitque
3336 1589 3388 1639 in

1811 1655 1962 1730 c_orde_
1988 1672 2111 1719 suo,
2146 1655 2361 1711 Veniant
2389 1660 2498 1713 dies
2528 1662 2693 1713 luctus
2727 1655 2887 1730 patris
2917 1662 3046 1722 mei,
3079 1672 3132 1713 ut
3160 1655 3390 1713 occidam

1810 1721 1973 1799 ’Ῐασίῖθ
2014 1731 2224 1799 limum
2269 1746 2457 1783 meum.
2500 1731 2632 1797 Quia
2678 1721 2838 1799 igitur
2880 1721 3125 1795 iniquitas
3172 1730 3384 1783 inimica

1811 1803 1895 1867 est
1917 1796 2158 1862 juStitim,
2192 1799 2329 1852 Esau
2354 1803 2404 1853 in
2428 1796 2751 1854 discordiam
2780 1804 3096 1867 concitator,
3126 1811 3179 1854 et
3205 1814 3388 1851 necem

1814 1865 2513 1941 fraudulentusexcogitat,
2546 1870 2729 1925 dicens
2760 1875 2810 1925 iu
2844 1873 3005 1926 corde
3032 1865 3151 1932 suo,
3186 1873 3389 1941 Approg

1814 1938 2130 2005 pinquabunt
2168 1939 2276 1992 dies
2317 1938 2483 1993 luctus
2530 1942 2689 2000 patris
2730 1944 2847 2007 mei,
2887 1954 2941 1993 ut
2977 1944 3200 1994 occidam
3231 1938 3390 1992 Iacob

1814 2010 2026 2069 fratrem
2055 2014 2239 2061 meum.
2276 2009 2351 2064 Ita
2396 2021 2449 2065 et
2488 2013 2733 2066 diabolus
2766 2013 3068 2065 frntriridas
3095 2012 3308 2065 Iuda-os
3338 2010 3385 2061 itt

1812 2074 1944 2130 Cztin
1972 2088 2095 2131 ante
2128 2083 2522 2147 prmmeditaus,
2552 2086 2601 2133 in
2635 2082 2769 2135 Ean
2797 2082 3235 2136 manifestissime
3261 2095 3390 2133 con-

1816 2150 2030 2219 ίίίθῐιπτ
2063 2160 2274 2208 lemnus
2299 2167 2509 2219 quoque
2540 2153 2926 2207 interfectioms
2952 2152 3242 2207 oSIendens
3275 2166 3390 2200 uni-

1813 2218 1942 2270 IittrP.
1972 2236 2130 2286 quam
2162 2220 2331 2285 Judzyi
2364 2218 2721 2277 exercuerunt
2752 2225 2803 2277 in
2833 2225 3067 2279 CltriSto.
3094 2222 3345 2287 Sequitur
3376 2238 3388 2272 ε

1817 2289 1945 2362 Qua:
1967 2295 2162 2362 inmens
2185 2303 2232 2343 et
2252 2306 2434 2345 vocans
2455 2292 2615 2347 Jacob
2637 2295 2802 2362 filium
2825 2311 2993 2355 suum,
3015 2293 3143 2347 dixit
3164 2292 3231 2343 ad
3253 2308 3388 2355 eum,

1816 2359 1948 2413 Ecce
1978 2358 2119 2413 Esau
2148 2363 2305 2430 frater
2336 2375 2454 2417 tuus
2478 2358 2701 2417 minatur
2743 2376 2797 2419 ut
2829 2366 3027 2418 occirlat
3062 2374 3125 2418 te.
3157 2363 3391 2428 Quomo-

1816 2430 1886 2503 do
1916 2435 2228 2485 aununtiata
2261 2446 2381 2485 sont
2410 2438 2570 2487 verha
2608 2436 2746 2489 E<au
2777 2436 3059 2496 Rolteccm,
3085 2434 3222 2503 quod
3245 2447 3392 2485 com-

1816 2502 2049 2553 minatus
2085 2512 2170 2557 est
2203 2505 2456 2558 oet-idere
2487 2508 2705 2560 fratrem
2744 2522 2898 2560 suum
2922 2548 2935 2565 .
2964 2522 3081 2560 cum
3105 2502 3386 2571 Scriptura

1815 2571 1959 2624 dit'al
1993 2574 2091 2628 hoc
2128 2591 2248 2629 eum
2289 2577 2340 2628 itt
2382 2590 2475 2629 sua
2519 2577 2843 2639 cogitatione
2875 2578 3102 2640 dixisse,
3140 2576 3240 2628 nisi
3269 2573 3391 2637 quia

1820 2641 1944 2718 hinc
1978 2644 2137 2698 datur
2170 2648 2324 2700 nobis
2353 2648 2656 2718 intelligere
2694 2650 2833 2715 quod
2875 2647 3134 2700 divinitus
3164 2647 3210 2697 t-i
3244 2660 3393 2697 reve-

1821 2714 2069 2768 labantttr
2113 2719 2327 2769 omnia?
2376 2714 2551 2773 Untle'
2573 2730 2628 2772 et
2669 2714 2732 2771 ad
2781 2734 3031 2786 magnum
3079 2718 3390 2786 mysterium

1817 2788 2056 2851 pertinet
2079 2788 2219 2853 quod
2256 2790 2419 2841 lilitttn
2449 2804 2602 2843 suum
2641 2791 2904 2843 minorem
2941 2803 3035 2850 pro
3064 2786 3268 2852 majore
3296 2799 3392 2834 vn-

1818 2855 1919 2907 Ittit
1952 2858 2212 2910 benedici.
2244 2858 2497 2923 Sequitur
2531 2876 2544 2912 :
2584 2858 2736 2910 Nunc
2763 2875 2882 2923 ergo
2913 2858 3059 2915 audi,
3089 2855 3165 2923 ﬁli
3196 2855 3283 2915 mi,
3308 2867 3393 2905 ενο-

1817 2940 1929 2997 cem
1948 2942 2128 2986 meant,
2156 2938 2203 2978 et
2225 2918 2532 2997 consurgens
2560 2930 2677 2997 fuge
2697 2931 2765 2980 ad
2796 2918 2965 2980 Labda
2992 2918 3201 2997 fratrem
3229 2939 3394 2997 meum

1817 2994 1868 3047 in
1897 2993 2072 3051 Aram.
2103 2993 2449 3061 habitabisque
2473 2993 2583 3050 cum
2608 2993 2665 3050 eo
2693 3000 2801 3051 dies
2835 2993 3044 3063 pou/os,
3069 2995 3227 3048 donec
3248 2996 3394 3063 quie-

1816 3075 1924 3116 scat
1954 3065 2098 3131 furor
2144 3068 2317 3133 fratris
2347 3068 2450 3128 tui,
2494 3078 2539 3120 et
2577 3078 2731 3122 cesset
2764 3068 3051 3136 indignatio
3096 3067 3227 3131 eius,
3266 3064 3396 3116 obli-

1815 3136 2134 3208 viscaturque
2159 3152 2335 3189 eorum
2359 3153 2474 3207 qute
2500 3140 2664 3208 fecisti
2685 3140 2738 3191 in
2763 3153 2900 3201 eum,
2930 3147 2976 3191 et
2997 3146 3171 3207 postea
3198 3137 3395 3188 mittam

1819 3212 1866 3257 et
1894 3207 2147 3258 adducam
2173 3217 2217 3258 te
2242 3210 2359 3259 inde
2385 3207 2506 3262 huc.

1890 3275 2050 3349 (Cap.
2085 3277 2321 3333 XXVIII.
2351 3309 2417 3319 -—
2453 3280 2603 3333 Vers.
2636 3281 2657 3333 1
2689 3279 2874 3349 seqq.)
2907 3276 3215 3349 Voravitﬁque
3248 3276 3395 3329 Isaac

1816 3345 1999 3409 Iacob,
2030 3358 2077 3399 et
2102 3349 2385 3413 benedixit,
2420 3352 2750 3420 prtecrpitque
2779 3345 3039 3409 elidit-ens
3060 3391 3071 3404 .
3104 3347 3227 3400 Noli
3257 3349 3394 3420 acci-

1819 3434 1937 3491 pere
1959 3421 2227 3487 coniugem
2251 3422 2314 3473 de
2340 3437 2518 3491 genere
2551 3418 2830 3485 Chanaan;
2857 3422 2944 3475 sed
2974 3420 3101 3491 vade
3116 3460 3131 3483 ,
3156 3428 3203 3470 et
3232 3418 3393 3488 proﬁ-

1817 3490 2006 3562 ciscere
2026 3491 2076 3541 in
2098 3490 2152 3543 Μ
2158 3489 2519 3557 esopotamiam
2540 3495 2725 3562 Syriis,
2751 3494 2817 3545 ad
2841 3494 3047 3545 domum
3067 3489 3281 3562 Bathurl
3307 3506 3397 3562 ηιμ

1818 3560 1913 3632 tris
1943 3566 2121 3615 matris
2150 3572 2280 3625 tua),
2318 3572 2364 3616 et
2403 3560 2691 3632 arripe—tibi
2716 3565 2838 3616 inde
2868 3578 3077 3615 uxorein
3104 3561 3165 3613 de
3195 3560 3395 3627 filiabus

1819 3629 1994 3682 Laban
2023 3634 2263 3685 avunculi
2294 3642 2387 3685 tui.
2426 3629 2560 3687 Deus
2591 3647 2760 3686 autem
2781 3634 3100 3696 omnipotms
3136 3631 3395 3684 benedicat

1818 3701 1941 3773 tibi,
1974 3710 2020 3753 et
2055 3718 2277 3756 crescere
2316 3715 2361 3757 te
2408 3707 2559 3767 faciat
2607 3716 2756 3773 atque
2798 3703 3103 3767 miltiplicet
3124 3744 3136 3763 ,
3167 3711 3220 3752 ut
3248 3705 3317 3754 sis
3344 3704 3396 3753 in

1818 3771 1991 3823 turbas
2013 3773 2356 3841 populorum;
2383 3785 2427 3827 et
2452 3775 2535 3827 det
2558 3776 2644 3826 tibi
2669 3771 3039 3827 benedictionis
3072 3773 3327 3824 Abraham
3349 3783 3397 3823 ct

1817 3843 1997 3895 semini
2021 3854 2109 3895 tuo
2138 3854 2251 3913 post
2281 3856 2326 3897 te
2348 3886 2359 3901 .
2393 3855 2447 3897 ut
2476 3846 2735 3911 possideas
2770 3853 2955 3898 terram
2981 3842 3397 3912 peregrinationis

1821 3922 1922 3966 tua:
1945 3953 1959 3976 ,
1987 3929 2140 3982 quam
2183 3914 2441 3981 pollicitus
2472 3925 2543 3968 est
2574 3932 2667 3967 avo
2698 3924 2803 3968 tuo.
2845 3914 2977 3967 Hinc
3009 3914 3118 3977 jam
3151 3913 3397 3979 intelligi-

1823 3999 1944 4035 mus
1972 3998 2307 4052 segregatum
2338 4001 2522 4041 semeu
2554 3986 2723 4040 .Ia‘cob
2756 3987 2824 4040 ab
2851 3984 2957 4037 alio
2986 3983 3191 4036 semine
3226 3982 3394 4046 Isaac,

1819 4056 1958 4175 quod
1991 4054 2187 4108 factum
2219 4064 2302 4110 est
2335 4073 2427 4121 per
2460 4057 2598 4111 Esau
2627 4075 2637 4109 :
2664 4057 2875 4122 quando
2900 4056 3043 4109 enim
3067 4052 3267 4107 dictum
3292 4063 3393 4113 est,

1853 4142 1886 4175 η
1932 4125 2079 4175 Isaac
2122 4127 2384 4175 vocabitur
2414 4128 2502 4175 tibi
2546 4143 2715 4175 semen
2754 4127 2906 4175 (Gen.
2943 4128 3083 4175 nil.
3124 4128 3393 4175 pertinens

1853 4142 1886 4178 η
1932 4125 2079 4177 Isaac
2122 4127 2384 4180 vocabitur
2414 4128 2502 4181 tibi
2546 4143 2715 4181 semen
2754 4127 2906 4195 (Gen.
2943 4128 3083 4193 ιιι).
3124 4128 3395 4195 pertinens

1819 4210 1991 4265 usque
2028 4196 2095 4250 ad
2136 4198 2405 4251 civitatem
2451 4200 2565 4259 Dei.
2616 4193 2919 4263 separatum
2964 4207 3045 4249 est
3085 4196 3208 4249 inde
3251 4193 3391 4247 aliud

1818 4282 2034 4329 semen,
2069 4267 2210 4335 quod
2243 4280 2357 4322 erat
2388 4274 2441 4322 in
2472 4270 2682 4322 ancillae
2717 4270 2860 4331 lilio,
2897 4276 2950 4319 et
2980 4266 3120 4334 quod
3159 4265 3392 4317 futurum

1818 4348 1933 4391 erat
1968 4337 2019 4390 in
2054 4338 2174 4390 filiis
2203 4338 2474 4392 Cethurm.
2506 4340 2611 4393 Sed
2642 4339 2817 4393 adhuc
2842 4348 2955 4392 erat
2992 4339 3297 4405 ambiguum
3329 4338 3396 4387 de

1818 4406 2029 4462 duobus
2058 4407 2286 4473 geminis
2313 4408 2437 4462 filiis
2471 4410 2616 4462 Isaae
2639 4449 2651 4471 ,
2684 4425 2750 4460 :tn
2783 4409 2846 4461 ad
2882 4417 3198 4473 utrumque,
3230 4423 3297 4460 an
3330 4405 3393 4458 ad

1822 4492 1985 4529 unum
2032 4492 2217 4530 eorum
2267 4479 2357 4531 illa
2410 4479 2716 4531 benedictio
2766 4481 3086 4545 pertineret;
3138 4486 3192 4530 et
3237 4477 3281 4530 si
3330 4476 3396 4529 ad

1819 4562 1983 4599 unum
2036 4562 2247 4611 eorum,
2281 4550 2528 4616 quisnam
2578 4556 2719 4602 esset
2771 4551 3022 4607 illorum;
3072 4548 3213 4615 quod
3258 4562 3398 4601 nunc

1820 4616 2158 4671 declaratum
2187 4628 2292 4681 est,
2324 4633 2443 4670 cum
2480 4618 2794 4685 prophetice
2828 4630 2857 4670 a
2886 4629 3032 4681 patre
3064 4617 3401 4672 bent‘dlClIIll'

1819 4686 2007 4753 Jacob,
2039 4695 2096 4741 et
2119 4689 2316 4741 dicitur
2346 4690 2418 4751 ei,
2457 4688 2543 4741 Sis
2570 4690 2619 4740 in
2650 4689 2821 4741 turbas
2846 4689 3174 4753 papulorum,
3214 4698 3258 4741 et
3284 4704 3400 4757 po;-

1819 4758 1989 4810 sideas
2023 4758 2395 4811 benedictiones
2422 4760 2638 4812 Abraha:
2667 4760 2747 4811 avi
2776 4760 2869 4812 tui.
2912 4761 3193 4825 Quomodo
3227 4760 3403 4828 itaque

1818 4829 1985 4899 Jacob
2014 4829 2193 4882 fratris
2227 4830 2380 4883 dolos
2411 4830 2616 4899 fugiens
2644 4830 3079 4898 Mesopotamiam
3111 4830 3294 4893 tendit,
3332 4831 3401 4882 ita

1819 4909 1873 4953 et
1897 4898 2168 4961 Christus,
2192 4898 2502 4955 Judzrorutn
2535 4901 2913 4954 incredulitate
2934 4902 3265 4966 compulsus,
3287 4914 3405 4969 pro-

1822 4970 2077 5024 ﬁciscitur
2121 4973 2174 5024 in
2223 4971 2504 5025 Galila‘am
2527 5014 2540 5035 ,
2576 4970 2697 5023 inde
2733 4972 2832 5024 sibi
2871 4987 2936 5024 ex
2968 4972 3213 5033 gentibus
3242 4986 3404 5036 Spon-

1822 5056 1935 5093 sam
1968 5050 2286 5109 sumpturus
2321 5041 2615 5095 Ecclesiam
2648 5057 2662 5093 :
2694 5052 2749 5096 et
2778 5044 2914 5094 sicut
2941 5042 3108 5095 Jacob
3138 5042 3290 5095 dolos
3322 5040 3400 5093 fu-

1822 5112 1977 5180 giens
2018 5111 2228 5175 fratris,
2266 5113 2449 5167 relicta
2494 5115 2685 5176 domo,
2718 5112 2888 5181 pati-in
2930 5113 3016 5165 vel
3064 5112 3397 5178 parentibus,

1822 5182 1958 5236 abiit
1984 5184 2034 5235 in
2062 5184 2330 5253 regionem
2363 5184 2732 5251 longinquam,
2759 5193 2816 5237 ut
2841 5184 3111 5250 acciperet
3136 5184 3236 5235 sibi
3266 5197 3401 5235 uxo-

1822 5267 1939 5306 rem
1959 5293 1974 5316 ,
2012 5254 2084 5307 ita
2122 5262 2180 5308 et
2208 5254 2454 5307 Christus
2486 5255 2797 5320 relinquens
2829 5264 3079 5321 part-otes
3106 5253 3400 5307 secundum

1823 5337 2064 5384 carnem,
2088 5323 2139 5376 id
2168 5337 2272 5390 εει,
2294 5325 2547 5391 populum
2573 5324 2733 5377 Israel
2754 5334 2806 5377 et
2824 5326 3074 5389 patriam,
3096 5325 3145 5376 id
3163 5333 3263 5382 est.
3281 5324 3404 5377 Hie-

1829 5395 2159 5464 rosolymam
2194 5403 2249 5449 et
2278 5410 2467 5448 omnes
2485 5394 3116 5463 regioneandmtc.altiit
3136 5395 3398 5460 ingentes,

1826 5467 2096 5533 accipiens
2126 5464 2224 5518 sibi
2259 5465 2575 5523 Ecclesium.
2602 5474 2656 5516 ut
2689 5465 3003 5533 impleretur
3028 5466 3167 5532 quod
3199 5466 3399 5518 dit-tuin

1822 5545 1902 5590 est
1935 5552 2029 5601 per
2061 5540 2401 5604 prophetam,
2436 5535 2666 5605 Papulas
2694 5552 2841 5603 quem
2862 5553 2964 5589 non
2997 5536 3204 5605 cognovi
3247 5536 3399 5588 servi-

1822 5608 1893 5660 vit
1914 5608 2061 5672 mihi,
2075 5607 2322 5661 obauditu
2338 5609 2476 5660 auris
2492 5606 2748 5659 obaudivit
2768 5610 2908 5659 mihi.
2926 5605 3101 5676 (Psal.
3120 5613 3271 5673 xvu.)
3295 5606 3403 5660 Nos

1820 5688 1999 5732 autem
2029 5678 2262 5732 dicimus
2294 5694 2402 5731 non
2435 5677 2651 5733 venisse
2679 5678 2993 5742 Dominum,
3031 5679 3130 5732 nisi
3163 5678 3228 5730 ad
3269 5682 3400 5731 oves

1818 5748 2061 5819 perditas
2090 5750 2283 5808 domus
2312 5748 2497 5820 Israel,
2530 5764 2633 5807 nec
2662 5748 2908 5809 voluisse
2929 5763 3127 5818 panem
3153 5748 3400 5816 accipere
