3892 6294
2711 767 2989 776 ’““’·“““”“
3009 767 3192 776 ·““““““
3465 765 3476 808 l

2231 795 2910 804 ~___.__.___________.
3137 796 3380 802 .__*,,_

249 802 834 813 .M.________
1991 801 2097 811 ____

332 1169 456 1260 IN
523 1158 1153 1259 HOMILIAM
1212 1152 1359 1247 DE
1450 1151 2459 1247 RESURRECTIONE
2551 1150 3329 1246 MORTUORUM

1352 1692 1365 1700 -
1428 1645 2220 1829 MONITUM.

265 2522 386 2592 Quo
418 2530 662 2593 tempore
685 2519 829 2575 hanc
858 2518 1115 2575 habuerit
1134 2518 1417 2575 bomiliam
1441 2518 1788 2591 Cltrysosto:

195 2643 345 2690 mus,
374 2626 490 2698 ipse
519 2642 547 2680 a
581 2625 855 2697 principio
896 2639 998 2679 nec
1023 2623 1256 2680 obscure
1293 2623 1499 2679 indicat
1526 2622 1614 2679 bis
1655 2636 1778 2677 ver-

192 2735 299 2798 nis,
336 2736 471 2805 Περὶ
502 2735 785 2806 δογμάτων
811 2730 938 2804 ὑμῖν
962 2732 1270 2805 ἔμπροσθεν
1295 2732 1648 2804 διελέχθημεν
1679 2729 1775 2785 uel.

187 2841 292 2910 τῆς
323 2839 418 2894 τοῦ
444 2839 762 2911 μονογενοῦς
789 2838 920 2892 Υἱοῦ
957 2836 1051 2891 τοῦ
1093 2836 1228 2891 Θεοῦ
1271 2837 1450 2909 δόξης,
1487 2835 1775 2904 ἐπιστομις

187 2946 380 3012 ζὸντες
407 2946 534 3009 τοὺς
568 2942 966 3016 καθαιροῦντας
1007 2941 1173 2997 αὑτοῦ
1216 2943 1315 3013 τὴν
1346 2942 1523 3010 ἀξίαν,
1550 2946 1648 2999 καὶ
1677 2944 1774 3001 τοῦ

187 3049 583 3122 γεγεννηκότος
613 3048 776 3103 αὐτὸν
813 3046 1253 3120 ἀλλοτριοῦντας,
1302 3046 1378 3102 De
1424 3049 1549 3119 ﬁdei
1581 3057 1777 3105 nostra:

187 3154 553 3226 dogmatibus,
584 3153 747 3225 deque
776 3153 949 3226 gloria
978 3153 1239 3223 unigeniti
1276 3151 1411 3208 Filii
1441 3153 1541 3208 Dei
1566 3154 1776 3224 pridem

188 3260 335 3329 apud
363 3276 453 3313 vos
495 3258 867 3324 disseruimus,
934 3259 1238 3312 obturantes
1295 3274 1478 3312 eorum
1506 3272 1620 3326 ora,
1682 3260 1774 3329 qui

189 3367 417 3439 gloriam
450 3366 535 3419 illi
565 3365 890 3420 detrahunt:
950 3373 1000 3420 et
1029 3383 1063 3420 a
1100 3366 1332 3437 genitore
1396 3382 1492 3421 suo
1541 3366 1775 3423 alienum

190 3471 400 3524 dicunt.
443 3469 751 3526 Conciones
775 3486 905 3526 vero
932 3468 1087 3543 [ιω]
1117 3479 1307 3526 contra
1329 3470 1651 3539 Anommos,
1677 3473 1773 3545 qui

192 3575 424 3645 gloriam
475 3571 751 3646 Unigeniti
784 3573 1113 3632 labefactare
1148 3576 1451 3644 curabant,
1500 3578 1590 3635 hic
1622 3594 1779 3635 com-

196 3690 488 3746 memorat,
520 3695 659 3751 quas
687 3682 911 3737 ineunte
942 3696 1089 3738 anno
1145 3682 1250 3738 586
1303 3684 1559 3748 absolvit.
1628 3693 1689 3740 ut
1720 3686 1776 3742 in

194 3784 404 3839 ιιοηίιο
429 3784 497 3839 ad
528 3786 746 3841 easdem
773 3786 1145 3857 probavimus.
1191 3786 1329 3843 Hinc
1360 3804 1492 3845 vero
1525 3789 1780 3859 arguitur

193 3886 345 3944 hanc
363 3889 639 3944 ltomiliam
663 3889 767 3944 sub
790 3891 1012 3947 initium
1038 3892 1167 3947 anni
1183 3893 1287 3947 387
1307 3894 1552 3950 habitam
1578 3895 1773 3965 fuisse,

187 4004 250 4049 ct
284 3994 504 4065 quidem
541 4005 665 4051 ante
689 3993 1181 4068 Quadragcsimam
1220 3999 1370 4057 illius
1411 4001 1560 4070 anni,
1598 4018 1765 4074 quam

1882 2524 2053 2573 totam
2088 2514 2142 2572 in
2181 2517 2531 2589 dcplorandis
2576 2517 3044 2574 Antioclienorum
3084 2527 3207 2588 post
3244 2532 3464 2576 eversas

1885 2630 2095 2679 statuas
2123 2622 2533 2680 calamitatibus
2583 2623 2945 2694 consumpsit.
3006 2622 3142 2679 Vide
3194 2621 3461 2681 Monitum

1882 2728 1948 2782 ad
1976 2726 2230 2781 homilias
2263 2727 2383 2783 illas
2420 2727 2474 2782 in
2509 2727 2740 2799 hujusce
2775 2728 2904 2784 tomi
2936 2727 3225 2799 principio.

1955 2831 2197 2904 Hujusce
2223 2848 2388 2905 porro
2419 2836 2705 2892 concionis
2744 2846 3125 2908 argumentum
3158 2835 3212 2891 in
3237 2834 3466 2894 exordio

1879 2939 2073 2995 statuit
2108 2938 2166 2995 S.
2201 2938 2423 2996 Doctor.
2474 2941 2672 3012 Agitur
2716 2941 2784 2997 de
2839 2939 3265 2999 Rcsurrectione
3316 2956 3466 2997 more

1881 3054 2127 3111 tuorum,
2170 3046 2329 3116 cujus
2368 3046 2571 3102 veritas
2612 3048 2819 3118 passim
2850 3048 3160 3104 asseritur:
3207 3046 3275 3103 de
3309 3047 3465 3103 insti-

1886 3152 2085 3205 tuenda
2155 3152 2459 3207 secundum
2518 3152 2686 3207 Deum
2719 3153 2866 3209 vita:
2903 3154 2971 3210 de
3024 3154 3290 3210 adeundis
3335 3170 3464 3226 per-

1880 3271 2049 3328 pensa
2078 3256 2289 3326 pracmii
2325 3257 2703 3328 magnitudine
2754 3258 3035 3315 laboribus
3066 3278 3079 3315 :
3141 3260 3462 3316 nonnullam

1884 3364 2154 3420 bonorum
2181 3379 2410 3435 operum
2446 3367 2754 3423 mercedem
2784 3367 2949 3443 etiam
2982 3367 3037 3423 in
3080 3369 3183 3425 hac
3224 3369 3333 3425 vita
3367 3369 3465 3425 tri-

1879 3471 1997 3539 bui,
2037 3470 2196 3526 Pauli
2227 3473 2481 3544 exemplo
2540 3473 2950 3545 comprobatur.
2979 3474 3262 3532 Manicltaei
3295 3476 3459 3532 etiam

1880 3579 2060 3634 obiter
2088 3578 2462 3646 confutantur,
2497 3581 2591 3653 qui
2623 3596 2854 3654 corpora
2887 3591 2943 3640 et
2971 3592 3221 3645 naturam
3263 3585 3463 3643 buma-

1880 3696 2008 3738 nam
2045 3698 2141 3755 per
2168 3698 2228 3740 se
2267 3685 2467 3741 malam
2499 3701 2622 3742 esse
2650 3686 3073 3743 mentiebantur.

1952 3788 2465 3860 lnterpretationem
2519 3791 2713 3848 incerti
2760 3792 3048 3864 cujusdam
3100 3793 3226 3862 viri,
3277 3794 3462 3849 multis

1882 3892 1938 3948 in
1962 3906 1977 3917 κ
2004 3893 2145 3950 locis
2185 3897 2537 3968 castigatam,
2587 3913 2618 3953 e
2659 3896 2906 3970 regione
2943 3896 3115 3953 Graeci
3169 3905 3459 3954 contextus

1881 3997 2177 4056 edidimus.
2938 3992 2949 4001 ’

486 5938 754 6000 Pulice.
791 5940 906 6002 Gn.
943 5945 1008 6009 L.
1122 5932 1127 5938 ’
3186 5955 3213 6017 1
