3908 6300
143 392 247 446 ιιτ
280 400 365 445 ter

1151 392 1239 446 DE
1278 389 1860 448 RESURRECTIONE
1902 388 2366 447 HOKTUORUM.

3173 383 3279 438 H8
3312 393 3390 437 ter

150 633 3369 661 mw

1712 1401 1832 1475 DE

561 1934 1875 2069 BESURRECTIONE
1972 1842 2991 2067 MORTUORUM

1483 2532 2057 2640 HOMILIA.

232 4076 284 4131 Ι.
328 4075 516 4131 Futuri
557 4072 749 4145 judicii
791 4082 958 4129 metus
1005 4072 1078 4127 ad
1132 4072 1296 4127 vitam
1352 4070 1735 4127 instituendam

144 4190 331 4252 juvat.
360 4210 433 4219 —
468 4179 542 4233 De
572 4179 693 4235 ﬁdei
723 4187 926 4238 nostra:
965 4177 1325 4247 dogmatibus.
1356 4176 1531 4246 deque
1561 4174 1732 4246 gloria

152 4283 429 4355 unigeniti
470 4284 586 4338 Filii
634 4282 729 4337 Dei
784 4282 993 4351 pridem
1025 4282 1167 4351 apud
1205 4297 1301 4336 vos
1350 4281 1733 4345 disseruimus,

153 4391 483 4445 obturantes
512 4388 886 4444 haereticorum
943 4405 1056 4452 ora,
1094 4386 1187 4457 qui
1242 4386 1464 4457 gloriam
1509 4387 1587 4441 illi
1638 4388 1737 4442 de-

156 4496 413 4558 trahunt,
447 4501 501 4547 et
537 4509 565 4546 a
596 4492 852 4547 Genitore
896 4508 995 4546 suo
1046 4492 1193 4546 illum
1227 4492 1463 4546 alienum
1504 4492 1692 4547 dicunt
1720 4510 1735 4547 :

157 4599 327 4654 hodie
362 4597 432 4652 de
462 4598 722 4659 moribus,
764 4598 940 4667 deque
989 4598 1097 4651 vita
1151 4597 1483 4653 instituenda
1527 4614 1739 4653 sermo-

159 4722 289 4761 nem
319 4704 375 4758 in
406 4703 642 4759 medium
668 4704 862 4759 all‘erre
895 4712 949 4758 et
978 4704 1031 4757 in
1058 4720 1254 4775 genere
1298 4704 1591 4761 admonere
1641 4705 1739 4762 de-

157 4810 458 4867 crevimus.
512 4809 622 4863 lmo
690 4823 870 4863 sermo
930 4824 1039 4863 non
1109 4810 1327 4865 moralis
1379 4810 1583 4878 solum,
1646 4814 1739 4869 sed

162 4916 331 4971 etiam
384 4914 719 4985 dogmaticus
766 4914 911 4967 erit:
946 4919 1165 4981 paratus
1199 4910 1346 4968 enim
1393 4930 1536 4979 sum,
1579 4925 1640 4971 ut
1674 4917 1741 4972 ad

161 5020 451 5075 materiam
478 5017 564 5073 de
592 5018 986 5072 resurrectione
1024 5018 1371 5073 descendam.
1425 5018 1577 5087 Quod
1615 5035 1743 5075 sane

162 5131 551 5197 argumentum
587 5124 795 5177 varium
848 5130 931 5176 est
980 5130 1036 5176 et
1065 5121 1347 5192 copiosum
1378 5141 1390 5175 :
1426 5138 1548 5177 nam
1583 5132 1638 5177 et
1690 5124 1744 5177 in

160 5230 254 5297 iis,
286 5246 409 5301 quae
444 5229 568 5285 ﬁdei
596 5237 747 5294 sunt,
790 5244 891 5283 nos
938 5228 1137 5300 dirigit,
1186 5236 1242 5282 et
1287 5229 1453 5283 vitam
1502 5241 1743 5285 nostram

161 5333 472 5404 componit,
512 5339 569 5387 et
618 5333 856 5388 divinam
911 5331 1309 5403 providentiam
1367 5334 1436 5388 ab
1490 5318 1787 5390 omnibus

162 5438 654 5494 calumniatoribus
709 5438 966 5493 vindicat.
998 5433 1065 5493 Et
1113 5438 1565 5508 quemadmodum
1621 5457 1744 5497 cum

166 5560 280 5599 non
323 5543 594 5604 creditur,
644 5542 809 5597 vitam
861 5552 1101 5597 nostram
1140 5544 1428 5609 subvertit,
1485 5546 1748 5616 malisque

167 5649 444 5703 sexcentis
476 5647 683 5715 implet,
716 5662 933 5702 sursum
975 5648 1339 5718 deorsumque
1378 5650 1535 5706 factis
1574 5654 1747 5707 omni-

1838 4066 1942 4125 bus
1968 4086 1981 4124 :
2010 4069 2082 4126 ita
2105 4086 2227 4126 cum
2255 4069 2514 4137 creditur,
2552 4070 2947 4141 providentiam
2975 4071 3163 4130 multis
3181 4073 3406 4130 rationi-

1837 4175 1942 4230 bus
1963 4175 2215 4240 adstruit,
2231 4184 2285 4231 et
2310 4190 2410 4229 nos
2430 4175 2497 4229 ad
2512 4174 2824 4246 diligentem
2841 4176 3059 4232 virtutis
3080 4193 3266 4233 curam
3288 4193 3410 4249 pro—

1841 4287 2044 4343 movet,
2078 4278 2204 4333 vitia
2239 4293 2434 4349 magno
2478 4278 2662 4333 studio
2689 4280 2930 4351 expellit,
2966 4282 3146 4337 omnia
3178 4282 3413 4354 denique

1840 4358 2231 4452 tranquillitate
2254 4384 2492 4453 complet
2529 4398 2592 4437 ac
2621 4400 2774 4454 pace.
2808 4386 3044 4452 Etenim,
3072 4396 3133 4441 ut
3158 4388 3305 4443 nulla
3337 4388 3409 4442 illi

1839 4487 2062 4543 virtutis
2093 4503 2221 4544 cura
2245 4497 2350 4552 est,
2374 4488 2466 4557 qui
2505 4490 2964 4545 resurrectionem
2985 4507 3095 4546 non
3112 4499 3413 4563 exspectat.

1839 4596 2042 4666 quique
2084 4595 2257 4650 credit
2300 4610 2360 4649 se
2397 4610 2507 4648 non
2557 4595 2890 4651 redditurum
2934 4596 3200 4653 rationem
3243 4598 3310 4652 de
3350 4596 3415 4651 iis

1840 4718 1960 4772 quae
1973 4701 2063 4756 hic
2077 4710 2333 4771 operatus
2354 4710 2457 4767 est,
2476 4701 2570 4757 sed
2587 4702 2840 4771 opinatur
2860 4718 2949 4756 res
2968 4711 3183 4757 nostras
3207 4711 3413 4757 tantum

1843 4806 1985 4861 inter
1998 4815 2258 4877 angustos
2274 4806 2558 4876 praesentis
2569 4807 2691 4861 vitae
2711 4806 2910 4862 limites
2927 4808 3215 4871 contineri,
3236 4823 3430 4877 neque.

1843 4912 1983 4966 ultra
2019 4927 2077 4967 se
2102 4912 2397 4967 extendere
2425 4930 2438 4965 :
2465 4912 2738 4981 quomodo
2783 4912 2930 4968 enim
2958 4912 3174 4968 virtutis
3207 4913 3311 4968 ulla
3366 4913 3415 4967 ei

1844 5033 1971 5073 cura
1999 5025 2162 5081 esset,
2196 5018 2286 5087 qui
2320 5017 2522 5072 nullam
2550 5017 2795 5073 laborum
2846 5019 3261 5075 retributionem
3312 5019 3416 5074 sibi

1848 5122 2139 5192 repositam
2171 5123 2484 5194 exspectat?
2503 5138 2681 5192 neque
2701 5139 2927 5194 peccare
2948 5124 3180 5189 desinet,
3213 5133 3268 5177 et
3291 5138 3416 5178 cum

1848 5227 1980 5281 nihil
2010 5228 2390 5297 suppliciorum
2422 5227 2705 5282 imminere
2730 5227 2843 5283 suis
2868 5228 3009 5283 male
3029 5228 3165 5282 actis
3194 5225 3415 5290 credat;

1847 5334 2114 5405 permittit
2129 5350 2248 5390 sese
2267 5334 2425 5391 {mdis
2439 5336 2922 5407 concupiscentiis,
2941 5344 2995 5391 et
3012 5334 3065 5390 in
3082 5333 3287 5390 nullum
3302 5348 3415 5387 non

1848 5440 2102 5512 peccandi
2122 5457 2293 5512 genus
2311 5441 2439 5496 ruit.
2459 5440 2533 5496 lta
2555 5450 2609 5496 et
2626 5442 2716 5512 qui
2738 5442 2837 5497 sibi
2862 5440 3152 5512 persuadet
3169 5438 3416 5493 futurum

1848 5546 2137 5617 aliquando
2160 5546 2446 5616 judicium,
2476 5558 2533 5602 et
2560 5557 2685 5602 ante
2727 5547 2914 5601 oculos
2949 5542 3137 5599 statuit
3170 5542 3414 5598 terribile

1851 5652 1981 5705 illud
2015 5651 2266 5719 tribunal,
2302 5661 2358 5706 et
2398 5651 2806 5707 indeclinabiles
2834 5649 3330 5719 expostulationes,
3364 5657 3419 5702 et
