3908 6300
479 439 582 495 ιοο

470 549 826 606 mevitabilem
872 547 1185 603 sententiam
1224 564 1238 601 :
1268 547 1312 601 is
1350 545 1522 600 modis
1552 544 1796 597 omnibus
1830 540 2050 596 conabi-

471 655 576 704 tur,
607 651 663 696 ut
705 638 917 694 studeat
945 637 1308 706 temperantiae
1350 645 1404 691 et
1452 634 1684 705 a-quituti
1729 642 1888 702 atque
1936 629 2056 684 aliis

471 731 773 798 virtutibus,
803 739 858 785 et
901 729 1117 800 effugiat
1163 727 1642 796 intemperantiam,
1705 722 2053 778 temeritatem

471 822 753 892 unmiaque
798 820 900 874 alia
943 820 1066 873 vitia
1098 838 1111 873 ;
1146 818 1335 886 hieme
1386 816 1579 888 peterit
1626 829 1812 883 magna
1860 813 2056 865 virtute

470 915 731 985 repellere
759 928 876 980 eos,
923 912 1012 980 qui
1060 910 1295 964 divinam
1340 907 1727 962 calumniantur
1772 903 2055 975 providen—

472 1007 597 1060 tiam
608 1046 619 1059 .

547 1095 872 1149 Providentia
896 1093 991 1147 Dei
1012 1093 1315 1164 defenditur.
1374 1119 1444 1129 -—
1498 1086 1703 1143 Etenim
1756 1100 1883 1139 vero
1934 1099 2060 1136 sum

474 1187 740 1252 nonnulli,
767 1186 855 1257 qui
884 1185 972 1240 ubi
1000 1184 1232 1239 viderim
1268 1190 1544 1235 mansuete
1571 1188 1622 1232 ct
1652 1186 1795 1231 caste
1822 1183 1876 1229 et
1914 1175 2059 1242 juste

475 1283 713 1334 viventes
742 1278 1020 1332 modestiis
1056 1285 1108 1330 et
1155 1272 1435 1329 calumniis
1484 1271 1673 1340 premi,
1703 1269 1787 1322 vix
1810 1259 2058 1321 necessa-

475 1374 608 1425 rium
657 1372 851 1425 victum
904 1368 1134 1434 habere,
1166 1381 1309 1435 sa'pe
1350 1364 1507 1417 etiam
1563 1361 1748 1415 morbo
1796 1359 1954 1429 longo
2006 1367 2060 1410 et

476 1464 620 1532 gravi
643 1462 947 1517 valetudine
971 1458 1251 1521 macerari,
1282 1464 1334 1511 et
1362 1457 1413 1508 in
1441 1468 1645 1508 summa
1664 1494 1678 1514 ,
1704 1451 1850 1506 omni
1875 1464 2060 1504 carere

474 1555 747 1617 subsidio;
791 1562 845 1607 et
884 1568 913 1607 e
955 1552 1168 1606 diverso
1192 1549 1462 1604 malelicos
1483 1555 1536 1601 et
1567 1547 1792 1617 pollutus
1819 1543 2061 1596 homines

474 1648 737 1716 planeque
759 1644 1049 1714 flagitiosus
1076 1641 1300 1696 afﬂuere
1335 1640 1565 1705 divitiis,
1597 1624 1854 1703 deliciari,
1882 1634 2062 1690 nitidis

473 1739 712 1794 Vestibus
742 1737 966 1803 amiciri,
996 1734 1410 1790 domesticorum
1435 1747 1624 1801 agmen
1661 1734 1776 1800 post
1797 1744 1854 1784 se
1881 1726 2061 1781 trahe-

473 1846 554 1898 re,
579 1832 628 1885 in
653 1828 1000 1885 admiratione
1028 1842 1167 1893 esse,
1212 1826 1549 1897 magistratus
1591 1838 1773 1894 gerere
1797 1863 1810 1883 ,
1843 1821 2061 1874 mulam

483 1924 621 1993 apud
673 1921 1053 1990 Imperatorem
1103 1917 1347 1974 fiduciam
1395 1914 1612 1979 habere,
1665 1928 1786 1971 mox
1830 1910 2061 1969 divinam

479 2022 707 2085 arguunt
731 2010 1136 2082 providentimu,
1171 2020 1224 2065 et
1253 2007 1435 2062 dicunt
1471 2023 1482 2058 :
1519 2004 1742 2061 Ubinam
1777 2003 2064 2072 providen-

472 2105 550 2158 tia
577 2105 698 2160 illa?
723 2112 813 2157 aut
844 2102 931 2157 ubi
950 2101 1152 2171 justum
1175 2097 1476 2168 judicium?
1498 2096 1707 2150 sobrius
1734 2106 1787 2149 et
1810 2096 2063 2147 innocens

479 2196 620 2250 male
651 2195 832 2260 habet,
862 2195 1223 2262 intemperans
1253 2200 1305 2243 et
1348 2198 1626 2257 corruptus
1665 2185 1887 2241 feliciter
1911 2186 2019 2254 ag't
2046 2201 2060 2235 :

477 2297 532 2341 et
559 2287 645 2341 hic
673 2287 886 2356 quidem
908 2282 1247 2338 admirationi
1268 2288 1369 2345 est,
1402 2280 1486 2334 ille
1514 2295 1639 2333 vero
1672 2278 1899 2332 ludibrio
1934 2294 1945 2329 :
1978 2275 2064 2328 hic

475 2381 637 2434 variis
663 2379 854 2432 fruitur
878 2376 1082 2431 deliciis
1102 2417 1116 2440 ,
1145 2375 1234 2428 ille
1263 2384 1439 2427 autem
1470 2372 1624 2441 inops
1661 2370 1915 2425 extremis
1949 2383 2066 2438 pes-

480 2469 761 2524 sumdatur
786 2465 1157 2521 incommodis.
1196 2464 1331 2517 Tum
1376 2463 1533 2532 igitur
1560 2463 1601 2515 is
1623 2503 1637 2524 ,
1670 2461 1757 2530 qui
1786 2458 1852 2514 de
1881 2459 2066 2512 futuris

475 2560 701 2620 dubitat,
749 2558 1189 2613 conticescetzat
1232 2556 1322 2625 qui
1378 2555 1446 2609 de
1501 2554 1893 2608 resurrectione
1930 2552 2067 2609 bene

478 2651 741 2716 senserit,
768 2658 822 2703 et
854 2647 1123 2718 sapienter
1147 2646 1416 2715 disputare
1448 2644 1689 2711 noverit,
1720 2643 1870 2697 facile
1916 2641 2068 2711 quid-

476 2742 603 2811 quid
635 2741 684 2795 id
721 2750 802 2794 cst
830 2739 1172 2808 blaSphemia:
1197 2737 1393 2803 diluet,
1418 2746 1472 2791 et
1505 2737 1610 2790 illis
1634 2746 1738 2790 tam
1764 2732 2091 2794 SliilﬂﬂChik‘

480 2833 657 2888 bunde
685 2832 1074 2902 disputantibus
1101 2830 1240 2886 dicet
1273 2847 1287 2884 :
1321 2830 1651 2899 Compescitc
1694 2829 1927 2898 linguam
1971 2842 2065 2882 ve-

479 2936 668 2991 stram,
719 2932 773 2978 ct
820 2924 1076 2978 adversus
1132 2922 1320 2989 Deum,
1372 2923 1460 2993 qui
1507 2936 1604 2977 vos
1657 2921 1799 2988 fecit,
1843 2935 1962 2975 eam
2000 2934 2069 2975 ne

477 3018 823 3072 exacueritis.
865 3016 980 3070 Non
1022 3015 1166 3071 enim
1211 3028 1297 3069 res
1327 3024 1521 3068 nostrre
1548 3014 1599 3067 in
1632 3013 1731 3067 hac
1759 3012 1929 3066 solum
1962 3012 2068 3065 vita

482 3112 699 3176 durant,
728 3110 819 3165 sed
844 3108 1157 3165 festinamus
1185 3107 1252 3162 ad
1282 3106 1440 3162 vitam
1480 3107 1640 3161 aliam
1670 3106 1838 3161 multo
1867 3106 2068 3175 longio-

482 3222 618 3270 rem,
666 3205 772 3259 imo
812 3205 972 3259 finem
1021 3203 1240 3257 minime
1284 3200 1596 3262 habentem;
1637 3209 1692 3254 et
1730 3198 1799 3254 ibi
1853 3199 2070 3253 omnino

483 3316 682 3369 pauper
707 3300 835 3363 iste,
861 3297 948 3367 qui
974 3296 1118 3366 juste
1149 3293 1304 3359 vivit,
1333 3293 1574 3346 laborum
1621 3304 1838 3346 suorum
1866 3304 2074 3345 merce-

483 3394 605 3447 dem
634 3399 947 3460 accepturus
968 3398 1048 3443 est
1076 3404 1089 3440 :
1119 3388 1481 3455 intemperans
1509 3393 1685 3438 autem
1713 3393 1770 3438 et
1796 3382 2101 3460 maleﬁcus.

482 3481 702 3537 malitiae
728 3495 840 3536 sua:
869 3478 1170 3547 illicitreque
1195 3475 1478 3545 voluptatis
1505 3475 1723 3529 daturus
1753 3483 1837 3529 est
1861 3487 2067 3544 poenas.

483 3573 714 3630 Proinde
744 3587 849 3628 non
867 3587 898 3628 a
922 3572 1274 3644 przesentibus
1304 3568 1475 3624 solum
1502 3567 1570 3623 de
1588 3567 1764 3623 divina
1783 3567 2070 3638 providen-

487 3669 557 3720 tia
580 3664 896 3720 seatentiam
928 3663 1181 3726 feramus,
1214 3660 1309 3716 sed
1333 3662 1539 3715 etiama
1571 3659 1761 3715 futuris
1794 3674 1808 3711 :
1839 3674 2085 3729 prmsen—

485 3758 554 3811 tia
580 3762 850 3811 certamen
880 3753 1146 3825 quoddam
1178 3756 1323 3818 sunt,
1372 3760 1426 3807 et
1465 3752 1694 3817 labores,
1725 3759 1780 3806 et
1806 3751 2069 3816 stadium;

487 3847 661 3900 futura
689 3860 816 3900 vero
865 3845 1105 3915 praemia,
1152 3858 1384 3909 eoronze,
1431 3851 1485 3898 et
1520 3842 1723 3897 bravia.
1762 3842 1912 3897 Sicut
1945 3857 2074 3911 ergo

485 3938 699 3991 athleta:
727 3936 778 3990 in
807 3935 1036 4001 theatro,
1063 3942 1119 3990 et
1153 3937 1203 3988 in
1232 3933 1426 3989 sudore
1446 3975 1461 4001 ,
1498 3943 1551 3988 et
1580 3935 1829 4003 pulvere,
1861 3942 1913 3987 et
1941 3942 2072 3985 aestu

485 4028 673 4093 multo,
705 4036 758 4082 et
792 4025 1065 4081 laboribus
1107 4035 1159 4082 et
1188 4024 1441 4080 aerumnis
1482 4024 1818 4095 pugnandum
1849 4034 1931 4078 est
1962 4039 1978 4076 :
2005 4024 2073 4076 ita

484 4130 541 4175 et
558 4118 761 4187 justum
792 4117 879 4171 hic
908 4116 1073 4171 multa
1099 4116 1366 4171 sustinere
1389 4121 1618 4183 oportet,
1648 4122 1703 4168 et
1728 4112 1866 4167 ferre
1894 4113 2071 4166 om‘nia

485 4210 733 4277 viriliter,
756 4209 1019 4280 siquidem
1044 4208 1329 4279 praeclaras
1351 4207 1459 4261 illic
1477 4214 1794 4274 accepturus
1822 4214 1902 4258 est
1921 4218 2079 4258 coro-

482 4317 608 4359 nas.
652 4302 718 4357 Et
763 4301 807 4355 si
830 4310 956 4357 sunt
984 4300 1245 4365 nonnulli,
1283 4312 1416 4368 quos
1467 4297 1741 4366 perturbat
1793 4295 2075 4365 impiormn

492 4394 715 4450 felicitas
739 4434 753 4459 ,
787 4392 839 4446 hi
871 4407 1049 4448 secum
1078 4392 1428 4464 perpendam,
1459 4387 1601 4458 quod
1627 4387 2075 4458 quemadmodum

475 4495 545 4539 ~et
564 4484 819 4550 latrones,
866 4491 921 4537 et
952 4481 1317 4552 sepulcrorum
1363 4478 1666 4546 ell'ossores,
1690 4488 1743 4533 et
1772 4477 2074 4545 hoinieidas,

475 4587 545 4631 et
568 4577 750 4646 pirata:
778 4575 1081 4645 priusquam
1103 4572 1167 4626 ad
1190 4570 1422 4642 iudicem
1449 4570 1721 4625 trahantur
1740 4613 1753 4633 ,
1786 4570 1963 4625 multis
1984 4571 2078 4625 de-

493 4668 628 4721 liciis
655 4665 903 4721 fruuntur
929 4707 944 4732 ,
978 4673 1032 4718 et
1059 4679 1126 4717 ex
1158 4662 1328 4717 aliena
1359 4661 1659 4716 calamitate
1698 4678 1846 4715 suam
1876 4662 2074 4716 conslia

490 4767 705 4813 tuentes
723 4755 1138 4823 abundantiam,
1169 4753 1487 4823 injustisque
1515 4754 1707 4823 Opibus
1734 4752 2075 4823 locupletati,

493 4848 733 4920 quotidie
752 4847 1120 4912 iuebriantur;
1153 4845 1242 4901 ubi
1293 4853 1469 4900 autem
1512 4845 1706 4914 judicis
1759 4847 2077 4899 sententiam

494 4943 778 5010 subibunt,
806 4941 1043 4997 minium
1084 4940 1295 4995 illum
1342 4940 1493 4995 luent
1545 4955 1757 5010 pinnam
1787 4955 1801 4994 ε
1828 4942 1898 4996 ita
1926 4950 1978 4995 et
2005 4939 2079 4994 illi

491 5034 582 5104 qui
598 5043 777 5090 scorta
795 5041 1121 5099 mercantur,
1143 5040 1200 5088 et
1218 5030 1542 5103 Sybaritieas
1557 5048 1766 5088 mensas
1790 5032 2081 5097 instruunt,

496 5135 553 5183 et
574 5124 861 5197 supercilia
882 5123 1176 5196 surrigunt,
1204 5134 1258 5180 et
1279 5122 1418 5181 fastu
1444 5124 1497 5178 in
1521 5123 1639 5180 foro
1655 5124 1797 5193 pleni
1819 5137 2083 5193 pauperes

494 5219 845 5290 opprimunt;
874 5218 1085 5289 quando
1105 5218 1406 5288 unigenitus
1434 5218 1526 5272 Dei
1553 5216 1721 5273 Filius
1766 5215 1939 5272 aderit
1960 5231 2082 5269 cum

494 5311 698 5382 angelis
721 5312 867 5376 suis,
893 5318 951 5365 et
983 5309 1176 5366 sedens
1212 5326 1371 5379 super
1403 5308 1651 5363 thronum
1680 5308 1861 5374 illum,
1899 5307 2082 5361 orbem

492 5414 764 5457 terrarum
804 5401 857 5456 in
907 5402 1138 5456 medium
1191 5401 1472 5456 adduxerit
1508 5418 1519 5453 :
1556 5411 1679 5454 tunc
1705 5399 1830 5452 nudi
1859 5408 1911 5453 et
1941 5401 2085 5453 omni

498 5511 598 5550 suo
620 5495 905 5565 splendore
932 5494 1169 5551 destituti
1196 5495 1547 5560 adducentur,
1578 5503 1632 5546 et
1658 5492 1859 5545 nullum
1887 5492 1967 5546 vel
1995 5491 2088 5546 ad-

490 5597 742 5641 vocatum
764 5628 779 5653 ,
812 5587 896 5643 vel
937 5598 1219 5658 patronum
1263 5586 1520 5640 habentes
1548 5626 1562 5648 ,
1596 5583 1796 5653 absque
1840 5585 1990 5639 venia
2035 5584 2087 5638 in

484 5679 685 5751 igneos
703 5678 891 5737 fluvios
910 5681 1275 5752 projicientur.
1302 5679 1636 5748 Quapropter
1657 5693 1828 5749 neque
1844 5677 1942 5734 hos
1963 5679 2091 5734 hea-

490 5784 584 5832 tos
611 5773 813 5831 dixeris
839 5776 907 5830 ob
937 5781 1229 5845 praesentes
1256 5771 1475 5826 delicias
1495 5813 1509 5835 ,
1542 5770 1634 5826 sed
1669 5772 1842 5842 potius
1870 5770 2008 5827 defle
2037 5780 2092 5827 et

492 5864 720 5936 deplora
746 5866 816 5921 ob
846 5864 1020 5920 futura
1044 5862 1311 5936 supplicia
1336 5880 1354 5930 ;
1385 5879 1555 5934 neque
1576 5863 1781 5936 justum
1811 5864 1957 5920 illum
1989 5864 2086 5919 mi-

1224 434 1283 489 S.
1323 429 1597 489 JOANNlS
1623 424 2097 485 CllllYSOSTOMl
2138 424 2454 480 AliCllilif’.
2497 422 3034 481 CONSTANTINOP.

3642 422 3752 476 4‘20

2117 537 2121 540 ’
2166 553 2344 592 serum
2374 537 2756 592 existimaveris
2783 539 2852 593 ob
2878 545 3190 609 praesentem
3219 545 3581 607 paupertatem
3608 580 3624 603 ,
3654 542 3752 594 sed

2159 646 2258 700 pro
2289 631 2444 685 beato
2474 630 2608 684 habe
2635 631 2705 682 ob
2732 631 3117 699 subsequentes
3145 630 3409 685 bonorum
3433 630 3664 698 divitias,
3694 645 3752 687 et

2160 722 2213 775 in
2241 731 2332 776 tuo
2356 721 2534 776 animo
2556 736 2853 777 sermonem
2878 722 3017 776 hunc
3038 721 3105 778 de
3127 724 3516 778 resurrectione
3537 723 3748 778 radices

2161 828 2319 881 agere
2344 828 2471 868 cura
2502 831 2514 863 :
2546 820 2601 866 ut
2632 814 2673 866 si
2706 812 2874 867 bonus
2900 814 3066 868 fueris
3095 822 3150 869 et
3188 814 3446 880 tenteris,
3480 814 3754 882 probatior

2160 904 2374 967 evadas,
2402 904 2763 975 ntajoremque
2794 905 3119 962 alacritatem
3147 921 3242 976 per
3268 921 3416 978 spem
3446 907 3755 960 futurorum

2161 998 2390 1065 accipias
2416 1016 2427 1050 :
2453 1000 2533 1052 sin
2563 998 2730 1052 malus
2753 1041 2768 1065 ,
2802 1013 2831 1053 a
2862 999 3061 1053 malitia
3087 998 3316 1054 desistas
3338 1040 3354 1065 ,
3383 1007 3439 1054 et
3465 998 3755 1053 continen-

2162 1089 2264 1141 tior
2291 1088 2385 1143 fias
2413 1089 2481 1143 ob
2509 1089 2751 1144 timorem
2781 1088 2937 1145 futuri
2965 1091 3228 1162 supplicii.

2231 1180 2285 1233 2.
2321 1179 2520 1236 Idcirco
2547 1193 2598 1237 et
2630 1182 2824 1238 Paulus
2849 1182 2915 1238 de
2942 1184 3331 1239 resurrectione
3353 1182 3505 1238 nobis
3523 1182 3757 1239 subinde

2161 1271 2323 1325 verba
2353 1270 2496 1339 facit,
2526 1272 2974 1341 quemadmodum
3004 1283 3058 1328 et
3089 1274 3249 1328 hodie
3276 1274 3550 1329 audivistis
3576 1275 3756 1344 ipsum

2160 1362 2513 1427 clamantem,
2546 1372 2599 1418 et
2623 1363 2887 1419 dicentem
2919 1384 2931 1418 :
2962 1365 3162 1420 Scimus
3188 1366 3318 1419 enim
3346 1365 3483 1434 quod
3514 1366 3560 1419 si
3598 1375 3758 1419 terre-

2162 1464 2263 1510 stre
2295 1466 2520 1511 nostrum
2555 1456 2864 1511 domicilium
2897 1457 3208 1511 tabernaculi
3235 1459 3387 1526 huius
3422 1458 3751 1521 dissolvatur,

2164 1547 2366 1602 donmm
2391 1563 2454 1601 ea:
2478 1546 2585 1602 Deo
2609 1548 2845 1602 habemus
2881 1565 2980 1601 non
3009 1552 3352 1620 manufactam
3370 1591 3384 1615 ,
3414 1559 3672 1612 retentant,
3700 1550 3758 1601 in

2163 1641 2297 1695 aulis
2322 1637 2396 1710 (‘2.
2422 1639 2537 1693 Cor.
2563 1639 2615 1694 5.
2640 1640 2715 1709 l).
2749 1638 2858 1693 lmo
2885 1640 3043 1693 altius
3069 1654 3369 1695 sermonem
3398 1640 3674 1706 ducamus,
3697 1649 3758 1694 et

2164 1730 2439 1785 videamus
2484 1730 2751 1799 quomodo
2801 1730 2852 1786 in
2899 1745 3200 1786 sermonem
3245 1731 3313 1787 de
3361 1732 3760 1787 resurrectione

2165 1821 2430 1877 inciderit.
2458 1821 2637 1891 Neque
2665 1821 2804 1877 enim
2837 1822 3149 1892 simpliciter
3176 1839 3346 1890 neque
3375 1823 3591 1878 fortuito
3617 1824 3758 1879 hanc

2165 1912 2318 1967 nobis
2347 1912 2542 1967 aff‘erre
2571 1912 2708 1969 solet
2733 1912 3029 1971 doctrinam
3062 1932 3077 1968 :
3105 1913 3197 1969 sed
3227 1914 3350 1983 quia
3379 1913 3535 1967 simul
3562 1914 3760 1968 docere

2164 2006 2277 2065 vult
2305 2022 2422 2075 qtae
2449 2006 2619 2065 futura
2665 2016 2788 2065 sunt
2819 2049 2833 2073 ,
2867 2015 2922 2067 et
2950 2005 3174 2068 athletas
3202 2007 3411 2075 pietatis
3436 2005 3762 2061 coulirmaro

2167 2098 2361 2152 studet.
2391 2097 2540 2151 Nunc
2569 2097 2778 2166 quidem
2809 2098 2974 2168 gratia
3007 2097 3101 2152 Dei
3130 2098 3293 2151 multa
3327 2112 3457 2166 pace
3487 2096 3710 2151 fruimur
3738 2114 3754 2147 :

2165 2193 2362 2247 etenim
2413 2193 2764 2261 Imperatores
2808 2195 2943 2261 piam
2989 2192 3298 2261 religionem
3346 2201 3659 2255 sectantur,
3699 2202 3757 2244 et

2169 2286 2437 2353 principes
2456 2285 2725 2338 veritatem
2746 2294 3093 2352 agnoverunt,
3117 2295 3171 2338 et
3193 2283 3394 2353 populi,
3417 2294 3469 2338 et
3492 2283 3756 2346 civitates,

2167 2390 2216 2433 et
2241 2392 2426 2450 gentes
2448 2379 2717 2433 erroribus
2738 2378 2967 2441 liberati,
2991 2377 3260 2431 Christum
3283 2391 3470 2432 oumes
3489 2377 3711 2431 adorant
3740 2393 3754 2428 :

2171 2480 2295 2524 tunc
2336 2479 2512 2524 autem
2563 2470 2614 2523 in
2656 2469 2914 2539 principio
2956 2469 3347 2539 praedicationis
3373 2511 3387 2534 ,
3425 2484 3544 2523 cum
3588 2483 3762 2537 nuper

2170 2561 2379 2641 pietatis
2415 2562 2618 2621 semina
2654 2562 2794 2630 jacta
2834 2568 3012 2615 essent
3036 2601 3050 2623 ,
3083 2576 3330 2630 maguum
3373 2560 3612 2630 praelium
3643 2570 3762 2614 erat

2171 2642 2552 2726 multiplexque
2592 2670 2654 2709 ac
2693 2656 2920 2708 varium.
2970 2654 3099 2709 Nam
3131 2654 3397 2724 principes
3426 2664 3478 2708 et
3515 2668 3669 2723 reges
3703 2664 3763 2708 et

2170 2745 2445 2800 domestici
2477 2757 2529 2801 et
2572 2748 2782 2817 Cognati
2814 2756 2862 2801 et
2896 2762 3080 2801 omnes
3117 2747 3495 2817 impugnabant
3525 2748 3707 2801 fideles
3743 2766 3758 2800 :

2172 2848 2226 2891 et
2250 2846 2579 2908 repugnante
2626 2848 2809 2892 natura
2862 2838 2974 2907 ipsa
3020 2836 3216 2892 bellum
3257 2837 3546 2893 oriebatur.
3601 2837 3764 2892 l’ater

2171 2933 2313 2986 enim
2344 2932 2508 2985 lilimn
2538 2930 2778 2986 tradebat
2798 2945 2960 2999 saepe,
2984 2940 3038 2985 et
3069 2930 3227 2984 tiliam
3255 2940 3441 2991 mater,
3468 2940 3520 2984 et
3544 2945 3759 2984 servum

2171 3010 2355 3078 herus.
2403 3023 2583 3093 Neque
2614 3023 2756 3077 enim
2798 3023 3036 3077 civitates
3073 3022 3199 3076 solae
3223 3063 3237 3085 ,
3271 3037 3442 3092 neque
3474 3022 3720 3091 regiones
3746 3065 3760 3084 ,

2172 3113 2264 3169 sed
2300 3122 2354 3168 et
2387 3113 2579 3167 domus
2610 3128 3002 3184 nonnumquam
3038 3112 3089 3165 in
3122 3112 3323 3182 seipsas
3361 3120 3519 3166 secta:
3558 3124 3715 3167 erant
3741 3155 3762 3176 ο

2173 3215 2393 3278 eratque
2426 3207 2678 3262 tumultus
2699 3248 2712 3271 ,
2742 3207 2830 3277 qui
2866 3216 2990 3260 tunc
3027 3205 3279 3260 san'iehat
3304 3247 3318 3271 ,
3346 3206 3576 3261 atrocior
3602 3221 3766 3275 quam

2174 3299 2480 3353 intestinum
2508 3298 2731 3369 quodvis
2761 3298 2979 3351 bellum.
3011 3297 3140 3351 Nam
3172 3296 3447 3351 facultates
3474 3297 3762 3365 rapieban-

2175 3400 2280 3455 tur,
2310 3390 2525 3445 libertas
2550 3388 2886 3444 auferebatur
2906 3429 2920 3452 .
2952 3397 3007 3443 et
3030 3389 3150 3442 vita:
3176 3387 3470 3457 periculum
3510 3386 3765 3441 immine-

2175 3484 2261 3538 bat
2288 3525 2303 3549 ,
2337 3499 2440 3537 non
2468 3481 2607 3551 quod
2635 3481 2845 3536 barbari
2878 3481 2928 3534 iu
2961 3496 3057 3534 nos
3089 3480 3445 3533 incursionem
3476 3478 3715 3533 facerent
3743 3521 3760 3540 .

2175 3577 2266 3629 se'l
2308 3576 2395 3643 qui
2427 3574 2739 3628 videbantur
2765 3572 2918 3627 nobis
2946 3587 3174 3641 prwesse
3198 3582 3250 3627 et
3280 3571 3575 3635 dominari,
3609 3570 3767 3640 pejul

2175 3682 2298 3733 erga
2345 3666 2585 3719 subimus
2609 3706 2623 3730 ,
2655 3680 2812 3734 quam
2854 3664 3138 3719 bellatores
3176 3677 3363 3717 omnes
3387 3661 3556 3715 allecti
3586 3674 3763 3717 erant.

2177 3759 2242 3812 lit
2271 3759 2368 3810 hoc
2401 3776 2477 3808 ac.
2501 3758 2633 3810 larat
2657 3756 2874 3820 Paulus,
2903 3770 2966 3809 ac
2991 3754 3155 3809 dicit:
3181 3753 3342 3808 Grave
3368 3763 3620 3807 certamen
3647 3770 3766 3821 pas-

2182 3852 2377 3902 sionum
2425 3848 2727 3901 sudiuuistis
2767 3863 2786 3900 :
2814 3857 2861 3900 et
2901 3848 2953 3899 in
2980 3847 3138 3898 altero
3176 3845 3374 3911 quidem
3403 3843 3687 3913 opprobriis
3720 3853 3769 3895 et

2179 3940 2580 3993 tribulationibus
2616 3938 2955 4007 spectaculum
2983 3937 3103 4006 [acti
3127 3953 3145 3990 :
3166 3939 3216 3989 in
3246 3937 3404 3989 altero
3442 3945 3607 3989 autent
3642 3938 3769 3988 socii

2182 4032 2351 4085 taliter
2378 4032 2774 4086 cetwcrsautium
2805 4029 2985 4099 effecti.
3022 4029 3160 4083 Nam
3180 4040 3225 4083 et
3249 4030 3459 4083 vinculis
3485 4030 3605 4082 meis
3629 4044 3771 4080 com-

2182 4123 2573 4194 patiebamini,et
2586 4122 2913 4192 direptione»:
2931 4122 3229 4193 facultatum
3241 4128 3512 4174 vestrarum
3525 4135 3637 4171 cum
3649 4134 3772 4189 gau-

2183 4216 2266 4269 dio
2293 4214 2475 4269 tulistis
2493 4213 2680 4286 (Hebr.
2707 4214 2792 4268 10.
2814 4213 3029 4282 ’52-54).
3059 4213 3138 4266 Ad
3165 4211 3379 4267 Galatas
3402 4219 3576 4265 autem
3600 4209 3730 4264 dicit
3754 4227 3768 4263 :

2187 4304 2350 4359 Tanta
2379 4307 2514 4376 passi
2539 4306 2658 4359 estis
2684 4309 2891 4375 frustra,
2914 4305 2957 4357 si
2987 4304 3137 4356 modo
3160 4312 3202 4357 el
3230 4307 3417 4374 frustra
3444 4299 3585 4374 (Gul.
3610 4302 3662 4355 5.
3686 4302 3770 4368 4).

2182 4396 2747 4452 Thessalonicensibus
2774 4410 2985 4465 quoque
3011 4435 3024 4454 .
3053 4405 3107 4449 et
3134 4393 3563 4463 Philippeusibus
3585 4434 3601 4461 ,
3634 4402 3688 4447 et
3717 4394 3773 4447 in

2181 4504 2379 4561 genere
2402 4489 2668 4555 omnibus,
2694 4488 2887 4544 Paulus
2912 4486 3173 4551 scribens,
3202 4487 3367 4542 multa
3394 4483 3654 4555 ejusmodi
3685 4496 3771 4541 te-

2183 4592 2372 4638 statur.
2416 4582 2600 4652 Neque
2629 4581 2732 4637 hoc
2762 4580 2934 4636 solum
2964 4588 3080 4635 erat
3106 4594 3266 4650 grave
3287 4619 3303 4645 ,
3331 4577 3470 4648 quod
3500 4576 3626 4633 loris
3662 4574 3776 4632 fre-

2184 4689 2353 4745 quens
2393 4674 2586 4727 bellmn
2619 4672 2901 4745 gerebatur
2925 4714 2938 4739 ,
2970 4679 3021 4728 et
3050 4670 3397 4735 continuum;
3426 4668 3521 4723 sed
3548 4666 3687 4738 quod
3722 4677 3779 4722 et

2185 4767 2326 4822 inter
2366 4764 2548 4820 fideles
2578 4764 2722 4834 ipsos
2748 4772 2933 4819 exorta
2970 4764 3182 4816 luerunt
3210 4760 3459 4815 nonnulla
3490 4756 3741 4812 scandala
3760 4798 3776 4822 ,

2187 4867 2241 4912 et
2267 4858 2405 4922 lites,
2433 4864 2489 4910 et
2512 4842 2898 4915 contentiones.
2928 4863 2980 4908 et
3006 4852 3372 4907 a~mulationes
3400 4870 3413 4904 :
3439 4866 3556 4919 qua:
3580 4860 3634 4904 et
3662 4848 3779 4918 ipsa

2189 4947 2491 5003 manifestat
2518 4947 2710 5001 Paulus
2736 4946 2918 5001 dicens
2948 4963 2961 4997 :
2994 4944 3145 4998 Foris
3166 4950 3368 5015 pugna',
3402 4943 3535 4995 imus
3573 4941 3780 4995 timori“

2190 5039 2265 5109 (2.
2290 5038 2405 5092 Cor.
2434 5040 2484 5092 7.
2512 5039 2592 5111 ὕ).
2625 5036 2818 5092 Verum
2851 5036 2990 5089 istud
3020 5036 3189 5104 ipsum
3223 5034 3422 5089 bellum
3447 5032 3615 5085 multo
3634 5041 3780 5085 atro-

2191 5134 2306 5189 cius
2333 5144 2449 5188 erat
2475 5142 2531 5188 et
2568 5130 2793 5186 subditis
2820 5140 2876 5186 et
2904 5128 3321 5199 prarceptoribus
3353 5144 3365 5178 :
3399 5124 3640 5195 profecto
3672 5140 3779 5179 non

2191 5234 2396 5280 tantum
2419 5224 2752 5278 iniaicorum
2781 5219 2999 5275 insidias
3020 5217 3335 5274 formidabat
3364 5215 3582 5283 Paulus,
3605 5230 3779 5286 quau-

2147 5333 2155 5342 ·
2194 5324 2305 5371 tum
2330 5314 2670 5379 domesticas,
2692 5320 2747 5369 et
2764 5328 2880 5383 qua:
2903 5311 3038 5367 intra
3062 5308 3356 5364 Ecclesium
3377 5305 3780 5376 contingebant,

2195 5409 2376 5463 ruinas
2405 5417 2458 5462 et
2488 5407 2957 5479 transgressiones.
3002 5404 3133 5459 Nam
3160 5418 3280 5457 cum
3311 5400 3449 5472 apud
3480 5399 3784 5454 Cor'nthios

2196 5511 2456 5559 scortatus
2482 5512 2623 5556 esset
2649 5500 2863 5571 quidam
2895 5499 2968 5569 (Ι.
2994 5496 3111 5552 Cor.
3140 5495 3193 5550 ὅ.
3223 5505 3267 5549 et
3291 5494 3345 5548 2.
3374 5493 3489 5549 Cor.
3518 5490 3605 5564 2),
3637 5492 3785 5545 omni

2198 5605 2439 5666 tempore
2469 5595 2615 5649 illum
2643 5594 2830 5664 lugens
2854 5590 3246 5663 perseverabat,
3278 5588 3428 5644 itaut
3460 5588 3662 5641 viscera
3690 5588 3783 5640 su'a

2206 5688 2576 5757 lisrumperet,
2605 5698 2659 5743 et
2686 5701 2867 5741 amare
2892 5683 3131 5754 ejularet.

2270 5779 2573 5835 Christiana:
2599 5778 2712 5832 vitta
2736 5775 3086 5847 perfectim—
3112 5772 3242 5828 Erat
3285 5780 3340 5828 et
3375 5770 3588 5827 tertium
3620 5784 3787 5839 genus

2205 5870 2470 5942 quoddam
2503 5885 2607 5927 non
2637 5869 2814 5924 minus
2838 5866 3203 5923 molestiarum
3222 5907 3237 5933 ,
3265 5878 3424 5935 quam
3452 5862 3654 5919 dictum
3683 5871 3789 5925 est,
