3892 6294
518 305 616 359 621

511 421 735 493 γμάτων
781 424 812 495 ἠ
847 422 1009 493 φύσις
1040 425 1250 480 πολλῶν
1288 428 1525 499 ίδρώτων
1568 432 1812 502 γέμουσα
1850 434 1943 487 καὶ
1974 435 2076 489 πό-

509 522 647 587 νωνέ
673 506 748 558 Οὐ
786 505 895 579 γάρ
935 507 1156 573 εῦκολος
1200 511 1295 563 καὶ
1326 513 1484 583 ῥᾳδία
1530 531 1615 577 τις
1660 511 1729 586 ἦν
1759 516 1793 587 η
1830 516 1969 583 ὁδὸς,
1998 520 2083 587 ἐφ’

508 589 578 658 ην
617 583 753 660 ἦγον
800 590 997 655 αὐτους
1038 593 1087 645 οί
1134 593 1456 660 ἀπόστολοι,
1504 596 1641 649 ἀλλὰ
1686 583 1938 668 ἶτραχεῖα
1991 583 2086 655 καὶ

507 669 949 744 δυσκατόρθωτος
997 676 1090 728 καὶ
1143 675 1434 745 φιλοσόφου
1480 678 1626 742 τινδς
1670 680 1767 732 καὶ
1799 681 2084 750 ἀγρύπνου

503 751 736 824 δεομένη
782 754 960 826 ψυχῆς
1000 758 1095 811 καὶ
1146 757 1529 830 ὴκριϐωμένης
1582 763 1937 832 πανταχόθεν.
1985 766 2085 816 Διά

505 836 665 891 τοῦτο
691 838 786 892 xal
825 840 854 892 6
889 840 1123 910 Χριστὸς
1150 839 1341 910 στενὴν
1376 844 1469 896 καὶ
1501 844 1869 917 τεθλιμμένην
1917 846 2083 919 αὐτὴν

508 919 784 977 ἐκάλεσεν.
817 921 893 977 Οὐ
948 923 1054 994 γάρ
1100 922 1228 995 ἐξῆν
1260 925 1432 988 ἀδεῶς
1485 926 1605 998 ζῇν,
1648 928 1899 1001 καθάπερ
1929 932 2082 1002 παρα

506 1004 620 1067 τοῖς
634 1003 909 1077 Ἕλλησιν,
941 1008 999 1057 ἐν
1031 1006 1347 1077 αἰσχρότητι
1373 1008 1468 1062 καὶ
1499 1008 1639 1082 μέθῃ
1655 1010 1750 1063 καὶ
1777 1010 2082 1084 ἀδδηφαγίᾳ

506 1084 603 1165 καὶ
628 1088 806 1158 τρυφῇ
848 1087 940 1140 καὶ
969 1086 1322 1161 πολυτελείᾳο
1356 1090 1471 1144 ἀλλ’
1500 1091 1607 1145 ἔδει
1647 1093 1741 1147 καί¹
1779 1092 1949 1164 θυμὸν
1987 1113 2082 1165 χα-

506 1164 727 1231 λινοῦν,.
751 1170 845 1222 καὶ
876 1169 1172 1241 ἐπιθυμίας
1216 1172 1417 1227 ἀτόπου
1451 1176 1694 1244 κρατεῖν,
1735 1176 1829 1229 καλ⁸
1860 1164 2079 1248 χρημά-

508 1267 615 1304 των
662 1252 955 1323 ὐπερορᾷν,
1000 1253 1282 1318 καὶδόξαν
1337 1259 1691 1321 καταπατεῖν,
1738 1259 1832 1311 καὶ
1884 1259 2078 1329 φθόνου

506 1333 602 1386 καὶ
667 1332 961 1403 βασκανίας
1016 1334 1286 1408 ἀνώτερον
1344 1334 1506 1393 εἶναι.
1555 1339 1741 1393 Ταῦτα
1787 1341 1845 1394 δὲ
1895 1340 2080 1412 ἡλίκον

506 1414 669 1467 πόνον
716 1415 967 1487 παρέχει,
997 1416 1173 1471 ίσασιν
1217 1419 1267 1471 οἰ
1310 1419 1432 1474 καθ’
1472 1421 1685 1493 ἡμέραν
1739 1423 1923 1487 αὐτοῖς
1973 1440 2078 1475 πυ-

506 1496 809 1562 κτεύοντες.
853 1499 918 1552 Τί
954 1499 1063 1572 γὰρ
1109 1501 1402 1574 ἐπιθυμίας
1452 1505 1652 1559 ἀτόπου
1701 1506 2080 1579 χαλεπώτερον

502 1580 628 1633 εἰπέ
678 1597 789 1650 μοι,
819 1581 876 1651 ἢ,
911 1581 1161 1655 καθάπερ
1203 1584 1350 1639 κύων
1397 1586 1624 1653 λυττῶν,
1667 1588 1903 1660 συνεχῶς
1949 1591 2079 1659 ἡμῖν

505 1662 768 1733 ἐπιπηδᾷ,
797 1664 892 1717 καὶ
920 1664 1042 1718 καθ’
1067 1665 1281 1737 ἡμέραν
1310 1669 1442 1739 ἡμῖν
1482 1670 1761 1742 διενοχλεῖ,
1792 1671 1886 1725 καί⁸
1910 1671 2078 1724 δεῖται

502 1744 764 1817 διηνεκῶς
797 1748 1163 1820 ἐγρηγορυίας
1206 1749 1414 1822 ψυχῆςς
1455 1753 1519 1805 Τί
1560 1753 1617 1806 δὲ
1659 1755 1755 1808 καὶ
1791 1754 1961 1826 ὀργῆς
1991 1772 2073 1808 πι-

502 1829 790 1903 κρότερονς
823 1831 998 1886 Γλυκὺ
1037 1832 1136 1904 μὲν
1167 1834 1277 1906 γὰρ
1317 1833 1378 1888 τὸ
1420 1835 1510 1889 τὸν
1539 1836 1837 1909 ἠδικηκότα
1867 1837 2078 1909 ἀμύνα-

504 1911 649 1978 σθαι,
678 1913 813 1968 ἀλλά
842 1913 1002 1969 τοῦτο
1028 1916 1128 1970 οὐκ
1155 1916 1305 1988 ἐξῆν.
1337 1918 1450 1972 Kal
1478 1918 1533 1971 τί
1562 1918 1724 1989 λέγω,
1755 1920 1847 1974 τὸν
1885 1921 2078 1992 ἠδικη-

501 1997 634 2053 κότα
693 1998 792 2055 οὐκ
842 1998 971 2070 ἐξῆν
1017 1998 1358 2069 άμύνασθαι;
1416 2002 1738 2073 Εὐεργετείν
1791 2002 1898 2057 ἔδει
1951 2005 2078 2068 τοὺς

379 2121 383 2124 μ
499 2081 820 2147 λυποῦντας,
872 2081 968 2135 καὶ
1000 2083 1240 2152 εὐλογεῖν
1287 2086 1415 2149 τοὺς
1467 2084 1935 2158 λοιδορουμένους,
1982 2088 2075 2142 καὶ

500 2164 637 2236 μηδέ
669 2164 821 2236 ῥῆμα
854 2166 1049 2238 πικρὸν
1074 2167 1353 2221 ἐκϐάλλειν
1389 2168 1552 2222 ποτέ’
1587 2171 1680 2223 καὶ
1718 2171 2073 2242 σωφροσύνην

496 2250 580 2314 δὲ,
628 2251 689 2304 οὐ
729 2251 829 2321 τὴν
880 2249 1042 2322 μέχρι
1086 2250 1197 2304 τῶν
1228 2250 1405 2323 ἔργων
1441 2250 1623 2323 μόνον,
1667 2253 1802 2306 ἀλλά
1835 2255 1928 2309 καὶ
1973 2254 2073 2325 τὴν

502 2334 665 2406 μέχρι
700 2334 799 2404 τῆς
828 2334 1036 2398 ἐννοίας
1069 2334 1468 2389 ἐπιδείκνυσθαι
1501 2336 1627 2391 ἔδει.
1660 2338 1733 2390 Οὐ
1767 2337 1876 2409 γάρ
1916 2337 2074 2407 μόνον

498 2420 669 2490 αὐτῆς
695 2419 795 2490 τῆς
822 2418 1124 2473 ἀκολάστου
1163 2421 1431 2491 πράξεως,
1470 2421 1604 2475 ἀλλά
1632 2423 1727 2476 καὶ
1760 2423 1935 2493 ὅψεως
1976 2424 2074 2495 τῆς

498 2502 753 2574 τοιαύτης
808 2503 1108 2573 ἀπέχεσθαι
1157 2504 1269 2569 δεῖ,
1320 2505 1415 2558 καὶ
1464 2505 1598 2576 μηδέ
1637 2508 1907 2577 ἐντρυφᾷν
1955 2510 2075 2571 ταῖς

497 2585 653 2655 ὕψεσι
684 2584 788 2638 τῶν
841 2586 1131 2657 εὐμόρφων
1174 2586 1462 2655 γυναικῶν,
1516 2587 1592 2651 ὡς
1640 2589 1730 2641 καὶ
1786 2589 1922 2660 ὑπὲρ
1975 2588 2072 2660 τῆς

497 2667 729 2741 θεωρίας
772 2666 975 2739 ταύτης
1017 2669 1116 2740 τὴν
1162 2670 1394 2742 ἐσχάτην
1437 2669 1727 2741 μέλλοντας
1770 2671 2073 2743 ὑποστήσε-

498 2749 623 2805 σθαι
651 2749 829 2821 δίκην.
864 2750 1017 2806 Ἐπεὶ
1043 2747 1135 2805 οῦν
1170 2752 1336 2816 πολὺς
1366 2755 1394 2806 6
1423 2753 1658 2824 πόλεμος
1690 2748 1759 2823 ἦν
1789 2753 1939 2823 παρά
1966 2753 2072 2806 τῶν

495 2830 718 2897 ἔξωθεν,
748 2832 913 2897 πολὺς
940 2835 969 2887 6
1016 2834 1178 2903 φόϐος
1218 2835 1370 2906 παρά
1418 2835 1528 2888 τῶν
1571 2834 1801 2899 ἔνδοθεν,
1836 2836 2002 2898 πολὺς
2045 2838 2073 2891 6

495 2915 657 2978 πόνος
680 2917 710 2969 6
736 2915 872 2987 πρὸς
899 2916 999 2987 τὴν
1024 2917 1122 2988 τῆς
1147 2918 1346 2988 ἀρετῆς
1376 2917 1657 2990 ἐργασίαν.
1686 2918 1905 2989 Προσῆν
1936 2919 1992 2973 δέ
2019 2937 2071 2972 τι

496 2997 592 3052 καὶ
623 2998 907 3071 τέταρτον,
932 3000 965 3070 ἡ
994 3000 1217 3071 ἀπειρία
1243 2999 1349 3053 τῶν
1380 3000 1680 3072 μελλόντων
1709 3002 2071 3069 ἀγωνίζεσθαι

493 3081 585 3137 τὸν
625 3081 799 3152 μέγαν
831 3081 1019 3137 τοῦτον
1051 3083 1255 3151 ἀγῶνα.
1298 3083 1373 3137 Οὐ
1407 3084 1518 3156 γὰρ
1563 3084 1629 3137 ἐκ
1663 3084 1940 3157 προγόνων
1970 3086 2070 3157 τὴν

492 3166 773 3222 εὐσέϐειαν
804 3165 1216 3238 διαδεξαμένους
1253 3167 1381 3231 τοὺς
1429 3165 1748 3239 ἀνθρώπους
1797 3167 1987 3223 ἔλαϐον
2020 3171 2068 3223 οἰ

491 3249 799 3315 ἀπόστολοι,
842 3248 958 3305 ἀλλ’
978 3252 1036 3303 ἐν
1071 3249 1297 3320 βλακείᾳ
1338 3250 1433 3303 καλ⁸
1460 3252 1641 3322 τρυφῇ
1677 3251 1770 3303 καὶ
1804 3250 1947 3323 μέθῃ
1976 3254 2070 3307 καὶ

490 3328 803 3405 αἰσχρότητι
841 3334 936 3387 καί⁹
983 3332 1248 3404 ἀκολασία
1295 3333 1619 3404 τραφέντας.
1663 3334 1737 3387 Οὐ
1783 3335 1978 3405 μικρὸν
2011 3335 2069 3388 δέ

490 3415 649 3471 τοῦτο
681 3417 762 3479 εἰς
805 3414 1087 3469 δυσκολίαν
1113 3414 1223 3469 τῶν
1264 3414 1490 3483 ἀγώνων
1520 3411 1608 3485 ἦν,
1635 3415 1696 3469 τὸ
1728 3416 1803 3487 μὴ
1839 3415 2066 3482 ἀνωθεν,

494 3497 628 3570 μηδὲ
656 3498 719 3553 ἐκ
750 3498 1027 3570 προγόνων
1059 3498 1264 3570 ταύτην
1299 3496 1692 3551 πεπαιδεῦσθαι
1728 3499 1826 3570 τὴν
1857 3500 2070 3568 φιλοσο-

490 3582 639 3652 φίαν,
668 3580 804 3635 ἀλλά
832 3579 928 3635 νῦν
972 3579 1189 3653 πρῶτον
1234 3579 1373 3651 πρὸς
1422 3579 1547 3644 τοὺς
1592 3581 1807 3650 ἀγῶνας
1839 3583 2069 3637 ἀποδύε-

489 3664 615 3722 σθαι
642 3665 884 3729 τούτους.

558 3747 629 3817 γ’.
660 3748 812 3805 Ἐπεὶ
832 3744 926 3802 οῦν
960 3746 1195 3818 τοσαύτη
1223 3741 1291 3817 ἦν
1325 3747 1359 3818 ἡ
1386 3745 1640 3801 δυσκολία
1669 3750 1779 3812 τοῖς
1802 3748 2064 3818 ἀγωνιζο-

489 3830 676 3904 μένοις
705 3831 851 3897 τότε,
883 3829 1374 3902 παραμυθούμενος
1406 3829 1583 3883 αὐτῶν
1620 3830 1711 3883 τὸν
1748 3831 1906 3887 πόνον
1942 3851 2065 3886 συν-

484 3912 624 3984 εχῶς
656 3912 745 3968 τὸν
802 3915 931 3987 περὶ
983 3912 1332 3976 ἀναστάσεως
1388 3912 1555 3965 ἐκίνει
1610 3912 1784 3979 λόγον.
1839 3915 1950 3968 Καὶ
2000 3917 2062 3970 οὐ

485 3996 658 4070 ταύτῃ
693 3997 993 4069 προτρέπει
1032 3997 1192 4066 μόνον
1235 3997 1330 4048 καὶ
1376 3994 1584 4065 ἀλείφει
1626 3998 1751 4060 τοὺς
1793 3997 2058 4068 ἀθλητὰς,

483 4079 621 4138 ἀλλά
653 4079 747 4136 καὶ
796 4082 884 4157 τῇ.
909 4079 1159 4151 διηγήσει
1196 4078 1305 4131 τῶν
1345 4077 1559 4132 οἰκείων
1610 4078 1818 4132 παθών.
1865 4080 2063 4153 Διόπερ

483 4163 616 4236 πρὶν
639 4164 899 4234 ἐμπεσεῖν
927 4165 1006 4227 είς
1042 4162 1171 4225 τοὺς
1205 4162 1330 4234 περὶ
1367 4162 1714 4226 ἀναστάσεως
1741 4162 1952 4232 λόγους,
1992 4165 2061 4219 τὰ

483 4247 648 4305 αὐτοῦ
710 4246 860 4319 πάθη
904 4246 1200 4316 διηγεῖται,
1256 4245 1429 4315 λέγων
1490 4246 1689 4310 οῦτως-
1734 4246 1830 4301 Ἐν
1878 4249 2060 4303 παντί

482 4329 819 4398 θλιϐιζιιενοι
842 4341 892 4394 ι,
921 4328 1059 4383 ἀλλ’
1090 4329 1162 4383 οὑ
1190 4331 1765 4398 στενοχωρούμενοι’
1805 4331 2062 4400 ἀπορού-

481 4430 670 4486 μενοι,
700 4413 839 4467 ἀλλ’
868 4415 980 4466 οὐκ
1004 4410 1470 4481 ἐξαπορούμενοι
1488 4428 1500 4439 ·
1535 4411 1895 4481 διωκόμενοι,
1922 4415 2060 4468 ἀλλ’

482 4498 594 4550 οὐκ
627 4493 1273 4565 ὲγκαταλιμπανόμενοι
1292 4510 1309 4526 ⁸
1342 4495 1868 4563 καταϐαλλόμενοι,
1920 4494 2058 4550 ἀλλ’

480 4585 593 4637 οὐκ
632 4577 1075 4646 ἀπολλύμενοι·
1106 4576 1196 4632 διά
1235 4575 1440 4633 τούτων
1485 4576 1613 4639 τοὺς
1657 4577 2059 4649 καθημρινούς

480 4661 743 4726 ⁸ἰανάτους
766 4660 963 4733 δηλῶν,
1006 4660 1084 4715 ὅτι
1115 4660 1364 4733 καθάπερ
1407 4659 1639 4731 ἑμψυχοι
1691 4660 1871 4732 νεκροὶ
1902 4676 2056 4731 περι.

479 4746 646 4818 ᾔεσαν
675 4746 754 4807 εἰς
793 4744 1021 4799 θάνατον
1069 4743 1484 4814 παραδιδόμενοι
1518 4742 1638 4795 καθ’
1663 4743 1898 4815 ἡμέραν.
1926 4743 2055 4797 Ὅτε

478 4826 657 4886 τοίνυν
686 4826 723 4882 ἃ.
763 4825 918 4899 [όῖθι
950 4826 1085 4898 πρὸς
1115 4827 1312 4890 αὐτοὺς
1343 4828 1630 4896 ἐπήγοντο,
1658 4826 1781 4879 τότε
1812 4827 1903 4879 τὸν
1929 4828 2056 4899 περὶ

478 4911 580 4982 τῆς
605 4911 954 4974 ἀναστάσεως
982 4913 1124 4967 κινεῖ
1158 4909 1315 4978 λόγον
1333 4926 1346 4939 ·
1384 4910 1754 4979 Πιστεύομεν
1784 4913 1916 4979 γὰρ,
1947 4928 2056 4983 φηο

482 4995 587 5060 σὶν,
620 4993 710 5050 ὅτι
741 4996 775 5049 ό
813 4994 1044 5064 ἐγείρας
1082 4994 1188 5048 τὸν
1214 4994 1436 5063 Κύριον
1467 4992 1637 5064 ἡμῶν
1667 4994 1902 5063 Ἰησοῦν
1931 4996 2057 5062 Χρι-

477 5075 651 5140 στὸν,
682 5076 779 5131 καὶ
805 5075 963 5146 ἡμᾶς
986 5076 1084 5131 διὰ
1118 5076 1313 5145 Ἰησοῦ
1336 5076 1527 5146 ἐγερεῖ
1549 5078 1649 5132 καί
1677 5076 2055 5146 παραστήσει

478 5172 604 5218 συν
628 5159 788 5230 ὑμῖν.
826 5158 924 5217 Διὸ
960 5159 1075 5212 οὐκ
1103 5159 1496 5229 ἐκκακοῦμεν,
1536 5160 1835 5229 μεγίστην
1869 5160 2055 5226 παρὰ·

478 5246 707 5312 κλησιν
740 5243 986 5311 ἔχοντες
1018 5240 1088 5293 ἐν
1116 5240 1241 5307 τοῖς
1270 5241 1482 5312 ἀγῶσι,
1510 5241 1624 5310 τὴν
1654 5240 1775 5297 τῶν
1794 5245 2056 5313 μελλόν-

482 5342 598 5382 των
647 5325 886 5379 ἐλπίδα.
931 5324 1040 5378 Kal
1086 5324 1188 5378 οὐκ
1235 5318 1359 5377 εἶπε
1404 5324 1540 5395 πρὸς
1594 5324 1811 5390 αὐτούς*
1841 5326 1931 5378 Διὸ
1976 5327 2051 5401 μὴ

479 5408 794 5463 ἐκκακεῖτεο
831 5407 968 5462 ἀλλά
1002 5406 1084 5470 τίς
1125 5406 1224 5460 Διό
1254 5408 1366 5461 οὐκ
1415 5407 1806 5477 ἐκκακοῦμεν,
1835 5409 2050 5473 δεικνὺς

477 5490 574 5547 καὶ
605 5491 767 5547 αὐτὸν
798 5493 855 5544 ἐν
894 5493 1006 5555 τοῖς
1051 5489 1256 5558 ἀγῶσιν
1299 5489 1426 5543 ὖντα
1462 5490 1740 5562 διηνεκῶς.
1785 5494 1908 5547 Ἐπὶ
1952 5494 2052 5564 μὲν

475 5574 586 5649 γὰρ
616 5574 725 5629 τῶν
759 5572 1141 5646 Ὀλυμπιακῶν
1168 5571 1416 5641 ἀγώνων,
1442 5574 1471 5626 6
1506 5573 1605 5645 μὲν
1634 5574 1869 5648 ἀθλητὴς
1900 5576 2047 5633 ἔνδον

541 5764 565 5796 ⁸
588 5763 719 5815 Com.
748 5763 1032 5822 θλιϐόμενος,
1046 5765 1101 5812 ει
1116 5762 1185 5812 sic
1202 5763 1460 5825 sequentia
1483 5759 1532 5813 in
1554 5762 1807 5825 slngulari.

1222 310 1279 367 S.
1318 311 1602 370 JOANNIS
1640 313 2124 375 CIIRYSOSTOMI
2165 322 2483 389 ARCHIEP.
2521 331 3064 391 CONSTANTINOP.

2188 444 2529 514 ἀγωνίζεται,
2568 453 2596 503 6
2624 451 2679 504 δὲ
2709 452 3059 524 παιδοτρίϐης
3086 452 3272 525 πόρρω
3298 452 3629 526 καθήμενος,
3659 458 3761 531 τὴν

2185 534 2292 590 ἀπὸ
2318 537 2427 590 τῶν
2458 536 2631 606 λόγων
2668 542 2876 607 εἰσάγει
2908 539 3180 610 βοήθειαν,
3208 541 3460 596 τοσοῦτοι
3492 546 3761 601 συντελῶν

2181 623 2259 694 τῷ
2306 623 2584 679 παλαίοντι
2618 626 2796 697 μόνον,
2842 628 2964 681 ὅσον
3014 627 3204 699 βοῆσαι
3249 629 3345 683 καὶ
3382 631 3714 700 φθέγξασθαι
3740 652 3757 668 ·

2189 713 2527 785 παραστῆναι
2554 712 2612 766 δέ
2643 716 2828 783 ἐγγὺς,
2859 715 2954 767 καί
2981 715 3078 783 τὴν
3117 714 3227 769 ἀπὸ
3257 714 3367 770 τῶν
3399 719 3597 790 χειρῶν
3626 738 3761 791 συμ-

2187 799 2383 870 μαχίαν
2428 802 2756 871 εἰσενεγκεῖν
2808 802 2979 867 οὐδεὶς
3033 804 3321 876 ἐπιτρέπει
3370 806 3533 877 νόμος
3581 806 3755 879 αὐτῷ.

2195 886 2317 939 Ἐπὶ
2345 887 2401 941 δὲ
2433 887 2541 941 τῶν
2567 888 2666 958 τῆς
2697 888 2976 953 εὐσεϐείας
3012 889 3236 958 ἀγώνων
3279 892 3377 963 οὐχ
3414 892 3606 962 οῦτως,
3640 894 3760 949 ἀλλ’

2180 973 2315 1044 ὁμοῦ
2345 975 2437 1029 καὶ
2467 974 2817 1047 παιδοτρίϐης
2848 976 2965 1029 ἐστί⁵
2992 977 3085 1031 καὶ
3117 978 3356 1051 ἀθλητὴς
3387 983 3416 1035 6
3442 981 3624 1045 αὐτός.
3658 983 3761 1039 Διά

2180 1061 2336 1114 τοῦτο
2363 1062 2463 1115 οὐκ
2491 1060 2595 1127 ἔξω
2640 1061 2734 1115 τοῦ
2776 1063 3100 1134 σκάμματος
3154 1066 3481 1137 καθήμενος,
3531 1067 3648 1121 ἀλλ’
3674 1070 3760 1133 είς

2180 1149 2377 1213 αὐτοὺς
2422 1149 2772 1221 ἐμϐεϐληκὼς
2795 1150 2826 1191 δ
2867 1152 2994 1215 τοὺς
3066 1151 3315 1220 ἀγῶνας,
3365 1154 3576 1224 ἀλείφει
3624 1156 3758 1220 τοὺς

2164 1238 2299 1309 ,μετ’
2337 1238 2501 1292 αὐτοῦ
2540 1237 2925 1305 πυκτεύοντας,
2958 1238 3130 1309 λέγων
3152 1260 3163 1273 ·
3194 1242 3291 1295 Διὸ
3320 1245 3433 1297 οὐκ
3460 1242 3758 1298 ἐκκακοῦ-

2176 1342 2311 1395 μεν.
2339 1327 2449 1379 Kal
2475 1327 2575 1381 οὐκ
2606 1322 2748 1391 εἷπε,
2778 1326 2869 1381 Διδ
2900 1328 3000 1381 οὐκ
3039 1328 3281 1392 ἐκκακῶ,
3323 1328 3481 1393 ἀλλὰ,
3514 1332 3608 1387 Διὸ
3642 1334 3760 1387 οὐκ

2180 1414 2575 1486 ἐκκακοῦμεν,
2605 1419 2718 1481 τοῖς
2745 1416 3039 1487 ἐγκωμίοις
3065 1418 3264 1482 αὐτοὺς
3293 1420 3598 1491 ἀναστῆσαι
3631 1421 3760 1491 βου-

2180 1501 2426 1574 λόμενος.
2477 1504 2629 1558 Ἀλλ’
2659 1506 2712 1558 εί
2753 1505 2851 1558 καί
2881 1509 2914 1560 ό
2944 1505 3060 1570 ἔξω
3091 1505 3402 1575 ἄνθρωπος
3432 1506 3602 1577 ἡμῶν
3629 1508 3760 1562 6m-

2179 1592 2507 1660 φθείρεται,
2550 1593 2690 1646 ἀλλ’
2716 1596 2749 1647 ό
2792 1593 2914 1648 ἔσω
2952 1593 3377 1649 ἀνακαινοῦται
3422 1595 3611 1665 ἡμέρῃ
3650 1596 3756 1649 καί

2178 1678 2387 1747 ἡμέρᾳ.
2416 1679 2557 1749 Ὅρα
2601 1680 2814 1734 σύνεσιν
2854 1681 3235 1753 ἀποστολικήν.
3279 1683 3618 1755 Προέτρεψεν
3646 1683 3757 1737 αὐ-

2177 1766 2303 1828 τοὺς
2331 1765 2423 1834 ἀφ’
2468 1759 2543 1819 ὧν
2588 1765 2843 1838 ἔπασχον,
2882 1768 2966 1821 ὅτι
3014 1768 3110 1820 Ἑν
3152 1769 3334 1824 παντί
3379 1771 3755 1838 θλιϐόμενοι,

2176 1851 2316 1906 ἀλλ’
2362 1854 2434 1907 οὐ
2482 1854 3057 1924 στενοχωρούμενοι·
3109 1855 3442 1926 προέτρεψεν
3492 1857 3601 1910 ἀπὸ
3649 1856 3758 1926 τῆς

2176 1939 2523 2004 ἀναστάσεως
2561 1940 2657 1995 τοῦ
2691 1942 2888 2013 Ἰησοῦ,
2935 1939 3124 2007 εἰπὼν,
3155 1942 3276 1995 ’Ότι
3307 1945 3340 1997 ὁ
3378 1943 3607 2013 ἐγείρας
3638 1945 3755 1997 τὸν

2189 2024 2421 2093 Ἰησοῦν
2459 2028 2555 2082 καί
2585 2026 2743 2098 ἡμᾶς
2780 2028 2983 2100 ἐγερεῖ.

2250 2112 2383 2170 Εἶτα
2411 2116 2507 2170 xal
2547 2116 2733 2188 ἕτερόν
2762 2133 2884 2171 τινα
2914 2118 3052 2170 κινεί
3089 2116 3485 2189 παρακλήσεως
3523 2114 3752 2188 τρόπον.

2188 2203 2406 2276 Ἐπειδὴ
2444 2204 2552 2273 γὰρ
2602 2205 2651 2257 οί
2694 2203 2879 2259 πολλοὶ
2924 2204 3033 2258 τῶν
3066 2204 3367 2276 ἀνθρώπων
3419 2203 3755 2276 μικρόψυχοί

2174 2308 2318 2353 τινες
2353 2290 2505 2354 ὄντες
2538 2289 2633 2343 καί
2663 2290 2904 2354 ἀσθενεῖς
2948 2289 3042 2343 καὶ
3091 2290 3459 2360 ταλαίπωροι,
3506 2290 3611 2344 κᾶν
3655 2307 3758 2343 πε-

2175 2377 2458 2449 πεισμένοι
2506 2376 2633 2449 περὶ
2675 2379 2774 2448 τῆς
2816 2376 3164 2441 ἀναστάσεως
3212 2370 3379 2440 ὦσιν,
3424 2376 3752 2449 ὀλιγωροῦσι

2173 2465 2310 2537 πρὸς
2336 2464 2398 2518 τὸ
2438 2464 2611 2535 μῆκος
2647 2462 2740 2518 τοῦ
2782 2463 2973 2536 χρόνου
3016 2464 3111 2516 καὶ
3184 2462 3453 2533 ίλιγγιῶσι
3489 2465 3584 2519 καὶ
3620 2466 3755 2519 ἀνα-

2173 2553 2451 2617 πίπτουσι,
2501 2555 2597 2606 καὶ
2648 2551 2833 2624 ἓτερον
2883 2551 3069 2615 αὐτοῖς
3104 2550 3209 2623 πρὸ
3242 2551 3341 2621 τῆς
3389 2551 3750 2616 ἀναστάσεως

2169 2640 2351 2695 δίδωσι
2387 2639 2587 2710 ’μισθὸν
2631 2641 2726 2692 καὶ
2771 2638 3026 2711 ἀμοιϐήν.
3074 2639 3238 2693 Ποίαν
3284 2637 3349 2710 δὴ
3399 2637 3638 2710 ταύτην;
3677 2641 3753 2693 El

2172 2725 2270 2779 καί
2297 2728 2329 2779 ὁ
2358 2725 2475 2791 ἔξω
2516 2725 2685 2795 ἡμῶν
2714 2725 3023 2794 ἅνθρωπος
3067 2725 3500 2796 διαφθείρεται,
3543 2725 3681 2781 ἀλλ’
3716 2728 3754 2780 d

2169 2812 2291 2867 ἔσω
2321 2812 2747 2869 ἀνακαινοῦται
2781 2812 2969 2882 ἡμέρᾳ
2997 2812 3095 2866 καί
3135 2813 3327 2883 ἡμέρᾳ
3348 2830 3363 2844 ’
3397 2813 3504 2879 ἔξω
3535 2812 3752 2885 ἀνθρω-

2171 2917 2272 2955 πον
2300 2900 2363 2954 τὸ
2400 2901 2559 2971 σῶμα
2587 2899 2789 2966 καλῶν,
2822 2899 2929 2953 ἔσω
2968 2898 3253 2973 ἄνθρωπον
3298 2900 3400 2972 τὴν
3435 2900 3613 2972 ψυχὴν
3654 2899 3751 2954 λέ-

2171 3004 2303 3056 γων.
2332 2990 2397 3041 '0
2424 2987 2482 3041 δὲ
2522 2987 2698 3056 λέγει,
2741 2985 2981 3042 τοιοῦτόν
3013 2988 3157 3042 ἐστι·
3199 2988 3309 3041 Kal
3337 2987 3466 3060 πρὶν
3512 2988 3752 3059 ἀναστῇ-

2171 3091 2290 3138 ναι,
2330 3074 2424 3129 καί⁵
2452 3074 2582 3145 πρὶν
2611 3073 2916 3128 ἀπολαῦσαι
2947 3073 3047 3144 τῆς
3087 3072 3244 3144 δόξης
3274 3074 3374 3145 τῆς
3425 3072 3749 3144 μελλούσης,

2171 3161 2416 3215 ἐντεῦθεν
2451 3162 2553 3234 ἤδη
2582 3162 2695 3215 τῶν
2744 3162 2922 3216 πόνων
2961 3162 3020 3217 οὐ
3056 3160 3256 3233 μικρὰν
3295 3160 3602 3232 ἀπείληφας
3646 3160 3748 3232 τὴν

2171 3250 2424 3322 ἀμοιϐὴν,
2474 3252 2532 3304 ἐν
2590 3248 2739 3320 αὐτῷ
2786 3249 2865 3321 τῷ
2911 3248 3186 3303 θλίϐεσθαι
3234 3249 3332 3321 τῆς
3387 3249 3567 3320 ψυχῆς
3613 3251 3749 3320 ἡμῖν

2169 3340 2586 3412 ἀνανεουμένης,
2615 3341 2929 3411 σοφωτέρας
2973 3339 3260 3411 γινομένης
3288 3340 3382 3394 καὶ
3422 3338 3749 3393 εὐλαϐεστέ-

2170 3448 2292 3506 ρας,
2320 3429 2539 3484 πλείονα
2576 3431 2861 3502 κτωμένης
2891 3430 3187 3502 ὑπομονὴν,
3216 3430 3582 3502 εὐτονωτέρας
3611 3429 3750 3483 καθ·

2170 3521 2462 3593 ισταμένης
2521 3521 2617 3576 καὶ
2670 3521 3065 3594 δυνατωτέρας.
3102 3519 3370 3591 Καθάπερ
3404 3522 3512 3591 γάρ
3552 3524 3601 3573 -ιί
3645 3520 3747 3590 τὴν

2169 3614 2484 3684 σωματικὴν
2512 3612 2799 3677 ἀθλοῦντες
2825 3624 2848 3653 α
2878 3611 3124 3685 ἄθλησιν,
3153 3613 3247 3666 καὶ
3278 3612 3387 3683 πρὸ
3410 3611 3518 3665 τῶν
3546 3612 3748 3682 στεφάυ

2166 3720 2297 3769 νων,
2325 3705 2419 3759 καὶ
2450 3704 2556 3776 πρὸ
2575 3704 2684 3758 τῶν
2716 3703 2982 3776 βραϐείων
3005 3704 3100 3757 ἀπ’
3124 3704 3293 3775 αὐτῆς
3314 3703 3413 3775 τῆς
3437 3704 3749 3775 γυμνασίας

2166 3798 2261 3850 καὶ
2306 3798 2401 3851 τοῦ
2455 3797 2699 3853 παλαίειν
2757 3796 2926 3868 μέγαν
2974 3796 3310 3868 λαμϐάνουσι
3365 3795 3456 3851 τὸν
3527 3794 3746 3866 μισθὸν,

2166 3887 2505 3961 ὑγιεινότερα
2542 3888 2638 3944 καὶ
2666 3888 3007 3960 δυνατώτερα
3054 3886 3236 3942 αὐτῶν
3263 3887 3332 3940 τά
3378 3884 3608 3957 σώματα
3656 3885 3747 3941 διὰ

2163 3985 2261 4056 τῆς
2298 3979 2603 4052 γυμνασίας
2631 3978 3149 4045 κατασκευάζοντες,
3179 3980 3273 4033 καὶ
3308 3979 3487 4033 πᾶσαν
3516 3979 3747 4048 διαφεύο

2162 4092 2349 4146 γοντες
2397 4071 2738 4145 ἀρρωστίανο
2805 4071 2947 4126 οῦτω
3012 4072 3078 4143 δὴ
3136 4072 3230 4126 καὶ
3275 4070 3370 4125 ἐπὶ
3429 4069 3537 4124 τῶν
3600 4071 3745 4141 ἁγώ-

2162 4182 2268 4219 νων
2295 4164 2393 4234 τῆς
2437 4163 2657 4234 ἀρετῆς,
2689 4162 2784 4216 καὶ
2813 4162 2943 4234 πρὶν
2985 4160 3018 4232 ἢ
3048 4161 3139 4215 τὸν
3167 4161 3393 4234 οὐρανὸν
3435 4162 3743 4232 ἀνοιγῆναι,

2161 4256 2256 4311 καὶ
2295 4255 2423 4327 πρὶν
2480 4253 2513 4326 ἢ
2560 4253 2652 4307 τὸν
2685 4252 2814 4307 Υἱὸν
2854 4252 2949 4305 τοῦ
2998 4251 3133 4305 Θεοῦ
3188 4251 3615 4324 παραγενέσθαι,
3647 4255 3744 4309 καὶ

2160 4349 2290 4420 πρὶν
2351 4347 2384 4419 ἢ
2438 4347 2538 4409 τὰς
2580 4345 2816 4417 ἀμοιϐὰς
2870 4347 3021 4417 ἡμᾶς
3080 4345 3391 4407 ἀπολαϐεῖν,
3429 4345 3604 4415 μέγαν
3655 4346 3745 4399 ἐν-

2158 4439 2345 4493 τεῦθεν
2412 4436 2771 4510 καρπούμεθα
2824 4436 2916 4490 τδν
2974 4438 3182 4508 μισθὸν,
3238 4438 3335 4508 τῆς
3382 4435 3563 4506 ψυχῆς
3607 4437 3743 4506 ἡμῖν

2160 4528 2601 4601 φιλοσοφωτέρας
2671 4527 3094 4601 καθισταμένης.
3159 4526 3264 4581 Kal
3323 4526 3432 4598 γὰρ
3488 4527 3539 4579 οἰ
3604 4527 3741 4580 πολ-

2158 4620 2256 4692 λὴν
2318 4618 2651 4684 πλεύσαντες
2714 4618 2987 4674 θάλασσαν
3006 4661 3021 4685 ,
3080 4619 3174 4672 καὶ
3235 4617 3444 4688 μυρίων
3503 4617 3741 4689 ἀνασχό-

2162 4729 2313 4783 μενοι
2366 4711 2651 4782 κυμάτων,
2714 4710 2811 4766 καὶ
2868 4709 3081 4773 πολλοῖς
3132 4707 3342 4782 θηρίοις
3397 4708 3741 4763 πυκτεύσαν-

2157 4819 2267 4865 τες,
2299 4802 2393 4855 καὶ
2421 4799 2650 4865 πολλοὺς
2699 4801 2976 4872 χειμῶνας
3007 4798 3341 4866 ἐνεγκόντες,
3373 4797 3470 4851 καί
3502 4797 3610 4869 πρὸ
3640 4799 3741 4869 τῆς

2156 4889 2425 4963 ἐμπορίας
2452 4889 2625 4962 αὐτῆς
2663 4890 2726 4944 οὐ
2774 4888 2967 4961 μικρὸν
3005 4886 3113 4941 ἀπὸ
3142 4888 3241 4958 τῆς
3270 4889 3485 4958 μακρᾶς
3529 4888 3736 4959 ἀποδη-

2160 4980 2287 5052 μίας
2316 4978 2468 5053 [42η
2498 4977 2706 5049 ταύτης
2735 4975 3075 5049 καρποῦνται
3094 4975 3162 5031 τὸ
3196 4976 3385 5050 κέρδος
3408 4977 3488 5048 τῷ
3512 4976 3737 5051 θαρρεῖν

2156 5072 2251 5125 καὶ
2290 5070 2639 5140 κατατολμᾷν
2683 5066 2779 5121 τοῦ
2824 5066 3113 5136 πελάγους,
3143 5069 3239 5123 καὶ
3270 5068 3445 5131 ἀδεῶς
3484 5069 3579 5123 καὶ
3613 5070 3733 5141 μεθ’

2154 5161 2349 5234 ἡδονῆς
2375 5160 2473 5222 τὰς
2499 5158 2841 5220 διαποντίους
2858 5156 3059 5221 ταύτας
3086 5158 3361 5212 ποιεῖσθαι
3386 5157 3697 5231 ἀποδημίας
3717 5174 3733 5192 ο

2156 5252 2301 5307 οὕτω
2324 5250 2388 5321 δὴ
2410 5250 2505 5303 καὶ
2531 5249 2625 5303 ἐπὶ
2645 5247 2739 5302 τοῦ
2770 5248 3033 5321 παρόντος
3058 5248 3197 5319 βίον,
3221 5251 3251 5304 6
3273 5249 3475 5314 πολλὰς
3494 5251 3736 5321 ἐνεγκὼν

2155 5341 2366 5410 θλίψεις
2397 5338 2487 5393 διά
2512 5337 2607 5393 τὸν
2637 5337 2891 5410 Χριστόν.
2924 5340 2954 5392 6
2989 5337 3163 5391 πολλά
3203 5337 3350 5393 δεινά
3393 5338 3606 5403 παθὼν,
3643 5339 3737 5394 καὶ

2154 5435 2264 5507 πρὸ
2281 5433 2382 5505 τῆς
2403 5431 2677 5503 βασιλείας
2695 5431 2804 5485 τῶν
2822 5429 3067 5503 οὐρανῶν
3094 5429 3336 5501 μεγάλην
3358 5429 3551 5484 ἐλαϐεν
3570 5432 3732 5502 ἀμοι-

2155 5526 2275 5601 ϐὴν,
2305 5525 2619 5598 παρρησίαν
2646 5524 2988 5595 κτησάμενος
3018 5523 3155 5595 πρὸς
3181 5523 3273 5578 τδν
3306 5524 3440 5578 Θεὸν
3475 5523 3732 5582 ἐντεῦθεν

2216 5699 2246 5740 ι
2269 5696 2399 5748 Cnlb.
2439 5698 2730 5759 ἐμϐεβηκώς.

2218 5764 2241 5793 ⁸
2266 5760 2394 5812 Culb.
2419 5756 2692 5817 ἀσκοῦντες.
