3908 6300
199 262 291 317 ﬁl
530 266 589 319 ,πί

192 376 433 429 fidelibus
450 375 699 442 offerens,
716 374 827 445 ipsa
853 374 1053 431 scilicet
1075 392 1251 431 rerum
1279 387 1487 441 mtura,
1517 393 1634 445 qua:
1666 374 1773 428 fre-

188 476 411 536 quentes
433 467 644 521 labores
661 477 715 521 et
731 467 951 521 sudores
968 468 1229 537 exigebat.
1250 468 1425 538 Neque
1448 468 1588 522 enim
1610 467 1777 522 facilis

192 568 249 611 et
303 558 438 612 levis
490 567 607 612 erat
656 559 768 625 via,
824 557 889 611 ad
937 574 1094 627 quam
1162 559 1281 614 illos
1330 558 1594 613 ducebant
1645 573 1776 627 apo-

185 647 310 701 stoli
341 665 356 701 :
385 648 479 702 sed
510 664 695 719 aspera
722 659 775 703 et
804 649 1111 719 inexpedita
1137 691 1152 715 ,
1184 666 1301 719 quae
1330 652 1563 704 animam
1596 651 1773 720 requi-

186 738 336 794 rebat
376 742 643 807 sobriam,
690 752 744 797 et
786 744 996 812 vigilem
1020 784 1034 807 ,
1073 754 1129 797 et
1167 745 1399 813 undique
1442 744 1773 814 diligentem.

186 833 483 902 Propterea
508 843 560 888 et
588 834 831 889 Christus
856 846 1134 904 angustam
1166 846 1220 891 et
1242 847 1445 891 arctam
1480 839 1657 908 ipsam
1680 853 1775 891 vo-

184 927 346 980 cavit.
378 925 560 996 Neque
587 926 729 979 enim
763 927 940 981 vivere
973 928 1195 982 licenter
1224 940 1277 983 et
1300 929 1501 998 absque
1528 940 1667 984 metu
1699 929 1777 983 fas

184 1027 337 1083 erat,
360 1018 494 1071 sicut
517 1018 655 1087 apud
681 1027 869 1087 gentes
896 1019 947 1072 in
977 1021 1299 1088 turpitudine
1320 1031 1369 1076 ct
1396 1022 1656 1078 ebrietate
1679 1065 1692 1085 .
1723 1032 1777 1077 et

186 1108 544 1176 ltelluatione,
578 1118 631 1163 et
652 1110 885 1173 deliciis,
916 1118 970 1165 et
1001 1111 1123 1166 luxu
1153 1131 1164 1168 :
1190 1111 1283 1167 sed
1315 1114 1591 1181 oportebat
1614 1115 1773 1168 etiam

186 1201 401 1254 frenare
428 1200 751 1254 iracundiam
772 1243 785 1267 ,
811 1211 867 1255 et
888 1202 1151 1272 imperare
1181 1203 1377 1258 illicita:
1398 1205 1778 1272 concupiscen-

186 1294 272 1346 tiae
298 1334 314 1356 ,
338 1301 393 1346 et
417 1291 692 1361 despicere
711 1308 841 1360 epes
866 1335 882 1359 ,
911 1302 964 1347 et
984 1296 1303 1349 conculcare‘
1319 1296 1538 1364 gloriam
1560 1337 1575 1361 ,
1606 1304 1659 1349 et
1683 1311 1772 1349 su-

185 1386 447 1452 periorem
478 1398 596 1437 esse
627 1383 819 1437 invidia
851 1393 904 1437 et
925 1384 1107 1438 livore.
1140 1385 1268 1451 Qua:
1300 1386 1507 1455 qualem
1538 1386 1772 1440 laborem

186 1474 498 1542 requirunt,
539 1474 720 1529 sciunt
759 1476 824 1540 ii,
856 1476 943 1543 qui
982 1492 1101 1529 cum
1134 1477 1236 1531 illis
1276 1477 1512 1545 quotidie
1546 1486 1771 1532 certant.

181 1566 320 1631 Quid
349 1566 490 1618 enim
511 1608 525 1631 ,
555 1565 663 1633 die,
694 1580 810 1627 oro,
841 1566 1080 1621 infestius
1116 1567 1291 1621 illicita
1319 1570 1771 1637 concupiscentia,

182 1672 301 1722 tlttzc
332 1654 493 1709 veluti
527 1655 741 1710 rabidus
780 1657 927 1710 canis
966 1658 1015 1709 in
1058 1672 1155 1710 nos
1198 1659 1451 1711 continuo
1479 1658 1675 1723 insilit,
1720 1670 1773 1714 et

182 1748 423 1817 quotidie
451 1763 548 1802 nos
575 1748 855 1813 obturbat,
883 1756 1041 1817 atque
1068 1748 1203 1804 adeo
1228 1764 1362 1817 Opus
1390 1750 1546 1804 habet
1578 1765 1766 1819 perpe-

185 1849 275 1891 tuo
303 1839 537 1907 vigilanti
562 1839 781 1891 anima?
823 1838 939 1892 Jam
967 1838 1093 1908 quid
1121 1840 1355 1893 amarius
1385 1840 1503 1893 ira?
1530 1840 1656 1893 Nam
1683 1841 1772 1910 ju-

185 1930 420 1981 cundum
446 1929 661 1997 quidem
686 1937 767 1983 est
797 1928 975 1984 ulcisci
1006 1944 1125 1982 cum
1144 1970 1159 1991 ,
1191 1929 1278 1999 qui
1306 1945 1402 1982 nos
1432 1930 1616 1999 injuria
1646 1930 1774 1984 affe-

186 2021 291 2083 cit,
325 2030 377 2072 at
412 2020 513 2074 hoc
543 2034 648 2074 non
678 2020 889 2073 licebat.
921 2020 1057 2087 Quid
1093 2019 1245 2085 dico,
1291 2035 1395 2074 non
1438 2022 1651 2075 licuisse
1696 2024 1773 2076 ul.-

184 2110 351 2163 eisei?
396 2109 509 2164 imo
534 2110 815 2179 oportebat
842 2118 897 2164 et
938 2111 1375 2165 contristantibus
1416 2112 1768 2178 benefacere,

186 2210 239 2255 et
265 2201 577 2254 scommatis
607 2215 703 2255 nos
733 2201 1119 2256 incessantibus
1139 2201 1571 2268 benedicere,.et
1601 2218 1667 2258 ne
1694 2204 1774 2257 ul-

186 2292 292 2346 lum
321 2291 537 2362 quidem
570 2308 817 2362 umquam
840 2308 1079 2347 amarum
1102 2292 1319 2347 verbum
1350 2293 1610 2364 proferre.
1635 2295 1773 2363 Quin

185 2394 239 2439 et
266 2384 649 2438 continentiam
682 2398 786 2437 non
810 2382 863 2437 in
892 2384 1021 2438 solis
1041 2384 1289 2453 operibus
1310 2424 1324 2448 ,
1359 2383 1453 2438 sed
1485 2394 1538 2439 et
1566 2386 1769 2455 c0gita-

188 2477 327 2531 tione
352 2476 471 2545 ipsa
501 2484 800 2530 monstrare
821 2484 1051 2544 oportet.
1079 2475 1192 2529 Non
1219 2476 1359 2530 enim
1390 2477 1559 2530 solum
1590 2477 1656 2531 ab
1688 2477 1770 2531 in-

184 2566 529 2621 continentiae
559 2581 753 2636 opere,
786 2567 878 2621 sed
908 2576 963 2621 et
982 2582 1011 2620 a
1043 2568 1131 2621 tali
1154 2576 1368 2637 aspectu
1398 2568 1769 2624 abstinendum

183 2670 262 2714 est
285 2701 304 2725 ,
326 2676 499 2729 neque
527 2676 591 2714 ex
618 2660 849 2715 formoso
872 2661 1150 2715 mulierum
1174 2671 1392 2729 aspectu
1414 2663 1656 2733 voluptas
1680 2677 1772 2719 ao-

184 2752 428 2822 cipicnda
459 2770 473 2807 :
502 2768 625 2807 nam
652 2763 705 2807 et
746 2754 814 2807 ob
846 2752 1001 2807 talem
1046 2752 1548 2822 contemplationem
1589 2766 1769 2809 extre-

184 2860 324 2897 mum
354 2844 675 2912 supplicium
704 2844 986 2914 irrogatur.
1011 2841 1142 2897 Cum
1174 2845 1329 2914 igitur
1350 2856 1402 2899 et
1425 2854 1627 2899 tantum
1658 2843 1770 2901 bel—

187 2935 291 2987 lum
322 2934 391 2988 ab
425 2934 523 3000 iis,
569 2949 686 3003 qua:
715 2932 877 3000 foris,
922 2944 976 2989 et
1015 2944 1193 2989 tantus
1238 2935 1394 2989 timor
1422 2936 1488 2989 ab
1517 2936 1612 3003 iis,
1652 2951 1771 3004 qua

185 3025 319 3079 intus
344 3043 356 3079 :
384 3039 608 3094 magnus
638 3038 846 3094 quoque
871 3035 985 3078 erat
1009 3024 1158 3080 labor
1188 3026 1238 3078 in
1262 3024 1573 3080 exercendis
1606 3026 1773 3080 virtu-

185 3117 339 3171 tibus.
372 3116 598 3172 Accedit
616 3128 793 3172 autem
822 3127 873 3171 et
894 3128 1159 3187 quartum.
1185 3117 1313 3172 Nam
1339 3117 1594 3187 inexperti
1618 3128 1771 3173 erant

185 3209 493 3260 certaminis
523 3208 650 3261 tanti
673 3250 688 3273 ,
719 3207 858 3277 quod
884 3208 1195 3263 certandum
1221 3218 1334 3263 erat
1365 3228 1378 3264 :
1412 3225 1585 3280 neque
1627 3210 1769 3264 enim

183 3301 405 3368 apostoli
438 3316 565 3368 eos,
601 3303 689 3370 qui
730 3316 758 3354 a
790 3301 1216 3371 progenitoribus
1254 3302 1362 3356 suis
1396 3302 1645 3370 pietatem
1674 3317 1768 3357 cx,-

184 3401 469 3462 ceperant,
518 3392 838 3446 erudiendos
876 3392 1048 3446 sortiti
1091 3401 1245 3456 sunt,
1294 3391 1386 3445 sed
1427 3392 1677 3447 educatos
1718 3393 1767 3446 in

185 3484 400 3538 mollitie
424 3494 481 3538 et
504 3484 741 3549 deliciis,
784 3492 839 3538 et
876 3483 1169 3550 ebrietate,
1213 3493 1267 3538 et
1309 3484 1673 3553 turpitudine,
1716 3495 1770 3539 et

184 3573 610 3641 intemperantia.
642 3572 823 3642 Neque
851 3572 951 3626 hoc
976 3574 1119 3642 parvi
1143 3574 1396 3627 momenti
1426 3584 1562 3640 erat,
1584 3584 1637 3628 ut
1662 3574 1766 3629 dif-

187 3662 368 3717 ﬁcilius
399 3664 717 3717 redderetur
738 3673 1007 3718 certamen
1029 3706 1042 3729 ,
1068 3664 1209 3734 quod
1231 3681 1347 3719 eam
1377 3665 1765 3735 phil050phiam

184 3769 351 3822 neque
373 3754 653 3823 superiora
677 3763 934 3823 tempora,
960 3770 1133 3824 neque
1161 3766 1408 3824 parentes
1431 3756 1727 3813 docuerant
1751 3778 1763 3811 :

185 3844 274 3898 sed
320 3855 447 3899 tunc
486 3847 716 3914 primum
755 3846 822 3899 ad
868 3844 1167 3915 lmjusmodi
1204 3848 1495 3902 certamina
1542 3849 1769 3904 instrue-

185 3933 392 3989 bantur.

257 4048 308 4101 5.
338 4047 472 4101 Cum
507 4046 666 4115 igitur
697 4057 836 4103 tanta
867 4057 991 4105 tunc
1017 4060 1157 4105 esset
1183 4053 1418 4108 certandi
1452 4054 1765 4122 difficultas,

186 4139 402 4205 Paulus,
438 4153 494 4195 ut
522 4142 787 4196 solaretur
811 4144 1123 4196 certantium
1158 4145 1389 4199 laborem
1413 4188 1427 4211 ,
1455 4147 1679 4201 Subinde
1701 4148 1768 4203 de

185 4235 574 4287 resurrectione
604 4248 904 4288 sermonem
935 4235 1179 4290 movebat
1210 4254 1222 4288 :
1257 4246 1309 4291 et
1336 4254 1439 4292 non
1471 4238 1566 4290 hac
1594 4240 1764 4293 solum

184 4322 563 4378 adhortabatur
614 4325 842 4379 athletas
872 4366 887 4391 ,
947 4327 1040 4381 sed
1088 4336 1141 4380 et
1189 4342 1404 4382 suarum
1461 4330 1764 4397 passionum

183 4417 520 4471 enarratione
555 4436 569 4473 :
597 4433 765 4487 eaque
793 4420 858 4473 de
887 4435 1042 4474 causa
1071 4430 1351 4489 antequam
1382 4422 1432 4475 in
1464 4436 1763 4476 sermonem

192 4504 256 4558 de
284 4508 671 4561 resurrectione
704 4509 931 4572 incidat,
961 4525 1083 4564 suas
1112 4513 1387 4579 passiones
1417 4516 1661 4581 exponit,
1691 4514 1766 4568 sic

182 4594 400 4650 dicens:
436 4595 503 4650 In
546 4598 771 4653 onmibus
817 4601 1108 4668 premimur,
1155 4614 1209 4655 at
1261 4619 1360 4655 non
1405 4605 1545 4657 anxii
1596 4606 1767 4657 reddi-

183 4702 289 4739 mur
313 4705 335 4742 :
360 4689 650 4744 laboramus
671 4732 685 4757 ,
714 4702 769 4743 at
809 4708 907 4745 non
937 4693 1251 4747 destituimur
1283 4710 1301 4747 :
1331 4699 1765 4764 perseqmttionem

182 4780 429 4845 patimur,
464 4791 516 4833 at
551 4798 649 4834 non
688 4782 739 4835 in
781 4798 840 4835 ea
865 4783 1141 4839 descrimur
1169 4802 1188 4839 :
1219 4787 1513 4857 thjicimur,
1565 4798 1617 4841 at
1664 4805 1763 4842 non

184 4873 394 4936 perimus
419 4874 435 4903 '
470 4873 529 4941 (2
555 4871 672 4928 Cor.
703 4876 752 4929 4.
781 4878 830 4929 8.
860 4875 936 4948 9).
980 4878 1179 4944 Quibus
1208 4880 1383 4933 verbis
1430 4882 1764 4949 quotidianus

180 4974 370 5017 mortes
400 4965 680 5036 designat,
712 4982 776 5023 eo
806 4969 945 5038 quod
981 4971 1132 5040 quasi
1167 4973 1381 5025 animati
1414 4974 1604 5026 mortui
1632 4990 1765 5044 quo-

183 5054 300 5109 tidie
325 5056 390 5111 ad
424 5068 650 5113 mortem
693 5060 1035 5116 tradebantur
1063 5080 1076 5117 :
1105 5078 1223 5117 cum
1253 5078 1380 5132 ergo
1414 5064 1526 5118 lucc
1562 5064 1765 5135 inflige-

181 5158 356 5199 rentur
379 5190 394 5211 ,
441 5148 568 5202 hinc
604 5165 907 5204 sermonem
944 5150 1087 5205 hunc
1119 5152 1185 5205 de
1215 5154 1606 5208 resurrectione
1651 5171 1765 5208 mo-

180 5248 267 5290 vit.
298 5239 564 5292 Credimus
594 5242 726 5294 enim
750 5284 762 5307 ,
796 5244 901 5309 ait,
935 5246 1072 5310 quod
1104 5245 1145 5297 is
1173 5246 1258 5314 qui
1287 5247 1545 5299 suscitavit
1580 5245 1759 5300 Domi-

183 5345 295 5382 num
322 5340 554 5384 nostrum
582 5332 759 5386 Jcsum
786 5335 1071 5399 Christum,
1096 5346 1141 5389 et
1167 5353 1255 5389 nos
1288 5354 1375 5405 per
1397 5336 1570 5389 Jcsttm
1598 5339 1761 5390 susci-

183 5419 295 5473 tabit
316 5462 331 5484 ,
354 5431 400 5474 et
431 5422 685 5476 vobiscum
708 5426 971 5478 constituet
1001 5440 1019 5479 :
1049 5435 1309 5495 prapterca
1342 5428 1485 5481 malis
1513 5445 1611 5481 non
1642 5444 1760 5481 suc-

172 5597 438 5715 εῃῖῧξριιλ,
474 5611 685 5661 premor,
722 5610 773 5652 et
807 5604 876 5653 sic
896 5605 1043 5654 totius
1065 5606 1321 5666 sequentia
1346 5605 1578 5667 phraseos
1600 5606 1762 5655 insin—

310 5673 342 5708 ι.

1256 262 1343 318 DE
1384 256 1949 315 RESUliRECTIONE
1989 257 2437 315 MORTlIOllUM.

3358 262 3463 315 422

1888 374 2167 427 cumbimus
2190 416 2206 438 ,
2252 376 2521 427 maximam
2552 375 2601 428 in
2635 374 2985 428 certaminibus
3014 375 3133 444 ipsis
3163 377 3460 429 consolatio-

1890 478 2003 515 nem
2015 462 2277 530 habentes,
2292 482 2429 534 spem
2447 466 2748 534 futurorum
2760 466 2815 536 (‘2
2827 466 2950 523 Cor.
2966 468 3018 522 4.
3038 470 3118 522 ts.
3142 470 3249 540 l6).
3269 472 3333 525 Et
3346 489 3450 527 non

1888 552 2023 605 dixit
2047 553 2113 606 ad
2152 556 2295 625 ipsos
2323 557 2545 626 Propter
2572 558 2715 627 quod
2749 573 2817 612 ne
2843 560 3210 615 succumbatis
3249 564 3406 617 malis
3436 580 3452 617 :

1882 648 1973 703 sed
1992 648 2127 719 quid
2165 648 2275 703 ait!
2309 646 2526 720 Propter
2564 652 2700 720 quod
2740 668 2842 706 non
2883 640 3254 710 succumbiinus
3293 658 3459 713 malis.

1886 739 2127 792 Declarat
2147 754 2205 794 se
2224 755 2434 810 quoque
2457 742 2509 794 in
2536 742 2800 797 continuis
2820 744 3300 802 conflictationibus
3322 762 3458 803 esse.

1882 830 2171 885 Enimvero
2193 833 2244 886 in
2266 832 2553 903 Olympicis
2580 836 2954 891 certaminibus
2973 838 3171 893 athleta
3201 840 3335 894 intra
3358 851 3457 895 sta-

1882 920 2027 973 dium
2056 930 2260 989 certat,
2308 924 2561 994 magister
2597 935 2774 980 autem
2822 926 2931 981 ludi
2977 928 3107 983 foris
3141 931 3426 986 considens
3449 973 3466 997 ,

1881 1012 2218 1067 sermonibus
2261 1013 2415 1068 affert
2461 1015 2750 1085 auxilium,
2796 1028 3123 1090 eatenusque
3170 1030 3464 1078 certantem

1884 1100 2158 1157 dumtaxat
2182 1103 2366 1172 juvat,
2396 1115 2656 1174 quatenus
2690 1109 3160 1167 acclamationibus
3198 1129 3463 1171 sermoni-

1881 1192 2087 1263 busque
2112 1196 2250 1249 valet
2275 1214 2287 1249 :
2316 1212 2489 1267 neque
2509 1198 2648 1253 enim
2674 1198 2774 1254 ulla
2796 1200 2843 1255 ei
2865 1202 2979 1272 lege
2999 1205 3321 1274 permittitur
3340 1220 3465 1278 pro-

1883 1286 2005 1354 pius
2029 1288 2279 1341 assiStere
2300 1298 2351 1342 et
2374 1290 2614 1345 manibus
2640 1292 2785 1345 illum
2811 1290 3082 1363 adjuvare.
3110 1300 3175 1351 At
3200 1313 3352 1355 secus
3376 1316 3463 1354 res

1883 1378 2077 1432 habent
2121 1380 2169 1433 in
2211 1382 2421 1450 pietatis
2459 1383 2857 1439 certaminibus.
2909 1386 3051 1442 idem
3098 1391 3239 1445 enim
3287 1402 3370 1448 est
3413 1404 3467 1449 et

1881 1469 2078 1523 athleta
2119 1482 2172 1525 et
2217 1475 2469 1542 magister
2506 1475 2612 1528 ludi
2646 1494 2659 1529 :
2688 1486 2743 1531 et
2784 1476 2983 1534 idcirco
3013 1496 3117 1535 non
3157 1492 3305 1537 extra
3351 1495 3463 1539 sta-

1880 1558 2026 1614 dium
2064 1562 2215 1617 sedet
2247 1579 2259 1615 :
2290 1564 2382 1617 sed
2411 1565 2677 1635 ingreSsus
2704 1569 2769 1621 ad
2795 1572 3086 1625 certamina
3112 1572 3261 1641 ipsa,
3287 1576 3465 1631 firmat

1881 1654 2205 1722 compugiles
2230 1695 2249 1720 ,
2275 1654 2458 1709 dicens
2488 1674 2500 1710 :
2536 1655 2754 1726 Pmpter
2774 1663 2911 1730 quod
2937 1663 3089 1717 malis
3112 1680 3210 1718 non
3235 1681 3465 1719 succum-

1884 1743 2067 1798 bimus.
2103 1746 2167 1800 Et
2198 1763 2304 1801 non
2345 1748 2523 1815 dixit,
2570 1750 2795 1822 Propter
2829 1755 2968 1823 quod
3011 1756 3165 1811 malis
3206 1774 3309 1812 non
3338 1774 3460 1814 suc-

1879 1834 2104 1899 cumbo,
2153 1837 2283 1904 sed,
2327 1837 2481 1893 Malis
2521 1858 2622 1895 non
2653 1843 3019 1901 succumbimus
3055 1847 3296 1903 laudibus
3324 1850 3465 1919 ipsos

1878 1926 2085 1995 erigere
2114 1929 2320 1985 volens.
2349 1930 2455 1985 Sed
2474 1936 2699 2002 quamvis
2724 1936 2874 1991 homo
2905 1949 3073 1993 uoster
3099 1952 3332 1997 externus
3356 1962 3466 1998 cor-

1880 2027 2146 2086 rumpatur
2170 2060 2184 2083 ,
2227 2030 2392 2074 tamen
2431 2023 2660 2078 internus
2698 2038 2968 2081 renovatur
3006 2031 3058 2083 in
3099 2033 3206 2087 dies
3241 2035 3466 2105 singulos

1881 2106 2104 2179 (lbid.).
2161 2109 2290 2165 Vide
2343 2124 2538 2183 quanta
2604 2116 2673 2169 sit
2713 2117 2956 2187 Apostoli
3019 2122 3319 2190 prudentia.
3353 2127 3467 2181 Ad-

1878 2200 2082 2254 monuit
2118 2201 2346 2269 primum
2390 2218 2483 2258 eos
2509 2204 2978 2265 abafflictionibus
3008 2228 3138 2281 quas
3178 2213 3418 2270 ferebant
3447 2260 3462 2283 ,

1876 2286 2061 2344 dicens
2092 2307 2105 2342 :
2140 2288 2204 2344 lu
2233 2292 2464 2348 omnibus
2489 2297 2801 2365 premitmtrf,
2830 2311 2881 2352 at
2906 2318 3006 2354 non
3036 2304 3176 2357 anxii
3201 2306 3461 2360 rcddimur

1877 2377 1984 2448 (Ib.
2005 2396 2033 2433 υ
2053 2382 2150 2453 .8).
2171 2382 2457 2439 Admonuit
2476 2387 2599 2441 item
2622 2404 2651 2442 a
2678 2392 3067 2449 resurrectione
3094 2394 3241 2462 .lesu,
3259 2396 3463 2465 dicens,

1878 2468 2019 2524 Nam
2042 2474 2130 2542 qui
2151 2475 2405 2529 suscitavit
2428 2476 2605 2532 Iesum
2625 2521 2640 2545 ,
2665 2488 2710 2534 et
2741 2499 2831 2535 nos
2856 2485 3113 2539 suscitabit
3137 2485 3240 2557 (Ib.
3276 2506 3324 2544 ν.
3351 2490 3463 2561 Ν).

1950 2562 2121 2619 Etiam
2158 2567 2212 2621 in
2238 2567 2332 2621 hac
2361 2570 2459 2623 vita
2486 2587 2672 2625 merces
2703 2572 2944 2627 bonorum
2971 2592 3178 2646 operum
3204 2579 3463 2635 tribuitur.

1875 2684 1947 2695 —
1970 2655 2122 2710 Nunc
2162 2658 2318 2712 aliam
2352 2661 2635 2730 quamdam
2679 2663 2996 2721 adhortandi
3030 2669 3287 2725 rationem
3316 2672 3465 2726 indu-

1874 2747 1967 2801 cit.
2016 2746 2455 2821 Quandoquidem
2502 2755 2644 2808 enim
2695 2757 2941 2813 homines
2987 2759 3226 2831 plerique
3273 2763 3463 2833 pusillo

1876 2838 2055 2892 animo
2081 2850 2239 2907 sunt,
2270 2850 2323 2895 et
2349 2843 2574 2909 infirmi,
2609 2861 2673 2900 ac
2714 2847 2931 2916 miseri,
2964 2866 3027 2905 ac
3070 2851 3194 2907 licet
3220 2868 3455 2911 resurre-

1874 2929 2108 2985 ctionem
2139 2933 2279 2987 docti
2314 2935 2637 3006 negligentes
2664 2948 2809 3006 sunt,
2834 2949 2887 2995 et
2910 2941 2980 2996 ob
3012 2945 3268 3014 temporis
3293 2945 3458 3017 longi-

1878 3022 2113 3077 tudinem
2141 3025 2387 3080 vacillant
2423 3042 2487 3082 ac
2529 3030 2771 3085 recidunt
2798 3049 2811 3085 :
2840 3031 2962 3086 ideo
2990 3033 3149 3088 aliam
3187 3034 3292 3091 illis
3333 3049 3458 3095 ante

1875 3115 2316 3171 resurrectionem
2338 3120 2609 3173 constituit
2632 3122 2932 3177 mercedem
2952 3138 3015 3179 ac
3037 3127 3460 3185 retributionem.

1875 3205 2211 3276 Ettqua‘nam
2239 3210 2356 3264 illa?
2381 3210 2855 3269 Tametsiczternus
2877 3216 3025 3271 homo
3046 3229 3212 3273 noster
3232 3237 3461 3276 corruat-

1877 3299 2046 3367 pitur,
2073 3300 2299 3356 internus
2320 3305 2781 3359 tameninnovatur
2807 3308 2859 3361 in
2881 3309 2987 3363 dies
3011 3311 3237 3381 singulos
3272 3312 3376 3385 (1b.
3407 3333 3457 3369 υ.

1880 3383 1989 3453 16).
2021 3384 2313 3439 Externum
2337 3387 2603 3442 hominem
2633 3404 2825 3460 corpus
2844 3393 3159 3457 ,.iuternum
3182 3438 3197 3462 ,
3226 3383 3456 3453 animum

1876 3485 2052 3529 vocat.
2095 3476 2243 3543 Quod
2282 3488 2459 3532 autem
2500 3479 2629 3534 dicit
2668 3482 2969 3550 huiusmodi
3011 3494 3093 3539 est
3127 3502 3139 3538 :
3176 3496 3462 3558 antequam

1876 3580 2253 3636 resurgamus,
2301 3577 2355 3622 et
2401 3578 2683 3639 antequam
2735 3572 2975 3629 fruamur
3022 3576 3187 3646 gloria
3243 3578 3456 3645 futura,

1876 3656 2033 3709 etiam
2083 3673 2186 3711 non
2234 3674 2393 3728 parva
2438 3660 2523 3715 hic
2566 3661 2806 3716 laborum
2856 3668 3216 3722 remuneratio
3258 3669 3452 3737 datur,

1873 3760 1994 3802 cum
2028 3749 2165 3803 inter
2193 3751 2466 3819 angustias
2509 3751 2648 3820 ipsas
2687 3753 2863 3807 anima
2908 3766 3087 3810 nostra
3129 3757 3341 3825 junior,
3373 3774 3461 3814 sa-

1876 3840 2103 3908 pientior
2130 3849 2183 3895 et
2204 3843 2372 3911 magis
2401 3843 2484 3911 pia
2515 3844 2726 3911 evadit,
2757 3845 2960 3915 majore
2990 3847 3153 3916 pollet
3183 3849 3457 3918 patientia,

1875 3943 1931 3989 et
1971 3932 2158 3988 fortior
2196 3944 2354 4005 atque
2399 3938 2730 3991 constantior
2758 3940 3012 4007 persistit.
3041 3940 3170 3994 Nam
3209 3941 3346 3997 sicut
3380 3944 3457 4009 ii,

1873 4026 1960 4096 qui
1992 4028 2042 4081 in
2072 4028 2335 4098 corporali
2364 4030 2655 4084 certamine
2681 4041 2946 4101 pugnant,
2971 4042 3095 4089 ante
3120 4050 3372 4090 coronam
3404 4047 3459 4093 et

1875 4117 2111 4173 bravimn
2161 4120 2210 4172 in
2261 4122 2645 4175 exercitatione
2690 4132 2742 4176 et
2782 4124 3035 4192 palmstra.
3072 4126 3458 4197 ipsamagnam

1876 4212 2145 4281 accipiunt
2176 4212 2514 4279 mercedem,
2557 4231 2621 4267 eo
2651 4215 2802 4283 qnod-
2832 4230 3055 4285 corpora
3096 4232 3188 4271 sua
3223 4217 3454 4274 firmiora

1872 4314 1927 4357 et
1982 4304 2239 4358 validiora
2290 4306 2653 4360 exercitando
2694 4308 2933 4372 faciunt,
2985 4318 3040 4363 et
3093 4309 3452 4367 infirmitatem

1874 4410 2087 4449 omnem
2134 4396 2394 4465 effugiunt
2428 4415 2439 4449 :
2474 4398 2542 4450 ita
2570 4407 2621 4450 et
2665 4413 2769 4451 nos
2789 4396 3014 4455 virtutis
3040 4411 3311 4456 certamen
3344 4419 3460 4457 cer.

1876 4494 2086 4550 tantes,
2136 4488 2443 4557 priusquam
2486 4488 2754 4557 aperiatur
2777 4490 2963 4544 caelum
2987 4534 3001 4556 ,
3034 4493 3336 4563 priusquam
3373 4493 3458 4549 Fi-

1873 4574 1975 4628 lius
2004 4576 2103 4629 Dei.
2121 4576 2275 4639 adsit,
2313 4576 2617 4647 priusquam
2649 4579 3024 4635 retributiones
3062 4584 3214 4637 nobis
3240 4583 3456 4648 dentur,

1874 4683 2117 4737 magnam
2151 4668 2450 4724 mercedem
2494 4670 2822 4739 accipimus,
2871 4689 2936 4726 eo
2978 4675 3117 4743 quod
3154 4677 3329 4732 anima
3374 4694 3460 4733 sa—

1875 4759 2087 4826 pientize
2120 4759 2210 4812 fiat
2238 4761 2524 4813 amantior.
2556 4761 2761 4815 Etenim
2800 4764 2887 4832 qui
2921 4780 3067 4819 tnare
3106 4768 3455 4836 navigarunt,

1872 4863 1924 4905 et
1947 4851 2251 4907 innumeras
2281 4854 2540 4922 procellas
2572 4855 2832 4920 tulerunt,
2860 4866 2914 4911 et
2939 4859 3133 4914 multas
3165 4869 3453 4931 tempesta-

1874 4950 1952 4996 tes
1984 4945 2221 5013 perpessi
2265 4955 2388 4998 sunt
2409 4986 2424 5011 ,
2466 4958 2671 5000 et-cum
2712 4948 2889 5003 multis
2918 4949 3107 5005 bestiis
3140 4962 3411 5007 certarunt
3439 4997 3451 5016 ,

1871 5043 1994 5088 ante
2007 5050 2234 5089 mercem
2255 5036 2421 5111 ipsapr
2440 5054 2544 5091 non
2570 5034 2785 5107 parvum
2802 5057 2831 5094 e
2853 5055 3011 5109 parva
3033 5046 3454 5113 peregrinatione

1873 5126 1969 5181 ista
2025 5139 2297 5197 reportant
2349 5130 2589 5195 lucrum,
2636 5132 2907 5187 confidre
2949 5138 3156 5190 scilicet
3213 5147 3264 5190 et
3308 5154 3453 5193 mare

1872 5226 2132 5283 temnere,
2162 5235 2224 5273 ac
2248 5221 2528 5290 intrepide,
2563 5222 2670 5275 imo
2695 5238 2815 5277 eum
2843 5224 3115 5294 voluptate
3142 5231 3453 5282 transmari-

1872 5327 1967 5367 nas
2006 5312 2125 5367 illas
2153 5328 2309 5384 agere
2351 5316 2847 5383 peregrinationes:
2884 5317 2952 5370 ita
2994 5327 3045 5371 et
3090 5318 3176 5385 qui
3220 5308 3270 5369 in
3313 5334 3449 5386 pra-.-

1869 5405 2004 5458 senti
2048 5405 2148 5457 vita
2180 5414 2393 5473 prapter
2421 5404 2691 5459 Christum
2734 5406 2926 5460 multas
2966 5406 3066 5460 fert
3093 5407 3406 5463 afflictiones
3432 5452 3446 5473 ,

1870 5496 2139 5565 tuullaquc
2166 5497 2340 5564 gravia
2372 5497 2585 5565 patitur,
2617 5498 2776 5551 etiam
2804 5505 2926 5550 ante
2957 5512 3173 5565 regnum
3196 5499 3446 5554 czelorum

1868 5602 2111 5656 magnam
2142 5586 2283 5641 illaut
2314 5588 2718 5642 retributionem
2742 5587 3040 5654 assequitur
3070 5604 3083 5640 :
3112 5586 3235 5641 dmn
3260 5604 3445 5658 magna

1874 5680 1959 5736 hic
1989 5682 2185 5750 potitur
2215 5680 2426 5748 fiducia,
2458 5680 2795 5749 animamque
2816 5693 2964 5733 suam
2992 5679 3060 5735 ita
3083 5681 3348 5737 excelsam
3380 5681 3446 5735 at
