3908 6300
418 241 526 297 Εἴ)

415 355 520 410 ficit
545 392 560 417 ,
592 358 646 404 ut
674 347 894 420 posthac
935 349 1109 418 gravia
1139 348 1316 401 omnia
1344 346 1491 416 quasi
1529 364 1561 400 e
1588 344 1800 400 sublimi
1840 343 1985 399 deri-

415 445 554 500 deat.

483 531 641 586 Pauli
666 544 852 586 merces
873 537 989 584 ante
1013 530 1437 584 resurrectionem.
1459 558 1535 570 ——
1556 528 1627 586 Ut
1647 539 1823 584 autent
1845 527 1988 598 quod

411 625 659 689 dicimus,
688 621 861 677 adhuc
905 621 1236 676 manifestius
1284 630 1462 690 pateat
1493 663 1508 688 ,
1567 622 1813 690 exemplo
1859 620 1988 675 illud

414 715 686 772 declarare
711 714 975 768 volumus.
1011 713 1205 768 Paulus
1231 714 1338 776 ille,
1368 715 1652 768 exantlatis
1693 713 1990 768 innumeris

416 807 587 872 malis,
619 815 796 859 nonne
825 804 1056 873 insignes
1083 804 1460 858 retributiones
1484 804 1687 872 accepit
1715 817 1834 858 cum
1862 803 1988 857 trri-

412 897 565 953 deret
612 903 880 966 tyrannos,
925 907 1048 948 cum
1102 893 1411 948 furibundas
1455 893 1674 964 populos
1725 893 1986 958 incitaret,

413 1002 533 1047 cum
579 1001 766 1045 omnes
812 1003 997 1059 poenas
1041 993 1427 1053 contemneret,
1484 989 1885 1059 impavidusque
1935 997 1989 1043 et

413 1081 765 1151 imperculsns
799 1089 1039 1135 maneret
1076 1088 1261 1133 contra
1305 1080 1524 1143 bestias,
1553 1090 1736 1134 contra
1765 1081 1983 1147 ferrum,

413 1175 465 1228 in
491 1173 647 1239 mari,
673 1173 724 1226 in
755 1172 1076 1241 praeeipitiis,
1103 1171 1152 1224 in
1179 1170 1542 1236 seditionibus,
1572 1171 1622 1223 in
1645 1171 1868 1236 insidiis,
1895 1171 1988 1225 de-

415 1264 574 1335 nique
603 1264 657 1318 in
686 1263 839 1317 malis
871 1260 1156 1317 omnibus?
1185 1259 1321 1328 Quid
1351 1259 1473 1314 huic
1499 1259 1730 1315 conferri
1780 1261 1990 1331 potest?

415 1352 702 1412 Enimvero
749 1355 1016 1410 hominem
1058 1368 1164 1408 non
1205 1354 1569 1419 exercitatum,
1601 1362 1654 1409 et
1695 1353 1823 1408 nihil
1865 1355 1990 1408 mali

416 1453 692 1518 expertum
720 1447 803 1502 vel
829 1447 964 1502 levia
1002 1459 1224 1516 qumque
1256 1447 1466 1501 turbare
1507 1447 1716 1502 solent:
1745 1448 1852 1502 imo
1882 1462 1986 1502 non

418 1540 588 1594 solum
617 1551 704 1592 res
740 1538 889 1608 ipsae,
920 1537 1012 1592 sed
1040 1545 1094 1591 et
1123 1537 1266 1592 leves
1303 1537 1744 1606 exspectationes,
1781 1539 1985 1609 etquid

415 1631 535 1685 dico
562 1629 706 1684 leves
731 1629 1190 1697 exspectationes?
1217 1630 1376 1682 etiam
1399 1644 1574 1682 rerum
1607 1629 1805 1684 umbra:
1835 1632 1986 1699 pavi-

417 1721 542 1775 dum
571 1719 800 1776 reddunt
823 1728 879 1774 et
899 1727 1220 1788 perterrent.
1252 1718 1448 1774 Verum
1474 1720 1562 1788 qui
1588 1721 1909 1774 exercitatus
1935 1722 1987 1774 in

413 1820 683 1866 certamen
715 1811 1024 1880 ingreditur,
1069 1825 1133 1864 ac
1179 1810 1342 1864 multa
1384 1819 1508 1865 ante
1536 1811 1672 1865 mala
1705 1821 1988 1880 perpessus

418 1914 521 1969 est,
551 1905 597 1960 is
625 1904 870 1959 omnibus
895 1911 1079 1974 postea
1107 1903 1351 1973 superior
1376 1902 1537 1968 fit,et,
1569 1913 1840 1972 tamquam
1863 1918 1988 1972 gra-

417 1999 563 2054 culos
585 1998 922 2062 crocitantes,
967 2009 1062 2050 eos
1085 1997 1176 2064 qui
1204 1996 1488 2060 minantur,
1528 1995 1839 2050 contemnit.
1871 1995 1988 2048 Non

413 2096 578 2158 parva
613 2097 794 2142 autem
823 2097 904 2143 est
933 2087 1049 2140 haec
1077 2101 1296 2153 corona,
1339 2101 1512 2157 neque
1537 2087 1727 2157 exigua
1759 2102 1983 2152 merces,

413 2181 554 2251 quod
585 2181 730 2235 illum
757 2179 887 2234 nihil
923 2178 1273 2232 humanarum
1314 2193 1492 2234 rerum
1534 2194 1748 2234 movere
1777 2179 1939 2248 possit
1971 2197 1985 2232 :

415 2284 538 2324 nam
565 2283 683 2339 quae
711 2269 827 2322 aliis
869 2268 1093 2323 multum
1141 2268 1468 2323 formidanda
1501 2268 1762 2333 videntur,
1795 2269 1860 2324 ab
1889 2269 1989 2324 hoc

413 2359 566 2414 facile
594 2368 1006 2414 contemnuntur
1033 2376 1045 2412 :
1079 2370 1131 2413 et
1162 2369 1378 2429 propter
1404 2376 1520 2429 quae
1561 2361 1648 2414 alii
1676 2367 1906 2414 tremunt
1935 2370 1989 2414 et

413 2457 556 2503 metu
596 2449 994 2518 obstUpescunt,
1037 2465 1098 2504 ea
1137 2451 1358 2504 multum
1399 2450 1536 2504 ridet
1573 2451 1704 2520 ipse,
1749 2452 1868 2520 quia
1897 2466 1988 2520 per

411 2539 761 2595 excellentem
798 2542 1104 2610 patientiam
1142 2542 1500 2611 angelicorum
1528 2543 1780 2596 virtutum
1811 2542 1986 2611 philo-

319 2679 324 2683 .
411 2631 655 2701 sophian
681 2644 763 2686 est
800 2633 1044 2703 adeptus.
1090 2633 1146 2688 Si
1187 2634 1328 2688 enim
1366 2649 1558 2703 corpus
1601 2644 1744 2688 recte
1773 2634 1984 2688 beatum

411 2721 655 2788 dicimus,
703 2724 843 2793 quod
873 2733 1048 2794 potest
1084 2726 1284 2794 absque
1323 2725 1522 2779 oll‘ensa
1555 2726 1692 2780 ferre
1721 2725 1904 2795 frigus,
1933 2733 1987 2780 et

409 2813 663 2879 calorem,
697 2823 752 2868 et
780 2815 992 2880 famem,
1033 2826 1086 2869 et
1131 2816 1384 2884 inopiam,
1415 2825 1468 2869 et
1502 2816 1595 2869 via:
1620 2815 1980 2882 difficultates,

410 2917 779 2972 arumnasque
829 2904 962 2958 alias
1008 2919 1022 2957 :
1066 2915 1264 2974 quanto
1311 2905 1478 2974 magis
1526 2905 1734 2958 beatam
1789 2919 1984 2960 vocare

409 3001 621 3062 oportet
673 2994 900 3048 animam
957 3010 1074 3064 quae
1139 2996 1360 3050 viriliter
1411 3010 1474 3050 ac
1529 2995 1736 3050 fortiter
1796 3011 1985 3052 omnes

409 3083 644 3137 omnium
684 3082 1046 3139 molestiarum
1095 3081 1231 3138 ferre
1270 3084 1532 3150 incursus,
1585 3096 1639 3141 et
1680 3102 1771 3155 per
1809 3088 1986 3141 omnia

408 3191 630 3232 servare
669 3193 764 3232 cor
801 3193 953 3232 suum
997 3177 1126 3232 nulli
1155 3178 1394 3232 servituti
1441 3179 1728 3232 obnoxium
1773 3179 1984 3248 potest?

415 3265 572 3324 Plane
616 3267 705 3321 hic
743 3268 910 3337 magis
956 3284 1049 3323 rex
1086 3277 1189 3334 est,
1234 3283 1392 3337 quam
1433 3268 1531 3338 ipsi
1572 3284 1741 3339 reges.
1785 3270 1983 3339 Regem

407 3358 548 3411 enim
577 3356 856 3422 satellites,
885 3356 1097 3419 milites,
1148 3358 1302 3411 amici
1343 3366 1396 3412 et
1426 3359 1623 3412 inimici
1671 3375 1812 3414 nunc
1856 3361 1986 3414 insi-

406 3449 625 3513 diando,
653 3463 793 3503 nunc
818 3457 1002 3518 aperte
1027 3451 1132 3503 vim
1159 3449 1400 3505 faciendo
1426 3451 1695 3506 ollendcre
1723 3464 1939 3520 possunt
1966 3473 1980 3509 :

408 3540 533 3594 huic
574 3547 775 3606 autem,
819 3539 905 3594 cui
947 3540 1155 3596 animus
1196 3542 1405 3611 qualem
1450 3557 1591 3596 nunc
1635 3543 1764 3610 dixi,
1811 3559 1983 3614 neque

406 3644 520 3694 rex,
555 3646 726 3701 neque
755 3632 997 3700 stipator,
1031 3647 1203 3702 neque
1234 3633 1526 3701 familiaris,
1557 3649 1727 3705 neque
1756 3636 1976 3701 amicus,

407 3735 582 3793 neque
621 3724 888 3789 inimicus,
917 3740 1085 3794 neque
1112 3725 1352 3780 diabolus
1390 3727 1503 3796 ipse
1529 3727 1700 3796 aliqua
1743 3744 1806 3782 ex
1832 3738 1982 3798 parte

407 3816 600 3884 poterit
626 3832 838 3871 nocere.
866 3817 966 3882 Qui
1008 3817 1150 3871 enim
1177 3829 1374 3887 posset,
1407 3834 1528 3872 cum
1562 3819 1604 3873 is
1633 3821 1775 3873 omni
1805 3821 1982 3875 studio

406 3909 460 3962 in
491 3908 593 3962 hoc
622 3909 909 3974 incumbat,
943 3924 1010 3964 ne
1037 3909 1175 3964 inter
1198 3909 1334 3962 mala
1362 3916 1651 3978 computet,
1680 3925 1799 3980 quae
1824 3911 1981 3981 vulgo

406 4001 542 4054 mala
570 4000 758 4055 haberi
783 4001 992 4056 solent?

477 4092 530 4144 4.
573 4091 716 4145 Talis
745 4100 860 4146 erat
888 4092 1072 4146 beatus
1102 4092 1315 4158 Paulus,
1342 4101 1501 4162 atque
1527 4103 1803 4162 propterea
1832 4095 1976 4148 dice-

405 4180 495 4234 bat
525 4199 537 4234 :
565 4181 692 4246 Quis
733 4199 823 4235 nos
859 4183 1106 4250 separabit
1131 4200 1163 4235 a
1201 4185 1408 4236 caritate
1445 4181 1668 4237 Christi?
1703 4185 1975 4250 tribulatio,

403 4271 482 4324 uel
509 4271 766 4340 angustia,
793 4273 867 4324 vel
889 4272 1224 4340 persequutio,
1255 4276 1334 4326 vel
1356 4277 1532 4343 fames,
1559 4273 1635 4326 vel
1659 4273 1879 4339 auditas,
1905 4276 1980 4328 uel

402 4360 623 4436 gladius,
663 4360 737 4414 vel
767 4362 1083 4428 periculum?
1109 4361 1252 4416 Sicut
1277 4364 1517 4432 scriptum
1559 4375 1632 4418 est
1654 4380 1672 4418 :
1697 4363 1828 4429 Quia
1855 4383 1976 4436 pro-

403 4461 512 4519 pter
550 4459 597 4502 te
636 4460 793 4503 morte
834 4452 1127 4520 con/icimur
1171 4462 1274 4505 tota
1319 4454 1418 4518 die,
1466 4456 1684 4523 reputati
1719 4473 1890 4510 sumus
1924 4467 1977 4510 ut

403 4559 515 4596 oues
542 4544 894 4597 mactatiouis:
919 4544 1006 4597 sed
1055 4545 1108 4597 in
1137 4545 1240 4598 illis
1264 4545 1490 4598 omnibus
1516 4550 1708 4618 egregie
1737 4550 1976 4604 uincimus

401 4643 606 4703 propter
625 4650 755 4696 eum,
781 4634 869 4705 qui
893 4652 984 4690 nos
1015 4635 1187 4689 dilexit
1218 4635 1388 4707 (Rom.
1418 4638 1472 4692 8.
1502 4638 1592 4693 55.
1616 4639 1799 4706 56.57;
1827 4641 1972 4696 Psal.

400 4723 607 4793 45,22).
627 4724 772 4779 Istud
787 4727 947 4781 etiam
966 4727 1065 4781 hoc
1086 4727 1203 4781 loco
1221 4727 1492 4782 insinuans
1509 4729 1716 4786 dicebat
1735 4731 1976 4786 :Tametsi

399 4824 632 4868 externus
660 4815 808 4870 homo
836 4827 1002 4872 noster
1038 4821 1395 4889 corrumpitur,
1443 4822 1667 4876 internus
1699 4805 1865 4878 tamen
1897 4842 1976 4879 re-

399 4914 608 4958 novatur
635 4906 687 4960 in
717 4906 821 4960 dies
857 4907 1083 4979 singulos
1121 4909 1199 4978 (2.
1233 4909 1349 4963 Cor.
1378 4912 1431 4966 4.
1461 4911 1573 4982 16).
1604 4911 1872 4968 lniirmum
1918 4917 1975 4969 fit

398 5011 612 5066 corpus,
637 4997 731 5060 ait.
760 4997 857 5053 sed
883 5001 1106 5054 validior
1131 5010 1186 5056 et
1213 5004 1476 5070 potentior
1502 5005 1734 5071 animus,
1763 5007 1890 5076 quin
1921 5017 1974 5061 et

400 5088 569 5143 multo
597 5088 821 5144 alacrior
850 5099 904 5145 et
941 5090 1146 5161 agilior.
1187 5093 1253 5146 Et
1288 5095 1427 5148 sicut
1464 5097 1639 5160 miles,
1682 5099 1725 5151 si
1756 5098 1974 5166 gestarit

397 5193 542 5232 arula
564 5193 686 5234 sese
710 5182 1002 5250 gravantia,
1028 5181 1153 5238 licet
1175 5183 1458 5239 admodum
1485 5196 1734 5241 strenuus
1753 5189 1819 5241 sit
1839 5198 1893 5242 et
1918 5191 1968 5244 iu

399 5271 580 5325 militia
635 5271 984 5341 exercitatus,
1037 5289 1144 5328 non
1200 5284 1284 5330 est
1329 5278 1522 5331 terrori
1565 5277 1826 5342 hostibus,
1880 5280 1971 5349 qui

401 5363 568 5418 sciunt
594 5373 880 5420 armatura:
905 5367 1215 5436 gravitatem
1245 5369 1436 5439 pedum
1459 5371 1726 5426 velocitati
1769 5381 1823 5427 et
1850 5372 1967 5428 bel-

399 5455 535 5510 .andi
559 5456 674 5510 usui
715 5457 943 5513 obesse:
971 5458 1057 5515 sin
1097 5459 1232 5514 levia
1279 5462 1545 5533 acceperit
1569 5473 1622 5518 et
1651 5464 1966 5530 traetabilia,

397 5549 527 5602 sicut
549 5549 663 5602 avis
687 5550 858 5618 aliqua
889 5551 1106 5607 obvium
1135 5566 1195 5608 se
1221 5553 1354 5609 feret
1382 5553 1643 5611 hostibus.
1679 5555 1765 5612 Sic
1795 5567 1848 5611 et
1875 5558 1966 5626 qui

397 5650 602 5695 mrtem
643 5656 797 5701 suam
821 5659 930 5701 non
951 5645 1210 5704 ebrietate
1238 5663 1414 5718 neque
1442 5649 1766 5721 indulgentia
1794 5665 1964 5722 neque

1112 237 1168 292 S.
1207 235 1480 292 JOANNIS
1515 232 1986 290 CHRYSOSTOMI
2024 225 2338 289 ARCHIEP.
2377 230 2908 288 CONSTANTINOP.

3554 232 3658 290 Ωιι

2099 342 2304 397 deliciis
2333 343 2659 409 incrassarit,
2705 343 2796 396 sed
2818 343 3054 412 jejuniis,
3102 350 3156 399 et
3195 344 3440 414 precibus
3466 345 3671 402 diutur-

2095 449 2269 504 naque
2296 433 2641 489 altlictiouum
2673 435 2951 490 tolerantia
2978 435 3231 490 leviorem
3277 447 3332 492 et
3375 440 3666 496 tenuiorem

2095 524 2333 579 effecerit
2362 542 2375 576 :
2430 524 2567 578 sicut
2591 525 2817 579 volucris
2842 526 3016 594 aliqua
3045 541 3274 594 superne
3301 528 3571 594 devolans,
3599 536 3670 586 ita

2094 617 2271 670 valido
2312 617 2513 686 impetu
2541 617 2593 670 in
2621 618 2908 688 phalanges
2939 619 3239 672 dmmonum
3285 621 3458 686 irruit,
3492 631 3545 677 et
3575 624 3672 676 ud-

2095 710 2358 764 vcrsarias
2401 710 2620 764 virtutes
2665 710 2818 766 facile
2857 712 3054 765 invadit
3096 713 3304 783 sibique
3340 715 3571 784 subjicit.
3616 718 3674 773 lu

2094 817 2236 857 nunc
2266 802 2480 857 modum
2525 812 2579 858 et
2619 804 2812 859 Paulus
2840 806 3020 859 multis
3060 806 3285 860 allectus
3321 808 3508 878 plagis,
3541 821 3592 864 et
3621 811 3672 864 in

2095 893 2302 950 vincula
2345 896 2638 965 conjectus,
2706 905 2762 952 et
2811 898 2998 967 ligneis
3049 899 3258 953 vinctus
3303 902 3672 971 compedibus,

2093 1003 2289 1058 corpus
2312 991 2524 1060 quidem
2567 992 2752 1047 habuit
2788 993 2940 1047 valde
2978 993 3264 1057 inﬁrmum,
3299 995 3674 1067 laboribusque

2093 1089 2471 1147 ettiaceratum,
2495 1082 2724 1136 animam
2751 1097 2879 1137 vero
2906 1083 3095 1137 fortem
3123 1093 3176 1138 et
3197 1085 3444 1139 invictam
3474 1104 3487 1139 :
3516 1099 3676 1156 atque

2094 1170 2227 1224 adeo
2259 1170 2410 1226 fortis
2436 1183 2550 1227 erat
2571 1175 2800 1241 vinctus,
2825 1185 2882 1228 ut
2908 1172 2974 1228 ad
3003 1175 3168 1227 solam
3196 1175 3313 1244 ejus
3338 1191 3522 1231 vocem
3554 1180 3675 1234 fun-

2094 1263 2339 1318 damenta
2365 1266 2598 1320 carceris
2624 1274 3106 1331 commoverentur,
3155 1277 3209 1320 et
3237 1266 3468 1322 solutum
3494 1285 3674 1325 carce-

2095 1355 2168 1408 ris
2193 1355 2467 1411 custodem
2494 1358 2726 1411 vinctum
2755 1357 2822 1411 ad
2845 1358 3008 1428 pedes
3051 1373 3176 1412 suos
3210 1359 3516 1428 adduceret,
3551 1377 3676 1432 ape.

2095 1445 2429 1515 rireuturque
2453 1447 2633 1516 janua:
2657 1447 2872 1502 clausre.
2902 1449 3080 1517 Itaque
3105 1447 3246 1502 haud
3277 1463 3494 1518 parvam
3522 1453 3675 1507 nobis

2093 1539 2510 1594 consolationem
2543 1540 2736 1595 Paulus
2780 1540 3043 1604 exhibuit,
3085 1555 3309 1610 eamque
3345 1543 3504 1597 etiam
3550 1554 3674 1600 ante

2094 1630 2560 1695 resurrectionem,
2595 1645 2784 1699 nempe
2822 1630 2963 1700 quod
3007 1631 3386 1686 tentationibus
3427 1632 3674 1689 meliores

2093 1727 2147 1772 et
2197 1721 2550 1790 sapientiores
2603 1719 2892 1775 reddamur
2930 1738 2944 1774 :
2992 1720 3191 1774 idcirco
3239 1719 3418 1775 dicit:
3462 1722 3674 1792 Aﬁlictis

2095 1811 2383 1879 patientiam
2409 1820 2666 1880 operatur,
2699 1812 2940 1881 patientia
2969 1810 3330 1880 probationem,
3365 1820 3411 1863 et
3446 1812 3674 1882 probatio

2093 1917 2252 1972 spem,
2275 1919 2386 1971 spes
2412 1918 2524 1956 vero
2550 1918 2649 1956 non
2681 1902 2948 1972 confundit
2997 1901 3173 1970 (Rom.
3204 1903 3257 1956 5.
3287 1902 3341 1956 4.
3371 1903 3449 1971 5).
3491 1903 3556 1956 Et
3581 1903 3674 1958 ito-

2094 2009 2209 2048 rum
2257 1994 2392 2048 alius
2447 1995 2659 2062 quidam
2685 1995 2856 2049 dicit:
2895 1993 2984 2047 Vir
3027 1994 3111 2063 qui
3159 2007 3257 2047 non
3301 2004 3539 2061 tentatur,
3572 2012 3672 2050 non

2092 2092 2164 2137 est
2194 2087 2433 2153 probatus
2460 2101 2479 2139 :
2508 2094 2553 2139 et
2577 2086 2663 2156 qui
2687 2102 2787 2138 non
2832 2095 2905 2138 est
2925 2085 3180 2154 probatus,
3210 2086 3400 2139 nullius
3431 2087 3572 2156 pensi
3603 2103 3673 2140 est

2097 2173 2282 2244 (Ereti.
2329 2176 2416 2229 54.
2461 2174 2567 2245 ll).
2619 2176 2688 2228 Et
2723 2177 2792 2229 ita
2834 2191 2938 2229 non
2976 2191 3158 2244 parum
3202 2176 3354 2229 nobis
3394 2176 3673 2232 conferunt

2093 2265 2408 2320 afﬂictiones
2433 2276 2557 2321 ante
2585 2267 3050 2329 resurrectionem,
3080 2282 3198 2320 cum
3223 2267 3395 2320 anima
3425 2267 3674 2323 reddatur

2093 2357 2365 2424 probatior
2390 2357 2662 2426 patientia,
2693 2367 2746 2412 et
2790 2358 3132 2428 intelligentia
3157 2360 3490 2428 praestantior
3525 2368 3578 2414 et
3606 2362 3674 2416 ab

2092 2447 2236 2501 omni
2278 2449 2442 2504 libera
2493 2449 2795 2504 formidine.
2848 2449 2916 2503 Et
2970 2449 3168 2504 ideirco
3214 2449 3339 2503 dicit
3371 2469 3384 2504 :
3411 2449 3581 2504 Etiam
3625 2455 3672 2508 si

2091 2548 2326 2592 externus
2353 2550 2519 2593 noster
2547 2541 2696 2594 homo
2735 2551 3106 2609 corrumpatur,
3140 2540 3365 2594 infernus
3395 2551 3559 2595 tamen
3586 2560 3671 2596 reo

2093 2640 2305 2684 novatur
2348 2631 2400 2684 in
2445 2631 2550 2687 dies
2590 2631 2814 2701 singulos
2859 2631 2932 2701 (9..
2981 2630 3101 2685 Cor.
3144 2632 3198 2686 4.
3234 2630 3340 2702 16).
3397 2633 3672 2699 Quomodo

2089 2735 2292 2790 quaeso,
2320 2723 2646 2777 renovatur?
2670 2722 2942 2792 Eﬂ'ugatur
2959 2723 3102 2776 enim
3129 2723 3300 2776 omnis
3325 2722 3670 2792 effeminatio,

2092 2813 2503 2883 exstinguuntur
2541 2813 2985 2882 concupiscentia:
3034 2812 3298 2879 absurdae,
3343 2823 3396 2868 et
3429 2815 3670 2879 avaritia,

2091 2899 2144 2956 et
2192 2903 2362 2956 inanis
2394 2903 2580 2974 gloria,
2631 2899 2699 2958 et'
2726 2905 2778 2956 in
2824 2917 3029 2956 summa
3069 2903 3444 2956 interimuntur
3482 2917 3670 2961 omnes

2092 2995 2209 3047 alim
2248 2995 2400 3048 mala:
2432 3010 2800 3064 perversaeque
2844 2994 3212 3063 cogitationes.
3243 2993 3309 3049 Ut
3336 3009 3461 3063 ergo
3489 2995 3668 3053 anima

2090 3087 2312 3158 ignavia:
2339 3088 2702 3157 socordiaeque
2733 3087 2905 3142 dedita
2928 3087 3082 3142 facile
3104 3087 3401 3156 hujusmodi
3424 3087 3666 3141 affectio-

2088 3179 2245 3234 nibus
2271 3187 2352 3233 est
2380 3179 2607 3233 obnoxia
2636 3196 2649 3230 :
2683 3179 2753 3231 ita
2783 3177 2823 3231 si
2856 3177 3124 3231 continuis
3153 3186 3234 3231 est
3275 3177 3528 3245 implicita
3572 3192 3668 3246 pro

2089 3274 2283 3342 pietate
2319 3271 2715 3336 certaminibus,
2767 3286 2872 3323 non
2906 3249 3313 3323 tantumdiabet
3352 3270 3465 3334 otii,
3513 3277 3570 3322 ut
3597 3269 3671 3324 do

2080 3362 2173 3432 his
2203 3363 2286 3417 vel
2333 3363 2531 3432 cogitet
2580 3361 2886 3430 aliquando,
2943 3360 3084 3415 curis
3111 3360 3357 3414 videlicet
3402 3361 3570 3428 ipsam
3601 3361 3672 3415 ab

2089 3453 2456 3508 his—omnibus
2489 3453 2555 3507 ad
2601 3453 2864 3522 palaestra:
2904 3451 3078 3505 studia
3120 3450 3484 3504 avocantibus.
3537 3449 3670 3503 Pro-

2087 3552 2270 3612 pterea
2301 3544 2528 3608 dicebat,
2565 3542 2847 3596 lnnovatur
2888 3543 2940 3594 in
2981 3542 3086 3594 dies
3115 3541 3358 3610 singulos.
3392 3539 3579 3592 Postea
3609 3547 3669 3594 ut

2086 3633 2263 3689 denuo
2305 3635 2508 3690 soletur
2531 3636 2736 3690 animas
2761 3635 3002 3689 dolentes
3031 3634 3082 3687 in
3126 3633 3282 3687 malis
3313 3633 3503 3701 quibus
3530 3633 3669 3686 affli-

2087 3735 2316 3794 guntur,
2371 3735 2424 3780 et
2473 3725 2845 3795 philosolihari'
2879 3725 3184 3781 nescientes
3221 3737 3317 3791 spe
3367 3722 3666 3777 futurorum

2086 3816 2273 3885 erigat,
2297 3817 2374 3871 sic
2398 3817 2524 3872 dicit
2557 3836 2569 3870 :
2604 3818 2729 3884 Qua:
2753 3817 2884 3870 enim
2913 3831 3044 3868 nunc
3064 3814 3181 3868 levis
3203 3823 3274 3866 est
3301 3813 3518 3883 afﬂictio,
3543 3815 3670 3867 mire

2085 3925 2240 3976 supra
2289 3908 2493 3960 modum
2549 3919 2788 3961 wternum
2840 3906 3015 3975 gloria:
3069 3911 3267 3972 pondus
3328 3913 3564 3973 aperatur
3610 3905 3664 3958 in

2087 3998 2245 4065 nobis,
2276 3999 2394 4052 dum
2415 4016 2518 4052 non
2539 4008 2821 4068 spectamus
2845 4014 2903 4049 ea
2922 4012 3032 4064 quae
3056 3995 3298 4060 videntur,
3327 3995 3412 4047 sed
3437 4010 3548 4062 qua:
3563 4010 3665 4047 non

2085 4091 2338 4146 uidentur.
2396 4089 2533 4144 Nam
2571 4105 2684 4160 qua:
2722 4089 2974 4149 videntur,
3024 4087 3322 4155 temporalia
3365 4094 3481 4138 sunt
3509 4099 3527 4137 :
3551 4099 3666 4156 qua

2083 4197 2198 4236 vero
2237 4199 2336 4234 non
2375 4181 2624 4244 uidentur,
2669 4191 2855 4233 azterna
2900 4176 2976 4250 (2.
3005 4177 3122 4231 Cor.
3147 4177 3201 4229 4.
3242 4174 3464 4242 17.18).
3498 4174 3661 4238 Quasi

2083 4273 2326 4328 diceret:
2354 4273 2584 4327 Plurima
2616 4271 2773 4340 igitur
2806 4278 2859 4323 et
2887 4269 2937 4321 in
2982 4266 3080 4320 hac
3119 4267 3224 4319 vita
3260 4263 3476 4318 afﬂictio
3507 4265 3662 4319 nobis

2081 4363 2219 4417 bona
2249 4362 2476 4428 confert,
2507 4376 2697 4429 nempe
2719 4357 2856 4430 quod
2884 4357 3119 4410 animam
3165 4363 3397 4408 nostram
3437 4355 3658 4423 sapien-

2084 4454 2270 4508 tiorem
2298 4451 2798 4522 prudentiorctmpte
2835 4448 3010 4508 faciat,
3058 4447 3333 4500 innumera
3363 4459 3576 4514 quoque
3603 4453 3658 4498 et

2080 4545 2253 4598 futura
2307 4543 2446 4596 bona
2493 4541 2743 4595 conciliat
2782 4558 2795 4593 :
2830 4555 2933 4594 non
2981 4553 3043 4592 ca
3097 4553 3214 4607 quae
3272 4536 3538 4590 laboribus
3589 4548 3657 4592 ex

2081 4649 2235 4704 aequo
2281 4633 2665 4704 rependuntur,
2717 4631 2810 4686 sed
2857 4630 3112 4700 ampliora
3160 4627 3536 4682 certaminibus
3562 4625 3658 4680 de-

2080 4727 2273 4782 bentur
2315 4735 2422 4779 tatn
2469 4724 2762 4780 secundum
2790 4722 3121 4793 qualitatem,
3156 4736 3313 4790 quam
3364 4716 3658 4775 secundum

2079 4820 2448 4890 quantitatem.
2492 4818 2560 4872 Et
2597 4817 2755 4871 ambo
2781 4817 2878 4870 ista
2908 4813 3207 4877 declarans,
3235 4827 3356 4866 cum
3387 4809 3654 4876 magnitu-

2077 4911 2202 4966 dine
2232 4909 2584 4980 periculorum
2624 4907 2990 4963 excellentiam
3034 4903 3370 4974 praemiorum
3419 4898 3652 4962 confert,

2081 5014 2130 5061 et
2181 5003 2402 5074 opponit
2445 5002 2759 5058 brevitatem
2813 4997 3119 5061 mtcruitati,
3165 4991 3363 5050 levitati
3420 4990 3655 5059 pondus,

2075 5095 2348 5152 afflictioni
2390 5094 2632 5166 gloriam.
2678 5091 2908 5147 Afﬂictio
2955 5089 3135 5153 enim,
3189 5087 3292 5150 ait,
3343 5081 3654 5151 temporalis

2077 5197 2156 5242 est
2199 5197 2253 5242 et
2295 5187 2458 5252 levis;
2493 5185 2774 5240 delectatio
2814 5193 3012 5246 autem,
3046 5183 3152 5235 imo
3175 5192 3283 5232 non
3312 5175 3465 5240 dixit,
3507 5173 3654 5228 delc-

2073 5283 2256 5350 ctatio,
2291 5281 2388 5336 sed
2411 5281 2596 5352 gloria,
2628 5294 2745 5348 qua:
2773 5276 3127 5332 delectatione
3152 5271 3317 5325 multo
3347 5276 3430 5322 est
3459 5266 3651 5334 major,

2072 5383 2292 5439 acterna,
2319 5382 2373 5427 ct
2415 5372 2664 5426 continua
2686 5409 2705 5435 ,
2735 5378 2789 5424 et
2834 5381 3020 5436 magna
3053 5380 3066 5417 :
3100 5361 3307 5432 pondus
3344 5368 3517 5412 autem
3565 5356 3652 5414 hic

2077 5485 2182 5524 non
2231 5480 2590 5522 :crumnosum
2635 5473 2690 5518 et
2732 5473 3038 5521 onerosum,
3080 5453 3172 5509 sed
3216 5452 3550 5521 magnificum
3597 5461 3647 5503 et

2074 5559 2364 5630 pretiosum
2409 5552 2609 5624 aliquid
2660 5560 2815 5606 vocat
2856 5545 3057 5616 vulgari
3096 5541 3505 5608 consuetudine,
3547 5555 3651 5609 qua

2075 5650 2304 5721 pretiosa
2327 5645 2580 5718 gravioris
2606 5657 2724 5698 esse
2751 5639 2997 5711 ponderis
3025 5635 3203 5691 dicere
3234 5633 3487 5691 solemus.
3519 5631 3654 5686 Cum
