3892 6294
421 285 529 342 425

420 401 533 456 λεῖν
560 395 835 452 είώθασιν.
870 396 1038 449 Ὅταν
1068 391 1163 451 οὗν
1200 396 1328 468 είπῃ
1371 396 1536 471 βάρος
1557 398 1737 466 δόξης,
1773 396 2002 469 μέγεθος

421 483 580 557 δόξης
608 482 777 550 λέγει.
808 480 901 552 Μὴ
931 480 1113 535 τοίνυν
1139 480 1301 535 τοῦτο
1337 481 1499 552 μόνον
1529 483 1771 551 λογίζου,
1805 482 1993 552 φησὶν,

315 619 328 631 ,
421 571 505 623 ὅτι
547 565 785 639 μαστίζῃ
822 566 917 618 καὶ
964 563 1184 636 ἐλαύνῃ.
1220 563 1356 618 ἀλλά
1396 566 1491 618 καὶ
1537 565 1663 628 106;
1698 564 1999 633 στεφάνους

423 651 517 704 καὶ
550 648 651 712 τάς
693 647 951 718 ἀμοιϐὰς,
982 647 1069 700 ὅτι
1099 646 1278 716 πολλῷ
1313 646 1533 717 μείζους
1566 647 1662 700 καὶ
1688 645 2004 716 λαμπρότε-

426 746 539 808 ραι·
562 733 672 788 τῶν
717 731 1006 801 παρόντων
1058 732 1288 794 ἐκεῖναι,
1324 731 1420 785 καὶ
1459 730 1614 794 τέλος
1640 731 1742 785 οὐκ
1767 730 2001 799 ἔχουσιν,

422 817 547 871 οὐδὲ
578 816 774 887 πέρας.
817 813 979 868 Ἀλλά
1002 812 1195 878 ταῦτα,
1224 814 1410 883 φησὶν,
1435 814 1493 866 ἐν
1516 813 1705 883 πείρᾳ,
1741 814 1926 866 ἐκεῖνα
1947 811 2005 864 δὲ

424 900 482 954 ἐν
507 898 724 953 ἐλπίσι·
752 897 1039 951 καὶταῦτα
1071 896 1168 965 μὲν
1193 896 1427 967 φανερά,
1454 897 1639 949 ἐκεῖνα
1659 894 1791 947 δὲού
1822 893 2008 963 φαίνε-

423 981 655 1049 ται,ἀλλ’
672 981 916 1054 ἐκκρεμῆ
934 980 1026 1034 καὶ
1045 978 1296 1051 μετέωρά
1317 981 1474 1033 εἰσιν·
1490 978 1605 1032 ἀλλ’
1622 980 1671 1032 εί
1690 978 1784 1032 καὶ
1799 977 2004 1047 ἀφανῆ,

425 1066 564 1119 ἀλλά
579 1063 686 1119 τῶν
707 1064 1046 1135 φαινομένων
1084 1063 1201 1117 ἐστὶ
1238 1061 1614 1135 φανερώτερα.
1645 1060 1711 1113 Τί
1730 1060 1873 1130 λέγω
1901 1078 2008 1129 φα-

426 1146 734 1220 νερώτερα;
764 1148 977 1200 Ἐκεῖνα
987 1145 1212 1200 δύνασαι
1232 1146 1432 1217 μᾶλλον
1447 1147 1601 1217 όρᾷν,
1623 1145 1858 1217 ῆταῦτα.
1871 1143 2011 1197 Ταῦ-

423 1248 495 1285 τα
518 1232 614 1302 μέν
630 1230 737 1303 γάρ
766 1231 1117 1302 παρέρχεται,
1152 1229 1333 1282 ἐκεῖνα
1355 1230 1411 1282 δὲ
1430 1230 1600 1299 μένει.
1629 1228 1719 1281 Διὸ
1741 1230 2006 1299 ἐπήγαγε,

425 1314 603 1384 λέγων
622 1331 636 1345 ’
653 1317 710 1369 Μ
713 1313 750 1383 ὴ
771 1313 1161 1369 σκοπούντων
1179 1311 1348 1382 ἡμῶν
1357 1313 1429 1366 τὰ
1447 1312 1818 1381 βλεπόμενα,
1849 1311 2010 1366 ἀλλὰ

426 1400 501 1453 τὰ
528 1398 616 1469 μὴ
643 1399 996 1467 ,βλεπόμενα
1018 1415 1030 1427 ο
1055 1395 1127 1450 τὰ
1147 1398 1256 1466 γὰρ
1277 1398 1628 1467 βλεπόμενα
1653 1396 2005 1466 πρόσκαιρα,

426 1479 503 1534 τὰ
522 1480 681 1551 δὲμὴ
689 1481 1041 1549 ,ϐλεπόμενα
1065 1479 1289 1535 αἰώνια.

500 1626 562 1679 ε’.
598 1616 659 1674 Εἰ
686 1619 741 1673 δὲ
762 1618 957 1688 λέγοις·
981 1619 1090 1673 Καὶ
1117 1614 1228 1681 πῶς
1253 1620 1549 1690 δυνήσομαι
1582 1620 1647 1673 τὰ
1684 1619 1864 1689 ἀφανῆ
1892 1619 2010 1689 βλέ-

431 1721 575 1768 πειν,
604 1703 673 1755 τὰ
703 1703 760 1756 δὲ
788 1703 1033 1775 παρόντα
1065 1703 1140 1774 μὴ
1175 1703 1430 1773 βλέπεινς
1464 1703 1572 1757 ἀπὸ
1600 1703 1708 1757 τῶν
1741 1702 2010 1774 βιωτικῶν

432 1804 492 1840 σε
521 1787 600 1851 είς
630 1785 830 1857 ταύτην
856 1788 1143 1855 ἐναγαγεῖν
1172 1786 1502 1857 πειράσομαι
1528 1786 1625 1857 τὴν
1646 1786 1848 1839 πίστιν.
1875 1786 2010 1839 Οὐδὲ

431 1870 541 1941 γάρ
578 1870 687 1922 τῶν
722 1873 779 1923 ἐν
829 1870 906 1940 τῷ
940 1869 1131 1939 κόσμῳ
1189 1870 1531 1941 πραγμάτων
1576 1868 1686 1923 τῶν
1732 1870 2011 1941 ἐπικήρων

431 1952 638 2006 τούτων
669 1952 865 2021 ἅψαιτό
885 1970 969 2015 τις
1000 1952 1065 2004 ἂν
1096 1953 1318 2023 ῥᾳδίως,
1357 1952 1431 2023 μὴ
1459 1952 1526 2006 τὰ
1556 1953 1738 2024 ἀφανῆ
1765 1953 1870 2024 πρὸ
1903 1952 2012 2005 τῶν

431 2037 683 2108 φανερῶν
710 2037 854 2090 ίδών.
879 2033 1003 2090 Οἷόν
1028 2055 1081 2089 τι
1101 2037 1262 2105 λέγω·
1281 2036 1592 2109 Ὀἕμπορος
1622 2038 1883 2107 ὑπομένει
1914 2036 2011 2106 μὲν

429 2120 705 2191 χειμῶνας
752 2120 980 2185 πολλοὺς
1023 2122 1117 2172 καὶ
1162 2119 1421 2190 κυμάτων
1468 2120 1871 2182 ἐπαναστάσεις
1918 2119 2013 2171 καὶ

430 2205 668 2273 ναυάγια
682 2204 781 2257 καὶ
812 2203 1016 2275 μυρίας
1038 2202 1097 2255 δυ
1107 2203 1345 2265 σκολίαςτ
1368 2201 1630 2255 ἀπολαύει
1653 2201 1817 2255 δὲκαὶ
1845 2201 2011 2255 πλού-

430 2303 525 2340 του
578 2285 719 2356 μετά
752 2288 880 2347 τοὺς
921 2284 1218 2353 χειμῶνας,
1253 2285 1319 2336 τὰ
1362 2284 1558 2354 φορτία
1613 2282 2009 2351 διατιθέμενος,

432 2372 529 2424 καὶ
555 2368 758 2439 πολλὴν
795 2368 1164 2438 ἐργαζόμενος
1194 2366 1597 2438 πραγματείαν.
1652 2366 1791 2418 Ἀλλ’
1825 2370 1873 2419 οἱ
1916 2369 2014 2437 μὲν

432 2450 702 2523 χειμῶνες
734 2451 1008 2522 πρότεροι,
1028 2450 1096 2504 τά
1122 2450 1179 2502 δὲ
1209 2451 1403 2519 φορτία
1431 2449 1660 2520 ὓστερα’
1692 2451 1783 2503 καὶ
1813 2449 1882 2523 τὰ
1913 2450 2014 2519 μὲν

435 2534 647 2606 πελάγη
682 2534 777 2587 καὶ
813 2532 880 2586 τά
902 2531 1124 2602 κύματα
1147 2532 1395 2601 φαίνεται
1429 2531 1699 2597 ἐξελθόντι
1727 2530 1819 2584 τοῦ
1853 2532 2011 2601 λιμέ-

434 2635 546 2682 νος,
584 2620 617 2689 ἠ
654 2616 893 2688 ἐμπορία
915 2616 971 2669 δὲ
1000 2617 1062 2668 οὐ
1094 2616 1377 2685 φαίνεται·
1415 2617 1472 2669 ἐν
1516 2614 1695 2669 ἐλπίσι
1729 2614 1839 2687 γάρ
1859 2617 2025 2709 ἐστιν)

436 2700 537 2755 ἔτι.
585 2699 723 2753 Ἀλλ’
754 2699 902 2770 ὅμως
928 2698 993 2752 ἂν
1030 2700 1104 2769 μὴ
1136 2697 1271 2769 πρὸς
1316 2698 1528 2770 ἐκείνην
1559 2697 1643 2771 ἴδῃ
1680 2698 1892 2769 πρῶτον
1915 2698 2015 2770 τὴν

434 2782 618 2855 ἀφανῆ
650 2783 747 2836 καὶ
778 2781 853 2853 μὴ
886 2781 1183 2853 παροῦσαν,
1224 2781 1357 2852 μηδέ
1388 2781 1446 2834 ἐν
1474 2781 1661 2851 χερσὶν
1689 2776 1872 2843 οὖσαν,
1900 2779 2014 2834 ἀλλ’

437 2869 497 2921 ἐν
531 2867 763 2931 ἐλπίσιν,
797 2866 896 2918 οὐκ
926 2864 992 2918 ἂν
1022 2864 1220 2934 ἅψαιτο
1246 2863 1450 2917 τούτων
1483 2864 1593 2916 τῶν
1620 2863 1903 2935 παρόντων
1922 2864 2017 2917 καὶ

437 2950 799 3021 φαινομένων.
836 2946 992 3001 Οὕτω
1022 2948 1115 3001 καὶ
1166 2947 1411 3018 γεωργὸς
1440 2946 1693 3015 ζεύγνυσι
1740 2945 1890 3017 βόας,
1922 2948 2018 3000 καὶ

436 3033 669 3105 ἄροτρον
707 3031 876 3096 ἐλκει,
928 3031 1022 3085 καὶ
1065 3029 1284 3102 βαθεῖαν
1318 3029 1539 3084 αὔλακα
1578 3030 1892 3100 ἀνατέμνει,
1924 3030 2018 3083 καὶ

438 3116 732 3186 σπέρματα
763 3114 1114 3177 καταϐάλλει,
1150 3114 1245 3167 καὶ
1276 3114 1345 3167 τά
1384 3112 1513 3166 ὄντα
1540 3111 1754 3167 ἅπαντα
1780 3111 2014 3184 δαπανᾷ,

437 3199 534 3254 καὶ.
563 3196 773 3271 κρυμὸν
797 3201 893 3253 καὶ
919 3199 1093 3267 πάγον
1123 3197 1216 3251 καὶ
1238 3196 1477 3269 ὄμϐρους
1500 3197 1593 3251 καὶ
1617 3196 1810 3267 ἐτέρας
1830 3195 2018 3268 ἀνέχε-

438 3300 530 3336 ται
570 3282 946 3353 ταλαιπωρίας
982 3280 1203 3344 πολλὰς,
1235 3281 1330 3334 καὶ
1354 3280 1493 3350 μετά
1523 3280 1616 3334 τὸν
1642 3280 1804 3334 πόνον
1831 3279 2020 3334 τοῦτον

440 3365 714 3435 προσδοκᾷ
748 3363 1006 3434 κομῶντα
1046 3362 1273 3432 δψεσθαι
1299 3364 1367 3416 τά
1408 3362 1553 3433 λήῖα,
1598 3363 1693 3417 καὶ
1724 3362 2019 3434 πεπληρω-

446 3448 616 3518 μένην
647 3447 745 3516 τὴν
772 3445 970 3499 ἀλωνα.
1014 3444 1177 3516 Ὁρᾷς
1216 3445 1333 3507 πῶς
1377 3447 1470 3498 καὶ
1494 3445 1728 3499 ἐνταῦθα
1756 3445 2020 3518 πρότερος

441 3532 470 3583 6
506 3530 685 3593 πόνος,
706 3529 799 3582 καὶ
826 3527 963 3599 μετά
991 3527 1161 3581 ταῦτα
1197 3530 1225 3581 6
1257 3525 1447 3598 μισθός
1469 3544 1483 3558 ο
1518 3527 1612 3581 καὶ
1635 3529 1664 3580 6
1696 3529 1794 3598 μὲν
1831 3528 2022 3599 μισθὸς

441 3611 655 3681 ἄδηλος,
695 3612 722 3663 6
746 3610 802 3664 δὲ
837 3610 997 3674 πόνος
1019 3609 1177 3681 δῆλος
1215 3611 1312 3664 καὶ
1354 3610 1583 3681 φανερός
1603 3627 1617 3641 ο
1646 3612 1896 3675 κάκεῖνος
1922 3611 2021 3681 μὲν

441 3697 501 3749 ἐν
527 3694 761 3760 ἐλπίσιν,
787 3687 941 3758 οὗτος
967 3694 1025 3747 δέ
1050 3696 1107 3747 ἐν
1127 3694 1344 3766 χερσίν;
1389 3693 1530 3747 Ἀλλ’
1564 3694 1713 3764 ὅμως
1745 3694 1839 3748 καὶ
1866 3688 2021 3761 0610;

442 3779 509 3833 ἂν
544 3777 620 3849 μὴ
644 3777 906 3849 πρότερον
932 3777 1069 3848 πρὸς
1090 3777 1295 3830 ἐκεῖνον
1323 3777 1406 3848 ῖδη
1434 3777 1525 3831 16v
1550 3777 1742 3847 ἄδηλον
1763 3775 1851 3831 καὶ
1876 3778 2021 3847 ἀφα-

444 3864 508 3934 νῆ
556 3864 647 3916 καὶ
697 3862 772 3933 μὴ
822 3861 1151 3932 βλεπόμενον
1179 3863 1291 3923 τοῖς
1315 3860 1611 3931 ὀφθαλμοῖς
1642 3860 1735 3913 τοῦ
1773 3859 2022 3931 σώματος

449 3945 659 4017 μισθὸν,
684 3946 743 3999 οὐ
773 3945 931 4016 μόνον
953 3945 1014 3997 οὐ
1054 3943 1231 4007 ζεύξει
1259 3941 1407 4013 βόας,
1444 3943 1564 3996 οὐδὲ
1595 3944 1822 4015 ἄροτρον
1855 3943 2021 4010 ἐλξει,

446 4029 564 4085 οὐδὲ
623 4029 914 4101 σπέρματα
961 4027 1289 4093 καταϐαλεῖ,
1326 4027 1440 4081 ἀλλ’
1493 4028 1615 4081 οὐδὲ
1668 4027 2023 4099 κινηθήσεται

448 4114 658 4169 οκοθεν
704 4114 841 4186 πρὸς
887 4114 988 4185 τὴν
1038 4113 1301 4186 ἐργασίαν
1353 4110 1559 4181 ταύτην
1597 4112 1747 4164 ποτέ.
1776 4111 1901 4175 Πῶς
1930 4110 2024 4167 οὖν

447 4199 645 4253 ἄτοπον
675 4199 771 4252 ἐπὶ
818 4198 917 4269 μὲν
945 4196 1053 4251 τῶν
1092 4196 1365 4267 βιωτικῶν
1408 4195 1756 4266 πραγμάτων
1785 4194 1892 4267 πρὸ
1915 4196 2024 4249 τῶν

449 4280 603 4353 μῦθι
649 4279 900 4352 φανερῶν
930 4278 1211 4348 τάᾜφανῆ
1251 4278 1490 4348 βλέπειν,
1532 4280 1626 4332 καὶ
1654 4278 1759 4350 πρὸ
1797 4279 1905 4334 τῶν
1936 4297 2025 4349 μι-

450 4360 595 4415 σθῶν
623 4361 915 4430 ὑπομένειν
943 4361 1070 4425 τοὺς
1099 4359 1315 4424 πόνους,
1337 4360 1431 4413 καὶ
1463 4359 1727 4430 πρότερον
1749 4360 1818 4413 τά
1837 4360 2027 4431 δυσχε-

449 4447 520 4519 ρῆ
555 4446 731 4501 πάντα
759 4445 1046 4515 φέροντας,
1071 4444 1193 4496 τότε
1209 4444 1277 4497 τά
1291 4442 1351 4507 ἐξ
1380 4442 1559 4495 αὐτῶν
1579 4442 1867 4513 ἀναμένειν
1887 4462 2023 4517 χρη-

450 4532 572 4596 στά,
597 4532 691 4585 καὶ
719 4533 838 4594 ταῖς
856 4530 963 4583 τῶν
995 4528 1217 4599 ἀφανῶν
1243 4528 1424 4582 ἐλπίσι
1448 4530 1918 4601 προτρεπομένους
1935 4530 2026 4584 06-

444 4633 555 4679 τως
572 4613 840 4668 ἅπτεσθαι
854 4613 963 4667 τῶν
990 4613 1237 4685 φανερῶν
1252 4627 1267 4643 ⁶
1300 4612 1469 4667 ἐπὶδέ
1488 4613 1579 4667 τοῦ
1602 4612 1734 4667 Θεοῦ
1758 4615 2026 4680 διστάζειν

450 4700 546 4751 καὶ
589 4695 975 4767 ἀμφιϐάλλειν,
1007 4695 1103 4749 καὶ
1148 4694 1255 4767 πρὸ
1301 4695 1411 4749 τῶν
1438 4696 1612 4749 πόνων
1644 4696 1900 4750 ἀπαιτεῖν
1929 4696 2027 4761 τάς

449 4781 704 4851 ἀμοιϐὰς,
742 4781 839 4834 καὶ
864 4778 1127 4849 γεωργῶν
1157 4779 1252 4831 καὶ
1281 4779 1497 4832 ναυτῶν
1531 4779 2029 4852 μικροψυχοτέρους

450 4862 777 4933 φαίνεσθαι;
810 4862 885 4916 Οὐ
918 4862 1028 4934 γὰρ
1066 4861 1129 4927 δὴ
1169 4861 1329 4931 μόνον
1370 4860 1513 4915 κατά
1535 4861 1694 4915 τοῦτο
1724 4863 1904 4917 αὐτῶν
1926 4879 2030 4932 φα-

451 4946 688 5017 νούμεθα
728 4947 963 5017 χείρους,
993 4945 1352 5016 ἀσχάλλοντες
1384 4945 1521 5017 πρὸς
1554 4945 1615 4998 τὸ
1651 4945 1862 5015 μέλλον,
1893 4944 2031 4999 ἀλλά

452 5033 546 5086 καὶ
571 5032 692 5085 καθ’
721 5031 908 5103 ἕτερον
923 5030 1024 5082 οὐκ
1051 5029 1272 5084 ἐλαττον
1296 5027 1511 5084 τούτου.
1570 5030 1728 5083 Ποῖον
1748 5029 1811 5101 δὴ
1837 5030 2027 5095 10610;

454 5117 576 5170 Ὅτι
606 5117 803 5169 ἐκεῖνοι
832 5113 931 5186 μὲν
965 5113 1085 5167 οὐδέ
1125 5115 1256 5184 περὶ
1284 5113 1377 5166 τοῦ
1410 5113 1597 5176 τέλους
1628 5113 1850 5185 θαρρεῖν
1884 5115 2032 5185 ἔχον-

452 5216 543 5262 τες
573 5198 812 5261 πάντως,
842 5197 963 5251 οὐδέ
987 5196 1130 5250 οὕτω
1150 5197 1258 5250 τῶν
1284 5198 1461 5252 πόνων
1486 5199 1813 5267 ἀφίστανται
1837 5216 1850 5229 θ
1887 5204 1949 5253 σὺ
1973 5200 2031 5254 δέ

451 5284 767 5350 ἀξιόπιστον
796 5281 906 5334 τῶν
936 5280 1215 5349 στεφάνων
1248 5280 1387 5351 έχων
1416 5282 1711 5352 ἐγγυητὴν,
1741 5282 1862 5336 οὐδέ
1890 5283 2033 5337 οὕτω

459 5369 598 5438 μιμῇ
631 5367 730 5439 τὴν
774 5364 997 5419 ἐκείνων
1036 5364 1352 5435 κκρτερίαν.
1414 5365 1472 5417 '0
1518 5367 1616 5435 μὲν
1659 5365 1767 5437 γάρ
1788 5367 2033 5436 γεωργὸς

458 5448 718 5512 πολλάκις
750 5447 887 5519 μετά
916 5447 977 5500 τὸ
1002 5447 1070 5501 τὰ
1101 5448 1387 5519 σπέρματα
1424 5449 1772 5514 καταϐαλεῖν,
1810 5452 1903 5505 καὶ
1942 5451 2031 5504 θε-

456 5529 729 5603 ραπεῦσαι
772 5530 873 5601 τὴν
910 5530 1031 5601 γῆν,
1075 5530 1167 5583 καὶ
1216 5530 1471 5600 κομῶντα
1518 5532 1587 5584 τά
1623 5530 1748 5600 λήῖα
1800 5533 1946 5600 ἰδεῖν,
1997 5533 2031 5606 ἢ

459 5611 722 5684 χαλάζης,
752 5613 785 5683 ἦ
819 5612 1095 5685 ἐρυσίϐης,
1130 5614 1163 5684 ἢ
1203 5614 1447 5686 ἀκρίδος.
1479 5614 1513 5683 ἢ
1562 5615 1727 5685 ἄλλης
1756 5617 1899 5683 τινὸς
1925 5637 2035 5673 τοι·

459 5694 631 5767 δύτης
663 5696 1047 5767 ἐπενεχθείσης
1078 5696 1309 5767 πληγῆς,
1341 5696 1561 5763 ἐξέπεσε
1593 5697 1691 5769 τῆς
1723 5700 1829 5755 τῶν
1864 5703 2034 5758 πόνων

1128 285 1185 337 ὃ.
1224 280 1511 337 JOANNIS
1541 279 2033 338 CHRYSOSTOMI
2071 282 2388 343 ARCIIIEP.
2431 286 2975 346 CONSTAN'I'INOP.
3574 285 3653 347 έΞ

2109 399 2366 471 ἀμοιϐῆς,
2427 403 2521 456 καὶ
2574 401 2713 472 μετά
2768 401 2894 463 τοὺς
2946 398 3172 461 πολλοὺς
3218 398 3444 470 ἱδρῶτας
3497 405 3687 465 κεναῖς

2108 488 2288 541 οἶκαδε
2328 488 2658 560 ὑποστρέφει
2685 489 2861 560 χερσί.
2909 489 3074 542 Καὶὸ
3113 487 3351 558 ἔμπορος
3386 487 3444 541 δέ
3495 488 3681 551 πάλιν,

2112 578 2249 647 μετά
2292 577 2355 630 16
2405 577 2717 648 διαδραμεῖν
2773 576 2907 630 πολύ
2954 575 3187 644 πέλαγος
3244 573 3685 649 πεπληρωμένην

2110 661 2257 732 ἄγων
2289 663 2387 737 τὴν
2414 664 2634 729 ὁλκάδα,
2666 665 2803 736 πρὸς
2829 664 2961 718 αὐτὸ
2986 662 3244 729 πολλάκις
3286 664 3347 717 16
3383 666 3557 736 στόμα
3583 663 3681 719 τοῦ

2109 750 2328 823 λιμένος
2359 752 2707 824 ἐμπεσόντων
2736 751 2950 823 ἀνέμων
2976 749 3223 822 σκοπέλῳ
3262 753 3371 805 τινὶ
3403 752 3686 825 προσαρά-

2111 838 2227 906 ξας.
2262 837 2415 910 μόλις
2456 837 2647 910 ἐξῆλθε
2691 837 2752 892 τὸ
2801 838 2960 908 σῶμα
2999 835 3269 903 διασώσας
3297 840 3519 910 γυμνός.
3571 840 3685 895 Καὶ

2113 928 2205 980 ἐπὶ
2248 926 2465 980 πάντων
2512 925 2696 990 ἁπλῶς
2726 925 2835 979 τῶν
2882 924 3148 996 βιωτικῶν
3189 924 3388 989 πολλὰς
3423 925 3685 990 πολλάκις

2112 1014 2251 1083 πρὸς
2281 1012 2359 1083 τῷ
2385 1013 2527 1067 τέλει
2564 1013 2849 1085 συμφορὰς
2874 1013 3127 1077 τοιαύτας
3160 1012 3475 1084 συμϐαίνειν
3501 1013 3671 1077 εἰκός,

2126 1100 2249 1154 Ἐπὶ
2276 1101 2332 1155 δέ
2359 1101 2467 1153 τῶν
2495 1099 2720 1169 ἀγώνων
2751 1100 2858 1155 τῶν
2891 1100 2998 1154 σῶν
3030 1098 3131 1155 οὐκ
3162 1099 3277 1154 ἔστι
3321 1098 3511 1154 τοῦτο’
3551 1100 3687 1156 ἀλλά

2114 1188 2326 1260 ἀνάγκη
2352 1188 2566 1252 πάντως
2584 1188 2675 1242 τὸν
2698 1188 3128 1259 ἀγωνισάμενον,
3153 1188 3243 1241 τὸν
3268 1187 3565 1259 σπείραντα
3585 1188 3687 1257 τὴν

2114 1275 2420 1338 εὐσέϐειαν,
2454 1275 2549 1328 καὶ
2575 1274 2801 1339 πολλοὺς
2830 1273 3124 1343 ἐνεγκόντα
3156 1273 3369 1338 πόνους,
3409 1276 3687 1345 ἐπιτυχεῖν

2113 1365 2208 1418 τοῦ
2230 1364 2435 1429 τέλους.
2471 1365 2546 1418 Οὐ
2573 1364 2681 1436 γὰρ
2710 1364 2887 1434 ἀέρων
2915 1363 3270 1434 ἀνωμαλίαις,
3295 1363 3415 1417 οὐδὲ
3440 1366 3687 1435 πνευμά-

2115 1470 2221 1507 των
2252 1454 2455 1524 ῥύμαις
2485 1451 2591 1506 τῶν
2634 1452 2810 1506 πόνων
2837 1451 3038 1505 τούτων
3066 1452 3160 1516 τὰς
3188 1451 3422 1522 ἀμοιϐὰς
3464 1452 3692 1524 ἐπέτρεο

2114 1538 2214 1608 ψεν
2242 1541 2271 1592 6
2306 1537 2464 1602 Θεός·
2500 1537 2615 1592 ἀλλ’
2640 1540 2697 1591 ἐν
2717 1540 2827 1603 τοῖς
2854 1539 3102 1609 οὐρανοῖς
3132 1539 3470 1602 ἀπόκεινται,
3500 1540 3558 1595 ἐν
3576 1541 3692 1604 τοῖς

2114 1626 2334 1690 ἀσύλοις
2363 1626 2676 1697 θησαυροῖς.
2707 1626 2805 1679 Διά
2838 1625 2999 1679 τοῦτο
3030 1627 3122 1679 καὶ
3148 1627 3176 1678 6
3217 1625 3424 1690 Παῦλος
3461 1626 3648 1696 ἔλεγεν
3672 1643 3687 1658 ·

2129 1714 2198 1769 ἸΙ
2223 1714 2429 1783 θλῑψις
2448 1713 2765 1782 ὑπομονὴν
2800 1712 3227 1782 κατερῃάζὲται,
3256 1715 3296 1783 ἡ
3323 1713 3393 1768 δὲ
3414 1716 3688 1785 ὑπομονὴ

2116 1801 2392 1872 δοκιμὴν,
2445 1804 2483 1871 ἡ
2525 1801 2593 1855 δὲ
2621 1800 2835 1871 δοκιμὴ
2894 1801 3132 1865 ἐλπίδα,
3185 1801 3225 1869 ἡ
3274 1802 3344 1856 δὲ
3387 1803 3566 1869 ἐλπὶς
3618 1805 3692 1859 οὐ

2114 1891 2522 1959 καταισχύνει.
2571 1889 2662 1961 Μὴ
2708 1888 2889 1942 τοίνυν
2927 1889 3086 1961 εἴπης
3123 1890 3205 1942 ὃτι
3248 1890 3428 1962 ἀφανῆ
3454 1890 3523 1946 τά
3567 1894 3697 1963 μέλε-

2116 1980 2307 2033 λοντα·
2348 1981 2397 2031 εί
2428 1981 2536 2049 γάρ
2566 1978 2884 2048 βουληθείης
2919 1978 3057 2047 μετά
3087 1978 3373 2047 ἀκριϐείας
3417 1978 3694 2046 ἐξετάσαι,

2116 2066 2224 2120 τῶν
2276 2067 2333 2118 ἐν
2378 2067 2566 2137 χερσίν
2606 2068 2722 2120 ἐστι
2768 2067 2900 2121 πολὺ
2950 2066 3325 2135 φανερώτερα.
3371 2067 3484 2120 Καὶ
3537 2065 3696 2120 τοῦτο

2118 2153 2250 2207 αὐτὸ
2303 2154 2463 2206 πάλιν
2512 2153 2917 2222 ἐνδεικνύμενος
2960 2156 3093 2224 ἡμῖν
3134 2154 3162 2205 6
3190 2152 3417 2218 Παῦλος,
3473 2153 3549 2208 Τὰ
3576 2154 3699 2223 μὲν

2117 2238 2323 2294 αὶώνια
2357 2239 2529 2303 καλεῖ,
2566 2240 2637 2294 τὰ
2674 2239 2743 2292 δὲ
2769 2239 3121 2307 πρόσκαιρα,
3152 2239 3230 2310 τῷ
3268 2240 3587 2312 προσκαίρῳ
3635 2240 3699 2294 τὸ

2119 2325 2357 2398 φθαρτὸν
2387 2325 2568 2379 αὐτῶν
2604 2325 2796 2397 δηλῶν.
2821 2326 2956 2397 Πρὶν
2982 2326 3015 2398 ἢ
3057 2326 3163 2398 γὰρ
3193 2326 3428 2399 φανῆναι
3460 2328 3699 2397 ἀφίπτα-

2117 2432 2238 2480 ται,
2299 2414 2395 2468 καὶ
2449 2414 2739 2485 ἀποτρέχει
2768 2414 2898 2485 πρὶν
2940 2414 3249 2485 ἐπιστῆναι,
3284 2415 3377 2468 καὶ
3404 2412 3699 2487 ὀξύρροποι

2123 2503 2220 2574 μὲν
2272 2501 2450 2556 αὐτῶν
2502 2504 2559 2555 αί
2620 2502 2935 2573 μεταϐολαὶ,
3005 2504 3231 2567 ἄπιστος
3277 2502 3335 2556 δέ
3392 2502 3425 2573 ἡ
3480 2503 3695 2575 κτῆσις.

2119 2591 2290 2646 Τοῦτο
2318 2592 2411 2647 καὶ
2446 2593 2537 2646 ἐπὶ
2566 2591 2794 2646 πλούτου
2818 2594 2913 2647 καί
2940 2593 3097 2665 δόξης
3119 2595 3212 2648 καὶ
3235 2593 3575 2658 δυναστείας,
3601 2595 3700 2648 καὶ

2120 2679 2214 2733 ἐπὶ
2261 2680 2358 2752 τῆς
2407 2681 2515 2733 τῶν
2565 2679 2834 2749 σωμάτων
2886 2680 3217 2751 εὐμορφίας,
3259 2679 3414 2733 τοῦτο
3470 2680 3563 2734 καὶ
3607 2679 3705 2734 ἐπὶ

2123 2769 2315 2842 ῥώμης
2341 2770 2436 2824 καὶ
2456 2771 2547 2824 ἐπὶ
2571 2770 2678 2824 τῶν
2704 2769 2878 2824 ἀλλων
2912 2769 3098 2834 ἁπλῶς
3130 2769 3237 2823 τῶν
3269 2769 3535 2841 βιωτικῶν
3561 2786 3702 2840 συμ-

2123 2858 2304 2911 ϐαῖνον
2341 2857 2440 2910 ῖδοι
2470 2873 2551 2921 τις
2582 2858 2667 2912 ἀν.
2708 2859 2808 2910 Διά
2839 2855 2998 2911 τοῦτο
3027 2856 3121 2911 καὶ
3164 2858 3192 2911 ό
3219 2858 3503 2929 προφήτης
3548 2874 3703 2927 κωμ-

2121 2945 2273 3016 ῳδῶν
2300 2946 2425 3010 106;
2458 2946 2778 3017 τρυφῶντας
2798 2945 2891 3000 καὶ
2916 2946 3043 3016 περὶ
3061 2948 3316 3017 χρήματα
3344 2945 3703 3016 μαινομένους

2123 3033 2216 3087 καὶ
2253 3032 2351 3104 τὴν
2379 3032 2544 3106 ἄλλην
2570 3034 2787 3087 ἆπασαν
2821 3033 3145 3103 φαντασίαν,
3180 3033 3273 3101 Ὡς
3309 3031 3560 3098 ἑστῶτα,
3597 3050 3704 3104 φη-

2126 3122 2231 3186 σὶν,
2276 3122 2634 3192 ἐλογίσαντο
2681 3121 2888 3186 ταῦτα,
2941 3122 3039 3175 καὶ
3088 3123 3202 3189 οὐχ
3251 3121 3329 3188 ὡς
3377 3123 3699 3191 φεύγοντα.

2126 3207 2336 3280 Ὠσπερ
2384 3208 2495 3280 γάρ
2542 3211 2700 3273 σκιᾶς
2752 3208 2852 3262 οὐκ
2902 3208 3051 3262 ἐστιν
3101 3207 3475 3273 ἐπιλαϐέσθαι,
3529 3207 3703 3271 οὕτως

2124 3296 2243 3350 οὐδὲ
2293 3295 2399 3350 τῶν
2456 3296 2727 3366 βιωτικῶν
2774 3297 3148 3369 πραγμάτων·
3184 3296 3319 3350 ἀλλά
3368 3296 3438 3350 τὰ
3490 3297 3587 3367 μὲν
3632 3298 3702 3368 τῇ

2124 3384 2349 3455 τελευτῇ
2406 3384 2755 3446 καταλύεται,
2792 3384 2860 3437 τά
2912 3384 2969 3437 δέ
3015 3385 3109 3438 καὶ
3151 3383 3257 3455 πρὸ
3294 3383 3394 3455 τῆς
3442 3383 3706 3454 τελευτῆς

2126 3472 2430 3543 χειμάρρου
2467 3471 2665 3535 παντὸς
2703 3470 3165 3543 ὁξυρῤεπέστερον
3201 3472 3493 3545 παραρρεῖ.
3530 3469 3613 3523 Τά
3644 3471 3705 3524 δὲ

2129 3558 2391 3629 μέλλοντα
2436 3561 2497 3613 οὐ
2529 3558 2750 3612 τοιαῦτα
2770 3575 2785 3589 ·
2837 3559 2937 3612 οὐκ
2974 3553 3082 3612 οἶδε
3130 3557 3239 3629 γάρ
3285 3555 3604 3628 μεταϐολὴν,
3639 3560 3703 3611 οὐ

2126 3646 2338 3717 δέχεται
2357 3647 2587 3718 τροπὴν,
2626 3646 2727 3700 οὐκ
2759 3646 3047 3700 ἐπίσταται
3076 3645 3273 3717 γῆρας,
3304 3646 3401 3699 οὐκ
3438 3644 3550 3715 ἔχει
3576 3646 3704 3698 τινὰ

2128 3734 2431 3799 ἀλλοίωσιν,
2463 3734 2576 3788 ἀλλ’
2602 3734 2839 3807 ἀκμάζει
2864 3733 3148 3805 διηνεκῶς,
3176 3734 3269 3786 καὶ
3299 3734 3391 3786 ἐπὶ
3409 3733 3507 3803 τῆς
3533 3732 3706 3803 αὐτῆς

2127 3822 2461 3894 εὐπρεπείας
2513 3822 2683 3893 μένει.
2739 3823 2901 3875 Ὥστε
2948 3823 2997 3874 εί
3039 3821 3121 3873 δεῖ
3164 3821 3346 3891 ἀφανῆ
3389 3822 3486 3873 καὶ
3532 3819 3704 3891 ἄδηλα

2128 3914 2303 3965 εἰπεῖν
2332 3913 2427 3966 καὶ
2455 3912 2677 3977 ἄπιστα,
2702 3911 2771 3965 τά
2797 3911 3036 3982 παρόντα
3065 3910 3146 3963 δεῖ
3168 3909 3348 3977 λέγειν
3376 3910 3701 3982 πράγματα,

2129 4000 2223 4054 καὶ
2259 3999 2332 4070 μὴ
2366 4000 2749 4071 παραμένοντα
2787 4002 2900 4063 τοῖς
2959 3998 3333 4068 κεκτημένοις,
3390 3996 3540 4070 [431]
3588 3998 3704 4050 ἀλλ’

2128 4086 2425 4157 ἀμείϐοντα
2456 4088 2581 4152 τοὺς
2619 4087 2905 4152 δεσπότας,
2934 4087 3030 4140 καὶ
3069 4085 3191 4140 καθ’
3224 4087 3461 4155 ἑκάστην
3492 4087 3705 4157 ἡμέραν

2129 4176 2238 4228 ἀπὸ
2281 4175 2471 4228 τούτου
2522 4175 2659 4246 πρὸς
2707 4173 2893 4246 ἕτερον
2949 4173 3358 4244 μεταπηδῶντα,
3407 4174 3502 4227 καὶ
3544 4174 3643 4227 πά)
3660 4192 3707 4227 ιν

2129 4264 2222 4316 ἀπ’
2273 4262 2481 4317 ἐκείνου
2520 4262 2655 4333 πρὸς
2685 4259 2863 4315 ἀλλον.
2919 4259 3104 4314 Ταῦτα
3142 4260 3207 4332 δὴ
3242 4262 3418 4315 πάντα
3461 4260 3710 4331 δηλώσας

2128 4353 2259 4422 ἡμῖν
2310 4351 2339 4402 ὁ
2386 4349 2616 4412 Παῦλος.
2669 4348 2764 4402 καὶ
2817 4347 2908 4401 διὰ
2968 4347 3126 4402 τοῦτο
3174 4347 3245 4401 τά
3314 4349 3410 4420 μὲν
3463 4349 3709 4420 παρόντα,

2131 4440 2463 4511 πρόσκαιρα,
2483 4438 2551 4491 τά
2582 4440 2639 4490 δὲ
2676 4437 2935 4509 μέλλοντα
2958 4438 3148 4505 αἰώνια
3181 4437 3433 4503 καλέσας,
3459 4437 3550 4491 τὸν
3581 4441 3708 4509 περὶ

2129 4529 2227 4601 τῆς
2276 4528 2620 4592 ἀναστάσεως
2662 4530 2802 4582 κινεῖ
2835 4527 3011 4599 λόγον,
3040 4527 3182 4581 οὕτω
3210 4526 3383 4597 λέγων
3405 4544 3419 4558 ·
3449 4526 3707 4598 Οἴδαμεν

2130 4618 2241 4685 γὰρ
2279 4615 2368 4669 ὅτι
2401 4615 2509 4669 ἐὰν
2544 4616 2583 4684 ἡ
2615 4616 2875 4686 ἐπίγειος
2904 4616 3072 4684 ἡμῶν
3098 4615 3258 4668 οικία
3290 4614 3394 4668 τοῦ
3434 4614 3711 4684 σκήνους

2132 4700 2462 4771 καταλυθῇ,
2486 4704 2680 4757 οὶκίαν
2710 4705 2780 4758 ἐκ
2814 4703 2960 4758 Θεοῦ
2984 4702 3204 4772 ἔχομεν
3231 4702 3711 4772 ἀχειροποίητον,

2133 4789 2374 4845 αἰώνιον
2397 4790 2466 4844 ἐν
2494 4790 2617 4857 τοῖς
2650 4790 2947 4859 οὐρανοῖς.

2206 4956 2435 5027 ς’.⁸ὐρα
2459 4952 2619 5008 πάλιν
2644 4951 2737 5006 καὶ
2756 4949 2987 5005 ἐνταῦθα
3008 4949 3124 5014 πῶς
3145 4951 3262 5014 ταῖς
3283 4948 3491 5015 λέξεσιν
3515 4948 3715 5022 κέχῃ-

2134 5057 2221 5093 ται
2249 5040 2470 5111 κυρίως,
2490 5037 2558 5091 δι’
2580 5036 2760 5090 αὐτῶν
2785 5035 2894 5089 τῶν
2923 5035 3201 5106 ὀνομάτων
3228 5034 3328 5105 τὴν
3355 5032 3584 5103 δύναμιν
3609 5036 3705 5105 ἐμ-

2136 5124 2342 5193 φαίνων
2360 5121 2468 5176 τῶν
2486 5120 2787 5193 νοημάτων.
2816 5121 2890 5174 Οὐ
2910 5119 3019 5191 γάρ
3044 5119 3229 5181 ἁπλῶς
3251 5117 3446 5186 σκῆνος
3464 5118 3524 5170 τὸ
3552 5117 3712 5189 σῶμα

2102 5207 2410 5269 ’ἐκάλεσεν,
2441 5204 2575 5258 ἀλλά
2605 5204 2667 5257 16
2715 5204 3048 5276 πρόσκαιρον
3089 5201 3189 5271 τῆς
3234 5199 3515 5270 παρούσης
3563 5200 3712 5270 ζωῆς

2134 5292 2265 5361 ἡμῖν
2302 5287 2723 5358 ἐνδεικνύμενος,
2751 5288 2846 5341 καὶ
2872 5287 2970 5359 τὴν
3015 5286 3108 5340 ἐπὶ
3137 5284 3198 5338 τό
3236 5282 3441 5355 βέλτιον
3479 5284 3715 5353 μεταϐο-

2134 5372 2232 5444 λὴν
2261 5371 2462 5443 δηλῶν,
2502 5372 2783 5442 μονονουχὶ
2830 5371 3003 5438 λέγων
3025 5387 3036 5398 ·
3067 5367 3132 5420 Τί
3177 5363 3454 5429 στενάζεις
3486 5366 3580 5419 καί
3614 5364 3713 5420 δα-

2119 5453 2352 5523 ,κρύεις,
2402 5454 2685 5525 ἀγαπητὲ,
2732 5455 2813 5507 ὅτι
2860 5453 3039 5523 τύπτῃ
3096 5450 3190 5504 καὶ
3239 5447 3439 5521 ἐλαύνῃ
3493 5449 3587 5501 καὶ
3632 5450 3715 5515 εἰς

2140 5540 2511 5611 δεσμωτήριον
2539 5538 2870 5611 ἐμπίπτειςς
2916 5536 2969 5590 τί
2998 5534 3215 5605 θρηνεῖς
3249 5532 3348 5596 τάς
3373 5532 3511 5586 κατὰ
3548 5532 3714 5603 μέρος

2137 5622 2341 5685 ταύτας
2374 5621 2666 5687 κακώσεις,
2696 5620 2929 5690 ὀφείλων
2975 5616 3076 5688 τὴν
3127 5616 3418 5687 ὀλόκληρον
3456 5613 3710 5683 δέξασθαι

2140 5707 2435 5763 κατάλυσιν
2483 5704 2575 5760 τοῦ
2625 5705 2875 5776 σώματος
2894 5717 2908 5731 ·
2942 5700 3142 5773 μᾶλλον
3169 5700 3223 5755 δέ
3254 5700 3351 5771 οὐχ
3395 5698 3581 5763 ἁπλῶς
3615 5698 3712 5754 τοῦ
