3892 6294
297 348 398 403 ι25

294 461 452 529 igitur
480 458 628 526 dicit,
662 460 869 529 pondus
894 460 1101 531 glorim,
1131 460 1547 530 magnitudinem
1573 459 1760 531 gloria:
1793 457 1877 513 di-

289 551 382 603 cit.
414 549 491 604 Ne
514 549 615 604 hoc
654 560 889 620 reputes,
922 551 1111 620 inquit,
1142 551 1283 621 quod
1312 550 1598 620 ﬂagellaris
1618 558 1672 605 et
1695 550 1878 620 expel-

293 639 438 703 leris,
464 640 559 695 sed
592 641 767 710 potius
788 643 956 710 cogita
985 656 1209 695 coronas
1234 653 1283 696 et
1309 642 1707 709 retributiones,
1735 644 1876 713 quod

292 733 397 787 illa:
427 733 713 804 longiores,
747 736 976 802 majores
1000 746 1054 790 et
1083 738 1340 789 clariores
1365 735 1473 790 sint
1500 735 1872 804 praesentibus,

288 825 599 895 nullumque
637 825 795 880 linem
841 827 1088 892 habeant,
1123 836 1213 881 aut
1254 828 1559 881 terminum.
1593 831 1662 881 At
1706 824 1901 893 enim,

291 916 482 986 inquit,
520 915 633 970 haec
655 916 763 985 jam
796 917 1119 985 experimur,
1153 919 1237 971 illa
1265 933 1392 972 vero
1420 917 1473 970 in
1510 933 1606 986 spe
1631 927 1754 971 sunt
1782 933 1874 987 po-

287 1012 391 1061 sita
421 1024 434 1060 :
466 1015 522 1061 et
549 1006 664 1060 haec
699 1007 911 1077 quidem
944 1018 1219 1076 apparent,
1264 1008 1350 1061 illa
1380 1022 1509 1061 vero
1554 1023 1658 1061 non
1703 1023 1871 1077 appa-

287 1107 428 1164 rent,
473 1099 566 1153 sed
610 1101 824 1153 excelsa
863 1099 1214 1168 sublimiaque
1258 1107 1400 1152 sunt.
1434 1098 1547 1152 lino
1587 1098 1869 1153 invisibilia

295 1188 464 1242 multo
489 1189 655 1258 magis
683 1199 958 1260 apparent,
997 1204 1153 1258 quam
1180 1188 1422 1253 visibilia,
1454 1190 1753 1258 poterisque
1782 1189 1871 1244 illa

289 1279 457 1349 magis
482 1280 682 1347 videre,
710 1296 864 1350 quam
913 1280 1066 1334 haec:
1114 1279 1228 1334 hzec
1273 1295 1415 1334 emm
1456 1289 1749 1347 transeunt,
1782 1280 1866 1334 illa

285 1380 462 1424 autem
511 1381 846 1440 permanent.
894 1372 1186 1440 Eapropter
1227 1370 1372 1424 addit
1411 1369 1588 1423 :Dum
1630 1388 1722 1424 nos
1769 1387 1869 1424 non

286 1470 568 1528 spectamus
594 1478 651 1515 ea
676 1478 788 1533 qua:
804 1462 1053 1526 videntur,
1084 1462 1171 1515 sed
1190 1477 1305 1531 qua:
1331 1478 1431 1515 non
1459 1463 1690 1515 videntur
1712 1478 1730 1518 :
1757 1479 1868 1533 qua:

284 1555 418 1605 enim
466 1553 714 1618 videntur,
755 1554 1051 1623 temporalia
1076 1569 1095 1607 :
1118 1540 1230 1625 qua:
1267 1570 1366 1607 non
1403 1554 1647 1620 ridentur,
1680 1565 1867 1608 teter‘za

282 1655 398 1697 sunt
424 1645 498 1714 (2.
530 1644 644 1699 Cor.
675 1647 727 1699 4.
762 1644 873 1717 18).

355 1736 409 1788 5.
450 1738 518 1788 At
544 1737 587 1789 si
629 1736 851 1801 dixeris,
884 1736 1162 1804 Quomodo
1208 1752 1421 1806 possum
1453 1738 1631 1792 videre
1660 1754 1720 1792 ea
1748 1755 1865 1809 qua:

286 1840 389 1878 non
421 1825 684 1892 videntur,
713 1835 769 1883 et
795 1842 854 1880 ea
887 1843 1004 1897 qua:
1035 1830 1313 1896 przesentia
1340 1838 1481 1897 sunt,
1510 1846 1614 1885 non
1649 1831 1865 1885 videre?

283 1933 311 1968 a
340 1917 680 1971 saecularibus
708 1917 932 1986 negotiis
976 1930 1022 1972 te
1048 1920 1111 1973 ad
1142 1920 1277 1973 hanc
1306 1922 1462 1976 tidem
1493 1922 1745 1977 inducere
1774 1938 1861 1977 sa-

282 2018 477 2076 tagam.
512 2008 642 2061 Nam
674 2009 726 2062 in
769 2011 928 2063 rebus
959 2010 1113 2078 hujus
1150 2010 1330 2065 mundi
1374 2028 1530 2066 nemo
1558 2013 1734 2066 statim
1764 2014 1862 2067 ali-

281 2096 411 2165 quid
450 2098 577 2167 agit,
623 2099 723 2153 nisi
782 2100 1085 2169 priusquam
1137 2102 1310 2155 videat
1360 2102 1605 2168 visibilia,
1662 2114 1862 2172 spectet

282 2187 587 2242 invistbilia.
617 2189 796 2243 Dicam
836 2199 1010 2244 autem
1038 2193 1336 2261 exemplum
1365 2211 1379 2247 :
1409 2195 1703 2263 negotiator
1724 2197 1861 2250 mul-

281 2289 365 2334 tas
410 2279 514 2334 fert
562 2289 925 2351 tempestates,
974 2282 1224 2337 ﬂuctuum
1274 2285 1520 2349 insuitus,
1567 2286 1856 2359 naufragia,

280 2371 548 2439 multaque
575 2372 675 2426 alia
708 2373 1041 2426 incommoda
1072 2391 1084 2426 :
1121 2390 1303 2428 verum
1348 2392 1453 2430 non
1486 2377 1585 2431 nisi
1615 2393 1734 2431 cum
1763 2394 1860 2433 ne-

276 2464 623 2531 gotiationem
655 2465 979 2536 aliquamdiu
1008 2469 1327 2535 exercuerit,
1366 2479 1419 2524 et
1445 2486 1651 2526 merces
1678 2473 1861 2528 vendi-

277 2551 438 2622 derit,
487 2556 684 2611 divitiis
730 2558 893 2627 partis
940 2557 1148 2613 fruitur.
1203 2561 1267 2614 Et
1308 2562 1616 2631 praecedunt
1644 2565 1857 2634 quidem

278 2655 637 2716 tempestates,
681 2661 975 2719 sequuntur
1001 2660 1175 2706 autem
1210 2667 1416 2708 merces
1451 2672 1463 2708 :
1496 2664 1549 2709 et
1580 2655 1720 2709 videt
1745 2658 1861 2726 qui-

274 2736 397 2791 dem
427 2738 643 2808 pelagus
684 2755 747 2794 ac
781 2740 990 2808 ﬂuctus,
1033 2758 1152 2797 cum
1201 2759 1230 2798 e
1257 2745 1408 2800 litore
1442 2745 1619 2815 solvit,
1654 2763 1859 2803 merces

274 2836 451 2882 autem
470 2845 573 2883 non
597 2830 861 2899 videntur,
896 2840 1097 2887 tantum
1122 2844 1298 2889 autem
1328 2847 1632 2905 sperantur.
1659 2840 1727 2891 At
1757 2838 1857 2893 nisi

272 2917 339 2971 ad
369 2933 487 2973 eam
518 2922 787 2990 reSpiciat,
820 2939 937 2992 qum
966 2941 1070 2978 non
1116 2934 1334 2995 apparet
1360 2936 1414 2981 et.
1447 2928 1638 2982 absens
1669 2938 1770 2994 est,
1803 2937 1858 2984 et

272 3023 378 3061 non
409 3008 462 3062 in
490 3026 670 3077 manu,
696 3012 788 3066 sed
818 3013 870 3067 in
901 3030 1015 3082 spe,
1046 3032 1329 3085 numquam
1371 3019 1531 3072 etiam
1575 3020 1856 3088 prmsentia

269 3106 325 3150 et
352 3113 470 3166 qua:
506 3112 761 3169 apparent
787 3105 1085 3158 attentabit.
1119 3104 1377 3161 Similiter
1399 3116 1454 3163 et
1477 3110 1853 3179 agricolajun-

271 3189 348 3258 git
397 3190 579 3255 boves,
632 3194 792 3248 trahit
836 3204 1093 3261 aratrum,
1145 3198 1607 3266 profundos‘facit
1653 3203 1852 3269 sulcos,

270 3284 577 3352 seminaque
607 3287 825 3356 spargit,
850 3297 903 3341 et
934 3289 1134 3355 omnia,
1162 3306 1281 3360 qure
1311 3291 1410 3346 sibi
1434 3303 1578 3361 sunt,
1610 3296 1863 3364 insumit,‘

269 3381 322 3423 et
344 3370 559 3441 frigora,
594 3383 646 3429 ct
672 3376 885 3445 glacies,
914 3387 967 3433 et
992 3380 1207 3446 imbres,
1231 3391 1281 3436 et
1306 3382 1437 3437 alias
1464 3383 1563 3439 fert
1585 3401 1851 3441 aerumnas

270 3465 462 3517 multas
492 3480 504 3518 :
538 3467 853 3537 tandemque
889 3482 1006 3538 post
1035 3471 1246 3526 labores
1270 3484 1562 3544 exspectat,
1593 3486 1649 3530 ut
1676 3478 1852 3533 videat

267 3570 485 3624 campos
513 3557 743 3613 virentes
765 3569 818 3613 et
851 3561 1057 3629 plenam
1083 3579 1284 3618 aream.
1309 3566 1385 3619 En
1408 3576 1461 3621 et
1483 3567 1569 3622 hic
1598 3570 1743 3639 prior
1768 3580 1850 3626 est

274 3647 443 3714 labor,
510 3653 774 3719 posterior
815 3670 940 3709 vero
989 3672 1234 3713 merces:
1271 3669 1323 3713 et
1369 3676 1578 3716 merces
1624 3663 1845 3732 incerta,

271 3739 422 3795 labor
454 3758 582 3797 vero
607 3754 783 3800 certus
819 3757 871 3803 et
900 3750 1209 3805 manifestus
1237 3769 1251 3807 :
1283 3761 1338 3807 et
1363 3754 1449 3807 illa
1480 3754 1696 3825 quidem
1727 3766 1844 3810 tan-

266 3842 377 3886 tum
401 3835 450 3887 iu
486 3851 599 3905 Spe,
625 3838 775 3893 labor
799 3849 975 3896 autem
1004 3844 1054 3896 in
1088 3846 1351 3901 manibus.
1380 3846 1758 3904 Verumtamen
1794 3859 1845 3905 et

267 3921 381 3991 ipse
429 3925 529 3979 nisi
562 3929 786 3994 primum
828 3932 963 3985 hanc
1006 3942 1228 4002 spectet,
1274 3952 1394 4006 qua:
1437 3938 1595 3993 dubia
1639 3949 1693 3994 et
1738 3956 1842 3995 non

265 4031 546 4086 apparens,
574 4029 627 4074 et
647 4024 917 4091 corporeis
943 4027 1110 4083 oculis
1136 4027 1498 4111 inconspicua,
1532 4047 1636 4087 non
1666 4033 1841 4088 solum

266 4123 369 4161 non
393 4108 580 4180 junget
604 4112 785 4177 boves,
833 4132 1004 4185 neque
1047 4129 1279 4174 aratrum
1330 4108 1520 4190 trahet,
1554 4141 1725 4196 neque
1753 4143 1843 4182 se-

264 4199 406 4267 mina
445 4210 677 4271 sparget,
727 4204 819 4259 sed
852 4221 1021 4276 neque
1062 4223 1311 4279 umquam
1354 4212 1419 4266 ad
1468 4213 1518 4267 id
1546 4216 1723 4283 operis
1758 4217 1841 4272 vel

263 4290 425 4344 domo
479 4295 800 4362 egredietur.
857 4298 1136 4364 Quomodo
1188 4302 1348 4372 igitur
1401 4304 1685 4361 absurdum
1734 4325 1839 4363 non

265 4381 425 4435 fuerit
480 4382 530 4436 in
581 4385 742 4440 rebus
793 4390 1132 4446 smcuiarihus
1185 4409 1290 4448 non
1343 4408 1625 4466 conspecta
1672 4401 1835 4470 prius,

260 4487 417 4538 quam
449 4487 730 4544 conspecta
775 4494 885 4548 pra:
925 4482 1093 4536 oculis
1122 4483 1342 4553 habere,
1389 4498 1442 4542 et
1473 4499 1596 4545 ante
1636 4507 1840 4546 merce-

259 4561 378 4615 dem
426 4567 685 4622 sustinere
739 4570 968 4637 labores,
1018 4582 1070 4627 et
1119 4585 1236 4644 post
1284 4580 1584 4635 exantlatos
1630 4582 1837 4637 labores

261 4655 394 4707 bona
422 4672 485 4710 ex
518 4658 579 4711 iis
610 4662 871 4716 manantia
894 4675 1224 4734 exspectare,
1243 4678 1400 4738 atque
1422 4687 1515 4739 spe
1543 4688 1646 4726 non
1674 4689 1836 4743 appa-

259 4746 485 4799 rvntium
514 4764 575 4802 ea
612 4766 729 4822 qua:
756 4753 1002 4808 videntur
1042 4759 1284 4827 aggredi;
1330 4762 1381 4814 in
1422 4761 1486 4816 iis
1512 4775 1688 4817 autem
1716 4781 1833 4835 quae

256 4838 321 4890 ad
373 4838 544 4894 Deum
597 4852 839 4911 spectant
884 4846 1147 4912 dubitare,
1201 4850 1465 4918 lnesitare,
1520 4863 1574 4908 et
1613 4871 1834 4924 poscere

258 4932 555 4985 mercedem
598 4945 721 4988 ante
762 4936 994 5006 labores,
1043 4956 1267 5010 esseque
1313 4945 1474 4998 animi
1507 4946 1826 5015 alijcctioris.

253 5036 410 5087 quam
442 5023 547 5076 sint
578 5026 822 5094 agricola:
850 5038 902 5080 et
935 5033 1146 5085 nautae?
1184 5033 1296 5087 Non
1338 5035 1480 5089 enim
1510 5038 1559 5090 in
1590 5038 1688 5092 hoc
1716 5020 1877 5093 soiox

255 5110 380 5178 ipsis
411 5112 653 5168 videmur
679 5132 798 5170 esse
824 5118 1137 5187 deteriores,
1181 5125 1321 5195 quod
1351 5144 1490 5197 :egre
1534 5129 1700 5184 futura
1731 5149 1828 5187 ex-

252 5209 573 5269 spectamus,
620 5206 712 5259 sed
759 5208 915 5262 etiam
966 5212 1016 5265 in
1058 5214 1163 5267 alio
1204 5217 1432 5285 quodam
1480 5234 1584 5274 non
1625 5224 1830 5279 minore

256 5291 377 5344 illis.
422 5293 487 5347 Et
520 5296 784 5364 quodnam
812 5309 893 5352 est
921 5300 1063 5356 hoc?
1088 5304 1164 5357 Ilii
1194 5308 1333 5362 enim
1368 5325 1470 5364 non
1511 5314 1639 5366 satis
1666 5314 1830 5370 ﬁdere

256 5392 478 5445 possunt
509 5383 596 5438 lini
626 5400 754 5451 suo;
797 5399 1028 5445 attamen
1072 5410 1168 5449 nec
1193 5397 1270 5451 sic
1297 5414 1325 5451 a
1356 5400 1625 5457 laboribus
1654 5404 1832 5459 deter-

255 5482 439 5528 rentur
469 5494 481 5528 :
509 5489 562 5531 at
596 5488 650 5531 ttt
682 5480 1044 5550 lidejussoretn
1074 5501 1385 5544 coronarunt
1429 5492 1592 5549 habes
1622 5496 1725 5551 lide
1749 5497 1835 5550 di—

249 5564 558 5628 gnissinunn
589 5584 601 5618 :
628 5578 682 5623 et
724 5587 897 5641 neque
940 5576 1017 5629 sic
1064 5577 1285 5634 imitaris
1325 5583 1532 5639 illorttm
1575 5603 1829 5654 persevc-

254 5654 497 5708 rantiam.
556 5657 761 5712 Etenim
818 5678 1213 5735 nonnumquam
1261 5672 1487 5740 agricola
1548 5688 1832 5747 postquam

250 5758 543 5825 sementem
570 5750 775 5823 jacet-it,
812 5770 996 5827 agrum
1034 5760 1276 5830 coluerit,
1306 5766 1415 5837 jam
1463 5781 1694 5841 segetem
1741 5774 1826 5828 in—

1345 346 1432 403 DE
1474 341 2043 401 RESURBECTIONE
2083 342 2530 405 MORTUORUM.

3462 360 3569 416 ιῖσ

1987 472 2226 513 crescere
2263 459 2474 527 viderit,
2509 476 2609 531 spe
2647 471 2820 519 tamen
2850 481 2911 522 ac
2940 468 3287 526 retributione
3327 474 3562 530 laborum

1985 547 2199 613 excidit,
2223 550 2267 604 si
2291 551 2374 605 vel
2402 552 2624 621 grando,
2656 556 2735 609 vei
2758 572 2952 623 erucae,
2987 560 3069 615 vel
3094 561 3331 629 locustae,
3359 570 3440 619 vel
3461 570 3560 620 aha

1983 640 2225 707 qua‘dam
2258 644 2378 695 talia
2407 645 2714 711 acciderint,
2766 658 2821 702 et
2857 662 2979 720 post
3009 653 3202 709 multos
3228 655 3449 711 sudores
3475 675 3563 711 va-

1982 731 2096 781 cuis
2137 731 2378 786 manibus
2422 732 2637 790 domum
2688 741 3006 809 regreditur.
3055 744 3316 799 Mercator
3352 765 3561 818 quoque

1983 827 2101 886 post
2148 820 2355 891 longam
2411 826 2796 896 navigationem
2837 831 3037 887 ducens
3071 846 3343 891 oneratam
3386 841 3560 893 navim

1979 922 2121 976 siepe
2158 910 2213 963 in
2240 912 2354 979 ipso
2385 926 2567 983 portus
2597 919 2756 985 ostio,
2791 921 3112 978 irruentibus
3142 927 3333 993 ventis,
3368 928 3561 1000 impin-

1976 998 2052 1065 git
2090 999 2141 1052 in
2181 1004 2478 1071 scopulum,
2509 1016 2564 1061 et
2612 1009 2698 1062 vix
2730 1010 2871 1065 nudo
2917 1028 3143 1083 corpore
3170 1018 3317 1071 salvo
3343 1021 3556 1088 egredi-

1981 1098 2083 1142 tur.
2135 1092 2205 1145 Et
2245 1096 2297 1148 in
2328 1112 2556 1164 smnma,
2591 1101 2643 1153 in
2673 1105 3015 1160 smcularibus
3063 1110 3288 1177 negotiis
3312 1111 3558 1168 omnibus

1977 1195 2119 1251 sirpe
2152 1185 2253 1239 sub
2283 1187 2444 1242 linem
2474 1191 2732 1259 ejusmodi
2760 1196 3083 1253 calamitates
3130 1203 3399 1256 eveniunt.
3440 1203 3557 1257 Cae-

1978 1282 2149 1329 terum
2182 1293 2288 1331 non
2320 1281 2457 1334 idem
2492 1282 2542 1336 in
2586 1285 2690 1338 tuis
2718 1289 2975 1359 contingit
3002 1293 3414 1359 certaminibus;
3460 1296 3553 1349 sed

1974 1384 2194 1424 necesse
2242 1373 2458 1427 omnino
2500 1384 2601 1440 est,
2647 1385 2705 1430 ut
2745 1378 2833 1448 qui
2876 1385 3181 1451 certaverit,
3220 1393 3275 1439 et
3305 1386 3553 1455 pietatem

1974 1463 2334 1527 seminaverit,
2368 1466 2666 1535 multosque
2705 1468 2911 1525 labores
2949 1473 3148 1538 tulerit,
3194 1476 3351 1532 ﬁnem
3382 1479 3551 1547 ipsum

1972 1564 2305 1622 assequatur.
2342 1556 2522 1625 Neque
2549 1560 2689 1613 enim
2719 1563 2855 1615 aeris
2884 1564 3197 1634 intemperie
3223 1585 3395 1639 neque
3422 1587 3549 1626 ven-

1974 1653 2147 1698 torum
2190 1655 2503 1715 tempestate
2550 1651 2790 1706 laborum
2834 1657 3108 1711 mercedes
3151 1661 3383 1716 subverti
3428 1664 3553 1717 sinit

1972 1736 2143 1801 Deus;
2168 1737 2259 1791 sed
2282 1740 2528 1807 repositae
2548 1749 2667 1796 sunt
2693 1743 2795 1798 illa:
2819 1746 2868 1798 in
2893 1747 3193 1804 caelestibus
3214 1760 3268 1807 et
3291 1753 3552 1822 indepre-

1970 1826 2235 1883 daliilibus
2277 1831 2559 1886 thesauris.
2592 1834 2815 1904 Propter
2861 1838 2960 1893 hoc
2998 1850 3049 1893 et
3078 1841 3273 1896 Paulus
3296 1844 3502 1900 dicebat
3531 1866 3547 1902 :

1968 1920 2179 1990 Aﬁlictio
2201 1924 2492 1993 patientiam
2512 1938 2766 1995 operatur,
2791 1932 3029 1998 patientia
3050 1936 3407 2005 probationem,
3433 1958 3549 2008 pro-

1969 2009 2101 2065 batio
2128 2029 2284 2083 spem,
2314 2032 2425 2083 spes
2445 2026 2607 2070 autem
2628 2035 2727 2072 non
2748 2022 3009 2089 confundit
3033 2024 3202 2095 (llam.
3232 2028 3285 2081 5.
3319 2031 3369 2083 4.
3398 2032 3475 2100 5).

2043 2102 2416 2173 Temporalium
2436 2108 2753 2164 iucertitudo.
2782 2141 2855 2152 —-
2874 2113 3037 2183 Igitur
3058 2132 3124 2170 ne
3148 2118 3346 2174 dixeris
3367 2122 3541 2179 futura

1969 2193 2247 2247 invisibilia
2274 2214 2287 2247 :
2311 2197 2353 2249 si
2381 2197 2521 2251 enim
2544 2211 2790 2255 accurate
2817 2205 3123 2260 examinare
3148 2209 3403 2277 volucris,
3431 2214 3546 2266 lon-

1966 2301 2031 2355 ge
2070 2287 2427 2343 manifestiora
2461 2291 2799 2360 videbuntur,
2840 2312 2995 2364 quam
3026 2298 3111 2352 illa
3159 2301 3297 2370 ipsa,
3344 2318 3464 2373 qum
3494 2307 3546 2362 in

1968 2378 2209 2431 manibus
2244 2388 2385 2433 sunt.
2413 2380 2568 2448 Quod
2603 2382 2774 2452 ipsum
2816 2386 3008 2442 Paulus
3035 2392 3185 2444 nobis
3221 2405 3544 2463 monstrans,

1965 2467 2092 2521 dicit
2115 2485 2127 2519 ε
2159 2467 2267 2521 Illa
2289 2470 2489 2537 qmdem
2515 2483 2721 2536 (eterna,
2750 2474 2857 2530 lucc
2882 2492 2995 2531 vero
3018 2482 3336 2551 temporalia,
3376 2490 3545 2542 nomi-

1964 2571 2033 2611 ne
2100 2559 2466 2628 temporalium
2524 2562 2797 2619 declarans
2844 2568 2995 2622 nobis
3047 2574 3542 2641 corruptibilitatem

1965 2646 2222 2716 ipsorum.
2240 2648 2369 2703 Nam
2389 2660 2668 2721 antequam
2692 2667 3001 2723 appareant.
3021 2661 3315 2731 aufugiunt,
3339 2678 3390 2721 et
3414 2684 3542 2722 avo-

1964 2738 2074 2792 lant
2095 2751 2376 2810 autequam
2399 2744 2711 2811 consistant,
2749 2750 3172 2821 mutationesque
3193 2770 3376 2810 eorum
3407 2761 3543 2815 cele-

1964 2843 2051 2884 res
2076 2840 2219 2896 sunt,
2244 2832 2443 2887 incerta
2469 2837 2749 2902 possessio.
2779 2838 2888 2893 lloe
2910 2841 2962 2893 in
2989 2841 3207 2912 divitiis,
3228 2847 3413 2916 gloria,
3444 2866 3541 2918 po-

1963 2932 2188 2991 tentatu,
2215 2927 2454 2996 corporis
2479 2927 2647 2983 forma
2683 2942 2768 2985 :et
2798 2931 2973 2987 hocin
3013 2951 3348 3009 quocumque
3371 2959 3542 3000 sanen-

1963 3016 2058 3071 lari
2111 3018 2217 3071 alio
2271 3018 2413 3073 bono
2459 3022 2700 3075 contueri
2750 3023 2890 3077 licet.
2947 3025 3243 3097 Eapropter
3285 3034 3538 3102 prepheta

1960 3109 2356 3178 reprehendens
2400 3123 2619 3182 agentes
2664 3115 2714 3167 in
2752 3116 2995 3183 deliciis,
3030 3130 3083 3173 et
3126 3122 3175 3174 in
3204 3123 3414 3181 divitias
3463 3129 3538 3182 rei

1958 3202 2200 3269 quamvis
2253 3204 2407 3257 aliam
2440 3221 2551 3260 rem
2582 3209 2928 3275 temporalem
2971 3212 3329 3284 insanientes,
3380 3220 3540 3287 Quasi

1956 3294 2172 3358 stantia,
2225 3294 2386 3360 dicit,
2441 3308 2739 3370 repulerunt
2776 3300 2915 3368 Ιιαισ,
2962 3320 3060 3357 non
3098 3311 3245 3375 quasi
3294 3310 3540 3381 fugientia

1965 3382 2139 3455 (Amos
2161 3387 2210 3438 6.
2241 3386 2318 3456 5).
2370 3386 2499 3458 Nam
2521 3391 2655 3444 sicut
2678 3392 2914 3447 umbram
2938 3411 3095 3451 nemo
3116 3403 3536 3469 cmnpreltende-

1954 3474 2057 3541 rit,
2085 3475 2155 3529 ita
2181 3492 2358 3548 neque
2395 3482 2717 3550 temporales
2748 3500 2866 3551 res;
2897 3487 2989 3541 sed
3018 3504 3201 3544 eorum
3229 3494 3401 3564 aliqua
3433 3498 3536 3554 line

1954 3580 2052 3620 suo
2071 3581 2507 3625 consummantur
2526 3583 2578 3626 et
2598 3572 2977 3643 dissolvuntur,
3005 3580 3105 3634 alia
3127 3592 3249 3637 ante
3268 3586 3424 3640 ﬁnem
3448 3604 3536 3643 ve-

1953 3658 2119 3713 locius
2147 3662 2338 3729 quovis
2384 3673 2617 3720 torrente
2658 3666 2922 3722 diffluunt.
2976 3672 3167 3727 Futura
3211 3688 3387 3731 autem
3428 3695 3532 3735 non

1953 3759 2076 3805 sunt
2098 3753 2219 3805 talia
2245 3770 2259 3806 :
2283 3754 2630 3810 mutationem
2662 3759 2801 3812 enim
2824 3763 3085 3827 nesciunt,
3115 3766 3532 3827 vicissitudinetn

1951 3857 2057 3895 non
2088 3844 2356 3911 patiuntur
2384 3862 2397 3898 :
2430 3863 2534 3901 non
2565 3863 2624 3902 ea
2658 3860 2811 3919 urget
2838 3862 3116 3919 senectus,
3162 3858 3358 3912 nullam
3398 3861 3534 3916 alte-

1950 3934 2211 3990 rationem
2250 3940 2616 4007 eriperiuntur,
2650 3942 2742 3995 sed
2778 3955 3033 4013 perpetuo
3062 3948 3259 4016 vigent,
3282 3961 3337 4004 et
3360 3952 3410 4005 in
3439 3969 3532 4009 eo-

1949 4027 2071 4081 dem
2099 4028 2293 4083 decore
2317 4040 2647 4099 permanept.
2675 4032 2854 4102 itaque
2880 4036 2922 4088 si
2954 4051 3053 4104 qua
3084 4050 3327 4108 oporteat
3352 4043 3531 4100 dicere

1942 4117 2251 4181 invisibilia,
2274 4119 2471 4173 incerta
2494 4130 2546 4173 et
2566 4121 2808 4187 obscura,
2836 4139 2896 4177 ea
2921 4135 3044 4179 sunt
3063 4133 3344 4196 pr.esentia
3371 4149 3527 4189 :nam

1945 4208 2086 4277 apud
2116 4210 2449 4279 possidentes
2479 4226 2583 4265 non
2611 4224 2859 4279 manent,
2890 4216 2984 4270 sed
3011 4219 3244 4286 quotidie
3281 4223 3528 4280 dominos

1946 4310 2179 4366 mutant,
2211 4313 2264 4356 et
2292 4303 2360 4357 ab
2388 4303 2489 4358 illis
2514 4304 2579 4358 ad
2606 4306 2739 4360 alios
2768 4316 3073 4375 transeunt,
3112 4324 3165 4366 et
3206 4330 3415 4370 rursum
3458 4317 3528 4371 ab

1946 4392 2053 4447 illis
2074 4393 2137 4447 ad
2165 4394 2317 4450 alios.
2344 4395 2627 4466 Postquam
2659 4397 2770 4453 inec
2797 4403 2971 4455 omnia
3002 4402 3197 4460 Paulus
3217 4406 3524 4474 declaravit,

1945 4483 2168 4555 ideoque
2211 4490 2487 4556 prtesentia
2533 4498 2892 4559 temporanea,
2927 4494 3098 4551 l'utura
3155 4515 3282 4554 vero
3324 4514 3523 4559 mterna

1946 4577 2184 4643 vocavit,
2210 4578 2275 4632 de
2320 4582 2706 4635 resurrectione
2732 4598 3030 4639 sermonem
3072 4590 3276 4643 orditur
3297 4592 3380 4647 his
3408 4611 3525 4649 ver-

1933 4662 2064 4721 bis:
2100 4669 2302 4722 Scimus
2356 4671 2491 4739 quod
2536 4673 2577 4724 si
2633 4676 2877 4727 terrestris
2929 4689 3099 4731 nostra
3139 4681 3315 4737 domus
3369 4685 3524 4755 hujus

1940 4764 2249 4819 tabernaculi
2316 4767 2637 4833 dissolvatur,
2710 4770 2915 4826 domum
2982 4791 3044 4828 ea:
3110 4775 3220 4830 Deo
3286 4780 3524 4835 habemus

1939 4870 2039 4908 non
2058 4861 2416 4926 manufactam,
2442 4871 2680 4913 teternam
2702 4862 2753 4915 in
2774 4864 2908 4917 aclis
2939 4866 3011 4934 (2.
3038 4867 3152 4921 Cor.
3186 4870 3237 4924 5.
3264 4870 3341 4941 l).

2009 4947 2060 5000 6.
2096 4946 2226 5002 Vide
2252 4949 2438 5003 iterum
2464 4966 2620 5020 quam
2647 4956 2859 5022 proprie
2880 4958 3037 5011 etiam
3069 4960 3168 5015 hoc
3191 4961 3308 5015 loco
3334 4964 3518 5020 dictio-

1933 5038 2093 5091 nibus
2125 5048 2321 5105 utatur,
2348 5051 2403 5095 et
2442 5042 2548 5094 vim
2576 5046 2854 5100 sententia:
2900 5063 3011 5103 sua:
3049 5051 3174 5119 ipsis
3215 5054 3519 5111 nominibus

1928 5128 2188 5183 declaret.
2222 5129 2335 5184 Non
2367 5132 2507 5186 enim
2549 5133 2861 5204 simpliciter
2896 5139 3292 5196 tabernaculum
3323 5160 3517 5214 corpus

1935 5220 2163 5281 vocavit,
2192 5220 2283 5273 sed
2307 5221 2502 5277 indicnt
2528 5225 2680 5279 nobis
2703 5229 2861 5281 vitam
2892 5229 3025 5285 hanc
3055 5244 3368 5300 pra-sentem
3398 5252 3515 5290 mo-

1936 5319 2271 5365 mentaneam
2317 5327 2437 5367 esse
2456 5354 2471 5379 ,
2502 5329 2565 5368 ac
2591 5315 2823 5372 declarat
2848 5321 3115 5387 quomodo
3142 5326 3513 5381 commutanda

1935 5400 2003 5453 sit
2034 5400 2082 5452 in
2125 5401 2421 5467 meliorem,
2451 5407 2600 5474 quasi
2632 5407 2771 5461 dicat
2802 5425 2815 5461 :
2848 5408 2983 5474 Quid
3017 5410 3320 5480 ingemiscis
3346 5425 3400 5470 et
3433 5417 3511 5472 la-

1935 5494 2215 5563 crymaris,
2244 5494 2455 5563 dilecte,
2488 5499 2629 5567 quod
2660 5500 2969 5556 verberibus
2999 5504 3242 5571 pulsaris,
3275 5509 3416 5574 quod
3447 5511 3515 5566 ab

1936 5584 2207 5640 hominum
2238 5597 2378 5642 cestu
2407 5590 2706 5659 expelleris,
2730 5592 2869 5662 quod
2896 5593 2945 5645 in
2975 5609 3243 5650 carcerem
3276 5598 3512 5657 intrude-

1934 5677 2044 5730 ris?
2071 5679 2206 5744 Quid
2261 5680 2409 5751 luges
2454 5679 2769 5737 aﬂlictiones
2811 5682 2931 5737 illas
2978 5687 3353 5758 particulares,
3391 5710 3511 5750 cum

1938 5775 2222 5843 perlectam
2245 5776 2481 5846 corporis
2497 5774 2813 5831 solutionem
2835 5788 3144 5846 exspectare
3171 5780 3385 5852 debeas,
3407 5788 3515 5841 imo
