3892 6294
393 318 494 374 427

389 450 497 488 non
520 431 828 503 simpliciter
849 428 1111 498 corporis,
1140 427 1234 481 sed
1259 426 1614 494 corruptionis
1637 427 1689 479 in
1718 422 1965 493 corpore?

390 525 523 582 ham
567 532 625 578 ut
653 520 917 584 ostendat,
946 518 1086 588 quod
1116 516 1460 587 particulares
1500 514 1817 569 afﬂictiones
1861 528 1966 567 nou

391 615 564 667 solum
592 612 910 668 conti-mare
938 624 1035 664 nos
1072 624 1176 662 non
1206 608 1449 669 debeant,
1475 605 1566 659 sed
1601 615 1653 659 et
1678 602 1964 670 laetiﬁcare,

393 705 592 758 indicat
616 702 898 771 optandam
920 714 1041 755 esse
1063 697 1408 753 univcrsalem
1431 705 1483 750 et
1505 709 1823 765 posnemam
1843 709 1968 749 cun-

390 795 821 858 summationem,
859 790 1280 853 dissolutionem,
1323 788 1554 857 inquam,
1586 801 1680 855 per
1720 795 1965 840 mortem.

393 885 483 938 Sic
509 883 649 937 enim
675 882 838 935 dicit:
875 880 1072 934 Etenim
1100 880 1152 932 in
1188 879 1281 931 hoc
1324 877 1646 931 tabernaculo
1687 876 1971 948 ingemisci-

390 988 524 1038 σακε,
552 973 905 1047 ἡυθξιαιὶοηεηι
928 978 1168 1036 nostram,
1190 985 1302 1040 quae
1324 971 1387 1021 de
1407 970 1530 1022 ra’lo
1556 977 1646 1032 est,
1675 967 1970 1036 superindui

390 1067 645 1136 capientes
693 1063 780 1134 (9.
841 1063 963 1119 Cor.
1017 1062 1068 1117 5.
1116 1058 1208 1125 9..)
1262 1060 1487 1114 Dmnum
1512 1069 1687 1113 autem
1721 1059 1968 1114 taberna-

390 1157 495 1211 culi
516 1166 709 1224 corpus
737 1156 881 1218 dicit,
909 1166 1018 1207 rem
1046 1168 1208 1206 unam
1234 1153 1439 1206 duobus
1470 1152 1772 1205 nominibus
1799 1152 1969 1219 expli-

392 1248 563 1301 cando
595 1264 609 1299 :
636 1247 716 1301 vel
739 1246 952 1300 domum
982 1245 1303 1299 tabernaculi
1331 1253 1485 1298 Vocat
1512 1244 1729 1308 domos,
1763 1245 1813 1297 in
1848 1245 1970 1313 qui-

391 1335 816 1391 lms'habitamus
835 1376 851 1401 ,
879 1335 1118 1390 civitates
1139 1376 1152 1397 ,
1191 1346 1244 1388 et
1272 1332 1493 1402 figuram
1521 1335 1794 1402 pra‘sentis
1827 1335 1966 1388 vitas.

392 1427 457 1480 lit
484 1440 589 1481 non
618 1426 931 1493 simplicizer
951 1424 1084 1477 dixit
1117 1440 1130 1477 :
1162 1422 1286 1478 Scio
1318 1441 1331 1477 :
1364 1423 1455 1477 sed
1477 1463 1492 1489 ,
1517 1423 1716 1477 Scimus
1746 1439 1766 1478 :
1790 1434 1845 1479 et
1871 1440 1970 1478 au-

391 1520 619 1571 ditorum
659 1516 975 1571 sententiam
1002 1530 1280 1568 assumens
1309 1531 1322 1566 :
1354 1514 1467 1568 Non
1511 1514 1578 1569 de
1606 1514 1762 1568 rebus
1797 1515 1968 1568 ambi-

387 1611 510 1680 guis
534 1610 747 1680 disputo
770 1651 786 1673 ,
816 1611 1019 1679 inquit,
1049 1626 1154 1664 non
1183 1610 1249 1663 de
1275 1611 1337 1663 iis
1361 1625 1478 1679 qua:
1520 1611 1845 1673 nescinntur,
1875 1608 1970 1663 sed

391 1705 459 1758 de
484 1704 675 1773 quibus
712 1702 1029 1772 jampridem
1072 1702 1227 1756 (idem
1253 1702 1579 1769 suscepistis,
1609 1701 1887 1756 credentes
1917 1701 1967 1755 in

395 1794 841 1847 resurrectionem
867 1793 1072 1846 Domini
1104 1809 1117 1845 :
1147 1802 1200 1846 et
1226 1792 1295 1845 ob
1320 1792 1421 1846 hoc
1451 1792 1786 1847 tabernacula
1815 1804 1972 1847 voca-

391 1901 509 1939 mus
536 1900 759 1954 corpora
784 1900 969 1940 eorum
990 1927 1004 1950 ,
1032 1886 1119 1955 qui
1153 1885 1277 1939 hinc
1300 1884 1583 1938 decedunt.
1621 1884 1751 1939 Vide
1786 1893 1966 1938 autem

391 1977 659 2047 quomodo
682 1986 737 2032 et
767 1978 928 2031 verbo
957 1978 1199 2046 apposite
1228 1979 1295 2030 sit
1314 1993 1443 2032 usus
1494 1977 1608 2031 Non
1636 1978 1786 2045 dixit,
1818 1977 1971 2032 Och

384 2081 505 2122 sum
535 2079 649 2134 est,
694 2071 776 2123 vel
813 2069 1099 2138 disparuit,
1127 2070 1220 2124 sed
1247 2070 1562 2123 Dissolutum
1587 2081 1658 2124 est
1688 2087 1706 2124 :
1727 2087 1834 2140 quo
1865 2072 1964 2126 de-

386 2161 629 2227 claravit,
658 2161 827 2230 ipsum
866 2161 1103 2228 dissolvi,
1136 2171 1193 2216 ut
1218 2170 1458 2231 resurgat
1484 2162 1732 2232 fulgidius
1758 2207 1772 2230 ,
1797 2171 1855 2218 ut
1884 2166 1967 2219 in-

390 2252 631 2307 veniatur
654 2253 850 2308 clarius
879 2272 892 2308 :
922 2253 1059 2308 sicut
1080 2255 1239 2309 etiam
1270 2255 1476 2309 labores
1498 2265 1550 2309 et
1572 2258 1785 2325 prarmia
1816 2272 1965 2311 com-

392 2345 613 2412 parabat
638 2359 667 2398 a
692 2346 974 2415 qualitate,
999 2346 1294 2415 quantitate
1319 2356 1371 2401 et
1400 2358 1672 2416 tempore;
1704 2349 1773 2402 ita
1804 2358 1857 2403 ct
1884 2350 1968 2403 hic

392 2437 536 2499 facit,
566 2451 759 2506 corpus
778 2438 1082 2505 deciduum,
1116 2439 1460 2506 tabernaculi,
1491 2440 1631 2509 quod
1669 2453 1846 2495 autem
1877 2457 1966 2497 re-

387 2527 587 2597 surgit,
622 2527 812 2582 domus
850 2527 1066 2583 nomine
1091 2538 1245 2583 vocat
1272 2545 1284 2580 :
1319 2534 1373 2585 et
1400 2545 1505 2584 non
1532 2532 1841 2601 simpliciter
1868 2532 1965 2587 do-

390 2632 557 2683 mum,
585 2616 680 2671 sed
703 2628 985 2682 aeternam;
1014 2632 1112 2672 nec
1142 2618 1311 2673 solum
1350 2629 1635 2683 aeternam.
1675 2621 1769 2675 sed
1810 2623 1968 2676 caele-

384 2717 524 2761 stcm
553 2725 568 2762 :
598 2709 964 2763 excellentiam
995 2709 1110 2777 ejus
1132 2721 1234 2763 tam
1268 2724 1298 2763 a
1326 2721 1583 2779 tempore,
1614 2698 1824 2781 quama
1849 2713 1965 2766 loco

387 2799 746 2855 subindicans.
780 2800 904 2855 ﬂare
931 2802 1070 2854 enim
1111 2804 1373 2856 terrestris
1406 2810 1520 2866 est,
1567 2803 1651 2855 illa
1695 2804 1962 2857 cailestis:

390 2892 507 2945 haec
539 2891 875 2961 temporalis,
909 2891 995 2945 illa
1023 2902 1238 2946 acterna.
1290 2893 1355 2946 Et
1406 2906 1548 2947 nunc
1581 2894 1791 2963 quidem
1834 2909 1967 2962 opus

390 2983 545 3039 nobis
570 2993 652 3038 est
680 2996 901 3053 corpore
927 2996 990 3037 ac
1017 2984 1283 3038 domicilio
1315 2994 1529 3054 propter
1547 2985 1718 3038 carnis
1744 2985 1966 3039 iniirmi-

390 3083 554 3128 tatem
583 3088 598 3126 :
634 3083 756 3128 tunc
781 3087 906 3127 vero
933 3074 1070 3127 idem
1094 3081 1150 3127 et
1177 3089 1369 3144 corpus
1395 3075 1498 3129 erit
1520 3083 1576 3128 et
1598 3073 1920 3129 domicilium
1947 3091 1961 3127 :

393 3178 565 3235 neque
588 3175 745 3230 tecto,
770 3181 941 3236 neque
966 3166 1084 3219 ullis
1112 3166 1422 3220 velamentis
1440 3165 1641 3221 habens
1668 3182 1821 3235 opus,
1845 3181 1967 3221 cum

390 3278 487 3335 pro
512 3266 756 3320 omnibus
779 3266 861 3320 his
887 3265 1113 3320 sufﬁciat
1145 3265 1631 3335 lncorruptihilitas.
1661 3265 1849 3318 Postea
1880 3265 1965 3319 in-

388 3355 617 3410 dicando
646 3356 985 3411 eminentiam
1014 3359 1271 3410 bonorum
1302 3356 1454 3409 nobis
1481 3355 1854 3423 repositorum,
1884 3354 1965 3408 di-

388 3448 456 3500 cit
481 3464 494 3499 :
520 3447 716 3499 Etmim
739 3448 788 3500 in
816 3447 1290 3518 hocingemiscimus
1311 3446 1652 3500 tabernaculo.
1682 3445 1793 3499 Non
1816 3445 1965 3513 dixit,

388 3539 717 3607 Ingenuam;
768 3540 859 3591 sed
889 3550 1226 3592 communem
1265 3538 1436 3591 reddit
1481 3538 1796 3591 sententiam
1828 3556 1838 3589 :
1876 3536 1971 3589 Et-

389 3633 522 3682 enim
551 3630 601 3682 in
628 3629 742 3696 huc,
768 3630 954 3699 inquit,
984 3630 1351 3700 ingemiscimu
1365 3644 1384 3692 ;
1405 3628 1590 3682 volens
1613 3644 1707 3682 eos
1725 3628 1791 3683 ad
1816 3640 1966 3681 suam

388 3720 776 3789 philosophiam
818 3728 1050 3780 trahere,
1073 3728 1125 3772 et
1149 3720 1226 3773 sui
1252 3719 1434 3789 judicii
1467 3721 1637 3774 facere
1664 3720 1966 3793 participes.

391 3809 592 3864 Etenim
634 3811 686 3864 in
729 3810 823 3865 hoc
847 3810 1238 3879 ingemiscinms,
1285 3810 1619 3863 desiderantes
1661 3810 1968 3863 domicilium
2036 3843 2041 3847 -

390 3914 616 3955 nostram
644 3918 672 3955 e
694 3901 816 3955 calo
839 3899 1135 3970 superindui
1167 3915 1185 3953 :
1230 3914 1335 3953 non
1373 3899 1505 3953 dixit
1529 3900 1854 3967 simpliciter,
1883 3898 1969 3952 ln-

389 3992 515 4056 dui;
543 3992 637 4046 sed
678 3991 987 4061 Superindm
1012 4008 1033 4045 :
1076 4000 1126 4045 et
1154 3991 1353 4060 adjicit,
1386 3989 1446 4044 Si
1473 3999 1637 4042 tamen
1660 3990 1838 4055 vestiti,
1867 4006 1968 4042 non

388 4086 514 4138 nudi
553 4086 869 4138 iurenianmr
905 4081 1068 4155 (Ibid.
1100 4099 1149 4136 υ.
1178 4082 1256 4154 5).
1289 4082 1354 4137 Ει
1386 4082 1593 4137 videtur
1626 4082 1837 4151 quidem
1869 4082 1966 4136 ob-

388 4184 600 4230 scurum
631 4190 750 4230 ceso
773 4215 788 4241 ,
821 4175 959 4243 quod
1000 4175 1197 4228 dictum
1240 4182 1354 4237 est;
1387 4172 1439 4226 ﬁt
1483 4172 1967 4227 veroananifestins

390 4282 488 4335 per
514 4281 578 4321 ea
607 4281 724 4333 qua:
765 4266 1062 4319 subdantur
1089 4283 1103 4319 τ
1139 4265 1335 4318 Etenim
1363 4266 1449 4333 qui
1475 4282 1646 4319 sumtu
1674 4267 1725 4318 in
1761 4266 1853 4319 hoc
1883 4276 1964 4318 ta-

388 4356 681 4422 bernaculo,
701 4356 1067 4424 ingentis-cimus
1090 4357 1298 4425 gravati,
1329 4372 1386 4411 eo
1409 4358 1544 4427 quod
1570 4358 1801 4412 uoluntas
1826 4360 1961 4423 exui,

386 4446 476 4501 sed
496 4447 784 4513 superindui
817 4444 976 4517 (Ibid.
1006 4463 1054 4500 υ.
1083 4448 1161 4517 4).

464 4623 711 4677 Adversus
737 4623 1046 4678 Manichwos
1072 4636 1305 4679 naturam
1334 4638 1555 4681 nostram
1594 4638 1647 4681 ut
1674 4628 1859 4680 malam
1888 4629 1965 4681 in-

387 4725 657 4779 cusantes;
683 4732 774 4769 cur
796 4716 1179 4787 ingemiscamus
1198 4720 1251 4772 in
1280 4722 1373 4774 hac
1401 4721 1517 4774 vita.
1543 4752 1613 4760 —
1643 4721 1802 4775 Vides
1827 4738 1930 4790 quo
1947 4752 1960 4761 -

391 4805 551 4859 modo
575 4805 656 4859 διιί
686 4807 849 4875 ipsius
870 4817 975 4863 non
1002 4810 1344 4871 obliviscitur,
1378 4826 1548 4879 neque
1574 4820 1724 4866 vocnt
1747 4812 1960 4867 domum

390 4899 489 4953 hoc
509 4913 723 4967 corpus,
751 4899 843 4953 sed
871 4900 1288 4968 tabernaculum,
1315 4902 1391 4956 Eo
1415 4903 1548 4974 quod
1573 4905 1804 4958 nolumus
1822 4907 1959 4973 exui,

381 4991 475 5044 sed
504 4990 799 5060 tuperindui
819 4991 844 5043 Ρ
872 4991 967 5047 Hic
994 4992 1147 5047 letale
1185 4994 1373 5047 vulnus
1404 4994 1592 5064 inﬂigit
1621 4996 1683 5049 iis
1703 5036 1716 5062 ,
1745 4997 1831 5066 qui
1865 5013 1960 5050 na-

387 5092 560 5137 turam
579 5081 818 5150 corporis
834 5090 887 5137 et
900 5097 1113 5138 carnem
1131 5093 1363 5138 nostram
1380 5096 1646 5141 accusant.
1667 5086 1797 5154 Quia
1819 5089 1960 5141 enim

385 5173 523 5230 dixit
546 5173 687 5244 quod
712 5174 1125 5244 ingemiscimus,
1154 5184 1209 5230 et
1227 5176 1347 5231 exui
1380 5178 1619 5232 volumus
1645 5195 1658 5231 :
1694 5187 1748 5232 ut
1772 5194 1838 5233 ne
1866 5195 1960 5246 pu-

386 5275 464 5321 tes
494 5267 635 5336 qood
664 5282 857 5337 corpus
880 5268 1030 5337 quasi
1057 5267 1249 5322 malum
1271 5269 1504 5338 aliquod,
1536 5280 1589 5323 et
1610 5285 1823 5324 causam
1848 5286 1961 5324 ma-

386 5354 533 5420 litize,
563 5367 616 5412 et
647 5357 941 5425 inimicum,
972 5365 1027 5411 et
1050 5356 1255 5412 hostem
1288 5357 1485 5428 fugiat,
1535 5359 1654 5412 andi
1694 5360 1960 5428 quomodo

386 5449 740 5517 suspicionem
783 5449 1017 5505 excludit
1063 5466 1076 5503 :
1124 5450 1354 5520 primunt
1389 5450 1599 5518 quidem
1629 5466 1747 5505 cum
1790 5451 1955 5506 dicit:

322 5526 327 5530 ’
381 5535 769 5610 Ingemiscimus
812 5541 1120 5596 domicilium
1167 5551 1392 5595 nostrum
1435 5544 1627 5597 caeleste
1666 5545 1961 5613 super-indui

386 5627 725 5685 desiderantes
751 5630 910 5703 (ibid.
933 5647 981 5685 υ.
1002 5632 1084 5701 2).
1128 5631 1227 5699 Qui
1257 5632 1398 5687 enim
1425 5633 1836 5702 superinduitnr,
1870 5650 1957 5689 re-

391 5731 516 5771 vera
537 5718 677 5773 aliud
706 5720 829 5789 quid
856 5721 1204 5803 superinduit.
1244 5722 1444 5778 Deinde
1468 5738 1588 5779 cum
1619 5723 1765 5792 dicit,
1799 5723 1952 5796 Inge-

1114 313 1174 368 S.
1215 311 1490 369 JOANNB
1528 307 1995 367 CHRYSOSTOMI
2033 308 2348 366 ARClllEP.
2391 310 2924 368 CONSTANTINOP.

3557 314 3659 372 ως

2077 424 2333 477 miscimns
2355 428 2569 495 gravati,
2594 442 2652 481 eo
2672 428 2804 497 quod
2826 427 3058 480 nolumus
3087 430 3221 492 exui,
3248 429 3334 482 sed
3363 434 3657 497 διῳδήκεικὼ

2076 515 2431 570 desiderantes.
2473 515 2625 584 Quod
2649 526 2825 572 autem
2856 518 2988 572 dixit
3027 518 3126 573 hoc
3151 530 3264 585 est,
3296 536 3399 574 non
3442 539 3650 577 carnem

2076 608 2316 661 volumus
2352 609 2652 680 deponere,
2684 611 2777 665 sed
2811 615 3203 681 corruptionem
3238 631 3252 668 :
3296 630 3401 668 non
3430 632 3645 685 corpus,

2075 699 2167 751 sed
2198 708 2444 753 mortem.
2487 701 2642 755 Aliud
2679 713 2756 756 est
2789 717 3001 771 corpus,
3032 703 3172 758 aliud
3202 721 3344 759 mors
3377 724 3388 758 :
3423 717 3475 761 et
3513 709 3652 762 aliud

2082 803 2290 859 corpus,
2318 790 2458 845 aliud
2487 794 2757 862 corruptio
2783 811 2795 845 :
2823 809 2996 863 neque
3020 810 3215 862 corpus
3243 798 3537 865 corruptio,
3567 815 3653 853 nec

2075 895 2176 948 que
2196 882 2467 949 corruptio
2501 891 2583 936 est
2607 898 2818 952 corpus,
2850 893 2902 937 et
2932 886 3272 954 corruptibile
3293 887 3506 956 quidem
3536 903 3653 942 cor-

2076 987 2172 1039 νιιπ
2201 982 2309 1037 est,
2344 988 2447 1026 non
2489 983 2668 1028 autem
2713 977 2984 1045 cerruptio
3022 992 3213 1045 corpus
3245 995 3256 1030 :
3299 979 3429 1034 item
3465 995 3653 1050 corpus

2076 1063 2300 1116 mortale
2329 1072 2432 1126 est.
2457 1063 2552 1119 sed
2580 1080 2682 1118 non
2725 1081 2869 1120 mors
2898 1075 3000 1121 est.
3030 1066 3161 1122 Nam
3189 1083 3383 1138 corpus
3417 1085 3551 1140 opus
3577 1081 3654 1126 cst

2081 1152 2193 1215 Dei,
2225 1155 2493 1221 corruptio
2520 1164 2776 1209 autemet
2807 1172 2951 1211 tllOl'S
2970 1172 2998 1210 a
3026 1168 3243 1226 peccato
3272 1160 3492 1214 invectae
3513 1171 3650 1214 sunt.

2076 1242 2237 1312 Igitur
2261 1244 2354 1310 ait,
2386 1245 2435 1297 id
2463 1245 2603 1314 quod
2625 1247 2856 1301 alienum
2884 1257 2961 1301 est
2989 1264 3190 1303 exuere
3214 1251 3352 1315 volo,
3384 1266 3488 1303 non
3512 1251 3657 1321 quod
3678 1266 3697 1293 '-

2079 1337 2349 1404 proprium
2381 1352 2394 1390 :
2426 1338 2653 1392 alienum
2685 1351 2858 1393 autem
2887 1347 3001 1403 est,
3031 1356 3136 1394 non
3167 1356 3379 1411 corpus,
3413 1342 3505 1397 sed
3536 1357 3657 1396 cor-

2077 1429 2274 1498 ruptio.
2308 1429 2372 1483 Et
2396 1440 2610 1499 prepter
2628 1432 2728 1485 hoc
2743 1431 2835 1496 ait,
2866 1431 2944 1484 Eo
2964 1433 3099 1503 quod
3121 1433 3353 1486 nolumus
3380 1435 3495 1488 exui
3512 1449 3532 1487 :
3559 1433 3656 1488 hoc

2077 1530 2178 1584 est,
2209 1521 2405 1575 aufurri
2431 1536 2644 1591 corpus,
2674 1523 2768 1578 sed
2799 1523 3103 1593 superindui
3136 1524 3187 1577 in
3219 1539 3442 1594 corpore
3479 1526 3655 1579 ineor-

2075 1614 2396 1680 ruptionem.
2426 1614 2632 1683 Corpus
2655 1614 2832 1669 medio
2852 1629 2911 1669 se
2938 1615 3096 1669 modo
3123 1616 3279 1669 habet
3309 1616 3447 1669 inter
3475 1632 3656 1671 corru-

2078 1704 2309 1772 ptionem
2331 1713 2383 1759 et
2400 1706 2871 1774 incorruptionem.
2890 1707 3044 1760 Exuit
3069 1708 3225 1772 igitur
3236 1708 3660 1776 corruptionem,

2073 1803 2130 1848 et
2156 1795 2323 1849 induit
2349 1796 2799 1865 incorruptionem
2831 1816 2843 1851 :
2877 1797 3216 1867 abjicitquod
3249 1800 3450 1868 accepit
3477 1814 3505 1852 a
3538 1815 3655 1869 pec-

2075 1896 2215 1953 cato,
2238 1896 2291 1941 et
2317 1888 2551 1957 possidet
2571 1888 2709 1958 quod
2736 1888 2881 1942 dedit
2910 1889 3001 1942 Dei
3023 1890 3210 1958 gratia.
3234 1878 3301 1944 Ut
3322 1890 3496 1945 discas
3517 1892 3654 1961 quod

2078 1993 2275 2033 exuere
2290 1994 2393 2032 non
2406 1978 2472 2033 de
2485 1994 2708 2049 corpore
2724 1979 2867 2045 dicit,
2894 1979 2984 2033 sed
3005 1980 3070 2048 de
3088 1982 3423 2050 corruptione
3442 1992 3494 2035 et
3513 1998 3655 2035 mor-

2076 2069 2285 2134 te,audi
2301 2085 2381 2134 ea,
2405 2084 2521 2138 qua:
2539 2085 2660 2124 mox
2679 2071 3046 2139 subjiciuntur.
3065 2070 3197 2125 Nam
3217 2073 3655 2141 postquamdixit',

2076 2156 2329 2213 Nolumus
2349 2161 2483 2228 exui,
2512 2160 2599 2215 sed
2625 2162 2950 2231 superindni:
2968 2177 3071 2215 non
3104 2158 3257 2225 dixit,
3278 2161 3347 2217 Ut
3375 2163 3658 2219 absorbea-

2078 2259 2162 2305 tur
2181 2267 2377 2321 corpus
2396 2252 2462 2307 ab
2481 2253 2910 2321 ineorporeitatc,
2933 2253 3027 2308 ενα
3054 2254 3216 2324 quid?
3245 2253 3311 2309 Ut
3339 2254 3657 2310 absorbeatur

2075 2344 2354 2397 ntcrtalilas
2369 2359 2400 2395 a
2418 2344 2533 2407 vita,
2561 2345 2660 2396 hoc
2678 2351 2778 2407 cst,
2801 2352 2854 2395 ut
2874 2352 3176 2410 evanescat,
3197 2354 3250 2399 ut
3269 2344 3570 2399 abolentur:
3589 2346 3665 2400 ita

2071 2432 2414 2489 abolitionem
2434 2448 2536 2487 non
2557 2434 2975 2503 eisrporisvocat,
2991 2433 3081 2488 sed
3097 2436 3452 2504 corruptionis
3463 2446 3513 2489 et
3526 2450 3657 2490 mor-

2075 2526 2160 2581 tis.
2183 2525 2485 2579 Adveniens
2503 2525 2639 2578 cnim
2658 2525 2761 2578 vita
2788 2540 2891 2593 non
2910 2539 3102 2594 corpus
3127 2526 3302 2580 abolet
3328 2535 3381 2579 et
3407 2526 3661 2592 absumit,

2072 2616 2165 2671 sed
2206 2624 2430 2670 mortem
2473 2625 2527 2669 et
2572 2616 2963 2684 corruptionem
3010 2631 3125 2685 qna:
3164 2614 3290 2669 illud
3332 2617 3661 2675 invaserant.

2072 2708 2314 2764 Gemitus
2349 2722 2476 2777 ergo
2516 2706 2605 2761 ille
2645 2722 2748 2760 non
2795 2714 3008 2776 propter
3038 2722 3232 2775 corpus
3261 2716 3379 2771 est,
3407 2708 3498 2762 sed
3530 2723 3657 2777 pro-

2076 2809 2195 2870 pter
2215 2802 2608 2871 corruptionem
2634 2815 2754 2870 qutc
2784 2800 2857 2853 illi
2889 2801 3044 2854 inest.
3073 2800 3282 2855 Etenim
3305 2816 3500 2871 corpus
3525 2817 3651 2872 gra-

2074 2908 2139 2947 ve
2158 2902 2239 2947 est
2260 2900 2315 2947 et
2333 2907 2619 2947 onerosum
2648 2906 2709 2945 ac
2731 2890 3034 2955 molestum,
3057 2906 3163 2945 non
3192 2891 3483 2947 secundum
3506 2908 3659 2948 suam
3712 2922 3723 2923 ί

2073 2996 2337 3051 naturam,
2370 2983 2465 3039 sed
2491 2984 2780 3038 secundum
2811 2983 3213 3050 mortalitatem,
3233 2998 3349 3053 qua:
3373 2993 3551 3053 postea
3583 2985 3665 3043 illi

2071 3076 2375 3144 supervenit
2401 3094 2414 3127 :
2447 3083 2816 3129 verumtamen
2842 3089 3036 3143 corpus
3063 3090 3167 3127 non
3190 3083 3272 3128 est
3290 3075 3655 3144 corruptibile,

2071 3168 2165 3222 sed
2195 3167 2589 3236 iueorruptihile
2618 3177 2675 3222 et.
2714 3166 3027 3222 immortale.
3072 3167 3239 3222 Tanta
3266 3166 3460 3237 quippe
3488 3169 3665 3237 ipsius

2070 3268 2153 3315 est
2188 3259 2463 3319 nobilitas.
2498 3270 2551 3313 ut
2584 3261 2634 3311 in
2657 3260 2766 3328 ipsa
2794 3258 3137 3326 corruptione
3162 3273 3311 3313 suam
3342 3258 3667 3329 dignitatem

2073 3351 2382 3405 ostenderit.
2416 3351 2544 3403 Nam
2573 3350 2934 3419 apostolorum
2964 3349 3162 3402 umbra:
3190 3350 3527 3417 incorporeas
3557 3367 3661 3404 ex-

2074 3443 2319 3513 pulerunt
2349 3445 2568 3496 virtutes
2600 3460 2613 3495 :
2645 3442 2766 3496 item
2794 3442 2927 3495 cinis
2953 3448 3006 3494 ct
3047 3441 3212 3508 pulvis
3239 3456 3423 3494 eorum
3450 3440 3659 3495 dmino-

2075 3551 2168 3589 nas
2195 3535 2316 3589 vicit
2337 3577 2352 3600 ,
2381 3543 2435 3588 et
2476 3534 2732 3592 amicula,
2766 3549 2883 3602 quae
2922 3533 3130 3587 illorum
3159 3532 3493 3587 adhaeserant
3531 3549 3655 3588 cor-

2074 3624 2321 3693 poribus,
2367 3624 2581 3677 morbus
2634 3623 2915 3692 fugarunt,
2966 3622 3350 3691 sanitatemque
3410 3624 3697 3689 contuli».

2071 3723 2214 3768 runt.

2143 3805 2194 3857 7.
2241 3803 2388 3858 Unde
2407 3819 2673 3872 corporum
2705 3800 2880 3857 sordes
2916 3819 2976 3856 ac
3016 3804 3218 3866 vilitas;
3256 3803 3663 3873 corruptibili!“

2071 3894 2294 3963 corporis
2317 3892 2438 3962 quid
2468 3893 2643 3965 prosit.
2669 3923 2735 3933 —
2758 3891 2896 3946 Nihil
2925 3908 3052 3964 ει·ςο
3082 3894 3208 3946 mihi
3234 3893 3300 3947 de
3329 3893 3655 3962 phlegmate,

2071 3995 2122 4038 et
2145 3983 2257 4047 bili,
2282 3991 2334 4037 et
2360 3982 2572 4049 sudore,
2602 3991 2654 4037 et
2680 3983 2945 4049 sordibus,
2971 3992 3128 4053 atque
3151 3985 3268 4038 aliis
3293 3984 3509 4050 dixeris,
3534 4002 3671 4056 qum

2070 4074 2308 4143 corporis
2332 4082 2662 4128 accusatores
2697 4085 2912 4128 narrant
2943 4090 2958 4128 :
2987 4090 3157 4144 neque
3196 4076 3333 4130 enim
3364 4091 3431 4130 ex
3464 4087 3662 4131 natura-

2071 4166 2309 4235 corporis
2336 4165 2449 4220 hinc
2474 4165 2703 4231 inerunt,
2727 4165 2819 4218 sed
2847 4180 2875 4216 a
2901 4166 3188 4232 posteriore
3209 4166 3548 4235 corrupt'one
3571 4168 3661 4221 in.

2056 4268 2217 4333 vecta
2235 4266 2374 4311 sunt.
2402 4256 2533 4310 Nam
2559 4257 2603 4311 si
2629 4258 2744 4326 ejus
2760 4256 3007 4309 virtutem
3031 4256 3303 4312 addiscere
3332 4258 3494 4323 voles,
3518 4274 3655 4313 con-

2070 4351 2242 4405 sidera
2290 4350 2644 4404 membrorum
2692 4348 2925 4402 omnium
2968 4348 3332 4404 formationem
3359 4390 3372 4415 ,
3406 4350 3661 4420 ﬁguram,

2068 4443 2432 4511 operatioucs,
2478 4449 2815 4509 mutuamque
2843 4441 3177 4494 concordiam
3213 4460 3224 4494 :
3257 4451 3310 4497 et
3351 4445 3659 4497 accuratius
3692 4496 3703 4499 μ

2070 4532 2254 4600 quavis
2273 4532 2482 4585 civitate
2513 4528 2819 4598 dispositam
2849 4530 3062 4599 eplimis
3092 4531 3292 4601 legibus
3316 4532 3611 4601 gubernata
3633 4573 3657 4598 ,

2068 4636 2186 4691 qua:
2216 4621 2422 4674 nonnisi
2451 4620 2714 4687 sapientes
2743 4619 2886 4672 cives
2916 4618 3106 4674 habeat
3129 4661 3142 4684 ,
3184 4621 3387 4675 videbis
3425 4622 3654 4692 diligen-

2071 4721 2172 4766 tem
2206 4711 2562 4766 membrorum
2600 4711 2734 4765 inter
2759 4726 2816 4765 se
2840 4710 3366 4765 administrationmn.
3399 4714 3489 4767 Sin
3527 4730 3653 4768 sur-

2067 4817 2183 4857 sum
2209 4802 2454 4857 deorsum
2491 4801 2765 4871 obiterque
2802 4800 2916 4855 haec
2943 4803 3341 4870 praetercurris,
3384 4812 3435 4857 et
3461 4804 3653 4873 objicis

2066 4897 2230 4950 solam
2274 4895 2764 4964 corruptibilitatem
2802 4904 2857 4949 et
2885 4894 3283 4959 mortalitatem,
3320 4911 3388 4950 ne
3418 4897 3495 4951 sic
3529 4882 3657 4967 qui-

2068 4988 2188 5044 dem
2211 4988 2380 5043 deerit
2406 4988 2556 5041 nobis
2580 4989 2872 5055 responsio.
2909 4986 3040 5041 Nam
3074 4987 3215 5056 quod
3253 4988 3377 5043 hinc
3415 4988 3658 5047 humano

2064 5079 2247 5150 generi
2275 5095 2376 5133 non
2416 5079 2587 5133 solum
2629 5078 2756 5132 nihil
2798 5078 3009 5143 damni,
3036 5078 3128 5133 sed
3158 5080 3315 5134 etiam
3362 5082 3655 5150 plurimum

2066 5169 2329 5225 commodi
2358 5169 2663 5235 accesserit,
2692 5167 2814 5223 inde
2847 5169 3012 5237 liquet
3041 5186 3053 5222 :
3085 5170 3251 5223 sancti
3286 5173 3426 5225 enim
3458 5189 3653 5229 ontites

2066 5265 2118 5319 in
2149 5280 2372 5333 corpore
2399 5265 2633 5317 viventes
2658 5264 2951 5333 angelicum
2991 5265 3280 5335 exhibuere
3312 5268 3518 5323 vivendi
3549 5287 3650 5339 ge—

2065 5372 2184 5420 nus,
2215 5356 2522 5425 nullumque
2560 5355 2681 5409 hinc
2709 5357 2833 5425 ipsis
2859 5356 2924 5410 ad
2960 5357 3170 5412 virtutis
3211 5373 3426 5414 cursum
3455 5364 3653 5417 accidit

2065 5449 2459 5503 detrimentum.
2490 5447 2558 5503 lis
2605 5464 2732 5503 vero
2779 5449 2868 5518 qui
2905 5448 2972 5502 ad
3024 5449 3344 5518 impietatem
3395 5454 3649 5522 propensi

2064 5547 2246 5603 erant,
2291 5555 2394 5591 non
2424 5553 2606 5606 parum
2642 5540 3017 5608 impedimento
3052 5538 3147 5594 fuit
3180 5542 3419 5609 corporis
3454 5558 3648 5598 corru-

2064 5631 2173 5699 ptio
2196 5671 2211 5695 ,
2245 5646 2311 5684 ne
2344 5629 2549 5699 longius
2574 5643 2668 5698 per
2694 5630 3022 5699 iniquitatem
3062 5645 3213 5685 suam
3244 5631 3644 5703 progrederen-

2067 5735 2170 5778 tur.
2203 5722 2335 5779 Cum
2379 5722 2516 5778 enim
2556 5721 2800 5778 homines
2837 5723 3114 5793 nonnulli,
3147 5723 3305 5780 ctiam
3342 5727 3553 5782 mortali
3588 5734 3646 5783 et
