3908 6300
195 493 295 548 £29

193 607 392 679 patibili
431 609 530 659 hoc
570 601 885 673 corpusculo
914 599 1222 656 circumdati
1249 641 1263 665 ,
1312 599 1542 669 :equales
1572 614 1630 654 se
1663 599 1774 654 Deo

191 717 308 756 esse
336 699 434 754 sibi
466 698 564 751 visi
594 697 717 760 sint,
749 704 802 749 et
826 695 890 749 ad
919 693 1076 748 taletn
1101 692 1322 763 gloriam
1349 692 1446 746 sibi
1468 690 1775 745 adscriben-

192 791 312 846 dam
343 790 509 844 multa
541 788 705 842 moliti
725 786 850 848 sint,
867 800 1001 855 quos
1025 800 1127 838 non
1149 799 1213 838 ex
1241 782 1602 838 stolidiuribus
1623 782 1779 836 decc-

195 884 417 952 pissent,
442 882 484 934 si
511 896 616 934 non
637 878 867 949 passioni
887 875 1322 945 corruptionique
1346 874 1633 929 obnoxium
1655 888 1777 927 cor-

195 991 289 1042 pus
309 1018 324 1041 ,
359 984 542 1044 utpote
567 983 766 1028 certum
803 969 1123 1025 infirmitatis
1151 983 1259 1023 sum
1285 967 1557 1030 indicium,
1607 966 1778 1021 sortiti

194 1065 413 1119 fuissent
433 1065 458 1118 ?
477 1063 609 1131 Quia
634 1077 761 1133 ergo
781 1075 974 1132 corpus
995 1060 1172 1115 obstat
1197 1060 1471 1130 impietati,
1497 1075 1614 1128 qua:
1635 1074 1780 1112 sum-

194 1175 277 1212 ma
305 1169 388 1212 est
409 1157 632 1222 malitia,
661 1167 713 1211 et
741 1157 792 1209 in
813 1155 1013 1212 sanctis
1053 1154 1237 1220 efﬁcit,
1264 1163 1320 1207 ut
1355 1152 1547 1207 anima:
1573 1151 1782 1205 fortitu-

194 1251 377 1303 dinem
415 1247 687 1302 declarent
719 1263 734 1300 :
763 1261 919 1315 quam
954 1246 1159 1299 veniam
1189 1251 1583 1314 consequentur
1608 1242 1662 1308 ii,
1691 1242 1780 1310 qui

194 1342 367 1411 ipstun
399 1349 679 1404 accusant,
728 1349 783 1393 et
812 1337 1007 1391 malum
1038 1335 1304 1390 clamant?
1343 1334 1455 1389 Non
1492 1335 1631 1389 enim
1670 1335 1784 1387 hzec

193 1433 367 1486 solum
416 1431 570 1485 nobis
612 1429 679 1484 de
725 1428 815 1483 illo
845 1427 1064 1482 dicenda
1110 1435 1428 1496 suppetunt;
1477 1425 1568 1479 sed
1623 1424 1782 1478 etiam

196 1524 334 1594 quod
364 1523 490 1577 hinc
519 1522 671 1576 nobis
721 1521 785 1574 ad
831 1521 923 1574 Dei
969 1520 1208 1574 notitiam
1241 1527 1384 1588 patet
1413 1518 1516 1571 via.
1555 1517 1610 1572 Si
1641 1519 1782 1572 enim

197 1614 493 1668 invisibilia
513 1611 628 1681 ejus
656 1626 685 1664 a
725 1610 1029 1665 conditione
1067 1609 1246 1664 mundi
1276 1609 1326 1663 iu
1357 1607 1576 1662 facturis
1606 1608 1785 1662 consi-

201 1702 410 1761 derata,
431 1694 843 1766 conspiciuntur
866 1695 1039 1765 (Rom.
1061 1697 1111 1749 1.
1140 1696 1231 1766 20)
1262 1709 1314 1751 et
1341 1698 1471 1752 fides
1495 1713 1560 1752 ex
1583 1698 1771 1751 auditu

202 1802 285 1847 est
311 1790 488 1860 (Rom.
509 1789 594 1843 i0.
623 1787 732 1858 Π),
757 1788 889 1842 salis
911 1787 1279 1854 manifestum,
1299 1789 1442 1858 quod
1468 1804 1561 1858 per
1583 1792 1771 1846 oculos

204 1894 258 1938 et
277 1898 440 1938 aures
459 1881 850 1936 manuducitur
872 1881 1075 1943 anima,
1105 1888 1160 1933 nt
1185 1890 1444 1952 agnoseat
1461 1881 1652 1945 Deum,
1678 1883 1772 1952 qui

205 1977 353 2030 illam
380 1973 526 2027 fecit.
558 1973 768 2026 Idcirco
799 1973 940 2025 istuc
976 1973 1148 2040 ipsum
1185 1972 1384 2025 Paulus
1410 1983 1555 2026 amat
1584 1983 1636 2026 ct
1659 1975 1774 2026 cla-

206 2076 334 2129 mat,
363 2066 552 2119 dicens
581 2065 723 2133 quod
751 2061 1010 2114 Nolumus
1039 2063 1078 2114 il
1103 2063 1172 2114 ud
1195 2066 1336 2127 exui,
1355 2064 1442 2116 sed
1464 2065 1773 2132 superimlui

205 2161 305 2222 ipsi
328 2157 784 2211 immortalitatem
815 2156 888 2220 (τὶ.
925 2154 1046 2208 Cor.
1165 2155 1243 2224 4).

269 2248 675 2300 ftesurrecttonis
702 2247 882 2301 veritas
911 2248 1169 2317 probatur.
1193 2277 1261 2286 —
1285 2247 1463 2317 Neque
1502 2263 1628 2304 vero
1658 2250 1786 2304 mihi

199 2335 327 2390 illud
361 2338 604 2406 objicias,
635 2353 739 2408 quo
768 2340 932 2407 possit
957 2340 1115 2396 modo
1142 2356 1417 2410 resurgere
1445 2357 1658 2412 corpus,
1689 2343 1784 2396 ﬁe-

199 2428 353 2498 rique
387 2431 742 2498 corruptionis
771 2431 1042 2487 immune?
1079 2433 1208 2488 Cum
1255 2433 1398 2488 enim
1430 2434 1522 2488 Dei
1555 2435 1786 2504 potentia

197 2531 480 2588 operatur,
512 2521 675 2588 illud,
722 2522 1034 2590 Quomodo,
1084 2540 1187 2579 non
1214 2534 1294 2580 est
1318 2525 1639 2581 addendum.
1682 2527 1784 2582 Sed

197 2612 324 2680 quid
353 2612 421 2667 de
455 2613 563 2668 Deo
590 2614 816 2684 loquor?
846 2616 1095 2686 Teipsum
1125 2616 1248 2673 fecit
1279 2620 1435 2686 Deus,
1466 2628 1521 2673 ut
1548 2634 1788 2674 resurre-

198 2704 391 2757 ctionis
413 2719 560 2759 esses
587 2705 784 2775 Opifex,
819 2707 868 2761 id
898 2707 1036 2778 quod
1062 2719 1205 2779 patet
1227 2710 1278 2763 in
1309 2711 1620 2778 seminibus,
1653 2713 1784 2766 arti-

198 2794 331 2860 bus,
383 2797 723 2867 materiisque
770 2801 1124 2854 metallorum.
1174 2799 1383 2855 Etenim
1431 2802 1632 2856 semina
1685 2803 1786 2856 nisi

198 2888 350 2957 prius
381 2889 676 2944 moriantur
703 2899 756 2944 et
783 2901 1091 2961 putrescant
1131 2903 1184 2947 et
1213 2908 1640 2964 corrumpantur,
1683 2911 1787 2950 non

197 2980 417 3049 pariunt
458 2982 679 3051 Spicam.
731 2983 880 3038 Sicut
917 2986 1073 3055 igitur
1117 2987 1205 3057 qui
1256 2988 1406 3042 vides
1453 2988 1523 3043 ibi
1566 3005 1789 3059 granum

197 3072 342 3140 quod
369 3076 730 3144 corrumpitur
754 3087 808 3131 ct
825 3077 1148 3142 dissolvitur,
1168 3096 1272 3134 non
1294 3080 1504 3137 dubitas
1526 3083 1592 3137 de
1613 3098 1792 3138 resur-

201 3163 462 3222 rectione.
489 3164 582 3218 sed
613 3166 962 3222 certissimam
985 3168 1493 3225 demonstrationem
1513 3171 1639 3228 facis
1673 3183 1791 3229 :et-

201 3254 345 3306 enim
369 3255 413 3307 si
437 3255 507 3308 ita
535 3266 795 3324 maneret,
818 3267 871 3312 et
893 3275 996 3313 non
1017 3270 1464 3330 corrumperetur,
1493 3263 1575 3317 vel
1596 3263 1790 3318 dissol-

202 3352 438 3410 veretur,
457 3355 657 3400 certum
682 3348 819 3417 quod
842 3365 1128 3419 numquam
1158 3364 1454 3422 resurgeret
1479 3369 1493 3405 :
1524 3354 1601 3408 sic
1621 3355 1790 3425 cogita

203 3446 260 3490 et
279 3435 344 3490 de
365 3452 593 3508 corpore
615 3449 703 3494 tuo
732 3456 747 3494 :
780 3457 899 3496 cum
925 3443 1073 3498 vides
1094 3447 1514 3514 corruptionem,
1542 3454 1666 3501 tunc
1693 3463 1790 3518 po-

205 3529 474 3585 tissimum
518 3532 586 3586 de
632 3535 1024 3589 resurrectione
1063 3537 1453 3606 philosOpharc.
1487 3537 1618 3592 Nam
1650 3554 1793 3594 mors

205 3621 336 3675 nihil
364 3622 509 3677 aliud
535 3632 617 3678 est
635 3666 648 3691 ,
681 3640 839 3695 quam
866 3626 1016 3696 plena
1043 3629 1394 3699 corruptionis
1419 3631 1790 3702 consumptio:

204 3729 382 3785 neque
406 3717 550 3771 enim
580 3732 722 3772 mors
767 3719 1080 3789 simpliciter
1107 3736 1326 3792 corpus,
1356 3723 1451 3779 sed
1493 3727 1794 3794 c0rruptio-

207 3824 330 3864 nem
357 3811 605 3880 corporis
630 3811 880 3867 absumit.
909 3814 1022 3870 Hoc
1050 3815 1208 3870 etiam
1250 3817 1300 3870 in
1328 3818 1663 3872 metallorum
1687 3835 1798 3872 ma-

211 3901 359 3954 teriis
375 3900 526 3955 vides
548 3903 782 3956 evenire.
805 3902 1027 3958 Terram
1051 3905 1190 3958 enim
1211 3907 1388 3962 aureis
1411 3909 1667 3963 ramentis
1693 3908 1798 3978 ple-

209 4009 330 4046 nam
354 3994 624 4063 accipiunt
645 3995 760 4065 ejus
780 3998 909 4051 artis
935 3997 1112 4066 periti,
1139 4009 1192 4052 et
1214 3998 1264 4052 in
1289 3999 1654 4055 conﬁatorium
1678 4002 1800 4056 mit-

210 4092 388 4140 tentes
434 4085 632 4140 faciunt
674 4102 858 4141 aurum
897 4105 910 4140 :
944 4097 996 4143 et
1024 4104 1090 4144 ex
1121 4104 1282 4144 arena
1322 4091 1530 4161 aliaque
1576 4096 1798 4149 materia

212 4191 402 4244 [mrum
435 4179 628 4231 vitrum
655 4179 960 4236 conﬁciunt.
992 4181 1108 4236 Jam
1154 4183 1198 4236 si
1226 4191 1424 4238 tantum
1464 4195 1639 4255 potest
1666 4186 1802 4257 ignis

211 4270 313 4333 vis,
346 4283 462 4334 cur,
494 4284 696 4340 quaeso,
725 4287 830 4326 non
861 4283 909 4327 et
940 4274 1115 4328 divina
1142 4275 1347 4344 gratia?
1373 4277 1436 4331 Et
1466 4277 1584 4347 quis
1611 4280 1804 4334 mentis

212 4375 436 4430 compos
467 4360 582 4417 hsce
609 4362 855 4418 diceret?
898 4365 1077 4436 Cogita
1107 4369 1377 4436 quomodo
1410 4378 1459 4424 te
1485 4385 1512 4424 a
1544 4371 1804 4441 principio

215 4451 360 4518 fecit,
384 4469 486 4508 nec
515 4455 616 4509 erit
643 4456 783 4526 quod
811 4457 878 4513 de
912 4460 1301 4514 resurrectione
1330 4463 1584 4532 ambigas.
1617 4463 1805 4519 Nonne

217 4554 415 4600 terram
442 4547 668 4617 accepit.
701 4557 756 4605 et
796 4549 1087 4606 formavit?
1117 4553 1322 4608 tametsi
1353 4555 1479 4624 quid
1507 4556 1804 4624 operosius,

216 4656 281 4694 an
307 4641 530 4695 formari
551 4658 580 4697 e
603 4652 742 4698 terra
769 4659 981 4700 carnem
1007 4656 1062 4701 et
1085 4664 1266 4714 venas,
1290 4661 1342 4704 et
1367 4660 1562 4714 cutem,
1588 4659 1642 4705 et
1661 4665 1808 4720 ossa,

222 4741 275 4786 et
307 4731 494 4801 ﬁbras,
524 4743 578 4788 et
608 4750 821 4803 nervos,
852 4747 906 4792 et
934 4741 1180 4804 arterias,
1211 4751 1265 4796 et
1293 4741 1732 4810 instrumentalia,
1756 4752 1810 4798 et

221 4823 483 4893 simplicia
512 4839 767 4896 corpora,
796 4829 978 4884 oculos
1001 4873 1016 4898 ,
1046 4847 1202 4887 aures
1222 4874 1235 4897 ,
1262 4849 1418 4889 nares
1441 4875 1454 4897 ,
1481 4835 1664 4905 pedes,
1699 4851 1813 4888 ma-

222 4930 344 4982 nus,
374 4925 432 4971 et
456 4917 651 4987 cuique
691 4918 880 4975 horum
928 4931 1032 4977 tam
1068 4925 1335 4993 propriam
1370 4942 1526 4995 quam
1565 4942 1810 4982 commu-

225 5020 344 5060 nem
376 5007 486 5062 indi
517 5011 904 5081 operationem,
936 5029 1002 5069 an
1041 5017 1400 5086 corruptibilia
1432 5018 1567 5074 facta
1597 5019 1812 5077 efﬁcere

227 5096 686 5168 incorruptibilia?
711 5103 903 5159 Annon
928 5106 1078 5162 vides
1097 5108 1365 5178 quomodo
1391 5110 1669 5166 uniformis
1698 5113 1814 5182 qui-

226 5188 345 5243 dem
363 5198 530 5256 terra,
547 5208 742 5263 corpus
757 5202 934 5251 autem
963 5199 1283 5254 multiforme
1304 5210 1359 5256 et
1379 5202 1603 5269 varium,
1622 5219 1814 5274 nempe

232 5279 282 5333 in
315 5283 737 5352 operationibus.
765 5287 1034 5343 coloribus
1057 5331 1071 5356 ,
1113 5289 1428 5361 ﬁguratione
1447 5334 1462 5358 ,
1491 5295 1738 5349 essentiis
1762 5305 1818 5351 et

231 5370 344 5425 aliis
369 5374 659 5429 omnibus?
682 5376 779 5432 Dic
809 5379 969 5448 igitur
994 5382 1119 5452 quid
1150 5383 1221 5438 ita
1249 5383 1317 5439 de
1355 5384 1546 5441 futuris
1573 5387 1816 5444 dubitas?

235 5465 295 5519 Et
317 5467 445 5537 quid
489 5484 624 5539 Opus
658 5480 741 5526 est
778 5472 956 5529 dicere
996 5474 1063 5529 de
1110 5478 1458 5546 corporibus?
1504 5479 1814 5548 Quomodo,

234 5574 432 5628 quaso,
461 5561 585 5617 Iecit
613 5564 833 5621 virtutes
872 5568 1181 5634 immensas,
1219 5578 1420 5626 turmas
1447 5572 1689 5627 caelestes
1717 5589 1818 5626 an-

236 5652 476 5719 gelorum
495 5664 550 5710 et
577 5657 1042 5728 archangelorum,
1070 5662 1452 5733 superioraque
1475 5665 1554 5718 his
1585 5666 1818 5736 agmina?

240 5743 362 5811 Dic,
396 5762 527 5812 oro,
562 5748 780 5805 modum
801 5791 814 5815 ,
847 5766 954 5822 quo
985 5751 1126 5807 fecit.
1160 5753 1256 5809 llic
1295 5754 1422 5809 nihil
1473 5755 1653 5811 dicere
1679 5757 1819 5812 aliud

242 5855 452 5910 possum
475 5884 496 5912 ,
534 5859 693 5914 quam
720 5846 860 5916 quod
887 5847 1000 5902 sola
1029 5849 1272 5904 voluntas
1297 5849 1364 5904 ad
1395 5850 1509 5904 haec
1532 5850 1813 5912 suffecerit.

249 5932 446 6006 Ergone
475 5935 566 6008 qui
598 5945 676 5992 tot
719 5937 1061 6011 incorporeos
1092 5942 1336 5999 formavit
1370 5942 1664 6006 exercitus,
1716 5941 1812 5997 ho—

1227 483 1316 538 DE
1348 482 1921 539 RESURliECTIONE
1963 480 2415 540 MORTUORUM.

3351 490 3466 571 .439

1887 599 2044 654 minis
2071 613 2268 667 corpus
2294 606 2602 667 corruptum
2628 613 2886 654 renovare
2923 597 3114 655 iterum
3137 639 3153 667 ,
3190 608 3244 654 et
3272 599 3323 654 in
3350 616 3464 654 ma-

1881 690 2053 762 jorem
2083 690 2378 761 provehere
2417 690 2725 760 dignitatem
2758 692 2980 762 nequit?
3025 692 3090 747 Et
3127 708 3247 762 quis
3285 693 3363 748 sic
3389 694 3466 747 in—

1885 794 2130 838 sensatus
2165 793 2279 848 est,
2330 783 2418 853 qui
2446 782 2513 839 de
2555 783 2638 839 his
2668 783 2893 850 dubitet,
2941 795 2993 840 et
3023 785 3465 840 resurrectionen

1887 874 2001 930 fore
2028 875 2229 930 inﬁcias
2248 876 2370 932 eat?
2396 876 2474 930 Ad
2499 875 2631 940 haec,
2660 876 2703 930 si
2735 891 2841 931 non
2864 877 3090 947 resurgit
3120 893 3332 948 corpus,
3363 892 3464 930 non

1887 967 2114 1036 resurgit
2142 967 2341 1020 homo:
2373 966 2533 1021 homo
2559 968 2701 1022 enim
2744 984 2847 1022 non
2879 979 2960 1023 est
2999 969 3170 1022 anima
3207 969 3341 1031 sola,
3375 967 3468 1023 sed

1887 1072 2079 1127 corpus
2106 1067 2160 1134 et
2186 1058 2380 1112 anima.
2409 1058 2465 1113 Si
2494 1073 2621 1128 ergo
2647 1060 2820 1113 anima
2861 1061 2970 1113 sola
3015 1069 3276 1130 resurget,
3310 1059 3471 1114 dimi-

1887 1147 2033 1202 dium
2055 1148 2251 1203 animal
2277 1159 2536 1220 resurget,
2560 1158 2614 1204 et
2635 1150 2702 1204 ita
2735 1165 2839 1204 non
2865 1152 3121 1221 integrum
3149 1166 3163 1214 ;
3186 1151 3318 1205 alias
3343 1166 3472 1205 vero

1887 1238 1954 1292 de
1983 1239 2157 1292 anima
2180 1254 2284 1292 non
2309 1239 2522 1310 pr0prie
2549 1239 2740 1294 dicitur
2757 1242 3096 1296 resurrectio.
3131 1241 3474 1296 Resurrectio

1889 1331 2030 1384 enim
2070 1331 2187 1400 ejus
2207 1340 2289 1385 est
2311 1331 2452 1401 quod
2497 1331 2722 1396 cecidit,
2754 1343 2807 1387 ct
2836 1334 2974 1403 quod
3004 1333 3315 1387 dissolutum
3339 1343 3420 1388 est
3456 1352 3468 1386 :

1889 1425 2063 1478 anima
2087 1434 2262 1478 autem
2298 1440 2402 1478 non
2433 1424 2761 1489 dissolvitur,
2801 1426 2892 1479 sed
2923 1441 3135 1495 corpus.
3165 1425 3300 1492 Quid
3346 1429 3473 1495 ergo

1890 1516 1941 1570 id
1966 1526 2065 1581 est,
2089 1518 2234 1586 quod
2258 1518 2333 1572 ait
2361 1536 2373 1570 :
2404 1517 2462 1572 Si
2484 1518 2679 1586 quidem
2706 1530 2752 1582 et
2773 1519 2954 1585 induti,
2978 1536 3077 1572 non
3106 1520 3228 1572 nudi
3245 1520 3470 1572 invenia-

1889 1625 2003 1661 mur
2030 1609 2104 1679 (2.
2121 1608 2238 1663 Cor.
2260 1610 2313 1664 5.
2334 1610 2388 1680 5)
2405 1611 2429 1663 ?
2447 1611 2850 1665 Sacramentum
2871 1626 3117 1678 magnum
3141 1621 3191 1664 ct
3211 1610 3474 1666 ineffabile

1891 1699 2043 1754 nobis
2069 1700 2136 1754 ibi
2179 1701 2541 1756 adumbratur.
2584 1702 2749 1769 Quale
2777 1712 2953 1756 autem
2999 1701 3144 1756 hoc?
3181 1701 3381 1771 Nempe
3421 1702 3472 1756 id

1889 1789 2030 1859 quod
2059 1801 2112 1846 ct
2139 1791 2189 1844 in
2221 1789 2454 1860 Epistola
2483 1792 2547 1847 ad
2575 1792 2879 1847 Corinthios
2907 1792 3036 1846 dicit
3081 1809 3094 1846 :
3137 1791 3321 1846 Omnes
3357 1793 3473 1862 qui-

1891 1879 2002 1933 dem
2039 1897 2353 1950 resurgemus
2373 1922 2388 1946 ,
2427 1882 2769 1952 unusquisque
2793 1891 2959 1936 autem
2981 1883 3034 1936 in
3057 1899 3150 1936 suo
3175 1882 3352 1935 ordine
3377 1883 3465 1951 (1.

1889 1973 2008 2028 Cor.
2037 1975 2123 2028 15.
2155 1975 2245 2028 22.
2272 1974 2401 2048 25).
2445 1975 2578 2043 Quid
2605 1985 2781 2031 autem
2809 1985 2918 2042 est,
2949 1975 3088 2046 quod
3113 1975 3205 2043 hic
3245 1975 3479 2030 dicitur?

1891 2065 2003 2120 lloc
2030 2066 2295 2134 videlicet,
2327 2068 2467 2137 quod
2490 2067 2729 2134 Grmcus,
2758 2077 2810 2122 et
2829 2067 3063 2131 Judaeus,
3099 2076 3152 2120 ct
3172 2066 3476 2130 hmreticus,

1891 2167 1944 2212 et
1974 2159 2146 2211 omnis
2176 2159 2355 2223 homo,
2387 2161 2475 2228 qui
2504 2159 2644 2213 venit
2693 2159 2745 2212 in
2779 2159 2918 2212 hunc
2947 2158 3199 2212 mundum
3227 2199 3244 2223 ,
3296 2156 3346 2210 in
3389 2157 3478 2211 illo

1890 2248 1978 2304 die
2001 2258 2240 2318 resurget
2267 2266 2279 2301 :
2314 2259 2368 2304 et
2395 2251 2494 2304 hoc
2520 2251 2690 2319 ipsum
2735 2250 3004 2313 declarat,
3033 2249 3215 2304 dicens
3245 2266 3258 2301 :
3291 2247 3478 2303 Omnes

1891 2341 2090 2411 quidem
2116 2358 2216 2395 non
2239 2341 2560 2406 dormiemus,
2611 2359 2784 2396 omnes
2804 2352 2972 2396 autem
2997 2341 3390 2405 immutabimur,
3423 2342 3478 2394 in

1893 2443 2142 2488 momento
2163 2475 2176 2500 ,
2205 2434 2258 2487 in
2283 2434 2385 2488 ictu
2406 2433 2540 2489 oculi
2563 2434 2664 2502 ,-in
2700 2434 2966 2490 novissima
2996 2434 3112 2488 tuba
3137 2434 3189 2504 (ι
3239 2431 3358 2488 Cor.
3389 2432 3477 2488 15.

1892 2527 1980 2582 5f.
2012 2525 2128 2594 52).

1963 2621 2016 2675 8.
2039 2620 2171 2689 Quia
2193 2634 2319 2690 ergo
2339 2621 2637 2676 communis
2662 2629 2745 2675 est
2768 2619 3014 2675 omnibus
3041 2618 3361 2674 resurrectio
3377 2660 3391 2683 ,
3424 2625 3482 2672 et

1893 2713 1993 2784 piis
2009 2722 2063 2768 et
2089 2713 2285 2784 impiis,
2314 2725 2368 2769 et
2393 2713 2548 2769 malis
2574 2723 2629 2769 et
2649 2713 2804 2768 bonis
2834 2711 3158 2776 hominibus,
3188 2719 3238 2764 ut
3271 2725 3339 2765 ne
3361 2709 3481 2764 ideo

1897 2815 2048 2876 putes
2079 2807 2328 2876 injustum
2353 2805 2620 2876 quoddam
2658 2805 2771 2859 ﬁeri
2803 2803 3062 2874 judicium
3090 2845 3102 2868 ,
3138 2816 3307 2872 neque
3335 2801 3482 2855 dicas

1897 2897 2034 2968 apud
2091 2906 2142 2953 te
2182 2899 2354 2968 ipsum
2385 2916 2398 2952 :
2432 2897 2695 2966 Quidnam
2726 2887 2826 2952 hoc
2872 2905 2952 2951 est
2977 2896 3002 2949 τ
3031 2909 3129 2966 ego
3152 2934 3168 2959 ,
3200 2894 3287 2964 qui
3315 2892 3482 2946 multo

1896 2989 2074 3044 studio
2103 2999 2156 3044 et
2186 2990 2366 3045 labore
2387 2999 2438 3044 et
2470 2989 2521 3043 in
2554 2989 2768 3044 miseria
2798 2986 2924 3053 vixi,
2955 3000 3174 3054 resurgo
3200 3029 3212 3048 ,
3245 2995 3298 3039 et
3328 2983 3480 3039 Grae-

1896 3096 2010 3147 cus,
2037 3092 2092 3136 et
2119 3083 2327 3152 impius,
2358 3091 2412 3137 et
2441 3081 2744 3148 idololatra,
2763 3091 2817 3137 et
2838 3081 2925 3150 qui
2958 3081 3164 3148 ignorat
3186 3077 3479 3138 Christum,

1897 3175 2056 3229 etiam
2090 3174 2202 3243 ipse
2223 3175 2473 3245 resurgit,
2503 3183 2557 3229 et
2581 3174 2743 3229 simili
2773 3173 2978 3227 honore
3011 3186 3216 3225 mecum
3248 3170 3482 3224 fruitur?

1899 3276 1956 3320 ut
1979 3281 2042 3322 ne
2073 3267 2192 3321 talia
2215 3265 2400 3322 dicens
2428 3265 2784 3332 conturberis,
2807 3264 2928 3319 audi
2958 3263 3081 3333 quid
3105 3263 3266 3316 dicit:
3302 3262 3484 3332 Siqui-

1898 3357 2012 3411 dem
2038 3355 2223 3420 induti,
2247 3372 2346 3410 non
2372 3356 2496 3409 nudi
2514 3355 2826 3409 inveniamur
2844 3353 2919 3426 (2.
2944 3352 3059 3407 Cor.
3084 3353 3137 3408 5.
3167 3353 3242 3420 5).
3267 3351 3332 3406 Et
3347 3365 3484 3420 quo-

1899 3447 2060 3502 modo
2099 3447 2229 3502 dicit
2273 3462 2417 3514 eum,
2469 3447 2557 3518 qui
2601 3445 2816 3500 indutus
2847 3452 2929 3499 est
2957 3443 3402 3512 incon-tquionem
3432 3453 3485 3497 et

1902 3540 2356 3595 immortalitatem
2379 3580 2393 3603 ,
2423 3538 2648 3593 inveniri
2691 3535 2936 3592 nudum?
2966 3535 3221 3590 Videlicet
3250 3537 3291 3588 si
3319 3533 3484 3604 gloria

1901 3633 2204 3702 privamur,
2238 3640 2294 3687 et
2331 3630 2521 3686 ﬁducia
2567 3629 2632 3685 ad
2679 3629 2842 3684 Deum
2873 3626 3229 3682 destituimur.
3274 3624 3485 3679 Etenim

1904 3734 2240 3795 peccatorum
2265 3738 2476 3792 quoque
2505 3735 2729 3791 corpora
2758 3717 3174 3788 incorruptibilia
3207 3725 3488 3785 resurgunt

1902 3825 1957 3872 et
1983 3817 2300 3872 immortalia
2339 3834 2351 3870 :
2386 3816 2480 3870 sed
2519 3815 2606 3869 hic
2631 3813 2803 3868 honor
2838 3813 3129 3867 fomentum
3160 3820 3213 3864 et
3240 3810 3487 3864 viaticum

1905 3911 2034 3980 ipsis
2047 3912 2149 3966 erit
2169 3911 2546 3980 suppliciorum
2564 3917 2619 3964 et
2643 3909 2855 3963 ultionis
2875 3925 2889 3960 :
2910 3905 3325 3974 incorruptibilia
3344 3904 3488 3958 enim

1904 4013 2217 4072 resurgunt,
2250 4013 2307 4056 ut
2333 4017 2546 4072 semper
2565 4009 2811 4056 urantur.
2839 3997 2972 4052 Nam
2995 4011 3114 4050 eum
3145 3995 3233 4048 ille
3263 3995 3397 4064 ignis
3423 3993 3492 4047 sit

1906 4096 2370 4166 incxstiuguihilis,
2395 4109 2528 4164 Opus
2550 4100 2632 4148 est
2659 4092 2761 4146 illis
2784 4087 3098 4158 corporibus
3118 4129 3131 4150 ,
3155 4102 3271 4154 qua:
3293 4093 3348 4139 et
3378 4085 3490 4156 ipsa

1906 4203 2195 4258 numquam
2219 4194 2616 4242 consumantur.
2639 4183 2938 4252 Eapropter
2956 4180 3118 4234 dicit:
3142 4179 3204 4235 Si
3223 4178 3423 4249 quidem
3445 4187 3492 4232 et

1907 4281 2092 4347 induti,
2114 4297 2214 4334 non
2235 4278 2359 4332 nudi
2383 4276 2718 4331 inveniamur.
2747 4274 2860 4328 Non
2886 4271 3032 4327 enim
3055 4271 3158 4325 hoc
3178 4271 3350 4325 solum
3373 4279 3456 4324 εει
3475 4310 3492 4335 ,

1908 4371 2049 4441 quod
2079 4371 2350 4440 quaeritur,
2383 4377 2439 4422 ut
2478 4381 2815 4435 resurgamus
2841 4371 2896 4418 et
2922 4361 3373 4417 immortalitatem
3417 4359 3487 4414 in-

1909 4464 2137 4518 duamus
2164 4478 2183 4515 :
2207 4460 2300 4516 sed
2328 4469 2383 4514 ut
2403 4475 2523 4514 cum
2564 4456 3012 4514 resurrexerimus
3032 4494 3047 4519 ,
3075 4453 3350 4522 iudutiquo
3378 4450 3496 4506 fue-

1911 4559 2080 4613 rimus
2111 4549 2607 4619 immortalilatem‘,
2638 4566 2741 4605 non
2768 4546 3098 4604 inveniamur
3134 4544 3259 4600 nudi
3281 4559 3311 4597 a
3333 4543 3496 4614 gloria

1915 4651 2211 4718 ﬁduciaque
2240 4661 2362 4716 erga
2408 4645 2594 4709 Deum,
2627 4657 2761 4697 neve
2785 4640 2890 4711 igni
2919 4639 2990 4693 illi
3015 4636 3318 4700 tradamur;
3352 4642 3406 4689 et
3431 4634 3500 4688 ob

1914 4741 2016 4796 hoc
2038 4739 2166 4795 dicit
2195 4757 2208 4793 :
2235 4738 2294 4793 Si
2319 4735 2519 4808 quidem
2545 4744 2590 4789 et
2611 4733 2778 4787 induti
2801 4772 2817 4796 ,
2866 4747 2968 4784 non
3011 4728 3136 4783 nudi
3162 4726 3496 4781 inveniamur.

1914 4832 2041 4888 Post
2068 4830 2184 4884 lucc
2214 4829 2406 4883 iterum
2435 4827 2538 4881 fide
2564 4825 2859 4895 digniorem
2881 4820 2950 4875 de
2976 4817 3370 4874 resurrectione
3390 4831 3503 4870 scr-

1915 4939 2129 4981 mouem
2151 4920 2328 4978 reddit
2357 4938 2371 4975 :
2398 4930 2451 4974 et
2481 4933 2600 4972 cum
2639 4915 2772 4970 dixit
2809 4913 3044 4968 futurum
3075 4909 3143 4966 Ut
3181 4907 3503 4964 absorbeatur

1916 5014 2131 5069 mortale
2169 5014 2264 5066 hoc
2288 5027 2320 5064 a
2343 5011 2444 5064 vita
2469 5007 2643 5082 (Ibid.
2676 5023 2723 5060 υ.
2751 5005 2842 5076 4),
2870 5002 3073 5074 adjicit,
3107 5000 3207 5069 Qui
3227 5010 3393 5053 autem
3415 5012 3504 5050 nos

1919 5106 2034 5179 fecit
2063 5105 2130 5158 ad
2152 5104 2245 5157 hoc
2270 5103 2436 5173 ipsum
2463 5099 2597 5154 Deus
2619 5096 2783 5169 (Ibid.
2814 5111 2862 5155 υ.
2887 5095 2920 5150 5
2943 5096 2961 5165 )
2989 5111 3003 5159 ;
3033 5109 3096 5148 ac
3121 5097 3164 5146 si
3187 5091 3423 5156 diceret,
3462 5089 3500 5142 Α

1921 5198 2186 5268 principio
2217 5203 2436 5265 propter
2458 5191 2560 5246 hoc
2587 5190 2857 5251 hominem
2885 5185 3150 5245 formavit,
3181 5184 3369 5252 inquit,
3397 5193 3505 5233 non

1919 5300 1980 5347 ut
2019 5299 2234 5360 pereat,
2280 5286 2466 5342 scd‘ut
2505 5285 2571 5340 ad
2616 5281 3070 5352 incorruptionem
3111 5283 3314 5347 pergat.
3346 5271 3419 5326 Ita
3453 5279 3506 5325 ut

1920 5383 2133 5455 quando
2155 5391 2380 5437 mortem
2405 5379 2664 5451 permisit,
2688 5377 2790 5431 hoc
2817 5377 2986 5446 ipsam
3010 5370 3232 5427 consilio
3255 5365 3483 5437 permise

1921 5478 2023 5542 rit,
2058 5485 2116 5529 ut
2146 5475 2406 5545 supplicio
2440 5471 2753 5543 prudentior
2774 5467 2942 5523 factus
2980 5474 3034 5520 et
3077 5461 3293 5523 melior,
3337 5461 3506 5528 possis

1923 5569 2098 5623 denuo
2147 5567 2213 5622 ad
2267 5564 2719 5621 immortalitatem
2771 5557 2974 5614 reduci.
3008 5556 3200 5609 Batum
3228 5560 3386 5620 atque
3417 5550 3506 5603 fir-

1924 5679 2068 5717 mum
2100 5661 2201 5716 hoc
2227 5659 2532 5723 consilium,
2559 5665 2614 5712 et
2653 5655 2768 5709 lucc
2791 5651 3056 5707 sententia
3100 5645 3166 5699 ab
3195 5645 3344 5700 initio
3371 5642 3507 5710 apud

1925 5758 2124 5820 Deum,
2143 5763 2302 5825 atque
2327 5753 2428 5809 hac
2445 5753 2653 5808 ratione
2681 5748 2909 5819 primum
2938 5742 3207 5800 hominem
3238 5739 3507 5805 formavit,

1925 5849 2084 5918 idque
2109 5846 2287 5902 statim
2319 5844 2473 5900 nobis
2517 5859 2584 5899 ex
2627 5837 2901 5911 procemiis
2953 5835 3084 5906 ipsis
3132 5829 3506 5890 subindicavit.

1932 5942 2042 5997 Nisi
2070 5941 2209 5998 enim
2254 5936 2509 5992 voluisset
2547 5936 2613 5991 ab
2641 5933 2789 5989 initio
2817 5931 2971 5988 nobis
2996 5926 3404 5988 resurrectionis
3424 5925 3505 5994 ja-
