3892 6294
415 355 513 410 451

416 482 548 522 nuas
578 467 808 536 aperire,
842 483 946 527 non
991 471 1321 538 permisisset
1362 471 1582 533 Abelem
1617 473 1759 528 omni
1807 473 2000 529 virtute

417 559 695 628 praeditum
721 599 736 622 ,
782 559 1085 631 factumque
1135 563 1233 618 sibi
1267 563 1493 618 amicum
1515 603 1531 628 ,
1561 579 1680 632 qua:
1707 579 1894 636 passus
1919 574 2001 621 est

419 651 546 722 pati.
587 651 738 706 Nunc
782 661 958 706 autem
1005 653 1158 710 nobis
1204 661 1262 708 ut
1309 653 1732 722 demonstraret,
1761 655 1899 725 quod
1932 655 1998 710 ad

415 744 574 797 aliam
607 744 771 799 vitam
798 744 1108 815 pergimus,
1152 755 1206 805 et
1250 745 1390 801 aliud
1431 746 1697 820 quoddam
1744 747 1998 806 sreculum

413 836 571 906 justis
617 838 858 897 relictum
910 847 993 896 est
1023 879 1039 905 ,
1081 839 1131 893 in
1154 855 1259 908 quo
1297 854 1522 896 coronas
1545 850 1600 896 et
1625 841 2000 900 retributiones

419 928 518 981 sibi
547 929 809 997 repositas
848 929 1109 1000 accipiant
1148 946 1161 982 :
1194 931 1458 1000 permisit,
1491 939 1551 986 ut
1579 931 1625 988 is
1649 931 1738 1004 qui
1770 932 1998 1001 primum

417 1017 503 1072 hic
528 1018 671 1087 juste
708 1014 934 1085 vixerat,
967 1019 1211 1075 laborum
1233 1035 1451 1078 suorum
1481 1023 1755 1078 mercedes
1778 1024 1864 1078 hic
1891 1039 1998 1082 non

417 1111 716 1181 acciperet,
757 1112 850 1166 sed
899 1112 1024 1167 hinc
1048 1113 1256 1181 abiens,
1286 1115 1541 1170 clamaret
1564 1130 1660 1184 per
1678 1131 1739 1172 ea
1766 1131 1884 1187 quae
1913 1116 1998 1174 hic

418 1217 606 1270 passus
637 1212 736 1271 est,
761 1212 816 1258 et
839 1204 904 1259 ad
934 1220 1120 1261 omnes
1142 1206 1345 1262 diceret
1372 1223 1386 1259 ε
1419 1208 1546 1263 Post
1573 1209 1710 1264 hanc
1735 1210 1894 1263 vitam
1917 1218 1998 1274 est

419 1293 596 1363 aliqua
631 1303 684 1349 et
727 1309 932 1351 merces
980 1303 1036 1351 et
1076 1298 1457 1353 remuneratio.
1503 1298 1790 1369 Propterea
1837 1301 1996 1354 etiam

418 1383 602 1439 Enoch
635 1388 926 1453 transtulit,
951 1398 1004 1443 et
1029 1390 1198 1446 Eliam
1222 1391 1419 1460 rapuit,
1453 1406 1549 1460 per
1568 1407 1663 1447 eos
1677 1393 1998 1452 adumbrans

417 1475 607 1546 dogma
639 1479 1066 1535 resurrectionis.
1101 1480 1310 1536 Sufficit
1355 1481 1516 1552 igitur
1543 1483 1610 1536 ad
1659 1492 1999 1555 argumento-

417 1582 536 1622 rum
565 1565 772 1638 cOpiam
811 1571 924 1625 sola
951 1571 1241 1627 conditoris
1284 1574 1517 1642 potentia
1550 1582 1649 1630 :at
1688 1575 1732 1630 si
1772 1576 1889 1648 quis
1920 1585 2003 1632 est

418 1655 683 1713 infirmior
703 1701 718 1726 ,
758 1669 812 1714 et
837 1661 994 1716 aliam
1028 1662 1244 1732 insuper
1266 1663 1772 1720 demonstrationem
1803 1666 1999 1726 habere

417 1749 546 1816 vult,
575 1759 628 1804 et
675 1752 862 1822 pignus
890 1752 1081 1810 futurae
1110 1744 1518 1812 resurrectionis
1538 1799 1551 1822 ,
1581 1760 1739 1813 etiam
1771 1761 1998 1830 idipsum

417 1841 570 1894 nobis
594 1844 731 1896 Deus
761 1859 947 1916 magna
973 1845 1292 1902 liberalitate
1314 1855 1367 1901 et
1387 1849 1539 1917 copia
1561 1849 1742 1914 dedit,
1769 1851 1997 1920 Spiritus

417 1933 621 1988 scilicet
670 1936 913 2005 gratiam.
964 1937 1222 2004 Quocirca
1267 1954 1386 1996 cum
1435 1939 1629 1994 Paulus
1671 1940 1739 1996 de
1763 1956 1999 1997 resurre-

415 2025 590 2078 ctione
645 2026 747 2080 fide
790 2027 1006 2098 dignum
1056 2044 1358 2092 sermonem
1404 2030 1679 2087 habuisset
1706 2048 1772 2086 ex
1802 2033 1998 2090 Christi

415 2116 828 2181 resurrectione,
860 2133 925 2172 eo
951 2119 1091 2188 quod
1119 2120 1261 2182 Dens
1281 2123 1397 2191 ejus
1426 2133 1610 2178 auctor
1631 2131 1792 2189 esset,
1826 2124 1995 2180 addu-

414 2204 486 2257 cit
513 2214 566 2259 et
596 2205 698 2261 hoc
727 2207 926 2261 dictum
955 2225 967 2260 :
994 2210 1060 2268 Et
1099 2211 1450 2268 arrhabonem
1492 2213 1644 2268 nobis
1685 2214 1862 2278 dedit,
1891 2231 1995 2272 non

413 2313 571 2365 opum
605 2315 704 2353 nec
734 2301 847 2352 auri
878 2316 978 2358 nec
1005 2303 1230 2371 argenti,
1261 2303 1354 2358 sed
1382 2304 1740 2361 arrhabonem
1767 2307 1996 2376 Spiritus

417 2387 492 2457 (9..
524 2388 639 2444 Cor.
676 2391 730 2445 5.
779 2391 855 2460 5);
887 2392 1115 2445 arrhabo
1155 2403 1330 2447 autem
1364 2409 1488 2464 pars
1533 2402 1614 2448 est
1636 2395 1828 2461 totius,
1853 2406 1906 2451 et
1930 2397 1997 2453 de

416 2489 532 2532 toto
556 2471 708 2533 fidem
744 2481 883 2535 facit.
918 2482 1047 2535 Nam
1079 2484 1214 2538 sicut
1241 2486 1292 2538 in
1319 2485 1592 2552 conviviis,
1617 2487 1704 2556 qui
1733 2489 1998 2556 acceperit

416 2571 792 2638 arrhabonem,
826 2573 982 2628 fidem
1012 2575 1192 2639 habet,
1219 2585 1272 2629 et
1301 2592 1519 2631 securus
1564 2587 1647 2632 est
1676 2577 1743 2634 de
1776 2588 1885 2636 toto
1911 2595 1998 2635 re.

418 2661 560 2727 liquo
591 2681 602 2714 :
631 2665 698 2714 ita
729 2672 782 2717 ct
807 2674 859 2717 tu
900 2680 1020 2719 cum
1047 2669 1316 2738 acceperis
1343 2668 1697 2724 arrhabonem
1719 2713 1733 2733 ,
1765 2669 1993 2739 Spiritus

415 2753 549 2806 dona
593 2755 840 2824 inquam,
879 2772 982 2810 non
1025 2758 1133 2826 jam
1174 2758 1417 2814 dubitare
1467 2760 1630 2815 debes
1675 2761 1743 2815 de
1786 2761 1995 2816 CLClCI‘iS

416 2845 569 2900 bonis
608 2847 700 2900 tibi
733 2848 1000 2916 repositis.
1033 2849 1133 2916 Qui
1161 2851 1301 2904 enim
1329 2850 1570 2904 excitasti
1607 2860 1876 2917 mortuos,
1905 2851 1993 2921 qui

415 2952 570 2991 curas
595 2953 803 3006 caecos,
851 2939 1122 2994 daemones
1157 2942 1406 3011 expellis,
1441 2942 1685 3012 leprosos
1737 2943 1992 3010 mundas,

415 3030 630 3084 morbos
686 3032 967 3095 emendas,
1027 3044 1253 3089 mortem
1300 3035 1497 3102 solvis,
1531 3044 1585 3090 et
1637 3044 1713 3088 tot
1745 3045 1995 3104 tantaque

414 3130 565 3189 putes
590 3122 761 3177 facere
793 3123 845 3178 in
872 3124 1044 3196 fragili
1066 3135 1118 3181 et
1145 3127 1356 3182 mortali
1384 3143 1608 3196 corpore
1629 3168 1643 3193 ,
1668 3144 1825 3197 quam
1853 3143 1997 3182 assc-
2021 3128 2024 3132 ’

414 3214 594 3279 queris
616 3215 855 3278 veniam,
882 3215 947 3272 de
990 3219 1386 3272 resurrectione
1427 3218 1675 3272 dubitans
1710 3217 1732 3270 ?
1773 3218 1828 3270 Si
1853 3219 1994 3271 enim

413 3319 531 3358 cum
558 3307 790 3360 nondum
821 3311 1227 3366 resurrectionis
1255 3320 1463 3379 tempus
1489 3311 1724 3374 advenit,
1754 3311 1847 3364 sed
1874 3326 1994 3364 cum

413 3395 586 3451 adhuc
609 3408 869 3467 certatur,
903 3409 1077 3460 tantas
1104 3401 1289 3454 tribuit
1320 3401 1412 3454 tibi
1443 3415 1668 3454 coronas
1698 3400 1838 3454 Deus
1869 3411 1996 3457 :co‘-

413 3487 518 3553 gita
545 3498 737 3559 quanta
772 3491 1109 3559 praemiorum
1142 3501 1381 3562 tempore
1402 3491 1538 3544 bona
1560 3490 1650 3543 tibi
1669 3490 1888 3546 daturus
1904 3493 1990 3546 sit.

414 3577 482 3629 At
511 3579 552 3631 si
585 3581 704 3648 quis
725 3581 899 3648 dicat,
948 3582 1052 3637 Sed
1099 3597 1203 3636 non
1234 3582 1474 3636 videmus
1503 3581 1616 3634 haec
1653 3582 1802 3651 signa
1857 3599 1994 3639 nunc

414 3669 560 3736 fieri,
608 3689 778 3744 nz-qne
825 3676 976 3729 nobis
1007 3685 1150 3728 tanta
1179 3675 1343 3726 virtus
1370 3674 1674 3730 concredita
1703 3682 1783 3728 est
1823 3692 1836 3729 :
1866 3675 1993 3731 illud

1146 355 1203 410 S.
1247 356 1522 414 JOANNIS
1559 354 2036 412 CHRYSOSTOMI
2076 355 2390 412 AliClllEP.
2415 325 2971 416 'CONSTANTINOP.

3581 354 3686 410 452

2104 473 2492 542 responderim,
2525 473 2654 530 nihil
2685 475 2918 540 tlill'erre,
2945 476 3059 531 sive
3086 489 3245 534 nunc.
3272 473 3387 528 sive
3413 473 3538 528 olim
3570 480 3690 530 haec

2105 563 2242 620 facta
2299 565 2425 620 sint.
2482 565 2611 621 Nam
2663 583 2780 638 qua:
2807 566 2953 638 prius
2977 566 3044 620 ab
3080 564 3334 635 apostolis
3362 574 3487 621 sunt
3515 567 3647 620 facta
3670 607 3684 629 ,

2109 664 2368 711 testantur
2391 671 2484 725 per
2510 672 2724 712 omnem
2753 657 2936 712 orbem
2980 655 3256 722 Ecclesim,
3281 664 3336 711 et
3377 657 3587 730 populi,
3634 663 3690 711 et

2105 745 2350 800 civitates
2368 787 2382 810 ,
2429 754 2483 800 et
2526 755 2708 816 gentes
2731 762 2847 816 qua:
2871 746 2938 801 ad
2969 746 3162 802 idiotas
3189 762 3252 801 ac
3280 747 3576 818 piscatores
3604 763 3694 804 re-

2102 846 2409 890 currerunt.
2440 835 2622 906 Neque
2651 837 2794 893 enim
2822 837 2918 893 toti
2947 838 3062 894 orbi
3103 837 3509 908 prcevaluissent
3538 837 3690 893 illite-

2105 927 2227 991 rati,
2256 938 2310 982 et
2338 927 2542 996 inepes,
2566 935 2622 984 et
2646 943 2904 1000 pauperes
2927 969 2944 994 ,
2973 937 3028 984 et
3050 928 3180 986 viles
3201 929 3242 994 ³,
3287 927 3391 986 nisi
3419 927 3690 986 miraculis

2105 1016 2295 1086 adjuti.
2312 1017 2509 1074 Verum
2530 1033 2628 1074 nec
2653 1031 2704 1072 tu
2724 1019 2908 1089 gratiae
2927 1018 3157 1088 Spiritus
3187 1018 3357 1076 factus
3384 1033 3443 1076 es
3462 1033 3686 1088 expers;

2106 1108 2201 1162 scd
2245 1109 2536 1166 etiamnum
2587 1111 2751 1166 multa
2782 1119 3000 1167 manent
3036 1110 3337 1167 donationis
3373 1110 3512 1164 illius
3537 1125 3690 1180 sym-

2107 1202 2250 1269 bola,
2275 1212 2433 1273 atque
2463 1204 2545 1268 iis,
2569 1219 2687 1273 quae
2717 1212 3028 1258 enumerata
3056 1211 3215 1269 sunt,
3247 1202 3419 1257 multo
3445 1202 3645 1272 majora
3668 1243 3687 1268 ,

2104 1301 2160 1347 et
2204 1294 2371 1363 magis
2413 1293 2743 1350 admiranda.
2791 1293 2906 1348 Non
2930 1294 3070 1348 enim
3117 1291 3324 1362 mquale
3350 1300 3466 1358 est,
3494 1306 3690 1361 corpus

2106 1379 2371 1444 mortuum
2412 1385 2672 1440 suscitare
2698 1393 2752 1439 et
2789 1385 3023 1438 animam
3047 1398 3077 1436 a
3103 1383 3338 1453 peccatis
3361 1382 3590 1437 occisam
3617 1381 3691 1436 ab

2107 1476 2328 1543 interitu
2378 1475 2645 1541 liberare,
2697 1475 2838 1546 quod
2893 1491 2990 1544 per
3039 1474 3361 1544 baptismum
3425 1472 3532 1526 fit:
3579 1487 3689 1527 non

2104 1567 2309 1638 requale
2339 1575 2440 1632 est,
2466 1567 2665 1636 pellere
2697 1566 2940 1624 morbum
2971 1565 3184 1631 carnis,
3214 1573 3268 1620 et
3298 1563 3532 1633 abjicerc
3552 1578 3692 1634 pon-

2104 1657 2204 1713 dus
2232 1667 2573 1727 peccatorum
2605 1673 2622 1710 :
2665 1672 2770 1712 non
2798 1665 2882 1712 est
2909 1656 3146 1728 ecquale,
3192 1655 3405 1714 oculum
3427 1667 3688 1715 omentum

2106 1752 2388 1808 restituere
2412 1791 2427 1817 ,
2459 1759 2513 1805 et
2539 1751 2773 1805 animam
2800 1750 3205 1807 obtenebratam
3244 1749 3531 1806 illustrare.
3571 1747 3687 1804 Nisi

2105 1843 2248 1898 enim
2289 1857 2430 1896 nunc
2467 1843 2627 1896 etiam
2667 1849 2808 1896 esset
2833 1841 3065 1896 arrhabo
3095 1840 3344 1912 Spiritus,
3380 1854 3554 1912 neque
3590 1839 3690 1896 ba-

2105 1933 2296 2002 ptisma
2325 1933 2620 1988 adhibitum
2645 1943 2820 2000 esset,
2852 1948 3026 2004 neque
3052 1940 3391 2004 peccatorum
3417 1932 3686 1998 remissio,

2104 2039 2275 2094 neque
2299 2024 2504 2093 justitia
2531 2032 2587 2079 et
2614 2024 2962 2079 sanctificatio
3001 2023 3138 2078 facta
3187 2032 3331 2078 esset
3401 2038 3572 2095 neque
3601 2023 3690 2078 ad-

2104 2115 2375 2184 Optionem
2401 2115 2626 2172 filiorum
2657 2115 2746 2170 Dei
2774 2115 3186 2186 accepissemus,
3209 2129 3383 2185 neque
3411 2113 3686 2186 percepis-

2102 2221 2282 2262 semus
2311 2209 2602 2278 mysteria:
2634 2223 2825 2277 corpus
2876 2208 3016 2263 enim
3065 2216 3118 2263 et
3153 2208 3372 2276 sanguis
3423 2207 3688 2278 mysticus

2103 2314 2210 2353 non
2251 2290 2384 2355 [iu-nt
2415 2299 2616 2368 absque
2645 2299 2875 2368 Spiritus
2917 2300 3084 2369 gratia
3119 2316 3134 2354 :
3163 2314 3336 2369 neque
3374 2296 3687 2370 sacerdotes

2103 2390 2510 2455 habuissemus;
2544 2406 2715 2460 neque
2746 2391 2887 2445 enim
2916 2391 3012 2447 has
3051 2390 3412 2468 ordinationes
3451 2390 3566 2444 sine
3594 2388 3690 2453 tali

2101 2480 2361 2535 descensu
2390 2480 2504 2534 ﬁeri
2526 2488 2610 2535 est
2639 2481 2911 2550 possibile.
2939 2481 3044 2537 Sed
3074 2481 3238 2536 multa
3261 2481 3361 2535 alia
3405 2495 3688 2550 possemus

2102 2573 2278 2627 dicere
2297 2573 2481 2642 gratizc
2510 2573 2738 2643 Spiritus
2765 2573 3028 2646 symbola.
3053 2573 3236 2644 Itaque
3271 2575 3432 2629 etiam
3474 2582 3528 2628 tu
3558 2573 3689 2645 Spi-

2099 2665 2232 2719 ritus
2257 2664 2608 2719 arrhabonem
2631 2665 2818 2732 habes,
2841 2674 2894 2720 et
2919 2676 3148 2721 mortem
3175 2666 3366 2720 anima:
3389 2665 3562 2734 pellis,
3578 2679 3691 2719 ete-

2100 2756 2418 2824 citatemque
2440 2756 2836 2824 cogitationum,
2854 2759 3082 2812 ctvitam
3112 2757 3308 2832 exuisti
3333 2755 3686 2811 immundam.

2099 2844 2177 2899 Ne
2207 2844 2365 2916 igitur
2393 2845 2695 2901 dubitemus
2721 2846 2788 2901 de
2816 2847 3038 2913 futuris,
3070 2848 3367 2916 prmscrtim
3409 2861 3530 2904 cum
3561 2847 3688 2901 talia

2099 2936 2463 3004 acceperimus
2510 2937 2762 3007 pignora;
2798 2937 2889 2993 sed
2934 2938 3287 3008 undequaque
3327 2937 3394 2994 de
3439 2953 3687 3002 resurre-

2101 3026 2284 3080 ctione
2334 3042 2634 3082 sermonem
2693 3028 2918 3082 solidum
2952 3027 3292 3097 colligentes,
3326 3030 3489 3093 vitam
3522 3030 3688 3088 tantis

2100 3116 2363 3187 dogmatis
2399 3119 2608 3188 dignam
2638 3120 3005 3185 exhibeamus,
3033 3128 3091 3174 ut
3129 3129 3182 3176 ct
3221 3135 3570 3189 assequamur
3596 3120 3688 3176 hic

2099 3209 2235 3264 bona
2263 3210 2570 3273 immobilia,
2591 3227 2707 3281 quae
2727 3227 3025 3269 sermonem
3043 3229 3106 3268 ac
3127 3222 3359 3270 mentem
3391 3213 3685 3270 humanam

2101 3301 2499 3355 transcendunt.
2529 3301 2658 3368 Qua:
2684 3318 2780 3356 nos
2798 3318 2985 3364 omnes
3004 3305 3215 3374 assequi
3244 3306 3539 3377 contingat,
3559 3320 3684 3374 gra-

2099 3391 2171 3444 tia
2219 3400 2272 3446 et
2311 3392 2633 3463 benignitate
2679 3395 2884 3449 Domini
2938 3397 3104 3455 nostri
3145 3395 3269 3452 Jesu
3318 3394 3556 3462 Christi,
3587 3411 3685 3465 per

2099 3496 2288 3550 quem,
2344 3490 2400 3535 et
2443 3498 2562 3537 cum
2603 3500 2709 3554 quo
2761 3485 2903 3539 Patri
2931 3486 3096 3556 gloria
3141 3486 3403 3556 simulque
3455 3486 3683 3560 Spiritui

2099 3582 2286 3627 sancto
2313 3613 2326 3634 ,
2362 3573 2412 3626 in
2441 3575 2634 3628 sa‘cula
2663 3576 2997 3630 surculorum.
3028 3577 3216 3632 Amen.

2164 3687 2181 3718 ι
2216 3686 2370 3749 Colb.,
2389 3687 2663 3751 piscatores,
2688 3702 2791 3752 pro,
2819 3690 2950 3742 viles.

1879 4297 2234 4360 MONITUM

504 4487 710 4544 Eodem
753 4487 871 4558 ipso
900 4501 1044 4548 anno
1071 4487 1186 4541 hate
1224 4485 1416 4540 concio
1449 4483 1632 4540 habita
1664 4493 1767 4549 est,
1803 4501 1913 4555 quo
1941 4486 2176 4540 secunda
2228 4485 2317 4539 illa
2347 4486 2412 4540 de
2440 4482 2577 4541 Juda
2605 4485 2914 4556 proditore;
2950 4485 3206 4544 videlicet
3233 4489 3285 4542 in
3338 4487 3426 4544 die
3474 4489 3682 4544 Restm-

430 4599 686 4658 rcCIionts
738 4598 953 4656 Domini
1007 4598 1489 4671 Quadragesimam
1525 4599 1669 4653 illam
1709 4609 2097 4670 consequente,
2141 4603 2192 4655 in
2218 4617 2324 4671 qua
2366 4602 2583 4673 triginta
2620 4603 2755 4658 duas
2799 4603 3010 4672 priores
3033 4605 3088 4660 in
3120 4603 3373 4661 Gcnesim
3427 4604 3685 4665 homilias

433 4713 717 4771 habuerat.
752 4712 952 4769 Eodem
983 4723 1161 4769 autem
1187 4715 1304 4783 ipso
1329 4729 1474 4770 anno
1504 4725 1624 4784 post
1665 4713 1875 4770 Pascha
1911 4716 2332 4786 Chrysostomus
2361 4716 2614 4772 homilias
2645 4717 2764 4772 illas
2795 4731 2988 4772 novem
3019 4717 3229 4781 habuit,
3261 4733 3493 4788 quarum
3528 4718 3685 4788 prio-

437 4839 527 4877 res
551 4825 794 4895 quinque
823 4826 877 4881 in
937 4829 1261 4899 principium
1296 4829 1555 4884 Actorum
1593 4830 1790 4885 habita:
1820 4842 1984 4890 sunt:
2027 4832 2353 4901 posteriores
2382 4848 2510 4887 vero
2534 4844 2768 4904 quatuor
2825 4834 2897 4888 De
2932 4834 3229 4889 mutatione
3261 4834 3571 4888 nominum.
3627 4833 3686 4889 Id

361 4945 374 4953 '
437 4952 618 4996 autem
658 4953 841 5014 aperte
875 4946 1279 5004 demonstratur
1311 4945 1362 5000 in
1393 4946 1612 5000 Monitis
1643 4947 1708 5001 ad
1738 4948 1952 5002 easdem
2008 4949 2322 5010 conciones,
2371 4949 2461 5002 ubi
2488 4948 2602 5018 ipse
2625 4947 3046 5019 Chrysostomus
3097 4949 3404 5005 luculentus
3437 4951 3591 5005 testis
3627 4949 3688 5003 in

428 5061 664 5115 medium
695 5061 940 5120 aﬂ‘ertur.
975 5063 1053 5119 Eo
1082 5063 1337 5120 lectorem
1371 5065 1660 5130 mittimus,
1691 5080 1900 5121 necnon
1928 5069 1990 5119 ad
2015 5067 2276 5122 Monitum
2306 5066 2558 5136 superius
2587 5065 2653 5120 ad
2691 5063 2950 5121 Homilies
2979 5065 3046 5122 de
3077 5063 3218 5122 Juda
3254 5066 3569 5136 proditore:
3596 5081 3691 5122 res

431 5176 556 5230 item
588 5177 836 5248 pluribus
867 5191 1057 5250 agetur
1093 5183 1159 5238 ad
1189 5181 1450 5239 Homilias
1472 5183 1528 5238 in
1550 5184 1826 5241 Gennsim.

497 5310 648 5367 lianc
680 5329 843 5384 porro
878 5315 1193 5370 concionem
1228 5317 1308 5371 sic
1336 5328 1602 5373 memorat
1643 5317 2066 5390 Chrysostomus
2101 5319 2322 5373 homilia
2368 5334 2383 5372 ι
2418 5320 2468 5372 in
2510 5321 2830 5392 principium
2856 5323 3137 5387 Actorum,
3182 5336 3303 5395 quae
3328 5321 3494 5391 paulo
3548 5333 3680 5391 post

431 5423 867 5484 Rcsnrt‘cctionis
893 5426 1037 5486 diem
1062 5427 1248 5492 habita
1281 5439 1378 5492 est.
1413 5449 1564 5489 num.
1601 5434 1636 5488 ‘2
1669 5452 1679 5486 :
1723 5433 1845 5488 Non
1898 5446 2018 5488 sunt
2046 5436 2211 5506 igitur
2235 5435 2433 5492 malum
2459 5433 2679 5502 diuitiw,
2716 5435 2807 5490 sed
2849 5434 3154 5508 illegitimus
3201 5453 3385 5491 earum
3414 5451 3540 5490 usus
3595 5448 3672 5492 est

422 5547 644 5608 nmium,
673 5553 721 5598 et
746 5546 882 5599 sicut
917 5561 1080 5616 nuper
1109 5546 1174 5600 de
1199 5546 1446 5609 ebrietate
1476 5549 1628 5604 verba
1659 5549 1882 5619 faciens,
1916 5567 2017 5604 non
2073 5549 2251 5603 viuum
2295 5549 2630 5614 accusabam,
2691 5550 2880 5620 quippe
2909 5566 3027 5605 cum
3068 5551 3238 5606 omnis
3269 5561 3518 5606 creatura
3577 5551 3686 5605 Dei

422 5659 557 5713 bona
591 5661 680 5723 sit,
717 5677 831 5730 quae
861 5678 979 5716 cum
1004 5665 1298 5734 gratiarum
1330 5667 1533 5720 actione
1564 5667 1880 5736 percipitur;
1911 5667 2002 5722 scd
2031 5667 2228 5721 malum
2261 5684 2435 5735 usum,
2465 5675 2567 5723 etc.
2605 5667 2736 5734 Qua:
2766 5666 2926 5723 verba
2959 5683 3083 5724 cum
3111 5668 3215 5723 hac
3241 5667 3509 5724 concione
3533 5670 3688 5726 mire
