3908 6300
164 404 253 461 451

162 522 300 589 άπερ
329 518 520 573 ἔπαθε.
568 519 706 573 Νυνὶ
737 519 793 571 δὲ
833 520 966 589 ἡμῖν
999 518 1427 590 ἐνδεικνύμενος,
1478 521 1559 573 ὅτι
1597 521 1729 590 πρὸς

164 596 349 673 ἑτέραν
417 600 562 673 ζωὴν
609 600 887 671 όδεύομεν,
942 602 1035 655 καί
1065 620 1149 666 τις
1196 602 1331 655 αἰὼν
1381 604 1565 669 ἔτερος
1604 602 1735 654 ὑπο-

160 683 435 739 λέλειπται
479 686 588 738 τῶν
607 684 852 750 δικαίων,
884 684 1024 754 ἔχων
1052 685 1151 749 τὰς
1183 686 1418 754 ἀμοιϐάς
1464 687 1558 739 καὶ
1610 686 1737 750 τοὺς

161 768 456 836 στεφάνους
484 766 907 836 ἀποκειμένους,
958 767 1049 821 τὸν
1082 767 1297 839 πρῶτον
1345 769 1633 837 γενόμενον
1662 768 1738 821 δί-

159 868 309 905 καιον
340 850 416 921 μὴ
445 848 679 904 λαϐόντα
694 849 927 913 ἐνταῦθα
953 850 1081 914 τοὺς
1099 850 1345 919 μισθοὺς,
1363 845 1437 904 ὧν
1458 851 1733 916 ὲπόνεσεν,

158 933 373 1003 ἀφῆκεν
418 930 674 985 ἀπελθεῖν
725 931 952 1002 βοῶντα,
1004 933 1072 986 δι’
1115 927 1189 986 ὧν
1242 933 1433 1000 ἔπαθε,
1466 936 1600 988 πᾶσι
1645 936 1738 989 καὶ

158 1015 405 1082 λέγοντα,
420 1015 501 1068 ὅτι
521 1014 658 1084 μετά
671 1014 772 1085 τὴν
788 1014 1036 1069 ἐντεῦθεν
1053 1016 1199 1087 ζωὴν
1215 1017 1364 1070 ἔστιν
1386 1016 1738 1081 άνταπόδοσίς

159 1113 242 1161 τις
278 1098 373 1151 καὶ
409 1097 599 1168 μισθὸς
624 1097 720 1150 καὶ
748 1097 974 1169 ἀμοιϐή.
1002 1098 1100 1152 Διά
1132 1100 1292 1154 τοῦτο
1320 1102 1413 1154 καὶ
1441 1100 1534 1153 τὸν
1567 1099 1737 1171 Ἐνὼχ

163 1180 452 1252 μετέθηκε,
488 1182 584 1234 καὶ
611 1181 704 1234 τὸν
748 1181 932 1235 Ἠλίαν
958 1183 1310 1254 ἀνήρπασεν,
1367 1183 1740 1254 αἰνιττόμενος

158 1266 294 1334 ἡμῖν
312 1264 373 1317 τὸ
396 1264 641 1335 περὶτῆς
663 1264 1014 1330 ἀναστάσεως
1042 1267 1221 1337 δόγμα
1248 1280 1299 1322 ε.
1326 1267 1513 1339 Ἀρκεῖ
1530 1268 1630 1339 μὲν
1645 1263 1738 1323 οὖν

158 1348 239 1409 εἰς
272 1345 645 1418 πληροφορίαν
702 1350 736 1418 ἡ
788 1347 885 1400 τοῦ
937 1347 1217 1413 ποιοῦντος
1261 1349 1526 1421 δύναμις·
1579 1351 1629 1402 εἰ
1683 1350 1740 1404 δὲ

159 1428 549 1500 ἀσθενέστερός
569 1429 653 1492 τίς
684 1432 821 1492 ἐστι,
854 1431 949 1484 καὶ
972 1430 1217 1503 βούλεται
1243 1432 1515 1505 ἀπόδειξιν
1542 1434 1738 1504 ἑτέραν

157 1511 348 1566 λαϐεῖν
374 1514 469 1566 καὶ
495 1512 750 1582 ἐνέχυρον
782 1515 879 1585 τῆς
913 1515 1211 1587 μελλούσης
1245 1517 1614 1582 ἀναστάσεως,
1647 1519 1743 1571 καὶ

158 1596 321 1648 τοῦτο
356 1596 495 1666 μετά
518 1596 719 1666 πολλῆς
744 1599 842 1665 τῆς
870 1597 1147 1666 δαψιλείας
1171 1599 1372 1653 ἔδωκεν
1392 1603 1419 1654 6
1460 1601 1614 1668 Θεὸς,
1642 1600 1741 1673 τὴν

158 1678 254 1732 τοῦ
286 1678 602 1750 Πνεύματος
628 1679 789 1750 χάριν
819 1681 956 1749 μετὰ
977 1682 1178 1752 πολλῆς
1204 1683 1432 1752 ἐπαφεὶς
1459 1684 1557 1754 τῆς
1582 1684 1743 1753 ἀφθο-

157 1761 302 1824 νίας.
319 1762 419 1816 Διά
443 1763 603 1816 τοῦτο
628 1765 723 1816 καὶ
750 1765 781 1816 6
806 1764 1016 1827 Παῦλος
1056 1768 1284 1835 ποιήσας
1306 1767 1616 1832 ἀξιόπιστον
1647 1768 1739 1821 τὸν

159 1847 293 1917 περὶ
341 1847 443 1916 τῆς
484 1847 830 1911 ἀναστάσεως
877 1847 1031 1916 λόγον
1075 1849 1182 1903 ἀπὸ
1228 1850 1326 1920 τῆς
1363 1850 1457 1904 τοῦ
1503 1850 1739 1922 Χριστοῦ

157 1929 676 1995 ἀναπάσεωςιάπὸ
704 1930 797 1985 τοῦ
821 1931 952 1985 Θεὸν
989 1927 1130 1986 εἶναι
1162 1933 1253 1986 τὸν
1280 1934 1344 2004 δη
1355 1935 1738 2006 μιουργοῦντα,

159 2014 359 2080 ἐπάγει
392 2014 487 2067 καὶ
520 2012 676 2067 τοῦτο
718 2013 779 2067 τὸ
808 2014 992 2085 ῥητὸν,
1041 2015 1216 2084 λέγων
1242 2059 1257 2081 ,
1313 2018 1396 2071 ὃτι
1438 2018 1532 2073 καὶ¹
1566 2020 1740 2091 ἀρρα-

159 2095 312 2155 ϐῶνα
358 2097 492 2166 ἡμῖν
538 2094 760 2162 ἔδωκεν,
807 2098 868 2150 ού
914 2100 1213 2168 χρημάτων
1257 2100 1378 2154 οὐδὲ
1409 2102 1610 2172 χρυσοῦ
1647 2105 1743 2158 καὶ

161 2179 429 2252 ἀργύρου,
470 2180 584 2233 ἀλλ’
612 2180 908 2252 ἀρραϐῶνα
934 2181 1284 2252 Πνεύματος’
1323 2186 1353 2237 6
1378 2184 1436 2237 δὲ
1481 2185 1743 2257 ἀρραϐὼν

162 2263 330 2335 μέρος
366 2265 485 2317 ἐστὶ
505 2262 600 2317 τοῦ
622 2265 822 2328 παντὸς
840 2306 855 2329 ,
879 2264 972 2318 καὶ
1000 2265 1140 2336 ὑπὲρ
1171 2266 1265 2320 τοῦ
1295 2268 1494 2331 παντὸς
1531 2270 1741 2333 πιστός.

160 2346 436 2418 Καθάπερ
466 2347 574 2420 γάρ
604 2348 698 2401 ἐπὶ
743 2346 852 2400 τῶν
899 2347 1243 2419 συμϐολαίων
1271 2350 1300 2401 6
1327 2350 1419 2403 τὸν
1446 2351 1744 2423 ἀρραϐῶνα

159 2429 457 2500 δεξάμενος
483 2430 641 2502 ὑπὲρ.
659 2429 753 2483 τοῦ
786 2430 987 2494 παντὸς
1021 2429 1213 2503 θαρρεῖ
1237 2431 1419 2486 λοιπὸν
1458 2436 1552 2488 καὶ
1578 2437 1744 2489 πεπί-

163 2529 416 2577 στευκεν,
442 2512 585 2566 οὕτω
612 2514 707 2566 καὶ
742 2512 806 2565 σὺ
837 2511 1019 2566 λαϐὼν
1034 2514 1350 2586 ἀρραϐῶνα,
1378 2516 1746 2589 τοῦιΠνεύμα-

158 2613 256 2659 τος
296 2596 367 2649 τὰ
395 2595 707 2667 χαρίσματα
736 2596 899 2665 λέγω,
926 2597 1122 2668 μηκέτι
1157 2598 1433 2669 ἁμφίϐαλε
1462 2586 1589 2673 περὶ
1635 2586 1745 2656 τῶν

157 2678 546 2749 ἀποκειμένων
592 2678 833 2748 ἀγαθῶν.
879 2680 940 2733 '0
982 2679 1089 2753 γὰρ
1135 2684 1363 2754 νεκροὺς
1420 2684 1676 2750 ἀνιστὰς,
1716 2688 1746 2739 6

158 2760 400 2829 τυφλοὺς
425 2760 763 2833 θεραπεύων,
788 2761 1083 2833 όδαίμονας
1101 2764 1438 2830 ἀπελαύνων,
1464 2769 1493 2821 6
1511 2767 1747 2839 λεπροὺς

159 2842 322 2916 [456]
357 2844 657 2917 καθαίρων,
682 2847 712 2897 6
737 2847 1016 2917 νοσήματα
1036 2846 1435 2919 διορθούμενος,
1457 2852 1486 2904 ό
1515 2850 1747 2906 θάνατον

157 2925 331 2989 λύων,
352 2928 385 2980 6
398 2916 638 2981 τοσαῦτα
659 2929 752 2981 καὶ
764 2916 1068 2999 τηλικαῦτα
1085 2916 1382 3000 δυνάμενος
1404 2933 1463 2986 ὲν
1495 2935 1659 3005 ὲπική
1669 2952 1747 3006 ρῳ

157 3011 261 3063 καὶ
314 3009 498 3081 θνητῷ
544 3009 780 3081 σώματι,
812 3012 972 3075 ποίας
1003 3011 1167 3084 τεύξῃ
1215 3014 1547 3087 συγγνώμης
1578 3018 1749 3087 ἀμφι-

158 3092 380 3148 ϐάλλων
415 3093 674 3166 περὶτῆς
720 3096 1104 3162 ἀναστάσεως;
1136 3098 1201 3150 Εἰ
1249 3097 1359 3170 γάρ
1400 3101 1627 3170 μηδέπω
1649 3100 1746 3153 τοῦ

160 3175 362 3246 καιροῦ
395 3176 495 3246 τῆς
517 3177 838 3241 ἀντιδόσεως
866 3180 1334 3251 παραγενομένου,
1370 3181 1483 3235 ἀλλ’
1513 3182 1596 3236 ἔτι
1639 3183 1747 3237 τῶν

159 3259 566 3329 παλαισμάτων
621 3258 906 3325 ἑστώτων,
965 3262 1242 3327 τοσούτοις
1297 3265 1445 3335 ἡμᾶς
1480 3264 1748 3335 ἠμείψατο

162 3342 457 3411 στεφάνοις
489 3343 518 3395 6
555 3342 709 3410 Θεὸς,
745 3343 999 3414 ἐννόησον
1020 3345 1121 3400 ὅσα
1162 3362 1243 3398 σοι
1275 3347 1417 3400 κατά
1439 3348 1531 3401 τὸν
1556 3349 1747 3420 καιρὸν

157 3427 258 3480 τὸν
304 3427 412 3481 τῶν
442 3425 712 3497 βραϐείων
740 3426 900 3481 δώσει
930 3427 1001 3482 τά
1032 3428 1232 3498 ἀγαθά.
1281 3430 1344 3484 Εἰ
1366 3431 1423 3484 δὲ
1455 3430 1601 3499 λέγοι
1635 3449 1742 3496 τιςο

173 3512 323 3565 Ἀλλ’
361 3512 460 3582 οὐχ
515 3511 731 3583 δρῶμεν
759 3506 934 3566 ταῦτα
962 3510 1058 3566 νῦν
1084 3513 1346 3584 γινόμενα
1394 3514 1463 3568 τά
1519 3518 1747 3586 σημεῖα,

843 404 931 461 DE
972 404 1553 464 BESURRECTIONE
1580 404 1640 459 D.
1683 404 1746 460 Ν.
1782 403 1940 462 JESU
1973 396 2265 463 CHRISTI.
2293 434 2359 444 -
2385 394 2720 462 MONITU‘M.

3320 406 3420 460 452

1836 519 2007 575 ταῦτα
2043 520 2355 592 γεγένηται.
2388 519 2512 572 Ὅτι
2542 518 2650 588 γὰρ
2693 513 3000 587 ἔμπροσθεν
3027 513 3240 583 ἐγένετο
3273 521 3419 584 παρὰ

1834 602 1943 655 τῶν
1972 604 2305 665 ἀποστόλων,
2338 601 2707 673 μαρτυροῦσιν
2730 600 2786 652 αἱ
2812 599 3090 668 πανταχοῦ
3120 599 3217 669 τῆς
3240 596 3419 654 οἰκου-

1839 686 2007 756 μένης
2044 672 2384 757 Ἐκκλησίαι,
2426 672 2532 737 καὶ
2562 683 2744 754 δῆμοι,
2781 682 2873 735 καὶ
2903 681 3104 745 πόλεις,
3150 683 3244 736 καὶ
3292 683 3418 753 ἔθνη
3485 747 3495 754 _

1836 769 2256 841 προσδραμόντα
2285 770 2396 830 τοῖς
2428 766 2661 829 ἰδιώταις
2686 766 2779 819 καὶ
2825 764 3082 819 ἁλιεῦσιν.
3119 767 3193 819 Οὐ
3223 765 3330 837 γάρ
3355 768 3421 820 ἂν

1836 851 1937 921 τῆς
1958 851 2286 922 οἰκουμένης
2304 849 2617 921 ἐκράτησαν
2633 851 2682 901 οἱ
2712 849 3069 920 ἀγράμματοι
3093 849 3187 901 καὶ
3215 850 3420 919 πτωχοὶ

1838 935 1933 988 καὶ
1973 934 2204 1005 πένητες
2238 933 2332 986 καὶ
2363 932 2602 996 εὐτελεῖς
2628 934 2676 990 ιι.
2715 934 2763 985 εἰ
2808 932 2880 1003 μὴ
2910 931 3008 1003 τὴν
3037 932 3146 984 τῶν
3178 931 3421 1002 σημείων

1838 1012 1981 1087 εῖχον
2005 1017 2275 1089 βοήθειαν.
2300 1014 2447 1087 Πλὴν
2476 1016 2591 1069 ἀλλ’
2617 1014 2740 1068 οὔτε
2773 1016 2836 1068 σὺ
2862 1017 2959 1084 τῆς
2982 1015 3075 1069 τοῦ
3103 1015 3421 1085 Πνεύματος

1838 1100 2043 1171 ἕρημος
2073 1102 2305 1169 γέγονας
2367 1099 2607 1169 χάριτος,
2648 1097 2785 1152 ἀλλά
2820 1097 2989 1151 πολλὰ
3043 1097 3122 1150 ἔτι
3169 1099 3262 1151 καὶ
3324 1099 3420 1152 νῦν

1842 1184 1993 1254 μένει
2021 1183 2122 1254 τῆς
2150 1183 2360 1255 δωρεᾶς
2391 1182 2610 1247 ἐκείνης
2670 1180 2938 1251 σύμϐολα,
2992 1182 3170 1234 αὐτῶν
3216 1182 3421 1235 τούτων

1837 1265 1945 1319 τῶν
1977 1264 2447 1336 ἀπηριθμημένων
2503 1262 2680 1332 πολλῷ
2733 1262 2951 1333 μείζονα
2991 1265 3084 1317 καὶ
3115 1264 3413 1334 θαυμαστό-

1836 1365 1971 1419 τερα
1994 1367 2004 1377 ·
2029 1349 2090 1401 ού
2106 1347 2213 1417 γάρ
2239 1349 2384 1400 ὲστιν
2420 1346 2531 1399 ἴσον
2562 1346 2721 1415 σῶμα
2748 1346 3073 1416 τελευτῆσαν
3101 1347 3419 1415 ἀναστῆσαι.

1840 1431 1935 1483 καὶ
1993 1429 2169 1501 ψυχὴν
2223 1429 2592 1500 νεκρωθεῖσαν
2659 1428 2762 1481 ὑπὸ
2825 1429 2931 1480 τῶν
3006 1431 3420 1500 ἁμαρτημάτων

1840 1512 2146 1578 ἀπαλλάξαι
2175 1514 2272 1584 τῆς
2301 1513 2579 1576 ἀπωλείας
2621 1512 2855 1580 ἐκείνης,
2896 1512 2922 1565 ὃ
2951 1511 3034 1564 διὰ
3089 1511 3180 1565 τοῦ
3220 1512 3417 1582 βαπτί-

1842 1613 2050 1666 σματος
2098 1597 2307 1665 γίνεται
2342 1614 2353 1625 ·
2391 1598 2491 1648 οὐκ
2522 1596 2668 1647 ἔστιν
2706 1594 2819 1649 ἴσον
2843 1596 3121 1665 νοσήματα
3153 1595 3423 1649 ἀπελάσαι

1843 1679 2075 1748 σαρκὸς,
2133 1680 2228 1733 καὶ
2276 1678 2561 1750 ἁμαρτιῶν
2611 1678 2830 1748 φορτίον
2889 1677 3190 1731 ἀποθέσθαι
3220 1687 3241 1713 ο
3276 1696 3287 1709 ·
3324 1680 3422 1730 οὒκ

1844 1761 1991 1814 ἐστιν
2020 1762 2130 1814 ἴσον
2155 1763 2310 1832 ὄμμα
2340 1762 2743 1833 πεπηρωμένον
2766 1761 3080 1832 διορθῶσαι,
3119 1763 3210 1815 καὶ
3247 1761 3423 1831 ψυχὴ)

1844 1845 2237 1916 ὲσκοτισμένην
2297 1846 2436 1913 φωτὶ
2493 1845 2873 1914 καταλάμψαι.
2936 1846 2999 1898 Εἰ
3058 1846 3166 1918 γὰρ
3227 1846 3300 1916 μὴ
3358 1842 3423 1915 ἦν

1842 1929 2100 2001 ἀρραϐὼν
2132 1929 2224 1981 τοῦ
2241 1928 2572 1998 ,Ιίνεύματος
2597 1929 2691 1981 καὶ
2721 1928 2837 1989 νῦν,
2866 1929 2965 1981 οῦκ
2994 1929 3060 1982 ἂν
3100 1929 3329 2000 συνέστη
3365 1931 3424 1980 τι

1848 2012 2154 2083 βάπτισμα,
2193 2012 2295 2064 οὐκ
2331 2012 2395 2064 ἂν
2446 2013 2857 2082 ἁμαρτημάτων
2909 2014 3101 2081 ἄφεσις
3162 2015 3416 2081 ἐγένετο.

1843 2095 1944 2147 ούκ
1997 2094 2064 2148 ἂν
2110 2093 2424 2164 δικαιοσύνη
2459 2097 2552 2148 καὶ
2579 2095 2874 2165 ἁγιασμὸς,
2905 2097 3007 2149 οὐκ
3045 2096 3111 2149 ἂν
3152 2097 3426 2149 υἱοθεσίαν

1844 2175 2134 2247 ἐλάϐομεν,
2189 2176 2285 2229 ούγ
2339 2176 2404 2230 ἂν
2447 2176 2762 2247 μυστηρίων
2806 2177 3234 2249 ἀπελαύσαμενο
3266 2178 3428 2248 σῶμα

1845 2259 1955 2331 γάρ
1984 2260 2078 2317 καί
2114 2252 2252 2330 αἷμα
2288 2259 2551 2328 μυστικὸν
2582 2260 2681 2312 ούκ
2702 2260 2766 2314 ἀν
2793 2278 2925 2314 ποτε
2963 2261 3173 2328 γένοιτο
3202 2261 3302 2331 τῆς
3331 2262 3426 2315 τοῦ

1846 2343 2162 2414 Πνεῦματος
2196 2342 2417 2415 χάριτος
2442 2343 2609 2413 χωρίς
2626 2359 2639 2372 ’
2666 2345 2764 2397 οὐκ
2783 2344 2848 2397 ἂν
2876 2344 3053 2415 ἱερέας
3077 2346 3390 2416 ἐσχήκαμεν
3412 2362 3425 2373 ·

1846 2427 1966 2482 οὐδὲ
1998 2426 2106 2498 γάρ
2127 2426 2328 2490 ταύτας
2362 2424 2586 2478 δυνατὸν
2621 2426 2719 2491 τὰς
2753 2429 3088 2499 χειροτονίας
3126 2428 3255 2482 ἄνευ
3288 2430 3430 2482 ἐκεί-

1846 2528 1945 2582 νης
1971 2510 2072 2581 τῆς
2096 2512 2495 2579 ὲπιφοιτὴσεως
2523 2509 2790 2579 γίνεσθαι.
2827 2513 2936 2566 Καὶ
2986 2512 3120 2568 ἄλλα
3158 2512 3216 2565 δὲ
3248 2512 3425 2566 πολλά

1849 2594 1962 2666 ἔχοι
2022 2612 2105 2658 τις
2156 2594 2221 2647 ἂν
2287 2593 2462 2646 εἰπεῖν
2515 2594 2612 2664 τῆς
2670 2594 2765 2647 τοῦ
2822 2595 3139 2666 ΙΙνεύματος
3207 2597 3430 2668 χάριτος

1850 2677 2116 2749 σύμϐολα.
2148 2675 2314 2729 Ὥστε
2345 2678 2438 2730 καὶ
2468 2679 2531 2731 σὺ
2556 2677 2647 2730 τὸν
2678 2678 2972 2750 ἀρραϐῶνα
2992 2680 3086 2732 τοῦ
3117 2679 3430 2750 Πνεύματος

1849 2762 2013 2832 ἔχεις,
2069 2762 2162 2813 καὶ
2211 2760 2480 2833 νέκρωσιν
2535 2762 2743 2815 ἀπέῖιου
2795 2763 2997 2834 ψυχῆς,
3051 2765 3143 2816 καὶ
3181 2764 3430 2834 πήρωσιν

1853 2843 2152 2916 λογισμῶν,
2191 2844 2287 2897 καὶ
2333 2843 2424 2897 τὸν
2471 2844 2785 2915 ἀκάθαρτον
2836 2846 3091 2900 ἁπεδύσω
3144 2847 3274 2918 βίον.
3338 2848 3388 2899 Μ
3400 2850 3429 2917 ὴ

1848 2929 2026 2982 τοίνυν
2077 2926 2436 2998 ἀσχάλλωμεν
2484 2928 2613 2998 περὶ
2665 2928 2775 2983 τῶν
2830 2930 3153 3000 μελλόντων,
3203 2930 3439 2987 τοιαῦτα

1854 3012 2110 3073 λαϐόντες
2143 3011 2405 3081 ἐνέχυρα·
2448 3009 2584 3065 ἀλλά
2629 3012 2968 3082 πανταχόθεν
3016 3014 3108 3067 τὸν
3158 3019 3288 3087 περί
3332 3017 3431 3086 τῆς

1846 3095 2196 3157 ἀναστάσεως
2221 3092 2576 3157 συλλέξαντες
2625 3092 2809 3162 λόγον,
2846 3096 2942 3149 καὶ
2981 3096 3095 3165 βίον
3145 3099 3294 3163 ἄξιον
3321 3101 3431 3154 τῶν

1844 3176 2131 3247 δογμάτων
2162 3173 2560 3247 ἐπιδειξώμεθα
2575 3175 2801 3237 τούτων,
2819 3177 2906 3231 ἴνα
2932 3179 3144 3233 καὶτῶν
3160 3184 3433 3252 ἀκινήτων

1846 3260 2064 3330 ἀγαθῶν
2087 3258 2582 3331 ἐπιτύχωμεν,τῶν
2608 3260 2784 3314 πάντα
2813 3261 2969 3331 λόγον
2997 3264 3433 3334 ὑπερϐαινόντων

1845 3345 1939 3397 καὶ
1965 3343 2090 3397 νοῦν
2115 3342 2454 3414 ἀνθρώπινον
2472 3359 2485 3371 ·
2519 3338 2594 3398 ὧν
2617 3342 2828 3411 γένοιτο
2859 3344 3062 3409 πάντας
3081 3349 3228 3417 ἡμᾶς
3253 3348 3435 3402 ἐπιτυ-

1846 3429 1981 3498 χεῖν,
2037 3427 2219 3498 χάριτι
2272 3427 2368 3480 καὶ
2417 3424 2802 3503 φιλανθρωπίᾳ
2865 3427 2963 3503 τοῦ
3020 3430 3226 3501 Κυρίου
3275 3433 3432 3503 ἡμῶν

1859 3508 2032 3587 Ἰησοῦ
2055 3508 2317 3581 Χριστοῦ,
2346 3508 2414 3563 δι’
2442 3500 2503 3562 οὗ
2536 3509 2634 3563 καὶ
2666 3510 2786 3580 μεθ’
2815 3501 2875 3563 οῦ
2906 3512 2939 3583 ἡ
2966 3512 3089 3577 δόξα
3115 3515 3193 3584 τῷ
3234 3500 3431 3587 Πατρὶ,

1847 3590 1964 3662 ἀμα
1990 3591 2069 3664 τῷ
2084 3592 2225 3664 ἁγίῳ
2253 3590 2555 3665 Πνεύματι,
2580 3594 2661 3658 εἰς
2686 3593 2813 3657 τοὺς
2838 3592 3039 3660 αἰῶνας
3070 3597 3177 3650 τῶν
3199 3598 3432 3653 αἰώνων.

1861 3675 2059 3746 Ἀμήν.

1864 3844 1867 3847 Δ
1912 3780 1941 3820 δ
1964 3779 2098 3832 CUIb.
2118 3780 2312 3841 πένητες
2330 3781 2410 3830 καὶ
2430 3780 2592 3837 ἁλιεῖς.

158 3597 292 3649 οῦδὲ
340 3597 506 3667 ἡμεῖς
551 3593 823 3663 τοσαύτην
874 3594 1072 3665 ἔχομεν
1124 3595 1391 3669 δύναμιν·
1456 3600 1631 3652 έκεῖνο
1683 3599 1750 3654 ἂν

156 3680 406 3748 εἰποιμι,
433 3678 516 3733 ὅτι
541 3678 694 3732 οὐδὲν
740 3677 1009 3749 διαφέρει,
1057 3679 1165 3732 εἴτε
1194 3680 1310 3743 νῦν,
1346 3681 1455 3734 εἴτε
1488 3681 1751 3754 πρότερον

226 3785 251 3808 ³
279 3773 419 3825 Colb.
442 3774 557 3836 ἡμῖν
578 3774 663 3832 τὴν
683 3773 790 3838 περὶ
811 3779 897 3832 τῆς
916 3773 1224 3833 ἀναστάσεως
1243 3776 1494 3841 ὑπόληψιν.
1540 3846 1545 3851 _

2666 3784 2687 3812 "
2710 3781 2839 3833 Colb.
2866 3782 3054 3849 φορτίον
3074 3787 3431 3836 καταποντίσαι.

176 4067 3415 4113 Wmm—m

640 4414 649 4423 _
702 4342 782 4404 IN
813 4342 1185 4404 HOMILIAM
1210 4339 1512 4402 CONTRA
1547 4339 1943 4414 EBRIOSOS,
1986 4341 2082 4401 ET
2129 4330 2225 4400 DE
2271 4304 2963 4403 RESURRECTIONE.‘

164 4532 515 4587 consonant,
549 4522 786 4577 maxime
814 4536 943 4577 vero
971 4537 1094 4575 cum
1124 4522 1368 4591 ejusdem
1402 4521 1522 4577 loco
1546 4540 1561 4576 :
1589 4520 1957 4576 Abstineamus
1992 4520 2056 4574 ab
2077 4520 2326 4575 ebrietate
2349 4538 2367 4575 :
2394 4537 2498 4574 non
2526 4520 2648 4575 dico
2670 4520 2787 4583 hoc,
2817 4520 3190 4576 Abstineamus
3220 4541 3252 4575 u
3287 4523 3434 4588 vino;

161 4639 299 4703 sed,
325 4637 403 4692 Ab
432 4635 685 4690 ebrietate
708 4635 1087 4688 abstineamus.
1124 4632 1246 4689 Non
1270 4636 1444 4688 vinum
1469 4636 1619 4705 e/Iicit
1650 4633 1953 4689 ebrietatem
1991 4648 2010 4687 :
2043 4643 2119 4688 est
2147 4635 2284 4688 enim
2314 4632 2412 4687 Dei
2434 4644 2696 4688 creatura.
2730 4631 2829 4688 Dei
2853 4649 3011 4704 porro
3034 4645 3278 4691 creatura
3308 4638 3438 4693 nihil

155 4754 341 4823 eﬁcit
373 4750 527 4814 ntali,
557 4749 648 4803 sed
675 4748 913 4803 voluntas
943 4748 1177 4819 maligna
1196 4750 1347 4819 efﬁcit
1369 4751 1697 4813 ebrietatem,
1724 4759 1831 4805 etc.
1861 4748 2063 4803 Eodem
2103 4749 2268 4819 igitur
2293 4748 2412 4817 ipso
2437 4762 2581 4802 anno
2608 4747 3032 4818 Chrysostomus
3061 4752 3309 4808 homilias
3341 4756 3438 4809 Iri-

156 4867 335 4939 ginta
367 4866 506 4919 duas
551 4878 648 4933 per
680 4862 1161 4933 Quadragesimam
1194 4863 1404 4927 habuit,
1438 4864 1561 4917 item
1593 4863 1889 4919 secundam
1917 4867 1982 4919 de
2008 4861 2146 4919 Jnda
2180 4863 2458 4933 proditore
2486 4862 2538 4916 in
2571 4863 2658 4917 die
2691 4861 2877 4920 Cleuas
2915 4863 3169 4933 Domini;
3199 4867 3341 4922 hanc
3369 4870 3435 4923 de

168 4977 622 5035 Resurrectione
644 4984 695 5030 et
725 4984 913 5029 contra
938 4975 1185 5030 ebriosos
1215 4975 1270 5029 in
1295 4974 1383 5030 die
1408 4973 1708 5040 Paschalis,
1734 4974 1975 5045 quinque
2019 4972 2274 5028 homilias
2297 4973 2351 5026 in
2376 4972 2700 5043 principium
2739 4979 2994 5032 Actorum
3047 4988 3189 5048 posta
3201 4978 3430 5043 Pascha,

158 5103 235 5145 et
281 5094 674 5158 consequenter
699 5095 931 5156 quatuor
962 5084 1036 5141 De
1063 5087 1362 5142 mutatione
1390 5087 1694 5142 nominum.
1732 5084 1975 5142 Subinde
1993 5097 2178 5140 autem
2203 5086 2541 5143 intermissas
2570 5088 2622 5142 in
2647 5088 2900 5147 Genesim
2939 5091 3190 5146 homilias
3223 5104 3436 5145 resum-

143 5207 287 5278 psit.
333 5219 365 5257 a
410 5203 687 5274 trigesima
720 5202 895 5258 tertia.
934 5200 1033 5255 Hic
1061 5202 1239 5257 cernis
1268 5217 1521 5272 magnam
1557 5201 1749 5257 seriem
1792 5202 2139 5257 homiliarum
2171 5217 2280 5256 uno
2308 5202 2606 5273 eodemque
2632 5220 2776 5259 atlno
2814 5223 2829 5260 :
2869 5208 2996 5276 quis
3041 5215 3217 5262 autem
3251 5208 3337 5260 ille
3365 5215 3436 5260 ειι

137 5337 357 5380 annus
382 5320 624 5377 nondum
649 5319 731 5373 vel
755 5317 915 5373 certis
933 5317 1015 5372 vel
1043 5318 1231 5372 saltent
1248 5317 1622 5388 probabilibus
1645 5316 1856 5374 indiciis
1884 5317 2153 5388 expiscari
2186 5317 2480 5387 potuimus.
2501 5315 2556 5371 In
2592 5319 2693 5374 hac
2723 5321 2984 5376 concione
3011 5323 3214 5375 hiatum
3248 5320 3438 5391 ingen-

140 5449 290 5494 tem
330 5449 395 5488 ex
427 5450 535 5488 uno
563 5433 732 5502 RI-gio
761 5432 946 5487 codice
975 5430 1263 5485 sarcituus.

236 5574 631 5645 lnterpretatio
654 5570 846 5625 Latina
876 5578 959 5624 est
998 5566 1287 5622 Frontonis
1312 5564 1512 5623 Ducmi.

503 5781 791 5841 Pnnoc.’
829 5779 945 5839 Gn.
995 5777 1062 5837 L.
1601 5747 1608 5753 I
3050 5775 3122 5853 d2
3194 5819 3209 5831 .
