3892 6294
504 398 603 452 £33

1209 398 1266 454 S.
1306 399 1588 461 JOANNIS
1619 397 2110 456 CHRYSOSTOMI
2148 401 2467 462 ARCHIEP.
2517 400 3064 459 CONSTANTINOP.

3623 401 3732 458 434

1558 779 1857 863 ΚΑΤΑ
1928 780 2630 870 ΜΕΘΥΟΝΤΩΝ
2649 845 2674 879 ν

778 1021 883 1075 Καὶ
917 1007 1005 1087 είς
1035 1019 1147 1088 τὴν
1182 1018 1527 1074 ἀνάστασιν
1548 1056 1566 1085 ,
1613 1020 1797 1087 λόγος
1826 1019 2066 1088 λεχθεὶς
2094 1021 2172 1090 τῇ
2198 1021 2335 1090 ἁγίᾳ
2370 1021 2469 1074 καὶ
2493 1021 2730 1092 μεγάλῃ
2766 1021 3034 1092 Κυριακῇ
3056 1023 3162 1078 τοῦ
3195 1021 3432 1091 Πάσχα.

564 1405 632 1448 α’.
667 1395 1004 1466 Ἀπεθέμεθα
1032 1395 1132 1466 τῆς
1163 1397 1416 1467 νηστείας
1441 1398 1504 1451 τὸ
1539 1398 1757 1470 φορτίον
1777 1440 1790 1462 ,
1821 1397 1956 1451 ἀλλά
1991 1397 2065 1469 μὴ

495 1485 828 1556 ἀποθώμεθα
842 1486 940 1556 τῆς
954 1486 1206 1556 νηστείας
1223 1488 1312 1540 τὸν
1331 1489 1560 1559 καρπόν·
1581 1489 1695 1541 ἔστι
1717 1488 1826 1559 γάρ
1848 1489 2067 1561 φορτίον

496 1579 794 1634 ἀποθέσθαι
814 1580 1086 1651 νηστείας,
1101 1580 1194 1632 καὶ
1214 1581 1424 1650 καρπὸν
1441 1581 1733 1652 δρέπεσθαι
1748 1595 1774 1622 ι
1795 1581 2065 1652 νηστείας.

497 1671 782 1742 Παρῆλθεν
811 1671 839 1722 6
870 1671 1030 1732 πόνος
1055 1670 1162 1724 τῶν
1193 1671 1442 1739 ἀγώνων,
1483 1673 1620 1726 ἀλλὰ
1653 1672 1729 1744 μὴ
1757 1674 2005 1748 παρέλθῃ
2033 1676 2068 1746 ἡ

499 1760 704 1830 σπουδὴ
750 1761 858 1814 τῶν
909 1760 1378 1832 κατορθωμάτων’
1430 1763 1675 1832 ἀπῆλθεν
1726 1765 1760 1834 ἡ
1819 1767 2067 1835 νηστεία,

497 1849 634 1904 ἀλλὰ
671 1850 877 1921 μενέτω
903 1851 936 1920 ἡ
978 1851 1235 1904 εὐλάϐεια
1255 1868 1270 1881 ·
1317 1852 1516 1922 μᾶλλον
1542 1853 1598 1907 δὲ
1630 1853 1749 1909 οὐδὲ
1781 1857 1814 1927 ἠ
1845 1856 2072 1927 νηστεία

497 1938 758 2010 ἀπῆλθεν.
801 1939 960 1992 Ἀλλά
992 1940 1065 2011 μὴ
1090 1940 1397 2012 φοϐηθῆτεο
1429 1928 1588 1995 τοῦτο
1626 1942 1737 2014 γὰρ
1765 1941 1918 1998 εἷπον
1950 1947 2071 2018 οὐχὶ

497 2030 692 2101 ἑτέραν
713 2031 840 2100 ὑμῖν
866 2031 1155 2101 κηρύσσων
1181 2032 1656 2103 Τεσσαρακοστὴν,
1683 2034 1819 2088 ἀλλὰ
1848 2035 1946 2106 τὴν
1970 2037 2070 2089 αύ-

494 2122 593 2194 τὴν
622 2123 749 2192 ὑμῖν
784 2122 985 2193 ἀρετὴν
1015 2122 1421 2191 καταγγέλλων.
1470 2124 1752 2195 Παρῆλθεν
1791 2127 1824 2196 ἡ
1850 2127 2070 2196 νηστεία

495 2213 530 2280 ὴ
561 2212 867 2282 σωματικὴ,
909 2211 1024 2263 ἀλλ’
1051 2213 1111 2265 οὑ
1139 2213 1418 2283 παρῆλθεν
1446 2216 1481 2284 ἡ
1513 2216 1736 2284 νηστεία
1766 2218 1799 2287 ἠ
1825 2234 2072 2288 πνευμα-

495 2303 656 2370 τικήο
702 2301 840 2369 αὕτη
900 2300 1122 2369 βελτίων
1174 2304 1410 2372 ἐκείνης,
1462 2305 1688 2376 κάκείνη
1739 2306 2073 2376 διὰταύτην

498 2391 735 2457 ἐγένετο.
756 2392 968 2464 Ὥσπερ
988 2430 1002 2456 ,
1052 2394 1142 2446 ὅτε
1197 2396 1518 2466 ἐνηστεύετε
1538 2439 1552 2463 ,
1612 2399 1798 2466 ἔλεγον
1828 2401 1956 2469 ὑμῖν
1991 2403 2073 2454 ὅτι

499 2482 614 2534 ἔστι
650 2482 978 2552 νηστεύοντα
1014 2485 1087 2554 μὴ
1111 2486 1393 2555 νηστεύειν
1417 2489 1466 2553 Β,
1501 2489 1643 2542 οὔτω
1669 2491 1765 2544 καὶ
1805 2489 1899 2543 νῦν
1931 2490 2074 2560 λέγω

498 2573 580 2625 ὅτι
613 2572 726 2626 ἔστι
757 2570 844 2644 μὴ’
860 2575 1187 2644 νηστεύοντα
1212 2577 1511 2648 νηστεύειν.
1528 2581 1681 2650 Τάχα
1697 2581 1922 2650 αἴνιγμα
1937 2577 2072 2635 εἶναι

498 2665 647 2717 δοκεῖ
671 2664 732 2716 τὸ
755 2664 1064 2733 λεγόμενον,
1091 2666 1205 2719 ἀλλ’
1237 2666 1350 2736 ἐγὼ
1381 2667 1480 2738 τὴν
1507 2668 1662 2722 λύσιν
1703 2670 1895 2738 ἐπάγω
1919 2668 2068 2741 [458]

499 2755 576 2824 τῷ
609 2755 882 2826 ζητήματι
911 2773 924 2787 ·
973 2756 1096 2820 Πῶς
1123 2756 1237 2810 ἔστι
1269 2760 1596 2829 νηστεύοντα
1637 2759 1712 2831 μὴ
1745 2761 2024 2831 νηστεύειν
2054 2777 2069 2824 ;

501 2846 668 2897 Ὅταν
722 2862 807 2908 τις
861 2845 1165 2917 βρωμάτων
1193 2848 1292 2918 μὲν
1334 2849 1629 2920 ἀπέχηται,
1661 2851 2070 2924 ἁμαρτημάτων

498 2935 558 2988 δέ
583 2934 658 3005 μὴ
688 2937 981 3006 ἀπέχηται.
1006 2939 1131 3001 Πῶς
1159 2939 1274 2992 ἔστι
1305 2940 1380 3012 μὴ
1406 2941 1736 3011 νηστεύοντα
1755 2942 2068 3013 νηστεύειν;

503 3028 668 3080 Ὅταν
716 3045 802 3090 τις
840 3029 1050 3099 τροφῆς
1093 3030 1192 3100 μέν
1237 3030 1508 3104 ἀπολαύῃ,
1558 3033 1831 3103 ἁμαρτίας
1880 3034 1936 3086 δὲ
1997 3033 2070 3106 μὴ

501 3117 751 3188 γεύηται.
785 3119 935 3189 Αὕτη
982 3119 1206 3188 βελτίων
1250 3122 1466 3193 ἐκείνης
1505 3125 1537 3193 ἡ
1577 3125 1816 3193 νηστεία,
1855 3125 1915 3177 οὐ
1949 3125 2063 3194 βελ-

498 3208 629 3262 τίων
667 3209 724 3262 δὲ
775 3211 956 3281 μόνον,
998 3211 1138 3265 ἀλλά
1186 3214 1282 3268 καὶ
1330 3216 1668 3288 κουφοτέρα·
1725 3218 1810 3271 ἐπ’
1857 3217 2071 3289 ἐκείνης

499 3299 600 3368 τῆς
639 3302 888 3370 νηστείας
918 3302 1200 3357 ἀσθένειαν
1229 3305 1622 3375 προεϐάλλοντο
1664 3307 1849 3361 πολλοὶ
1881 3325 2070 3378 σωμα-

500 3388 676 3458 τικὴν,
696 3390 935 3460 κνησμὸν
956 3393 1210 3460 χαλεπόν.
1228 3393 1432 3465 Ψὼρας
1452 3396 1866 3466 ἐμπέπλησμαι,
1885 3398 2068 3468 φησὶν,

505 3481 757 3533 ἀλουσίαν
796 3482 894 3551 οὐχ
932 3483 1206 3552 ὑπομένω,
1242 3487 1275 3554 ὴ
1314 3485 1611 3554 ὑδροποσία
1653 3505 1720 3557 με
1749 3488 2067 3561 διαφθείρει,

505 3570 748 3638 λαχάνων
779 3570 1147 3638 ἀπογεύεσθαι
1197 3575 1258 3626 οὐ
1314 3573 1569 3645 δύναμαι.
1621 3577 1801 3630 Πολλά
1849 3579 2070 3633 τοιαῦτα

503 3661 698 3730 ἢκουον
731 3661 851 3713 τότε
911 3662 1178 3731 λεγόντων
1251 3664 1464 3717 πολλῶν
1497 3682 1509 3695 ·
1567 3666 1659 3718 ἐπί
1693 3668 1794 3735 τῆς
1823 3669 2073 3737 νηστείας

503 3750 706 3822 ταύτης
736 3762 758 3790 ο
794 3752 946 3804 οὐδὲν
977 3753 1218 3807 τοιοῦτον
1255 3755 1401 3808 ἐστιν
1437 3757 1628 3810 εἰπεῖν.
1668 3758 1928 3811 Ἀπόλαυε
1952 3760 2073 3812 λου-

502 3843 667 3912 τρῶν,
705 3845 899 3914 μέτεχε
923 3846 1222 3917 τραπέζης,
1270 3848 1548 3920 οίνοποσίᾳ
1595 3849 1831 3920 κέχρησο
1866 3851 2075 3922 συμμέ-

501 3952 636 4006 τρῳ,
675 3936 780 3990 κᾶν
805 3937 982 4008 κρεῶν
1016 3937 1380 4005 ἀπογεύεσθαι
1419 3939 1637 4012 μέλλῃς,
1676 3943 1704 3992 6
1728 3941 1950 3994 κωλύων
1980 3944 2072 3995 ού-

502 4023 614 4084 δείς
633 4040 648 4055 '
678 4025 893 4078 πάντων
916 4025 1243 4091 ἀπόλαυσον,
1278 4029 1439 4098 μόνον
1481 4030 1756 4101 ἁμαρτίας
1783 4033 2070 4105 ἀπόστηθι.

505 4108 656 4178 Εἶδες
689 4115 806 4178 πῶς
840 4118 1004 4169 πᾶσιν
1034 4117 1172 4188 αὕτη
1225 4119 1379 4190 ῥᾳδία
1423 4122 1456 4190 ἠ
1497 4123 1758 4191 νηστεία;
1801 4124 1915 4176 Οὐκ
1961 4124 2074 4178 ἔστι

505 4201 754 4273 σώματος
781 4204 1063 4258 ἀσθένειαν
1106 4205 1506 4276 προϐάλλεσθαι
1528 4224 1540 4238 ο
1574 4209 1672 4279 τῆς
1695 4209 1872 4280 ψυχῆς
1908 4211 2075 4263 καθα-

508 4292 599 4362 ρόν
629 4295 744 4344 ἐστι
776 4293 837 4344 τὸ
859 4293 1209 4364 κατόρθωμα.
1244 4296 1398 4348 Ἔστι
1425 4299 1517 4349 καὶ
1556 4298 1628 4368 μὴ
1658 4299 1881 4352 πίνοντα
1908 4299 2068 4365 οἶνον,

509 4375 746 4443 μεθύειν,
774 4377 866 4428 καὶ
898 4377 1120 4429 πίνοντα
1172 4373 1312 4431 οἶνον
1345 4385 1641 4451 σωφρονεῖν
1665 4398 1680 4412 ·
1703 4383 1798 4437 καὶ
1819 4384 1898 4436 ὅτι
1925 4384 2070 4438 ἐστιν

505 4466 631 4518 ἄνευ
682 4468 823 4520 οίνου
859 4467 1017 4537 μέθη,
1065 4468 1294 4523 ἄκουσον
1347 4470 1439 4523 τοῦ
1472 4474 1747 4544 προφήτου
1786 4474 2067 4543 λέγοντοςο

508 4557 654 4612 Οὐαὶ
678 4561 733 4611 οί
751 4559 1075 4627 μεθύοντες
1105 4559 1252 4614 ἄνευ
1278 4561 1446 4615 οἴνου
1466 4580 1479 4593 ο
1510 4563 1605 4616 καὶ
1631 4564 1747 4628 πῶς
1780 4565 1923 4620 ἔστιν
1943 4566 2069 4620 ἀνευ

505 4651 646 4702 οἴνου
677 4649 894 4720 μεθύειν
915 4668 927 4712 ;
949 4650 1113 4703 Ὅταν
1140 4651 1200 4704 τὸ
1225 4652 1461 4723 ἄκρατον
1477 4653 1585 4707 τῶν
1609 4655 1798 4708 παθῶν
1827 4656 1901 4726 μὴ
1921 4657 2076 4727 κερά-

507 4757 606 4809 σῃς
640 4740 852 4792 εὐσεϐεῖ
899 4739 1163 4812 λογισμῷ.
1209 4743 1363 4796 Ἔστι
1411 4743 1507 4797 καὶ
1559 4745 1782 4798 πίνοντα
1816 4742 1958 4800 οἶνον
2000 4747 2076 4819 μὴ

509 4829 726 4899 μεθύειν
747 4850 758 4861 ·
796 4834 890 4909 καὶ
914 4834 962 4884 εί
988 4834 1062 4904 μὴ
1095 4832 1253 4886 τοῦτο
1281 4829 1368 4905 ἦν,
1404 4835 1504 4887 οὐκ
1539 4835 1604 4888 ἂν
1629 4835 1785 4890 τοῦτο
1817 4838 2076 4904 ἐπέταξεν

441 4931 445 4935 ‘
505 4924 535 4974 6
583 4922 792 4986 Παῦλος
819 4923 894 4994 τῷ
925 4923 1176 4994 Τιμοθέῳ
1205 4926 1432 4996 γράφων
1476 4925 1679 4990 οὕτως·
1715 4929 1869 4995 Οῖνῳ
1895 4929 2077 4999 ὀλίγῳ

505 5012 628 5085 χρῶ
652 5014 750 5068 διὰ
776 5013 883 5068 τὸν
911 5016 1221 5084 στόμαχον
1260 5032 1378 5070 σου
1426 5015 1520 5070 καί
1547 5017 1655 5081 τὰς
1697 5019 1933 5085 πυκνάς
1961 5034 2077 5073 σου

504 5105 840 5172 ἀσθενείας.
880 5106 1034 5176 Μέθη
1073 5106 1183 5177 γάρ
1223 5107 1377 5160 οὐδὲν
1407 5105 1594 5178 ἕτερόν
1615 5110 1760 5162 ἐστιν
1783 5109 1952 5181 ἀλλ’ἢ
1990 5111 2079 5165 ἔκ-

508 5213 694 5259 στασις
710 5196 818 5250 τῶν
837 5198 977 5250 κατά
994 5197 1154 5266 φύσιν
1175 5196 1407 5268 φρενῶν,
1438 5200 1765 5270 παρατροπὴ
1781 5199 2074 5272 λογισμῶν,

505 5288 712 5358 ἐρημία
750 5288 1012 5363 διανοίας,
1071 5290 1231 5342 πενία
1278 5289 1565 5352 συνέσεως.
1623 5289 1807 5344 Ταῦτα
1836 5291 1892 5344 δέ
1919 5294 2077 5364 ούχή

511 5381 647 5453 μέθη
690 5369 837 5434 ποίεῖ
868 5383 1002 5452 μόνη
1037 5383 1069 5451 ἡ
1112 5381 1169 5447 ἐξ
1220 5383 1388 5442 οίνου,
1442 5381 1582 5435 ἀλλά
1633 5384 1729 5434 καὶ
1765 5384 1906 5456 μέθη
1954 5388 2080 5457 ήέξ

507 5474 676 5545 ὀργῆς
708 5476 806 5527 καὶ
831 5474 1128 5544 ἐπιθυμίας
1154 5473 1376 5527 ἀτόπου.
1421 5473 1686 5544 Καθάπερ
1707 5475 1814 5548 γὰρ
1847 5479 2078 5549 πυρετὸν

572 5621 596 5691 ξ
623 5621 744 5691 Reg.
771 5621 800 5667 2
824 5621 1098 5691 δρέψασθαι.
1199 5682 1209 5691 ι
1411 5680 1424 5691 ’
1633 5642 1668 5664 ,ο

568 5681 596 5718 ι,
624 5680 742 5748 κρέ’
771 5691 821 5728 el
845 5680 989 5748 (ζυίςι,
1017 5685 1116 5748 {qu
1154 5682 1216 5743 μή
1258 5680 1541 5738 νηστεύοντα
1580 5686 1837 5748 νηστεύειν,
1861 5689 1941 5738 καὶ
1977 5689 2076 5740 ἔστι

513 5743 796 5797 νηστεύοντα
819 5745 882 5803 μὴ
903 5743 1156 5800 νηστεύειν.

579 5809 597 5832 ε
635 5803 755 5864 Reg.
783 5803 812 5848 ‘2
835 5811 886 5852 et
907 5804 1103 5853 Coislin.
1130 5803 1301 5861 ταύτης
1320 5808 1402 5861 τῆς
1422 5813 1750 5866 πνευματικῆς.

2171 1398 2269 1470 μὲν
2293 1399 2438 1450 ποιεῖ
2461 1397 2759 1468 ἀγρυπνία,
2786 1396 3012 1449 ποιεῖδέ
3032 1395 3222 1462 κόπος,
3259 1398 3404 1450 ποιεῖ
3430 1396 3486 1451 δὲ
3514 1397 3746 1472 ἀθυμία,

2167 1491 2310 1542 ποιεῖ
2351 1488 2408 1542 δὲ
2437 1488 2610 1558 χυμὸς
2653 1487 3086 1558 διεφθαρμένος,
3132 1488 3230 1542 καὶ
3277 1488 3531 1559 διάφορος
3574 1489 3675 1562 μὲν
3710 1493 3744 1560 ἡ

2168 1579 2441 1646 ὑπόθεσις,
2463 1578 2522 1632 ἓν
2543 1578 2680 1634 δὲτὸ
2707 1577 2879 1640 πάθος
2911 1579 3005 1632 καὶ
3037 1579 3099 1632 τὸ
3114 1579 3348 1649 νόσημα·
3365 1579 3506 1634 οὕτω
3523 1581 3619 1634 καὶ
3652 1582 3749 1634 ἐπί⁵

2165 1669 2404 1723 τούτων·
2436 1672 2580 1736 ποιεῖ
2624 1670 2723 1741 μὲν
2761 1664 2904 1732 οἶνος
2937 1668 3133 1740 μέθην,
3159 1671 3307 1722 ποιεῖ
3351 1670 3409 1724 δέ
3459 1671 3748 1743 ἐπιθυμία,

2167 1761 2313 1812 ποιεῖ
2339 1759 2396 1812 δὲ
2428 1759 2605 1830 χυμὸς
2634 1757 3049 1828 διεφθαρμένος,
3084 1758 3181 1811 καὶ
3233 1757 3490 1830 διάφορος
3551 1761 3650 1831 μὲν
3714 1764 3748 1832 ἡ

2170 1849 2442 1912 ὑπόθεσις,
2473 1849 2532 1902 ἓν
2554 1847 2612 1901 δὲ
2635 1849 2691 1902 τδ
2708 1848 2882 1912 πάθος
2907 1847 3084 1902 καὶτὸ
3105 1848 3341 1920 νόσημα.
3386 1851 3748 1923 Ἀπεχώμεθα

2171 1940 2342 2012 μέθης
2364 1957 2379 1974 ·
2413 1939 2476 1994 οὐ
2504 1940 2648 2008 λέγω
2679 1939 3013 2011 ἀπεχώμεθα
3043 1939 3212 2006 οἴνου,
3245 1941 3360 1995 ἀλλ’
3413 1942 3752 2014 ἀπεχώμεθα

2171 2031 2378 2102 μέθηςο
2432 2031 2534 2086 οὐκ
2577 2027 2721 2094 οἶνος
2771 2032 2921 2084 ποιεῖ
2970 2025 3179 2102 μέθην·
3230 2033 3435 2102 κτίσμα
3483 2035 3592 2104 γάρ
3629 2036 3751 2089 ἐστι

2168 2122 2327 2187 Θεοῦ,
2385 2121 2522 2176 Θεοῦ
2566 2120 2623 2174 δέ
2672 2121 2881 2189 κτίσμα
2930 2121 3087 2175 οὐδὲν
3124 2125 3269 2176 ποιεῖ
3305 2123 3562 2194 πονηρὸν,
3610 2125 3753 2180 ἀλλὰ

2171 2213 2489 2283 προαίρεσις
2536 2210 2752 2282 πονηρά
2801 2213 2950 2264 ποιεῖ
2985 2210 3176 2280 μέθην.
3227 2211 3338 2266 Καὶ
3368 2213 3451 2265 ὅτι
3501 2212 3620 2266 ἔστι
3653 2217 3752 2267 καὶ

2171 2306 2346 2368 ἄλλως
2377 2303 2598 2375 μεθύειν
2643 2303 2764 2373 οὐχὶ
2791 2301 2920 2372 οἴνῳ
2954 2303 3121 2372 μόνῳ,
3155 2303 3387 2356 ἄκουσον
3431 2304 3484 2358 τί
3527 2323 3694 2376 φησιν
3723 2309 3751 2358 6

2173 2395 2414 2460 Ιῐαῦλος⁶
2439 2395 2536 2462 Μὴ
2562 2395 2942 2464 μεθύσκεσθε
2967 2393 3130 2457 οϊνῳ·
3159 2379 3373 2457 δεικνύς
3393 2395 3475 2448 ὅτι
3511 2394 3624 2448 ἔστι
3654 2398 3754 2448 καὶ

2172 2486 2346 2549 ἄλλως
2397 2483 2794 2556 μεθύσκεσθαι·
2837 2481 2936 2548 Μὴ
2960 2482 3340 2550 μεθύσκεσθε
3373 2484 3538 2548 οινῳ,
3579 2483 3651 2537 ἐν
3703 2477 3754 2550 ᾧ

2171 2575 2344 2628 ἐστιν
2367 2573 2616 2627 ἀσωτία.
2659 2570 2990 2641 Θαυμασίως
3025 2570 3081 2622 ἐν
3113 2570 3306 2642 βραχεῖ
3330 2572 3535 2642 ῥήματι
3565 2573 3752 2626 πᾶσαν

2175 2665 2274 2736 τῆς
2302 2665 2471 2734 μέθης
2492 2664 2588 2734 τὴν
2610 2662 2948 2732 κατηγορίαν
2977 2655 3120 2716 εἷπε.
3157 2661 3223 2714 Τί
3256 2663 3395 2723 ἐστι,
3436 2662 3533 2730 Μὴ
3565 2663 3755 2730 μεθύ-

2175 2757 2400 2808 σκεσθε
2437 2753 2600 2820 οϊνῳ,
2635 2753 2704 2804 ἐν
2731 2744 2780 2816 ᾧ
2821 2750 2994 2805 ἐστιν
3031 2748 3294 2812 ἀσωτία;
3338 2748 3608 2812 Ἀσώτους
3639 2749 3754 2802 τῶν

2175 2845 2310 2899 νέων
2337 2843 2574 2908 ἐκείνους
2600 2841 2894 2913 καλοῦμεν,
2912 2841 3038 2904 τοὺς
3063 2839 3318 2911 πατρῷον
3335 2840 3756 2910 διαδεξαμένους

2175 2935 2377 3007 κλῆρον
2401 2975 2417 3002 ,
2464 2934 2560 2988 καὶ
2609 2932 2787 2987 πάντα
2835 2930 3034 3001 ἀθρόον
3091 2929 3497 3008 ἐκφοροῦντας,
3539 2931 3635 2983 καὶ
3674 2929 3755 3000 μὴ

2128 3043 2144 3060 ο
2173 3025 2573 3096 λογιζομένους,
2615 3022 2720 3075 τίνι
2745 3021 2849 3091 χρὴ
2883 3018 3088 3082 δοῦναι,
3129 3019 3226 3073 καὶ
3249 3018 3380 3072 πότε
3401 3018 3607 3084 δοῦναι,
3633 3018 3755 3072 ἀλλ’

2173 3117 2380 3181 ἁπλῶς,
2424 3115 2517 3168 καὶ
2559 3114 2770 3184 ἱμάτια,
2817 3109 2911 3163 καὶ⁵
2938 3109 3182 3181 χρυσίον,
3219 3109 3314 3163 καὶ
3340 3110 3624 3182 ἀργύριον,
3656 3113 3757 3164 καὶ

2175 3208 2354 3261 πάντα
2380 3206 2470 3258 τὸν
2496 3201 2748 3274 πατρῷον
2777 3200 3005 3253 πλοῦτον
3028 3199 3383 3269 διανέμοντας
3430 3200 3510 3262 είς
3543 3199 3757 3270 πόρνας

2171 3299 2266 3352 καὶ
2312 3297 2562 3364 λάγνους.
2607 3290 2860 3346 Τοιοῦτόν
2887 3292 3035 3343 ἐστιν
3074 3292 3106 3361 ή
3140 3289 3522 3362 μέθησῶσπερ
3540 3290 3756 3344 ἄσωτον

2169 3385 2405 3439 λαϐοῦσα
2437 3384 2555 3436 νέον
2581 3381 2678 3452 τὴν
2703 3381 2942 3434 διάνοιαν
2973 3375 3125 3449 [459]
3154 3376 3261 3431 τῶν
3285 3377 3616 3448 μεθυόντων,
3654 3381 3756 3430 καὶ

2173 3475 2617 3546 αἰχμαλωτίσασα
2641 3472 2730 3524 τὸν
2764 3468 3045 3539 λογισμὸν,
3081 3467 3299 3521 ἅπασαν
3339 3466 3497 3540 ἡμῶν
3537 3467 3638 3539 τὴν
3662 3469 3758 3521 οὑ-

2174 3565 2294 3618 σίαν
2337 3565 2448 3619 τῶν
2480 3563 2765 3633 νοημάτων
2795 3559 3221 3630 ἀπερισκέπτως
3253 3559 3349 3612 καὶ
3384 3560 3554 3629 χωρίς
3603 3576 3757 3622 τινος

2172 3656 2454 3728 ἀκριϐείας
2480 3655 2688 3724 ἐκχέειν
2726 3650 3153 3720 καταναγκάζει.
3193 3651 3251 3703 '0
3278 3648 3493 3721 μεθύων
3515 3649 3619 3702 οὐκ
3643 3647 3755 3703 οἶδε

2169 3749 2222 3800 τί
2256 3749 2353 3818 μὲν
2384 3748 2556 3800 εἰπεῖν
2603 3744 2728 3816 χρὴ,
2769 3745 2822 3796 τί
2874 3742 2933 3796 δὲ
2979 3743 3228 3812 σιγῆσαι,
3289 3742 3406 3798 ἀλλ’
3463 3742 3753 3814 ἀθύρωτον

2173 3838 2336 3893 αὐτοῦ
2371 3839 2431 3891 τὸ
2468 3837 2640 3907 στόμα
2686 3836 2989 3905 διηνεκῶς·
3048 3836 3244 3907 μοχλὸς
3302 3835 3404 3887 οῦκ
3453 3833 3757 3902 ἐπίκειται,

2174 3931 2294 3998 οὐδὲ
2324 3929 2464 4000 θύρα
2505 3931 2616 3990 τοίς
2644 3927 2875 3998 χείλεσιν
2898 3944 2910 3958 ο
2942 3928 2971 3980 6
3001 3927 3214 3997 μεθύων
3247 3925 3349 3978 οὐκ
3374 3921 3512 3978 οἶδεν
3544 3926 3761 3977 οίκονο⁴

2177 4022 2347 4092 μῆσαι
2368 4023 2490 4082 τοὺς
2517 4019 2708 4087 λόγους
2724 4018 2884 4072 αὑτοῦ
2910 4020 2968 4073 ἐν
2993 4017 3193 4090 κρίσει,
3222 4016 3322 4070 οὐκ
3347 4011 3455 4069 οἶδε
3487 4015 3759 4069 διαθεῖναι

2174 4113 2264 4166 τὸν
2285 4111 2512 4165 πλοῦτον
2533 4111 2632 4181 τῆς
2654 4110 2912 4175 διανοίας,
2947 4111 3048 4163 οὐκ
3067 4105 3175 4162 οἶδε
3201 4108 3270 4161 τὰ
3300 4108 3398 4178 μὲν
3425 4107 3759 4172 ἀποθέσθαι,

2174 4204 2243 4257 τά
2292 4203 2349 4256 δὲ
2400 4201 2696 4265 ἀναλῶσαι,
2745 4201 2882 4256 ἀλλά
2935 4201 3112 4255 πάντα
3163 4201 3348 4253 ἐκεῖνα
3408 4199 3627 4269 δαπάνη
3662 4203 3762 4252 καὶ

2176 4296 2374 4362 ἔξοδος.
2416 4294 2694 4356 Ἑκούσιος
2725 4293 2890 4363 μανία
2939 4291 3100 4362 μέθη,
3140 4289 3396 4360 προδοσία
3423 4289 3708 4360 λογισμῶν
3744 4308 3760 4320 ο

2180 4385 2317 4457 μέθη
2357 4381 2612 4453 συμφορά
2639 4381 3064 4451 καταγελωμένη
3086 4379 3138 4444 δ,
3171 4379 3382 4448 νόσημα
3419 4377 3764 4449 χλευαζόμε-

2175 4494 2285 4537 νον,
2337 4474 2544 4544 δαίμων
2593 4470 2937 4544 αὐθαίρετος,
2983 4472 3079 4525 καὶ
3126 4468 3559 4541 παραφροσύνης
3591 4470 3764 4540 χαλε-

2177 4565 2416 4637 πωτέρα.

2248 4657 2313 4729 β’.
2334 4656 2520 4710 Βούλει
2537 4655 2728 4727 μαθεῖν
2752 4656 2870 4719 πῶς
2885 4657 2914 4708 6
2935 4654 3144 4726 μεθύων
3162 4654 3258 4707 καὶ
3276 4653 3370 4706 τοῦ
3391 4653 3771 4724 δαιμονῶντός

2175 4754 2289 4806 ἐστι
2315 4749 2509 4823 χείρων
2527 4767 2542 4816 ;
2563 4750 2666 4804 Τὸν
2693 4747 3030 4818 δαιμονῶντα
3047 4747 3246 4810 πάντες
3259 4743 3538 4814 ἐλεοῦμεν,
3565 4745 3772 4800 τοῦτον

2174 4843 2231 4896 δὲ
2261 4840 2524 4913 μισοῦμεν
2544 4857 2557 4871 ·
2593 4841 2787 4909 ἐκείνῳ
2819 4836 3212 4908 συναλγοῦμεν,
3247 4836 3420 4905 τούτῳ
3448 4837 3507 4890 δὲ
3540 4838 3770 4908 ὀργιζὸ-

2181 4933 2319 5005 μεθα
2348 4933 2441 4986 καὶ
2482 4930 2915 4999 ἀγανακτοῦμεν.
2952 4930 3018 4982 Τί
3059 4930 3291 4998 δήποτε;
3332 4929 3560 4998 Ἐκείνῳ
3600 4941 3624 4968 ο
3659 4929 3775 4999 μὲν

2178 5026 2430 5094 ἐπήρεια,
2493 5022 2666 5093 τούτῳ
2721 5021 2777 5074 δὲ
2833 5020 3076 5090 ῥᾳθυμία
3107 5021 3170 5072 τὸ
3201 5019 3389 5082 πάθος·
3415 5020 3611 5089 ἐκείνῳ
3637 5021 3776 5073 ἐπι-

2177 5114 2340 5184 ϐουλὴ
2407 5112 2635 5183 ἐχθρῶν,
2678 5110 2851 5180 τούτῳ
2889 5109 2945 5162 δὲ
2992 5109 3253 5180 ἐπιϐουλὴ
3296 5109 3612 5179 λογισμῶν·
3665 5117 3776 5166 καὶ

2177 5207 2400 5261 τοιαῦτα
2420 5204 2620 5276 πάσχει
2685 5200 2704 5240 ί
2759 5201 2838 5272 τῷ
2865 5200 3192 5270 δαιμονῶντι
3228 5202 3257 5253 6
3286 5199 3528 5270 μεθύων,
3553 5202 3775 5273 ὁμοίως

2179 5299 2554 5372 περιφέρεται,
2609 5295 2808 5366 ὁμοίως
2850 5292 3374 5363 ἐξέστηκεν,ὁμοίως
3390 5293 3774 5360 καταπίπτει,

2178 5390 2377 5461 ὁμοίως
2405 5386 2718 5456 διαστρέφει
2744 5386 2840 5448 τὰς
2867 5384 3054 5454 κόρας,
3085 5384 3286 5452 ὁμοίως
3319 5383 3541 5453 σπαίρει
3563 5386 3775 5455 κείμε-

2180 5497 2268 5544 νος
2297 5479 2387 5532 ἐπὶ
2409 5477 2504 5546 τῆς
2540 5476 2642 5546 γῆς
2670 5477 2694 5513 Β
2713 5491 2724 5503 ·
2760 5473 2936 5543 ἀφρὸν
2965 5474 3028 5525 ἐκ
3054 5471 3149 5524 τοῦ
3183 5474 3449 5542 στόματος
3475 5473 3772 5542 προΐεται,

2245 5620 2270 5658 τι
2299 5621 2416 5681 RPg.
2443 5618 2474 5664 2
2506 5618 2626 5681 φορὰ
2645 5614 3127 5681 καταγτίΑιὶἱρῐῐιηθβ
3150 5618 3367 5679 συμφορά
3391 5634 3561 5678 καταγ.

2247 5695 2270 5720 ε
2294 5677 2492 5731 ίῖοἰῖιιὶη.
2517 5677 2778 5736 τί’δήποτε;
2804 5677 2994 5731 Ἐπειδὴ
3017 5677 3195 5738 ἐκείνῳ.

2250 5739 2267 5777 τ
2299 5742 2448 5792 Savil.
2473 5744 2520 5790 in
2547 5754 2696 5801 marg.
2719 5739 2779 5785 τὰ
2802 5739 2923 5786 αὐτὰ
2949 5739 3140 5798 πάσχει.

2129 5852 2133 5857 .
2247 5805 2270 5843 ⁸
2291 5803 2489 5855 Coislin.
2520 5803 2591 5851 ἐπ’
2613 5801 2807 5863 ἐδάφους
2821 5839 2834 5853 ,
