3908 6300
174 449 269 505 £53

1083 449 1172 505 DE
1211 446 1800 506 RESUBRECTIONE
1842 447 1903 501 D.
1947 446 2013 505 Ν.
2053 447 2213 506 JESU
2260 448 2556 504 CHRISTI.

3305 456 3413 508 456

1150 833 1463 929 ADVE
1489 835 1767 927 RSUS
1843 834 2433 930 EBRIOSOS

313 1065 393 1112 ET
429 1066 510 1110 ne
549 1064 1088 1122 nesunauc'rroua,
1140 1065 1352 1110 SERMO
1396 1067 1666 1112 HABITUS
1719 1067 1786 1113 IN
1840 1069 2070 1113 suam
2118 1070 2194 1114 ET
2235 1068 2449 1116 MAGNA
2493 1036 2796 1116 nouimus
2844 1054 3252 1134 pascuum).

210 1369 262 1422 Ι.
302 1367 418 1422 Veri
432 1369 613 1438 iejunii
631 1367 1052 1441 ratio.—Jejunii
1077 1370 1340 1426 sarcinam
1364 1370 1727 1441 deposuimus,

135 1459 232 1514 sed
266 1475 334 1514 ne
377 1459 610 1514 fructum
651 1459 840 1530 jejunii
877 1460 1208 1530 deponamus
1237 1477 1251 1514 :
1281 1475 1564 1531 possumus
1586 1462 1728 1518 enim

131 1551 322 1622 jejunii
348 1553 613 1609 sarcinam
644 1553 913 1622 deponere
941 1563 994 1606 et
1037 1552 1227 1622 jejunii
1278 1551 1505 1608 fructum
1542 1553 1731 1609 decer-

133 1659 283 1714 pere.
314 1642 759 1698 PraeteriitJabor
778 1643 1148 1710 certaminum,
1183 1643 1276 1698 sed
1317 1659 1421 1698 non
1451 1653 1733 1713 praatereat

132 1734 373 1790 Studium
405 1743 552 1790 recte
592 1733 853 1790 factorum
887 1754 900 1789 :
928 1735 1188 1805 jejunium
1231 1736 1382 1801 abiit,
1413 1736 1506 1791 sed
1548 1736 1733 1806 religio

133 1835 354 1880 maneat
383 1843 397 1879 :
430 1826 539 1881 into
567 1840 696 1881 vero
721 1841 786 1880 ne
801 1825 1064 1896 jejunium
1088 1825 1302 1896 quidem
1329 1826 1478 1882 abiit.
1509 1826 1733 1881 Verum-

133 1934 320 1976 tamen
347 1921 512 1976 nolite
540 1923 730 1976 timere
757 1937 770 1974 :
811 1920 913 1976 hoc
937 1922 1082 1976 enim
1109 1920 1238 1987 dixi,
1284 1935 1387 1976 non
1419 1931 1476 1975 ut
1511 1921 1731 1976 alteram

135 2012 293 2067 vobis
343 2011 816 2081 Quadragesimam
868 2010 1298 2082 promulgarem,
1345 2011 1440 2066 sed
1482 2019 1539 2066 ut
1581 2010 1734 2066 vobis

132 2106 387 2161 eamdem
430 2105 677 2158 virtutem
712 2103 1083 2158 annuntiarem
1132 2121 1146 2157 :
1178 2103 1437 2173 jejunium
1478 2103 1736 2174 praeteriit

135 2194 444 2265 corporale,
477 2193 572 2249 sed
595 2193 855 2263 jejunium
884 2209 992 2248 non
1019 2195 1278 2264 praeteriit
1305 2193 1578 2262 Spirituale
1598 2211 1610 2247 :
1634 2195 1737 2249 hoc

136 2287 332 2340 melius
359 2295 442 2340 est
484 2286 594 2350 illo,
618 2294 671 2340 et
722 2285 850 2340 illud
896 2294 1112 2355 prOpter
1153 2285 1255 2340 hoc
1288 2295 1370 2340 est
1411 2285 1732 2343 institutum.

135 2376 621 2445 Quemadmodum,
649 2391 772 2431 cum
813 2377 1146 2447 jejunaretis,
1171 2377 1413 2433 dicebam
1443 2377 1594 2431 vobis
1620 2377 1735 2430 ﬁeri

137 2484 320 2535 posse,
352 2478 412 2522 ut
439 2469 556 2540 quis
580 2468 872 2538 jejuuando
890 2484 992 2523 non
1016 2468 1244 2538 jejunet,
1274 2469 1344 2524 ita
1367 2478 1421 2523 et
1447 2483 1586 2523 nunc
1613 2469 1736 2524 dico

137 2560 254 2613 ﬁeri
286 2574 466 2630 posse,
501 2568 558 2614 ut
587 2561 705 2630 quis
751 2573 857 2614 non
893 2559 1183 2629 jejunando
1231 2560 1448 2628 ieiunet.
1485 2559 1735 2628 jEnigma

136 2650 369 2704 fort-isse
392 2650 598 2704 videtur
630 2650 679 2704 id
707 2650 848 2720 quod
877 2650 1078 2705 dictum
1105 2661 1208 2718 est,
1240 2664 1422 2705 verum
1460 2665 1560 2720 ego
1587 2666 1737 2719 qum-

136 2740 304 2795 stioni
347 2741 668 2797 solutionem
704 2741 990 2812 adjungam
1029 2746 1162 2812 :qui
1202 2741 1317 2797 ﬁeri
1346 2749 1595 2811 potestut
1617 2741 1737 2810 quis

129 2830 433 2902 jejunando
463 2848 568 2886 non
589 2831 794 2902 jejunet
816 2832 840 2886 Υ
861 2833 994 2888 Cum
1024 2833 1143 2902 quis
1164 2847 1192 2886 a
1210 2833 1346 2888 cibis
1366 2832 1578 2902 quidem
1611 2833 1736 2887 abs-

133 2924 292 2988 tinet,
322 2939 430 2978 non
467 2923 699 2978 abstinet
734 2932 913 2978 autem
934 2939 962 2976 a
990 2928 1241 2993 peccatis.
1269 2923 1366 2992 Qui
1398 2933 1572 2994 potest
1597 2923 1735 2990 ﬁeri,

139 3025 197 3068 ut
238 3029 348 3069 non
386 3014 681 3084 jejunando
717 3016 836 3085 quis
866 3015 1110 3085 jejunet?
1147 3015 1280 3070 Cum
1325 3017 1445 3087 quis
1473 3017 1739 3072 alimentis

136 3107 362 3177 quidem
392 3107 604 3172 fruitur,
631 3117 906 3178 peccatum
936 3123 1062 3163 vero
1092 3123 1198 3163 non
1241 3117 1450 3178 gustat;
1493 3109 1593 3163 hoc
1621 3122 1737 3162 me-

138 3199 246 3254 lius
272 3209 356 3254 est
381 3200 475 3254 illo
495 3199 777 3270 jejunium,
803 3215 976 3270 neque
1001 3200 1191 3256 melius
1211 3207 1438 3268 tantum,
1461 3199 1555 3256 sed
1578 3200 1738 3256 etiam

141 3289 314 3345 levius
341 3309 357 3345 :
390 3290 531 3344 illius
557 3290 741 3359 jejunii
782 3301 1022 3360 tempore
1049 3291 1201 3346 multi
1226 3292 1470 3361 corporis
1499 3290 1739 3346 imbecil-

140 3382 348 3437 litatem
407 3381 811 3448 obtendebant,
857 3383 1144 3438 molestum
1202 3383 1508 3453 pruritum:
1553 3381 1742 3438 Scabie

142 3475 380 3544 repletus
405 3489 546 3541 sum,
570 3473 755 3545 inquit,
784 3474 1020 3528 illuviem
1053 3490 1156 3529 non
1198 3475 1311 3529 fero
1341 3491 1355 3527 :
1400 3489 1550 3544 aqua:
1588 3483 1741 3544 potus

144 3583 230 3622 me
259 3574 451 3622 enecat
476 3585 490 3621 :
519 3567 662 3622 olera
689 3567 970 3638 degustare
1009 3583 1113 3623 non
1145 3583 1382 3638 possum.
1409 3567 1570 3622 Multa
1600 3566 1743 3638 ejus-

143 3658 292 3712 modi
320 3659 410 3728 qui
455 3667 566 3712 tum
592 3659 833 3714 dicerent
857 3659 1135 3714 audiebam
1164 3661 1360 3714 multos
1395 3678 1407 3713 :
1440 3659 1505 3716 de
1537 3659 1636 3713 hoc
1659 3660 1741 3728 je-

143 3750 299 3819 junio
328 3753 344 3783 ⁸
377 3751 510 3805 nihil
539 3752 640 3806 tale
669 3751 773 3807 dici
818 3762 1012 3823 potest.
1053 3753 1256 3808 Fruere
1292 3753 1517 3820 balneis,
1543 3768 1742 3809 mensa)

149 3845 414 3916 particeps
445 3853 582 3909 esto,
611 3845 717 3899 vini
748 3857 898 3901 utere
942 3856 1070 3916 potu
1111 3846 1420 3911 moderato;
1469 3847 1595 3902 licet
1644 3847 1742 3902 de-

142 3945 366 4005 gustare
396 3950 592 3991 carnes
616 3937 835 4007 pariter,
866 3948 944 3992 est
975 3938 1066 4006 qui
1092 3937 1369 4007 prohibeat
1395 3953 1551 3993 nemo
1582 3956 1595 3993 :
1625 3953 1744 3992 om-

148 4027 311 4083 nibus
339 4027 538 4094 fruere,
564 4037 767 4083 tantum
793 4028 1002 4083 abstine
1031 4044 1059 4082 a
1093 4037 1326 4098 peccato.
1359 4028 1522 4085 Vides
1547 4037 1604 4084 ut
1628 4043 1746 4084 om-

146 4118 311 4173 nibus
330 4117 488 4174 facile
512 4119 582 4173 sit
611 4117 1021 4189 hocjcjttnium?
1049 4118 1164 4174 Non
1189 4119 1430 4190 corporis
1465 4119 1744 4175 imbecilli-

144 4219 314 4267 tatem
337 4212 463 4268 licet
478 4212 772 4267 obtendere
797 4230 809 4266 :
837 4229 1040 4267 merum
1063 4223 1143 4268 est
1155 4212 1347 4267 anima:
1363 4208 1509 4268 recte
1526 4213 1741 4269 factum.

151 4303 338 4359 Potest
360 4305 522 4359 etiam
544 4304 806 4374 quispiam
834 4319 939 4358 non
960 4303 1189 4359 bibendo
1205 4304 1384 4358 vinum
1407 4304 1585 4358 ebrius
1602 4318 1743 4372 esse,

149 4409 204 4452 et
231 4398 417 4452 vinum
445 4397 676 4453 bibendo
699 4398 910 4453 sobrius
934 4412 1074 4451 esse.
1098 4399 1272 4467 Atque
1291 4396 1600 4452 ebrietatem
1623 4411 1746 4452 esse

154 4491 358 4560 absque
388 4491 513 4542 vino
541 4489 688 4544 disce
733 4504 798 4544 ex
831 4488 1090 4558 propheta
1118 4488 1350 4554 dicente,
1389 4486 1479 4542 Va:
1515 4489 1600 4558 qui
1625 4488 1747 4541 ebrii

155 4586 272 4638 estis
299 4584 483 4654 absque
511 4584 624 4637 vino
651 4582 802 4654 (lsai.
825 4583 912 4638 28.
948 4581 1088 4653 l),et
1117 4584 1386 4653 quomodo
1415 4583 1529 4638 ﬁeri
1573 4589 1749 4652 potest

155 4685 217 4728 ut
240 4676 442 4744 absque
473 4675 597 4730 vino
623 4675 743 4744 quis
773 4674 1098 4729 inebrietur?
1124 4674 1255 4760 Qum
1294 4674 1746 4743 perturbationum

153 4779 362 4819 merum
395 4765 644 4835 religiosa
675 4765 901 4830 ratione,
926 4765 1008 4834 pia
1039 4763 1356 4841 cogitatione
1376 4764 1596 4821 minimc
1615 4773 1751 4818 tem-

155 4855 390 4925 peraris.
421 4854 608 4909 Potest
634 4863 690 4910 et
730 4855 921 4926 aliquis
966 4843 1197 4910 bibendo
1227 4854 1406 4908 vinum
1432 4855 1614 4909 ebrius
1644 4869 1748 4908 non

151 4961 278 5003 esse
309 4966 322 5002 :
354 4962 419 5002 ac
444 4947 498 5002 ni
527 4947 597 5001 ita
627 4956 788 5010 esset,
832 4961 936 5001 non
973 4946 1076 5002 hoc
1106 4946 1388 5000 Timotheo
1427 4947 1618 5002 Pmtlus
1646 4947 1748 5000 im-

152 5048 422 5108 perasset,
449 5037 518 5093 ad
544 5053 666 5093 eum
695 5037 936 5094 scribens
964 5037 1015 5093 in
1043 5037 1157 5093 haec
1185 5037 1344 5093 verba
1368 5054 1384 5093 :
1410 5037 1613 5092 Modico
1639 5040 1751 5093 vino

150 5143 299 5185 utere
325 5142 532 5202 propter
552 5131 868 5185 stomachum
898 5138 1038 5182 tuum
1065 5139 1112 5183 et
1155 5133 1433 5200 frequentes
1460 5137 1572 5184 tuas
1599 5128 1750 5197 inﬁr-

152 5224 359 5277 mitates
378 5224 456 5295 (1.
490 5222 620 5277 Tim.
655 5223 708 5279 5.
730 5221 844 5292 23).
867 5221 1008 5276 Nihil
1031 5221 1223 5293 quippe
1238 5221 1379 5276 aliud
1399 5231 1481 5277 est
1497 5222 1749 5288 ebrietas,

153 5330 320 5385 quam
352 5316 518 5370 animi
545 5315 611 5370 de
637 5315 812 5370 nativa
839 5315 1065 5369 sanitate
1091 5314 1417 5378 deturbatio,
1442 5313 1753 5385 depravatio

155 5409 655 5473 ratiocinationum,
683 5409 880 5463 mentis
903 5406 1143 5477 penuria,
1171 5409 1406 5462 vacuitas
1427 5406 1748 5462 intellectus.

154 5499 272 5554 Ista
300 5515 424 5554 vero
450 5515 559 5553 non
588 5499 820 5554 ebrietas
847 5497 1012 5553 efﬁcit
1040 5507 1241 5551 tantum
1281 5513 1348 5552 ex
1376 5498 1519 5563 vino,
1566 5513 1751 5553 verum

149 5590 396 5646 ebrietas
438 5591 600 5645 etiam
630 5605 695 5642 ex
736 5589 811 5643 ira
849 5598 902 5643 et
941 5588 1228 5657 cupiditate
1265 5603 1293 5642 a
1327 5589 1530 5644 ratione
1558 5588 1750 5644 aliena.

240 5791 258 5856 ξ
291 5798 399 5856 Reg.
419 5793 472 5856 2.
501 5798 556 5842 et
575 5792 764 5843 Coisliu.
792 5792 986 5852 addunt,
1002 5791 1267 5856 spirituali.

240 5851 308 5914 (α)
336 5851 516 5907 (foliata
560 5868 674 5906 cum
715 5862 797 5904 Ms.
841 5862 955 5918 Reg.
989 5851 1147 5918 242i,
1188 5857 1272 5905 ubi
1313 5855 1568 5907 admodum
1610 5869 1756 5920 pauca

1840 1373 1973 1429 Nam
1994 1374 2442 1444 quemadmodum
2465 1372 2665 1430 febrem
2693 1377 2915 1447 gignunt
2941 1379 3152 1449 vigilim,
3179 1382 3344 1452 gignit
3369 1393 3417 1438 ct

1840 1465 2094 1535 fatigatio,
2125 1465 2292 1536 gignit
2309 1466 2538 1533 tristitia,
2562 1467 2728 1537 gignit
2746 1482 2956 1537 quoque
2975 1470 3187 1524 vitiatus
3207 1471 3419 1538 humor,

1841 1564 1894 1609 et
1918 1555 2132 1611 diversa
2161 1549 2374 1626 quidem
2398 1565 2481 1611 est
2508 1571 2688 1621 causa,
2721 1572 2824 1611 una
2847 1572 2973 1612 vero
2991 1560 3171 1628 passio
3193 1568 3248 1614 et
3265 1561 3421 1629 aegri-

1841 1647 1969 1703 tudo
2000 1662 2013 1701 :
2044 1648 2122 1704 sic
2147 1658 2204 1704 et
2235 1649 2286 1703 in
2317 1649 2432 1704 istis
2463 1649 2776 1706 ebrietatem
2806 1647 2944 1719 parit
2979 1651 3190 1720 quidem
3219 1651 3421 1714 vinum,

1841 1739 1978 1808 parit
2011 1748 2066 1795 et
2091 1739 2374 1809 cupiditas,
2412 1741 2549 1810 parit
2589 1751 2644 1794 et
2673 1739 2868 1795 humor
2895 1749 3217 1810 corruptus;
3257 1750 3312 1797 et
3338 1741 3423 1795 di-

1843 1845 1992 1886 versa
2023 1830 2236 1901 quidem
2278 1841 2361 1886 est
2403 1831 2644 1894 materia,
2683 1847 2784 1886 una
2826 1847 2954 1888 vero
2988 1833 3164 1902 passio
3191 1841 3248 1888 et
3270 1834 3424 1901 aegri-

1843 1920 1989 1974 tudo.
2017 1919 2391 1976 Abstincamus
2417 1919 2488 1975 ab
2511 1920 2768 1978 ebrietate
2800 1939 2814 1975 :
2858 1936 2965 1976 non
2995 1923 3133 1985 dico,
3162 1922 3425 1977 abstinea-

1843 2026 1961 2066 mus
1985 2025 2014 2065 a
2051 2011 2209 2078 vino,
2247 2012 2364 2078 sed,
2407 2011 2474 2067 ab
2515 2011 2773 2068 ebrietate
2799 2011 3180 2075 abstineamus,
3211 2027 3316 2067 non
3346 2013 3424 2065 vi-

1842 2119 1970 2157 num
1998 2100 2160 2157 efﬁcit
2187 2101 2501 2158 ebrietatem
2531 2119 2543 2154 :
2574 2110 2657 2158 est
2697 2103 2840 2157 enim
2883 2103 2974 2158 Dei
3013 2112 3288 2167 creatura;
3333 2104 3423 2156 Dei

1843 2206 2004 2262 porro
2022 2200 2264 2247 creatura
2281 2192 2413 2247 nihil
2433 2191 2597 2248 efﬁcit
2620 2188 2745 2248 mali
2769 2209 2784 2247 :
2805 2192 2899 2248 sed
2929 2194 3169 2249 voluntas
3198 2194 3425 2262 maligna

1841 2283 2005 2337 efﬁcit
2036 2283 2370 2338 ebrietatem.
2400 2285 2574 2354 Atque
2616 2290 2674 2338 ut
2711 2283 2851 2338 scias
2887 2283 3040 2338 aliter
3077 2282 3239 2337 etiam
3271 2300 3426 2354 passi:

1842 2376 2144 2446 quempiam
2173 2375 2378 2432 ebrium
2407 2375 2519 2430 ﬁeri
2545 2391 2650 2430 non
2676 2376 2792 2430 solo
2821 2376 2962 2441 vino,
2992 2374 3115 2430 audi
3141 2375 3265 2445 quid
3285 2375 3426 2430 dicat

1844 2471 2040 2526 Paulus
2072 2487 2085 2524 :
2122 2469 2297 2524 Nolite
2323 2469 2561 2524 inebriari
2592 2471 2707 2524 uino
2729 2468 2941 2540 (Ep/res.
2965 2469 3019 2524 5.
3053 2468 3166 2539 18),
3191 2467 3427 2522 indicans

1843 2563 1997 2618 aliter
2039 2561 2200 2618 etiam
2241 2561 2420 2618 ebrios
2457 2576 2578 2616 esse
2623 2576 2719 2616 nos
2765 2575 2939 2631 posse.
2978 2559 3154 2613 Nolite
3190 2558 3427 2612 inebriari

1844 2657 1980 2720 vino,
2027 2654 2080 2707 in
2124 2667 2223 2720 quo
2261 2660 2332 2708 est
2373 2652 2579 2707 luxuria
2624 2667 2642 2706 .'
2694 2651 2922 2706 mirabili
2967 2647 3192 2719 quadam
3223 2650 3428 2703 ratione

1844 2743 2026 2814 paucis
2069 2743 2246 2798 verbis
2290 2757 2503 2798 omnem
2539 2741 2810 2798 ebrietatis
2847 2739 3238 2794 accusationem
3281 2752 3427 2793 com-

1847 2838 2033 2907 plexus
2057 2845 2157 2891 est.
2185 2834 2323 2903 Quid
2362 2842 2464 2900 est,
2499 2833 2673 2888 Nolite
2700 2831 2937 2886 inebriari
2974 2831 3110 2895 vino,
3148 2830 3202 2884 in
3229 2844 3328 2898 quo
3357 2840 3428 2882 est

1843 2929 2090 2984 luxuria?
2114 2927 2440 2984 Luxuriosos
2482 2928 2619 2981 inter
2655 2925 2878 2995 juvenes
2917 2938 3012 2979 eos
3041 2935 3310 2988 vocamus,
3338 2922 3428 2990 qui

1844 3037 1966 3077 cum
1998 3030 2268 3091 paternam
2308 3029 2631 3090 acceperunt
2675 3018 3050 3083 hereditatem,
3080 3024 3268 3072 cuncta
3297 3029 3423 3070 conv

1847 3114 2021 3170 festim
2047 3112 2356 3183 dilapidant,
2387 3127 2486 3168 nec
2525 3109 2853 3182 perpendunt
2882 3110 2970 3164 cui
2997 3107 3226 3163 dandum
3259 3108 3346 3170 sit,
3374 3115 3430 3160 et

1845 3207 2058 3279 quando
2086 3207 2154 3262 sit
2177 3205 2431 3271 dandum,
2459 3204 2551 3260 sed
2574 3203 2718 3258 nullo
2754 3201 2964 3257 delecm
2989 3209 3040 3257 et
3062 3209 3234 3255 vestes
3255 3207 3310 3253 et
3329 3211 3427 3252 au-

1847 3316 1965 3356 rum
1988 3310 2042 3355 et
2061 3306 2337 3367 argentum
2363 3310 2654 3366 omnesque
2675 3303 2922 3364 paternas
2950 3305 3080 3362 opes
3105 3291 3156 3346 in
3185 3287 3428 3344 meretri-

1845 3407 1936 3449 ces
1957 3399 2012 3448 et
2037 3390 2332 3461 impudicos
2357 3389 2700 3445 distribuunt.
2728 3385 2854 3442 Tale
2873 3385 3120 3456 quiddam
3150 3391 3234 3439 est
3253 3381 3429 3439 ebrie-

1848 3493 1928 3539 tas
1954 3501 1967 3537 :
1992 3492 2258 3551 tamquam
2271 3481 2528 3551 juvenem
2557 3479 2885 3535 luxuriosum
2915 3475 3169 3530 invadens
3199 3482 3428 3528 mentem

1852 3575 2141 3638 ebriorum,
2171 3574 2376 3628 ratione
2405 3570 2644 3627 servituti
2667 3569 2985 3639 mancipata,
3018 3577 3226 3621 nostras
3245 3580 3432 3620 omnes

1850 3664 2013 3720 animi
2037 3679 2317 3720 sensorum
2346 3677 2479 3733 opes
2509 3659 2895 3716 inconsiderate
2917 3674 2981 3713 ac
3005 3659 3118 3712 sine
3148 3657 3248 3711 ulla
3272 3655 3432 3710 animi

1850 3755 2142 3811 attentione
2167 3754 2308 3824 cogit
2330 3752 2623 3811 effundere.
2651 3751 2749 3818 Qui
2779 3749 2959 3804 ebrius
2978 3758 3078 3812 est,
3110 3749 3280 3803 nescit
3305 3745 3429 3816 quid

1850 3848 2133 3904 dicendum
2157 3848 2246 3913 sit,
2294 3846 2421 3918 quid
2463 3845 2777 3910 tacendum;
2826 3842 2918 3898 sed
2961 3854 3217 3913 perpetuo
3247 3850 3434 3910 patens

1853 3941 2100 4011 nullaque
2133 3939 2462 3994 obstructum
2489 3937 2648 4008 janua
2693 3945 2776 3990 est
2818 3950 2878 3989 os
2906 3934 3021 4003 ejus
3053 3951 3068 3987 :
3121 3947 3228 3986 non
3265 3929 3434 3985 chIis

1822 4063 1826 4067 -
1851 4034 2122 4103 appositus
2143 4041 2224 4088 est
2241 4031 2423 4096 labris,
2454 4046 2560 4084 non
2583 4029 2765 4100 janua.
2796 4027 2894 4094 Qui
2923 4026 3102 4081 ebrius
3126 4031 3229 4088 est,
3255 4021 3434 4090 dispo-

1852 4139 1982 4180 nere
2008 4136 2283 4180 sermones
2310 4136 2437 4176 suos
2467 4122 2519 4175 in
2542 4119 2744 4190 judicio
2773 4117 2962 4183 nescit,
3001 4115 3196 4170 mentis
3224 4111 3435 4167 divitias

1853 4216 2222 4272 administrare
2240 4214 2408 4268 nescit
2432 4231 2445 4267 :
2469 4227 2573 4266 non
2594 4209 2741 4265 novit
2759 4208 2873 4264 huic
2888 4206 3098 4277 quidem
3122 4203 3431 4264 recondere,

1855 4308 1945 4362 illa
1972 4322 2099 4362 vero
2125 4303 2446 4375 expendere,
2487 4302 2584 4362 sed
2625 4300 2807 4356 omnia
2845 4299 2933 4354 illa
2976 4297 3044 4353 ad
3073 4298 3342 4367 impensas
3381 4307 3434 4349 et

1854 4399 2139 4455 ell'usiones
2166 4396 2532 4452 traducuntur.
2556 4393 2892 4464 Spontaneus
2915 4399 2998 4446 est
3019 4389 3168 4444 furor
3185 4388 3429 4446 ebrietas,

1857 4491 2085 4562 proditio
2139 4488 2562 4558 cogitationum;
2602 4485 2836 4542 ebrietas
2879 4483 3102 4538 ridicula
3139 4480 3430 4543 calamitas,

1857 4582 2074 4636 morbus
2101 4579 2284 4636 sannis
2311 4579 2602 4648 expositus,
2631 4576 2960 4630 voluntarius
2988 4574 3218 4639 daemon,
3251 4579 3306 4626 et
3325 4571 3433 4640 ipsa

1857 4673 2134 4730 molestior
2155 4671 2379 4727 insania.

1929 4765 1985 4822 ἓ.
2011 4763 2283 4819 Ebrietalis
2327 4764 2590 4833 imago.--
2612 4760 2727 4814 Vin’
2783 4769 2835 4813 tu
2867 4759 3088 4820 discere,
3137 4769 3243 4825 quo
3283 4762 3436 4823 pacto

1858 4857 2188 4912 dzemoniaco
2206 4854 2385 4910 ebrius
2413 4855 2485 4908 sit
2507 4851 2776 4907 deterior?
2800 4849 3116 4904 Miseremur
3134 4846 3249 4916 ejus
3267 4846 3358 4915 qui
3407 4862 3434 4898 τι

1858 4947 2122 5002 dmmouio
2156 4953 2396 5012 vexatur,
2425 4952 2479 4998 at
2499 4942 2642 4999 hunc
2667 4941 2846 4996 odisse
2891 4940 3155 5003 solemus;
3185 4938 3261 4991 illi
3305 4951 3433 4990 cou-

1859 5041 2123 5106 dolemus,
2145 5039 2270 5095 huic
2295 5047 2473 5092 autem
2501 5036 2776 5092 irascimur
2813 5041 2870 5087 et
2895 5032 3248 5102 indignamur.
3300 5027 3434 5093 Quid

1861 5130 1932 5188 it'a
1964 5131 2076 5204 (b)?
2103 5131 2248 5186 Illius
2275 5131 2417 5186 enim
2439 5128 2655 5184 morbus
2683 5127 2895 5198 injuria,
2920 5124 3076 5195 hujus
3115 5139 3240 5178 vero
3269 5121 3435 5190 negli-

1860 5223 2037 5294 gentia
2061 5230 2141 5278 est
2165 5221 2549 5293 appellandus;
2578 5221 2630 5276 in
2653 5221 2743 5276 illo
2759 5219 2963 5275 insidia:
2990 5217 3339 5280 inimicorum,
3384 5215 3435 5266 in

1862 5316 1966 5372 hoc
1990 5315 2194 5371 insidia:
2213 5314 2589 5377 consiliorum;
2619 5328 2715 5367 nec
2740 5312 2894 5366 aliter
2920 5310 3138 5365 allectus
3158 5316 3238 5377 est
3255 5305 3435 5361 ebrius

1862 5424 1925 5464 ac
1951 5409 2309 5466 daemoniacus
2333 5424 2346 5464 :
2371 5409 2567 5477 pariter
2581 5405 2972 5474 circumagitur,
2997 5400 3190 5471 pariter
3209 5398 3275 5452 de
3299 5403 3439 5450 statu

1861 5503 2058 5558 mentis
2076 5501 2314 5572 dcjectus
2338 5511 2441 5566 est,
2483 5499 2682 5570 pariter
2727 5495 2978 5560 conicidit,
3010 5493 3207 5562 pariter
3256 5489 3436 5543 oculo-

1864 5611 1982 5650 rum
2021 5593 2250 5664 pupillas
2277 5599 2613 5662 contorquet,
2665 5589 2860 5659 pariter
2884 5586 3066 5656 jacens
3097 5583 3146 5636 in
3181 5592 3320 5636 terra
3347 5595 3439 5652 pc-

1864 5795 2153 5845 diserimina.
2174 5798 2294 5841 Item
2317 5802 2426 5840 cum
2450 5797 2566 5851 Reg.
2590 5786 2731 5851 20.917,
2758 5791 2809 5836 et
2825 5795 2935 5834 cum
2956 5779 3239 5833 Coisliniano
3257 5779 3362 5830 107.

1928 5855 2002 5919 (b)
2035 5857 2116 5906 Hic
2136 5853 2339 5905 multum
2361 5852 2511 5902 variat
2522 5848 2643 5912 iteg.
2662 5848 2712 5897 9.
