3908 6300
513 426 616 482 455

516 541 612 602 des
635 542 798 607 jactat
826 557 838 592 :
871 553 1110 609 Spumant
1138 556 1202 592 ex
1223 555 1315 594 ore
1344 537 1572 608 projicit,
1619 542 1672 590 et
1703 535 1770 588 ita
1818 531 2092 587 fauentem

513 631 735 684 salivam
757 629 998 695 effundit,
1027 639 1185 696 atque
1212 646 1273 684 os
1301 629 1416 698 ejus
1447 625 1764 682 intolerabili
1797 623 1984 678 fastore
2011 635 2096 673 re-

518 723 716 792 pletum
748 734 848 777 est.
909 721 1230 790 lnjucundus
1257 723 1443 774 amicis
1472 729 1554 774 est
1591 717 1670 770 vir
1710 713 1990 785 ejusmodi,
2018 711 2093 764 ri-

513 812 722 867 diculus
749 812 999 875 inimicis,
1031 811 1447 877 contemptibilis
1477 807 1710 872 famulis,
1744 806 1893 858 uxori
1923 803 2096 870 ingra-

509 914 620 968 tus,
653 903 902 957 omnibus
929 901 1166 967 odiosus,
1197 901 1324 969 ipsis
1347 899 1528 952 bestiis
1558 896 1832 950 molestior
1862 911 1874 946 :
1912 893 2093 945 bestia:

513 1010 750 1064 eousque
772 996 954 1048 bibunt
978 1009 1254 1064 quousque
1285 993 1382 1046 fert
1406 992 1543 1052 sitis,
1575 998 1627 1043 et
1655 987 1994 1057 cupiditatem
2020 983 2096 1036 si-

516 1095 664 1139 stunt
687 1083 1032 1138 necessitate:
1056 1083 1142 1136 hic
1160 1081 1563 1150 intemperantia
1586 1078 1927 1148 cupiditatem
1945 1086 2093 1126 tran-

511 1177 659 1241 silit,
689 1185 742 1230 et
760 1177 963 1230 ratione
992 1174 1296 1230 carentibus
1324 1188 1350 1224 a
1383 1173 1585 1225 ratione
1610 1169 1832 1223 alienior
1851 1176 2088 1236 apparet.

517 1265 711 1321 Verum
737 1266 864 1321 illud
885 1267 1050 1321 multo
1071 1263 1455 1319 intolerabilius
1481 1272 1582 1327 est,
1608 1260 1748 1331 quod
1773 1260 1990 1313 morbus
2017 1267 2096 1311 tot

516 1359 674 1412 malis
704 1357 1026 1421 redundans,
1047 1366 1228 1425 totque
1249 1369 1430 1409 secum
1460 1353 1716 1406 invehens
1741 1349 2090 1412 calamitates,

512 1465 580 1503 ne
607 1449 806 1502 crimen
824 1447 1034 1517 quidem
1052 1456 1318 1508 censetur;
1338 1445 1430 1500 sed
1455 1445 1506 1497 in
1536 1443 1758 1497 divitum
1776 1440 1976 1495 mensis
1995 1439 2095 1492 hu-

510 1540 596 1610 jus
640 1539 983 1609 turpitudinis
1011 1539 1177 1609 gratia
1210 1554 1381 1608 pugna
1406 1537 1574 1591 oritur
1594 1544 1754 1604 atque
1782 1543 2052 1588 certamen
2074 1571 2089 1595 ,

511 1639 670 1700 atque
692 1631 832 1685 inter
857 1645 916 1686 se
937 1630 1125 1699 majori
1152 1630 1328 1683 studio
1343 1627 1696 1689 contendunt,
1718 1625 1836 1694 quis
1859 1625 2092 1692 seipsum

511 1725 680 1793 magis
703 1724 941 1790 infamet,
975 1725 1094 1793 quis
1141 1722 1413 1792 majorem
1443 1718 1803 1775 subsanuandi
1841 1717 2093 1783 ,occasio-

516 1828 638 1867 nem
672 1813 929 1881 prmbeat,
977 1813 1096 1882 quis
1140 1825 1334 1867 nervos
1383 1811 1611 1879 amplius
1646 1807 1916 1876 infringat,
1973 1809 2092 1875 quis

508 1904 652 1958 vires
673 1906 691 1935 ⁸
717 1905 941 1973 amplius
967 1903 1227 1970 debilitet,
1273 1904 1390 1973 quis
1431 1916 1765 1956 communem
1810 1899 2090 1953 Dominum

514 1997 726 2065 gravius
755 1996 925 2050 irritet
955 2013 967 2048 :
993 2010 1056 2050 ac
1105 1997 1288 2050 videre
1319 2004 1400 2050 est
1430 1994 1658 2048 stadium
1713 2002 2092 2060 certamenque

512 2085 857 2140 diabolicum.
884 2085 1077 2140 Ebrius
1118 2085 1344 2139 mortuis
1373 2084 1621 2138 miserior
1648 2092 1729 2138 cst
1759 2100 1770 2135 :
1827 2080 2089 2150 siquidem

517 2177 608 2232 ille
633 2191 791 2231 sensu
819 2177 1103 2230 destitutus
1126 2177 1286 2246 jacet,
1319 2189 1492 2245 neque
1522 2174 1658 2228 bona
1682 2173 1789 2228 ulla
1820 2172 1906 2227 vel
1953 2173 2088 2225 mala

511 2276 687 2338 potest
707 2267 1044 2337 operari;-hic
1061 2283 1190 2322 vero
1212 2267 1277 2321 ad
1297 2268 1434 2321 mala
1452 2265 1789 2336 exsequenda
1813 2273 2089 2334 promptus

509 2360 859 2426 est,etanima
881 2359 934 2413 in
961 2373 1184 2429 corpore
1205 2368 1470 2428 tamquam
1489 2359 1540 2412 in
1559 2366 1903 2412 monumento
1921 2353 2090 2409 defos-

509 2456 868 2505 sa-mortuum
896 2463 1091 2519 corpus
1117 2448 1443 2504 circumfert.
1478 2448 1637 2503 Vides
1669 2457 1726 2502 ut
1751 2447 1997 2501 miserior
2022 2448 2090 2500 sit

503 2540 860 2609 dxmoniaco,
883 2551 942 2596 ut
968 2542 1136 2612 magis
1156 2557 1314 2611 quam
1337 2541 1534 2596 mortui
1569 2555 1732 2596 sensu
1762 2539 2043 2594 destitutus
2066 2539 2089 2591 ?

505 2633 628 2688 ‘Vin’
656 2644 711 2688 tu
739 2634 912 2689 dicam
939 2634 992 2688 id
1015 2633 1158 2703 quod
1182 2633 1263 2688 bis
1292 2634 1539 2688 omnibus
1566 2632 1737 2702 majus
1775 2641 1857 2686 est
1885 2641 1939 2685 et
1962 2646 2087 2700 gra-

508 2725 662 2779 vius?
691 2724 883 2780 Ebrius
911 2723 1073 2780 bomo
1115 2724 1168 2779 in
1217 2740 1438 2793 regnum
1466 2724 1724 2780 caelorum
1757 2723 1955 2776 intrare
1982 2737 2088 2775 non

504 2825 684 2889 potest
709 2835 722 2872 :
753 2818 873 2887 quis
899 2816 1016 2872 haec
1042 2817 1206 2872 dicit?
1227 2817 1441 2871 Paulus.
1480 2814 1657 2870 Nolite
1701 2829 1868 2868 errare
1889 2829 1908 2866 :
1935 2829 2090 2882 neque

506 2910 791 2976 fornicarii,
817 2924 974 2977 neque
994 2908 1142 2962 idolis
1163 2909 1443 2972 servientes,
1479 2923 1638 2977 neque
1665 2906 1903 2969 adulteri,
1929 2919 2090 2973 neque

509 3002 706 3066 molles,
739 3016 907 3070 neque
941 3001 1284 3054 masculorum
1335 3000 1697 3063 concubitores,
1747 3015 1906 3069 neque
1927 2998 2084 3067 fures,

509 3107 666 3162 neque
687 3092 845 3157 avari,
874 3107 1029 3161 neque
1050 3090 1250 3154 ebriosi,
1280 3106 1436 3160 neque
1463 3090 1715 3152 maledici,
1740 3105 1898 3158 neque
1937 3105 2087 3158 rapa-

509 3198 585 3236 ces
626 3198 835 3252 regnum
879 3180 976 3236 Dei
1016 3182 1338 3250 possidebunt
1376 3180 1396 3252 (
1417 3181 1466 3234 ί.
1502 3180 1616 3234 Cor.
1648 3181 1700 3234 6.
1727 3180 1782 3234 9.
1830 3178 1939 3250 10).
1973 3181 2088 3234 Att-

510 3274 629 3327 tlisti
678 3274 890 3344 qualem
923 3275 975 3328 in
1005 3274 1213 3327 turbam
1261 3273 1434 3341 ipsum
1467 3273 1792 3342 conjecerit?
1816 3272 1948 3327 Cum
1985 3273 2087 3326 im-

510 3366 746 3436 pudicis,
797 3381 917 3421 cum
959 3364 1379 3431 scortator-ibus,
1425 3380 1546 3418 cum
1600 3364 1914 3430 idololatris,
1963 3379 2084 3418 cum

509 3457 763 3512 adulteris
783 3473 947 3522 ,-cum
994 3458 1301 3522 maledicis,
1330 3473 1450 3512 cum
1481 3457 1675 3524 avaris,
1728 3473 1848 3512 cum
1876 3457 2084 3526 rapaci-

511 3551 626 3605 bus.
661 3549 798 3618 Quid
823 3551 1161 3620 ergo?dicet
1188 3550 1396 3620 aliquis,
1433 3549 1644 3605 idenmc
1687 3558 1771 3604 est
1812 3549 1993 3605 ebrius
2035 3559 2089 3606 et

511 3642 841 3712 impudicus?
863 3643 1002 3698 idem
1033 3643 1212 3698 ebrius
1242 3651 1297 3696 et
1322 3641 1635 3697 idololatra‘l
1661 3642 1777 3697 Noli
1806 3643 1935 3698 mibi
1975 3645 2090 3699 lucc

513 3733 770 3803 objicere,
800 3734 871 3788 mi
898 3734 1060 3788 homo
1091 3734 1279 3804 :‘leges
1304 3735 1510 3790 divinas
1532 3751 1631 3806 ego
1667 3736 1905 3799 recitavi,
1936 3751 1965 3790 a
2003 3751 2089 3792 me

512 3825 776 3879 rationem
797 3841 866 3881 ne
893 3824 1073 3894 exigas
1099 3842 1112 3878 :
1144 3825 1362 3879 Paulum
1393 3826 1680 3897 interroga,
1717 3837 1826 3880 tum
1868 3828 1979 3897 ipse
2005 3843 2090 3881 re-

510 3919 794 3988 spondebit
823 3935 836 3972 :
865 3934 992 3972 num
1018 3919 1159 3973 enim
1178 3933 1305 3974 cum
1327 3919 1454 3988 ipsis
1475 3927 1566 3974 aut
1606 3920 1830 3974 seorsim
1857 3920 1925 3982 ab
1960 3919 2089 3988 ipsis

514 4012 776 4081 supplicio
793 4011 1092 4077 addicatur,
1121 4027 1227 4066 non
1257 4026 1472 4081 possum
1494 4013 1673 4068 dicere
1709 4030 1722 4065 :
1775 4028 1935 4081 porro
1981 4027 2087 4066 non

513 4105 694 4157 minus
715 4117 874 4172 quam
903 4101 1255 4166 idololatram,
1281 4103 1427 4158 illum
1465 4120 1495 4157 a
1525 4118 1691 4173 regno
1733 4103 1986 4156 etelorum
2007 4117 2092 4156 ex-

513 4194 714 4258 cidere,
749 4193 801 4247 id
828 4207 957 4249 vero
995 4192 1191 4262 oppido
1240 4193 1588 4249 confirmabo.
1621 4191 1753 4247 Cum
1784 4194 1942 4262 igitur
1988 4189 2106 4246 hoc‘

513 4286 566 4339 in
608 4283 855 4338 confesso
896 4285 984 4350 sit,
1017 4285 1142 4354 quid
1171 4299 1201 4338 a
1230 4300 1316 4340 me
1337 4285 1590 4354 deinceps
1633 4285 1894 4339 rationem
1929 4297 2087 4352 repo-

517 4376 622 4430 scis
644 4376 710 4430 de
737 4377 936 4444 peccati
960 4376 1234 4431 mensura?
1258 4377 1388 4432 Cum
1411 4377 1554 4432 enim
1576 4386 1730 4432 extra
1746 4375 1890 4430 fores
1919 4389 2094 4428 rema-

514 4476 656 4532 neat,
680 4481 800 4521 cum
830 4483 860 4522 a
890 4482 1052 4538 regno
1089 4467 1319 4534 excidat,
1366 4484 1486 4523 eum
1524 4482 1716 4539 expers
1755 4467 1845 4520 fiat
1882 4465 2086 4530 salutis,

513 4572 634 4611 cum
665 4557 730 4611 ad
756 4559 1067 4628 supplicium
1090 4560 1406 4614 amandetur
1421 4569 1704 4623 aeternum,
1729 4557 1854 4624 quid
1881 4567 1934 4610 tu
1962 4555 2092 4609 mihi

517 4660 849 4718 peccatorum
875 4667 1151 4707 mensuras
1179 4659 1234 4706 et
1259 4651 1498 4706 bilauces
1513 4659 1570 4705 et
1592 4647 2042 4718 trutinasprofers
2066 4647 2093 4702 '2

513 4739 731 4810 Indigna
762 4756 978 4811 prorsus
1001 4759 1086 4798 res
1112 4752 1194 4797 est
1223 4743 1476 4807 ebrietas,
1505 4740 1859 4805 dilectissimi,
1905 4748 1959 4794 et
1985 4741 2094 4793 im-

516 4843 738 4901 portuna
779 4832 955 4888 valde.
996 4833 1112 4888 Non
1144 4847 1262 4887 mea
1291 4847 1387 4886 vos
1417 4840 1620 4900 spectat
1664 4831 1836 4884 oratio
1866 4847 1878 4882 :
1912 4829 2047 4884 absit
2077 4847 2091 4884 :

515 4925 670 4996 plane
696 4924 956 4996 siquidem
981 4925 1144 4980 credo
1166 4935 1398 4978 vestram
1429 4923 1661 4976 animam
1685 4921 1752 4974 ab
1779 4921 2094 4991 aegritudine

513 5015 614 5072 hac
641 5027 696 5072 et
741 5007 928 5073 mo'rbo
969 5033 1087 5072 esse
1130 5017 1422 5070 immunem
1455 5032 1470 5070 :
1509 5029 1573 5068 ac
1609 5023 1802 5069 vestra:
1853 5015 2095 5070 sanitatis

514 5118 885 5178 argumentum
915 5117 1016 5173 est,
1041 5105 1181 5176 quod
1213 5105 1295 5160 hic
1325 5106 1630 5169 versemini,
1660 5106 1802 5176 quod
1845 5106 1950 5161 huc
1978 5107 2097 5160 dili-

513 5211 702 5270 genter
750 5200 1100 5263 conveniatis,
1155 5197 1296 5266 quod
1328 5206 1528 5253 attente
1569 5198 1836 5254 audiatis:
1891 5213 2049 5254 nemo
2076 5241 2092 5268 ,

515 5293 604 5362 qui
631 5293 751 5348 vino
779 5292 1095 5357 inebrietur,
1123 5289 1422 5344 divinorum
1445 5305 1567 5345 esse
1598 5291 1821 5360 cupidus
1855 5292 2097 5360 eloquio-

513 5399 634 5438 rum
666 5391 860 5454 potest.
911 5373 1086 5435 Nolite
1110 5381 1348 5435 inebriari
1371 5384 1484 5436 uino
1507 5424 1520 5448 ,
1571 5365 1622 5436 in
1652 5399 1750 5453 quo
1777 5393 1848 5437 est
1868 5384 2093 5449 luxuria,

515 5476 604 5530 scd
632 5472 910 5545 implentini
949 5473 1148 5539 Spiritu
1191 5472 1406 5544 (Ep/tes.
1452 5474 1506 5530 5.
1550 5475 1656 5544 l8).
1707 5474 1970 5530 Pnnclara
2016 5483 2100 5531 est

517 5569 633 5622 haec
681 5566 949 5621 ebrietas:
1003 5565 1103 5621 hac
1152 5566 1382 5637 Spiritus
1408 5568 1624 5638 crapula
1674 5577 1814 5623 tuam
1865 5569 2098 5622 animam

519 5674 728 5730 sopora,
762 5673 829 5714 ne
851 5658 1108 5715 ebrietate
1135 5675 1356 5730 soporos
1383 5677 1396 5714 :
1428 5675 1740 5731 prmoccupa
1784 5671 2017 5716 mentem
2045 5669 2100 5715 et

514 5795 842 5913 madidam,
870 5803 1090 5859 mentem,
1131 5809 1234 5862 pro,
1254 5796 1418 5850 vires:
1443 5810 1553 5862 quae
1569 5795 1717 5850 lectio
1741 5810 1838 5848 non
1861 5804 1938 5850 est
1959 5810 2100 5862 sper-

1229 428 1283 480 S.
1325 420 1605 480 JOANNIS
1662 409 2139 471 CIIRYSOSTOMI
2180 404 2494 464 ARCIIIEP.
2537 399 3072 459 CONSTANTINOP.

3677 395 3785 452 436

2205 523 2575 594 cogitationes,
2595 537 2662 576 ne
2680 520 2854 574 locum
2875 515 3154 586 impudens
3183 513 3271 569 ille
3294 510 3508 564 morbus
3529 508 3785 563 inveniat.

2205 616 2494 683 Propterea
2520 627 2626 666 non
2655 610 2808 675 dixit,
2840 608 3136 676 Partlcipes
3175 615 3347 660 estote
3386 603 3635 673 Spiritus,
3690 602 3785 671 sed

2204 703 2497 774 Implemini
2526 702 2725 772 Spiritu
2756 717 2774 754 :
2798 699 2864 754 ad
2896 712 3166 752 summum
3195 711 3363 766 usque
3386 705 3619 748 mentem
3650 703 3783 746 tam-

2157 791 2171 802 ’
2206 813 2367 868 quam
2387 796 2610 850 calicem
2642 794 2804 863 imple
2848 793 3071 862 Spiritu,
3120 800 3177 844 ut
3205 790 3334 844 nihil
3375 788 3627 856 deinceps
3659 788 3784 856 inji-

2201 905 2325 943 cere
2346 888 2515 957 possit
2539 887 2822 939 diabolus:
2853 900 2957 937 non
2988 883 3130 938 enim
3163 883 3348 952 quovis
3373 881 3531 936 modo
3562 883 3781 950 partici‘

2205 998 2296 1051 pes
2316 998 2411 1035 nos
2438 979 2548 1034 fieri
2583 977 2779 1047 Spiritu
2811 977 2918 1046 jam
2945 985 3174 1044 oportet,
3204 975 3298 1030 sed
3327 975 3528 1044 Spiritu
3548 977 3784 1045 impleri,

2205 1073 2440 1142 psalmis,
2475 1071 2706 1141 hymnis,
2736 1071 2959 1124 canticis
2981 1070 3368 1138 spiritualibus,
3403 1069 3594 1136 quibus
3621 1067 3786 1122 hodie

2201 1165 2386 1232 repleti
2413 1165 2541 1218 estis
2574 1180 2588 1216 :
2620 1171 2944 1233 quapropter
2961 1161 3030 1216 de
3062 1162 3407 1232 temperantia
3438 1170 3610 1215 vestra
3648 1177 3786 1214 con-

2205 1256 2331 1309 fido.
2359 1255 2653 1310 Prarclarus
2682 1263 2766 1310 est
2793 1254 2948 1308 nobis
2972 1253 3246 1308 ebrietatis
3274 1252 3414 1306 calix
3452 1270 3465 1305 :
3517 1261 3598 1304 est
3644 1253 3787 1305 calix

2193 1347 2492 1411 ebrietatis,
2521 1347 2609 1415 qui
2653 1345 3070 1414 temperantiam
3102 1343 3291 1414 gignit,
3331 1359 3436 1397 non
3462 1342 3781 1413 paralysim.

2199 1438 2454 1506 Quisnam
2486 1437 2574 1511 ille
2604 1438 2807 1506 porro?
2834 1436 2980 1490 Calix
3004 1435 3319 1505 spiritualis,
3342 1434 3477 1488 calix
3508 1434 3782 1494 salutaris,

2199 1531 2338 1584 calix
2382 1529 2694 1600 impollutus
2749 1528 3012 1583 Dominici
3067 1527 3338 1595 sanguinis
3387 1543 3400 1577 :
3453 1540 3559 1578 non
3616 1525 3782 1593 gignit

2199 1622 2511 1675 ebrietatem
2535 1621 2624 1675 ille
2649 1619 2809 1684 calix,
2844 1634 2952 1672 non
2973 1617 3263 1688 paralysin]
3283 1616 3467 1686 gignit.
3494 1614 3606 1669 Non
3638 1615 3782 1668 enim

2201 1715 2346 1769 vires
2377 1713 2638 1780 dissolvit,
2664 1713 2757 1768 sed
2785 1712 2926 1766 vires
2955 1711 3184 1775 excitat,
3221 1709 3308 1763 ille
3329 1723 3525 1764 nervos
3557 1723 3661 1760 non
3698 1707 3782 1760 in-

2198 1807 2400 1876 fringit,
2429 1806 2522 1861 sed
2564 1805 2793 1859 intendit
2823 1820 2836 1856 :
2865 1803 3206 1857 sobrietatem
3234 1802 3431 1871 quippe
3469 1799 3660 1862 affert;
3696 1798 3784 1854 ille

2196 1899 2397 1968 angelis
2425 1897 2754 1952 venerandus
2781 1907 2886 1963 est,
2934 1894 3266 1950 daamonibus
3321 1893 3646 1958 tremendus,
3680 1893 3780 1946 ho-

2198 1992 2428 2046 minibus
2451 1993 2735 2059 pretiosus,
2758 1990 2983 2044 Domino
3011 1989 3274 2042 amabilis.
3299 1987 3459 2041 Vides
3487 1985 3612 2056 quid
3641 1988 3783 2040 dicat

2200 2082 2360 2136 David
2393 2082 2461 2137 de
2489 2081 2751 2151 spirituali
2779 2081 2945 2136 calice
2973 2082 3094 2143 isto,
3137 2080 3225 2150 qui
3269 2079 3572 2148 propositus
3619 2086 3702 2131 est
3730 2079 3781 2130 in

2198 2176 2297 2230 hac
2327 2175 2554 2229 mensa?
2584 2173 2790 2228 Parasti
2813 2174 2865 2227 in
2879 2184 3143 2243 conspectu
3174 2189 3282 2226 meo
3299 2189 3522 2226 mensam
3543 2171 3784 2224 adversus

2196 2284 2298 2330 eos,
2331 2265 2670 2336 quitribulant
2698 2281 2774 2319 me
2802 2281 2821 2317 .·
2849 2265 3180 2334 impinguasti
3205 2265 3256 2316 in
3277 2267 3386 2318 oleo
3410 2273 3560 2332 caput
3589 2279 3779 2325 meum,

2195 2371 2240 2412 et
2264 2359 2400 2412 calta:
2429 2369 2545 2412 tuus
2576 2359 2828 2412 inebrians
2857 2375 3006 2427 quam
3037 2358 3317 2429 prwclarus
3363 2368 3436 2410 est
3462 2355 3635 2424 (Psal.
3683 2356 3778 2410 22.

2195 2451 2272 2518 5).
2301 2451 2508 2505 Etenim
2543 2466 2610 2506 ne
2639 2450 2823 2504 audito
2867 2450 3082 2504 nomine
3135 2449 3410 2504 ebrietatis
3452 2449 3628 2500 snbito
3667 2462 3782 2502 me-

2197 2554 2398 2607 tueres,
2425 2552 2478 2596 et
2500 2541 2760 2612 ejusmodi
2791 2551 3010 2611 putares
3036 2554 3175 2606 esse,
3209 2550 3266 2592 ut
3297 2539 3662 2592 inﬁrmitatem
3699 2539 3782 2591 in-

2179 2637 2369 2700 ducat,
2409 2636 2654 2705 adjunxit
2701 2650 2823 2690 esse
2847 2635 3160 2704 praeclarum
3183 2642 3234 2688 et
3282 2632 3514 2686 firmum.
3570 2631 3780 2685 Novum

2192 2729 2683 2797 ebrietatisgcnus,
2711 2726 2878 2780 robur
2907 2725 3143 2779 immittit
3170 2733 3222 2778 et
3252 2722 3481 2777 validum
3511 2721 3687 2775 reddit
3716 2735 3781 2774 ac

2193 2829 2464 2889 potentem
2499 2837 2514 2874 :
2544 2819 2740 2888 quippe
2759 2817 2898 2886 quod
2936 2832 3000 2871 ex
3031 2815 3288 2886 spirituali
3331 2824 3482 2884 petra
3511 2811 3784 2883 proﬂuxe-

2193 2913 2263 2967 rit
2291 2931 2302 2966 :
2329 2929 2431 2967 non
2463 2921 2545 2968 est
2584 2912 2894 2982 depravatio
2941 2911 3344 2980 cogitationum,
3376 2907 3470 2962 sed
3521 2905 3778 2976 spiritua-

2193 3006 2320 3060 lium
2346 3005 2726 3075 cogitationum
2755 3003 3132 3059 acemnulatio.

2267 3099 2318 3154 5.
2356 3098 2470 3153 Ilac
2497 3097 2755 3154 ebrietate
2796 3097 2928 3151 ebrii
2984 3097 3172 3159 simus,
3226 3094 3293 3148 ab
3319 3094 3406 3147 illa
3447 3107 3573 3146 vero
3612 3091 3780 3145 absti-

2194 3205 2432 3254 neamus,
2466 3205 2532 3244 ne
2561 3197 2877 3258 prtesentem
2910 3186 3294 3240 solemnitatem
3346 3184 3608 3239 dedecore
3657 3181 3779 3235 affi-

2193 3282 2393 3336 ciamus
2419 3298 2433 3334 :
2463 3295 2566 3333 non
2588 3281 2730 3334 enim
2759 3289 2911 3334 terra:
2941 3287 3166 3342 tantum,
3194 3276 3284 3331 sed
3317 3285 3370 3330 et
3397 3275 3508 3330 caeli
3527 3284 3608 3328 est
3638 3291 3785 3343 prth

2193 3389 2316 3427 sens
2361 3371 2710 3437 solemnitas;
2753 3370 2912 3424 hodie
2945 3369 3194 3438 gaudium
3224 3367 3383 3422 estin
3427 3376 3586 3432 terra,
3608 3365 3780 3419 "hodie

2192 3464 2442 3533 gaudium
2495 3463 2547 3516 in
2585 3463 2754 3516 cazlo:
2786 3461 2830 3516 si
2872 3461 3012 3515 enim
3060 3473 3168 3514 uno
3215 3469 3494 3527 peccatore
3518 3471 3780 3511 converso

2192 3558 2439 3629 gaudium
2467 3565 2550 3610 est
2575 3557 2626 3609 in
2656 3564 2795 3609 terra
2825 3563 2879 3608 et
2902 3553 3032 3608 caelo
3088 3553 3106 3619 (
3136 3550 3265 3604 Luc.
3297 3549 3381 3602 15.
3417 3547 3519 3608 10)
3545 3589 3560 3612 ,
3611 3549 3780 3602 multo

2195 3649 2364 3719 magis
2390 3658 2598 3703 extorto
2623 3647 2690 3701 de
2714 3646 2908 3700 diaboli
2942 3645 3183 3698 manibus
3215 3651 3325 3696 toto
3357 3641 3487 3695 orbe
3515 3649 3778 3694 terrarum

2193 3743 2441 3813 gaudium
2479 3741 2581 3795 erit
2629 3738 2682 3792 in
2723 3738 2874 3791 cado.
2909 3736 3058 3790 Nunc
3089 3735 3355 3789 exsultant
3398 3733 3591 3802 angeli,
3635 3747 3782 3786 nunc

2193 3833 2439 3887 laetantur
2463 3829 2785 3899 archangeli,
2819 3843 2959 3883 nunc
2981 3826 3269 3882 Cherubin)
3294 3824 3644 3893 etSeraplrim
3675 3823 3784 3877 hoc

2195 3923 2468 3977 nobiscum
2509 3919 2703 3974 festum
2748 3918 3020 3973 celebrant
3047 3936 3060 3971 :
3090 3931 3197 3970 non
3226 3915 3342 3968 illos
3367 3913 3531 3984 pudet
3556 3927 3780 3967 conser-

2193 4027 2421 4076 vorum,
2480 4009 2576 4065 sed
2631 4010 2828 4064 nostris
2869 4008 3024 4063 bonis
3074 4006 3420 4078 gratulantur.
3471 4003 3577 4058 Etsi
3635 4007 3781 4057 enim

2194 4116 2434 4161 nostrum
2463 4115 2544 4160 est
2565 4103 2706 4175 quod
2731 4119 2761 4158 a
2793 4103 3017 4158 Domino
3042 4093 3341 4171 accepimus
3381 4100 3600 4164 donum,
3627 4114 3784 4152 com-

2196 4197 2372 4253 munis
2400 4204 2484 4252 est
2509 4205 2685 4252 tamen
2715 4207 2904 4250 etcum
2946 4195 3048 4249 illis
3073 4193 3338 4261 voluptas.
3381 4191 3485 4246 Sed
3517 4189 3640 4259 quid
3679 4205 3786 4259 ego

2195 4306 2489 4348 conservos
2513 4289 2911 4346 commemoro?
2937 4288 3109 4357 ipsum
3143 4285 3429 4339 Dominum
3461 4283 3672 4336 illorum
3719 4296 3787 4336 ac

2198 4393 2440 4439 nostrum
2479 4383 2755 4437 nobiscum
2791 4379 3067 4434 celebrare
3115 4377 3306 4430 festum
3345 4390 3452 4428 non
3499 4372 3694 4442 pudet:
3729 4384 3788 4427 at

2197 4476 2321 4546 quid
2334 4489 2430 4544 ego
2447 4488 2632 4528 rursus
2649 4486 2751 4525 non
2771 4485 2892 4525 eum
2912 4469 3112 4538 pudere
3127 4468 3246 4523 dico
3261 4465 3568 4528 ?Desiderio,
3588 4465 3786 4532 inquit,

2199 4567 2476 4622 desideravi
2503 4566 2596 4618 hoc
2627 4563 2832 4618 Pascha
2878 4561 3185 4615 manducare
3209 4557 3461 4612 vobiscum
3488 4554 3507 4628 (
3531 4555 3655 4610 Luc.
3687 4555 3787 4611 22.

2201 4659 2268 4714 15
2296 4656 2314 4728 )
2339 4675 2352 4712 :
2382 4655 2522 4727 quod
2560 4654 2607 4710 si
2657 4653 2875 4708 Pascha:
2897 4651 3096 4707 festum
3143 4649 3417 4704 celebrare
3458 4645 3794 4700 desideravit

2201 4750 2512 4811 nobiscum,
2565 4747 2706 4801 baud
2753 4745 2973 4800 dubium
3022 4743 3148 4812 quin
3207 4750 3262 4796 et
3311 4738 3792 4796 Resurreetionem

2200 4857 2432 4915 quoque.
2459 4840 2682 4909 Quando
2711 4837 2868 4908 igitur
2901 4835 3074 4906 angeli
3099 4833 3350 4904 gaudent,
3380 4841 3434 4887 et
3457 4830 3796 4899 archangeli,

2199 4933 2544 5003 omniumque
2593 4929 2848 4985 Dominus
2873 4927 3164 4983 cazlestittm
3208 4926 3461 4980 virtutmn
3507 4921 3791 4976 nobiseum

2202 5025 2393 5081 festum
2441 5021 2799 5084 concelebrat,
2846 5033 2967 5090 qua:
2997 5017 3210 5073 tandem
3255 5028 3538 5088 superesse
3575 5015 3794 5068 occasio

2201 5118 2430 5175 tristitia:
2454 5123 2631 5186 potest
2651 5114 2675 5167 ἲ

2275 5207 2438 5264 Nulla
2465 5220 2792 5279 personarum
2823 5201 3079 5257 distinctio
3108 5202 3159 5254 in
3191 5198 3578 5270 participatione
3595 5195 3796 5266 Myste-

2203 5298 2679 5358 riorum.—Nul|us
2710 5312 2908 5366 pauper
2936 5297 3004 5350 ob
3033 5304 3395 5365 paupertatem
3424 5291 3493 5345 sit
3522 5299 3748 5346 mcestus
3777 5308 3792 5355 ;

2207 5396 2319 5450 [nec
2341 5396 2482 5449 enim
2513 5389 2795 5447 celebritas
2823 5398 2908 5445 est
2927 5387 3215 5457 spiritualis
3247 5403 3260 5439 :
3290 5385 3467 5438 nullus
3497 5384 3645 5437 dives
3667 5383 3797 5438 effe-

2205 5496 2354 5541 ratur
2381 5485 2450 5538 ob
2478 5482 2728 5546 divitias;
2757 5480 2886 5534 nihil
2939 5477 3080 5534 enim
3114 5493 3178 5532 ex
3234 5476 3471 5545 pecuniis
3519 5475 3582 5529 ad
3638 5475 3799 5543 hujus

2205 5575 2531 5632 celebritatis
2544 5573 2861 5642 voluptatem
2877 5579 3050 5640 potest
3062 5568 3324 5623 conferre.
3344 5567 3474 5621 Nam
3490 5567 3540 5620 in
3560 5574 3800 5621 externis

2207 5667 2420 5738 quidem
2447 5675 2501 5723 et
2530 5666 2873 5721 smcularihus
2894 5663 3063 5730 festis,
3085 5662 3172 5716 ubi
3204 5661 3427 5715 multum
3459 5677 3689 5723 merum,
3710 5661 3799 5715 ubi

2207 5775 2389 5816 mensa
2413 5758 2609 5814 referta
2657 5769 2712 5812 et
2751 5757 2818 5811 ad
2865 5755 3164 5810 satietatem
3191 5755 3530 5821 comessatio,
3563 5755 3656 5809 ubi
3687 5763 3801 5808 tur-

2211 5852 2395 5926 pitudo
2431 5862 2485 5909 et
2533 5851 2693 5922 risus,
2723 5850 2810 5907 ubi
2839 5850 3011 5906 omnis
3063 5863 3253 5920 pompa
3296 5848 3532 5905 satanica
3562 5864 3578 5904 :
3608 5845 3805 5903 merito
