3908 6300
235 386 335 442 837

231 514 433 571 pauper
467 498 683 566 quidem
734 499 1024 566 subtristis,
1070 498 1255 554 hilaris
1298 509 1474 556 autem
1503 508 1584 556 est
1627 501 1811 557 dives:

229 593 446 664 quid-ita
469 594 494 647 ἲ
517 593 652 660 Quia
676 593 826 648 dives
848 592 1060 663 quidem
1085 593 1356 662 opiparam
1387 608 1624 648 mensam
1651 607 1817 664 appo-

232 687 326 748 uit,
377 685 694 754 deliciisque
743 683 971 753 amplius
1021 683 1256 738 fruitur:
1307 699 1506 753 pauper
1555 693 1732 740 autem
1784 700 1815 742 a

233 783 546 848 paupertate
569 777 898 847 prohibetur,
921 791 989 832 ne
1009 781 1208 831 tantam
1239 776 1684 847 magniﬁcentiam
1708 791 1818 846 prat

230 883 292 924 se
320 869 490 924 ferat:
516 869 602 922 hic
623 885 754 924 vero
781 869 911 923 nihil
942 869 1050 926 tale
1075 879 1188 925 est:
1218 877 1321 923 una
1351 868 1498 924 diviti
1519 878 1571 922 et
1599 869 1816 938 pauperi

231 975 422 1017 mensa
443 969 575 1015 est:
623 961 747 1016 licet
773 961 922 1016 dives
969 961 1040 1016 sit
1088 961 1367 1031 quispiam,
1410 958 1541 1014 nihil
1587 959 1819 1028 adjicere

231 1065 434 1106 mensa;
457 1059 664 1120 potest;
695 1049 822 1106 licet
847 1067 1048 1121 pauper
1086 1053 1176 1118 sit,
1211 1051 1377 1105 nihilo
1401 1049 1654 1105 deteriori
1685 1065 1817 1104 con-

231 1145 434 1209 (titione
462 1143 536 1198 ob
562 1153 924 1212 paupertatem
955 1145 1008 1198 in
1050 1145 1114 1198 iis
1141 1159 1260 1214 qua!
1296 1143 1362 1198 ad
1390 1143 1821 1198 communionem

231 1236 524 1302 pertinent,
559 1235 698 1298 erit;
727 1233 903 1288 divina
933 1237 1074 1289 enim
1098 1245 1181 1289 est
1209 1237 1407 1305 gratia:
1441 1237 1491 1289 et
1538 1235 1664 1304 quid
1717 1235 1822 1288 mi-

232 1327 370 1380 raris
401 1325 451 1380 si.
479 1326 628 1380 diviti
656 1331 708 1380 et
737 1327 1000 1397 pauperi?
1026 1327 1130 1398 Ipsi
1155 1329 1296 1383 enim
1339 1327 1651 1398 imperatori
1702 1327 1818 1381 dia-

229 1419 442 1471 demate
486 1417 735 1471 redimite
775 1459 790 1483 ,
847 1425 1080 1488 purpura
1132 1419 1447 1482 convestito,
1501 1419 1586 1473 cui
1636 1417 1819 1472 mundi

231 1508 472 1575 regimen
498 1516 582 1562 est
607 1509 974 1574 commissum,
1011 1509 1081 1561 illi
1133 1508 1466 1577 Imperatori,
1515 1517 1570 1562 et
1600 1509 1818 1578 pauperi

230 1601 296 1653 ad
328 1601 724 1672 eleemo'synam
767 1601 1096 1656 sedentiuna
1127 1613 1208 1655 est
1263 1607 1447 1654 mensa
1501 1603 1769 1671 proposita
1802 1617 1816 1654 :

234 1692 500 1745 talia‘su'nt
529 1693 992 1758 Dominica-dt'ma;
1021 1707 1126 1746 non
1156 1705 1254 1762 pro
1279 1694 1485 1746 ratiune'
1505 1691 1818 1760 dignitatum

232 1781 508 1850 distinguit
528 1782 958 1836 communicandi
977 1782 1259 1849 rationem,
1283 1780 1378 1837 sed
1400 1785 1502 1851 pro"
1514 1779 1820 1836 conditione

232 1875 526 1930 voluntatis
549 1888 612 1928 ac
640 1875 855 1928 mentis.
881 1889 886 1892 ‘

304 1967 388 2036 (α)
418 1963 439 2038 [
467 1966 598 2020 Cum
626 1967 769 2021 enim
796 1965 994 2021 videris
1022 1967 1076 2020 in
1103 1957 1328 2021 ecclesia
1353 1965 1504 2021 diviti
1533 1975 1824 2036 pauperem

235 2059 560 2124 adstantem,
579 2059 789 2128 privato
818 2059 1020 2113 homini
1043 2059 1360 2129 principem,
1388 2057 1652 2127 plebeium
1678 2056 1818 2126 opti-

233 2152 385 2214 mati,
417 2155 543 2204 eum’
583 2150 674 2219 qui
717 2150 846 2204 loris
875 2151 990 2219 ejus
1019 2152 1316 2219 potentiam
1366 2145 1648 2213 tremebat,
1677 2147 1822 2202 intus

231 2242 408 2296 cidem
439 2244 690 2312 petentia:
714 2241 829 2297 sine
850 2241 1134 2298 formidine
1159 2242 1432 2297 admetutn
1457 2260 1472 2308 ;
1501 2241 1673 2312 cogita
1694 2240 1821 2312 quid

234 2333 305 2385 sit
326 2331 458 2386 illud
488 2349 507 2385 :
532 2331 676 2385 Tum:
695 2345 800 2386 una
826 2341 1058 2402 pascetur
1077 2333 1229 2403 lupus
1244 2345 1356 2386 cum
1371 2333 1520 2403 agnis
1547 2331 1698 2404 (Isai.
1732 2333 1818 2387 Η.

235 2429 317 2493 ti).
339 2423 546 2494 Lupum
570 2431 724 2480 vocat
745 2424 1018 2495 Scriptura
1038 2425 1278 2492 divitem,
1295 2441 1488 2496 agnum
1512 2439 1820 2495 pauperem.

234 2520 307 2571 At
327 2532 434 2587 quo
463 2528 625 2586 pacto
638 2516 1038 2588 intelligendum
1050 2517 1200 2586 illud,
1215 2518 1640 2574 Communicabit
1668 2519 1824 2589 lupus

232 2621 356 2661 eum
383 2622 543 2677 agno,
575 2609 1023 2678 quemadmodum
1051 2607 1201 2664 dives
1229 2623 1352 2665 cum
1391 2611 1658 2680 paupere?
1687 2610 1822 2664 Ani-

237 2711 383 2750 uium
411 2697 698 2766 diligenter
725 2697 964 2753 adverte.
1011 2697 1167 2754 Stant
1208 2711 1354 2768 saepe
1375 2699 1527 2755 dives
1547 2707 1600 2754 et
1626 2713 1825 2768 pauper

235 2787 289 2840 in
333 2787 562 2842 ecclesia
603 2806 617 2841 :
657 2789 824 2844 instat
870 2787 1001 2844 hora
1051 2789 1354 2846 divinorum
1401 2791 1820 2860 mysteriorum:

233 2879 446 2946 cjicitur
467 2879 636 2948 dives,
662 2885 845 2949 utpote
868 2896 974 2937 non
997 2881 1252 2947 initiatus,
1275 2898 1477 2955 pauper
1506 2893 1637 2938 vero
1658 2885 1823 2939 intro-

235 2973 467 3027 mittitur
517 2973 569 3027 in
623 2974 854 3029 caelestia
899 2975 1273 3041 tabernacula;
1316 2991 1488 3046 neque
1523 2971 1826 3046 indignatur

233 3065 418 3129 dives;
449 3063 597 3117 novit
624 3064 767 3119 enim
795 3079 853 3119 se
877 3065 1106 3120 alienum
1123 3081 1242 3122 esse
1268 3082 1298 3121 a
1315 3066 1506 3122 divinis
1533 3068 1821 3138 mysteriis.

235 3153 342 3206 Sed
365 3193 382 3219 ,
408 3167 440 3208 ο
460 3152 691 3207 divinam
716 3154 940 3224 gratiam
971 3156 988 3210 i
1017 3171 1126 3210 non
1172 3156 1344 3211 solum
1386 3165 1452 3212 ex"
1481 3157 1574 3213 Dei
1601 3167 1824 3212 munere

233 3257 332 3311 par
357 3243 571 3313 utrique
597 3243 771 3299 honor
794 3253 878 3300 est
901 3246 953 3300 in
974 3247 1233 3314 ecclesia;
1255 3249 1349 3303 sed
1379 3249 1537 3304 etiam
1562 3249 1825 3304 stantibus
1863 3291 1865 3294 ‹

233 3336 498 3391 ambobus
515 3339 715 3407 pauper
739 3337 888 3394 diviti
908 3340 1248 3409 anteponitur
1271 3341 1323 3395 in
1345 3341 1556 3411 pietatis
1581 3343 1822 3408 ratiune;

240 3426 483 3497 nihilque
502 3436 724 3498 prosunt
746 3425 822 3483 illi
848 3428 1046 3489 divitiae
1070 3432 1188 3487 sine
1216 3432 1431 3501 pietate,
1463 3432 1593 3487 nihil
1613 3427 1824 3489 ﬁdelem

237 3516 385 3571 hedit
400 3525 704 3587 paupertas,
735 3519 944 3589 quando
973 3533 1093 3576 cum
1119 3522 1311 3576 ﬁducia
1336 3523 1402 3577 ad
1429 3537 1637 3578 sacrum
1665 3539 1824 3580 acce-

239 3607 320 3661 dit
339 3608 530 3663 a‘ltare.
563 3608 689 3664 Ilaec
709 3619 888 3665 autem
912 3605 1052 3676 dico,
1082 3612 1368 3679 carissimi,
1398 3614 1470 3670 de
1490 3614 1828 3671 catechumea

240 3700 344 3766 nis,
369 3713 480 3755 non
504 3715 636 3756 vero
662 3703 976 3773 simpliciter
1000 3699 1069 3760 de
1093 3703 1369 3760 divitibus.
1417 3707 1822 3773 Animadverte,

237 3791 453 3857 dilecte,
483 3794 752 3863 quemodo
776 3803 844 3850 ex
889 3795 1114 3851 ecclesia
1143 3797 1360 3853 recedat
1389 3797 1654 3866 dominus,
1699 3797 1824 3854 dum

240 3882 512 3951 mysteriis
537 3883 848 3940 admotetur
871 3885 1049 3942 ﬁdelis
1081 3887 1406 3945 domesticus
1432 3905 1448 3945 :
1479 3891 1680 3947 recedit
1724 3891 1825 3946 do-

239 3975 408 4040 mina,
439 3986 494 4030 et
521 3983 700 4032 manet
722 3968 931 4033 ancilla.
962 3979 1101 4035 Deus
1135 3982 1330 4052 quippe
1355 3997 1456 4037 non
1478 3984 1660 4055 accipit
1707 3999 1826 4052 pera

238 4074 419 4120 sonam
449 4066 664 4121 hominis
688 4069 705 4139 (
728 4067 898 4123 Colat.
927 4068 982 4124 Ξ.
1015 4071 1104 4141 6).
1135 4070 1249 4126 Non
1273 4081 1355 4128 est
1383 4073 1561 4145 itaque
1589 4076 1830 4131 ineccle-

239 4157 320 4209 sia
347 4170 536 4212 servus
562 4165 618 4213 et
643 4156 777 4214 liber
802 4177 814 4213 :
838 4160 933 4216 sed
953 4176 1078 4216 eum
1105 4165 1252 4218 novit
1289 4162 1559 4234 Scriptura
1590 4179 1825 4234 servum,

236 4251 333 4318 qui
359 4258 582 4320 peccato
599 4253 838 4308 subditus
862 4263 963 4310 est.
1005 4251 1137 4311 Nam
1167 4256 1266 4323 Qui
1296 4259 1418 4327 facit
1445 4269 1720 4328 peccatum,
1749 4263 1831 4316 inc

237 4343 376 4407 quit,
421 4357 592 4396 seruus
637 4353 712 4398 est
738 4347 930 4413 peccati
958 4343 1154 4417 (Joan.
1177 4346 1231 4402 8.
1255 4345 1397 4417 5‘4);
1422 4358 1477 4404 et
1514 4364 1636 4404 eum
1682 4353 1831 4408 novit

240 4427 490 4495 liberum,
513 4432 606 4502 qui
632 4449 728 4503 per
753 4435 982 4491 divinam
1011 4437 1234 4506 gratiam
1254 4437 1508 4494 liberatus
1527 4439 1655 4514 est.)

310 4522 445 4578 Cum
472 4523 660 4579 eadem
699 4526 892 4581 ﬁducia
911 4536 968 4582 et
999 4527 1291 4595 Imperator
1311 4533 1366 4585 et
1395 4546 1596 4602 pauper
1611 4533 1675 4589 ad
1695 4534 1831 4590 hanc

244 4633 490 4672 mensam
542 4618 844 4688 accedunt,
893 4624 1011 4676 eum
1041 4622 1230 4678 eodem
1263 4625 1486 4693 honore,
1536 4629 1643 4683 imo
1670 4629 1829 4685 etiam

245 4715 490 4777 persaepe
538 4723 658 4763 cum
699 4709 903 4766 honore
956 4725 1156 4782 pauper
1198 4716 1441 4785 ampliori
1478 4736 1490 4772 :
1535 4718 1660 4788 quid
1719 4720 1832 4775 ita?

242 4800 395 4868 Quod
421 4799 717 4870 Imperator
731 4803 944 4873 quidem
973 4807 1238 4862 sexcentis
1263 4810 1489 4880 negotiis
1532 4812 1832 4882 implicatus

245 4901 514 4962 tamquam
536 4894 688 4949 navis
708 4895 938 4966 undique
959 4909 1286 4969 aspergatur,
1306 4915 1367 4955 ac
1379 4902 1540 4957 multa
1557 4905 1835 4960 contrahat

250 4995 500 5053 peccata;
551 5001 754 5056 pauper
780 4995 956 5043 autem
987 4989 1054 5046 de
1096 4993 1404 5048 neceSsario
1447 5001 1650 5050 tantum
1689 4997 1832 5053 victu

248 5077 530 5144 sollicitus,
554 5078 888 5148 negotiorum
910 5089 1181 5150 expertem
1212 5097 1274 5138 ac
1297 5085 1635 5154 tranquillam
1657 5097 1832 5144 trans-

249 5165 394 5230 igcns
433 5166 598 5220 vitam
620 5209 636 5233 ,
676 5167 823 5223 velut
852 5168 903 5223 in
931 5179 1085 5240 portu
1116 5173 1329 5239 sedens,
1359 5189 1478 5230 cum
1501 5177 1668 5232 multa
1689 5191 1834 5234 secu-

251 5259 404 5313 ritate
432 5259 498 5314 ad
532 5274 774 5314 mensam
797 5261 1032 5316 accedat.
1065 5263 1271 5320 Rursus
1298 5267 1351 5321 in
1377 5267 1611 5322 externis
1633 5267 1832 5324 solem-

249 5352 496 5407 nitatibus
521 5368 726 5422 pauper
761 5354 977 5423 quidem
1005 5357 1057 5411 in
1107 5370 1358 5425 moerere,
1395 5360 1544 5417 dives
1570 5369 1748 5416 autem
1778 5364 1831 5418 in

252 5440 512 5499 hilaritate
534 5454 798 5511 versatur,
831 5462 936 5501 non
956 5447 1025 5502 ob
1046 5464 1282 5505 mensam
1309 5460 1535 5520 tantum,
1558 5454 1652 5510 sed
1673 5455 1831 5511 etiam

251 5537 316 5584 ob
335 5535 650 5591 vestimenta
675 5553 690 5588 :
719 5537 859 5607 quod
891 5539 1032 5594 enim
1061 5541 1114 5594 in
1168 5556 1350 5598 mensa
1379 5545 1481 5599 illis
1505 5548 1701 5614 evenit,
1735 5548 1834 5605 hoc

253 5624 371 5678 etin
420 5625 759 5682 vestimentis
797 5629 1088 5698 patiuntur.
1118 5630 1248 5687 Cum
1281 5634 1422 5688 enim
1448 5637 1599 5706 ἱηοιιε
1635 5639 1831 5708 pretio-

310 5758 728 5837 (Aa-)“Cuaruncinis
745 5761 1046 5828 clauduntur,
1073 5763 1121 5814 in
1145 5764 1275 5815 Edito
1292 5766 1515 5830 deerant,
1535 5781 1698 5835 exque
1715 5778 1830 5837 πρε.

250 5819 294 5869 2.
316 5819 566 5886 desumpta
591 5832 724 5872 sunt.

1191 384 1278 440 DE
1317 384 1886 442 RESURRECTIONE
1925 387 1990 442 D.
2028 386 2092 442 Ν.
2119 385 2282 443 .IESU
2324 385 2619 442 CIIRISTI.

3403 388 3506 443 453

1914 500 2052 566 ,siori
2077 502 2327 556 amictum
2343 503 2475 556 stola
2503 502 2694 558 viderit
2713 502 3043 572 opulentum,
3070 501 3394 572 percellitur,
3423 519 3511 557 se-

1925 609 2033 664 que
2075 607 2184 664 pr-.e
2227 594 2482 649 omnibus
2528 595 2790 649 infelicem
2843 595 3007 649 ducit.
3042 593 3138 648 llic
3163 609 3290 648 vero
3321 606 3373 647 et
3414 594 3508 646 ista

1924 687 2130 741 sublata
2160 696 2241 742 est
2269 688 2486 756 penuria
2524 705 2537 741 :
2571 703 2731 742 unum
2758 687 2900 742 enim
2948 686 3086 756 apud
3134 701 3321 740 omnes
3349 686 3508 738 vesti-

1925 788 2161 832 mentum
2193 785 2276 832 est
2323 778 2556 833 salutare
2595 777 2883 833 lavacrum.
2939 778 3252 847 Quicumque
3297 777 3429 829 enim
3459 777 3511 828 iu

1925 868 2128 923 Christo
2149 869 2394 941 baptizati
2411 871 2551 934 estis,
2570 869 2820 926 Christum
2842 870 3077 951 induistis
3100 867 3292 941 (Galat.
3315 868 3368 922 5.
3391 867 3509 937 27.).

1928 961 2210 1033 Ne‘igitur
2239 964 2494 1018 ebrietate
2537 963 2928 1018 solemnitatem
2985 961 3139 1016 istam
3192 959 3512 1014 dehonesteo

1927 1054 2306 1120 mus;etenitn
2353 1054 2608 1108 Dominus
2651 1061 2832 1107 noster
2860 1061 2914 1108 et
2939 1051 3128 1106 divites
3175 1061 3227 1104 et
3255 1063 3512 1119 pauperes

1926 1150 2124 1220 pariter
2150 1149 2450 1215 honoravit,
2478 1158 2532 1203 et
2558 1163 2743 1203 servos
2771 1158 2822 1202 et
2847 1147 3125 1212 dominos;
3154 1141 3247 1200 sed
3275 1143 3344 1198 ob
3376 1143 3512 1198 hanc

1926 1259 2051 1314 erga
2096 1258 2194 1298 nos
2250 1241 2673 1298 benevolentiam
2723 1240 3006 1294 Dominum
3067 1249 3512 1292 remuneremur:

1925 1337 2123 1405 Optima
2154 1351 2311 1404 porro
2341 1342 2423 1390 est
2447 1333 2807 1389 remuneratio
2855 1331 3190 1388 conversatio
3214 1329 3411 1383 munda
3461 1336 3516 1380 et

1926 1441 2078 1479 mens
2102 1425 2300 1480 sobria.
2330 1424 2454 1478 limo
2478 1423 2789 1478 solemnitas
2825 1429 2879 1475 et
2909 1421 3257 1491 panegyricus
3284 1433 3512 1473 conven-

1929 1528 2012 1572 tus
2038 1533 2141 1573 non
2170 1517 2410 1586 pecuniis
2439 1515 2640 1586 indiget
2663 1530 2838 1584 neque
2860 1514 3183 1584 sumptibus,
3203 1513 3296 1566 sed
3324 1512 3514 1566 volun-

1927 1615 2034 1664 tate
2053 1624 2117 1664 ac
2137 1618 2314 1664 mente
2337 1609 2537 1678 optima
2570 1626 2584 1662 :
2619 1608 2750 1662 tales
2779 1607 2922 1661 enim
2965 1605 3053 1660 hic
3077 1612 3320 1674 prostant
3366 1619 3511 1657 mer-

1925 1705 2017 1757 ces
2043 1719 2056 1756 :
2084 1701 2212 1755 nihil
2241 1716 2555 1771 corporeum
2610 1699 2698 1755 hic
2749 1698 3036 1763 venditur;
3067 1696 3162 1752 sed
3210 1696 3511 1749 divinorum

1925 1793 2127 1848 auditio
2151 1792 2504 1862 eloquiorum,
2537 1805 2722 1860 preces
2749 1800 2978 1859 patrum,
3007 1787 3404 1844 benedictiones
3429 1799 3514 1839 Su-

1926 1882 2226 1950 eerdotum,
2253 1881 2538 1937 concordia
2567 1889 2622 1936 et
2659 1897 2760 1952 pax
2782 1889 2837 1935 et
2863 1893 3181 1947 consensus,
3221 1876 3521 1947 spiritualia

1927 1973 2088 2037 dona,
2120 1971 2395 2042 spirituale
2435 1973 2683 2040 pretium.

1998 2062 2401 2117 Resurrectionis
2425 2063 2614 2118 Christi
2636 2063 2850 2130 fructus.
2878 2091 2950 2102 -—-
2969 2059 3186 2115 Festum
3217 2058 3320 2114 hoc
3342 2058 3481 2112 maxi
3496 2088 3516 2101 ο

1925 2160 2069 2208 mum
2119 2153 2454 2209 celebremus
2483 2163 2540 2210 et
2564 2153 2790 2220 illustre,
2825 2153 2878 2206 in
2905 2165 3010 2221 quo
3055 2151 3310 2205 Dominus
3335 2165 3519 2204 resur»

1926 2245 2062 2300 rexit
2082 2261 2094 2296 :
2113 2243 2445 2299 celebremus
2462 2253 2638 2297 autem
2662 2241 2792 2296 illud
2821 2255 2942 2295 cum
2963 2238 3156 2309 gaudio
3181 2238 3336 2293 simul
3359 2249 3519 2309 atque

1924 2345 2045 2395 eum
2062 2337 2289 2407 pietate;
2317 2335 2610 2392 resurrexit
2636 2332 2779 2387 enim
2805 2331 3064 2385 Dominus
3090 2344 3379 2399 secumque
3401 2345 3518 2384 sus-

1925 2431 2108 2487 citavit
2163 2429 2352 2484 orbcm
2410 2427 2709 2491 terrarum,
2761 2423 2874 2493 ipse
2942 2419 3202 2491 siquidem
3261 2419 3520 2489 disruptis

1928 2521 2116 2577 mortis
2138 2517 2365 2575 vinculis
2401 2514 2721 2572 resurrexit.
2749 2512 2998 2568 PecCavit
3038 2510 3276 2566 Adamus
3302 2519 3356 2565 et
3378 2525 3520 2564 mor-
3563 2500 3572 2508 “

1928 2625 2051 2670 tuus
2075 2621 2190 2669 est:
2223 2619 2278 2666 at
2300 2625 2411 2666 non
2447 2607 2692 2680 peccavit
2721 2603 2988 2670 Christus,
3026 2613 3081 2659 et
3131 2611 3216 2657 est
3254 2611 3517 2657 mortuus.

1931 2695 2145 2762 Novum
2175 2713 2260 2761 est
2285 2704 2387 2760 hoc
2420 2710 2474 2758 et
2499 2699 2846 2763 admirabile;
2882 2697 2971 2752 ille
2999 2695 3259 2766 peccavit,
3283 2703 3336 2748 et
3373 2707 3521 2747 mor—

1929 2807 2052 2852 tuus
2074 2805 2190 2863 est;
2220 2795 2306 2850 hic
2335 2808 2440 2848 non
2468 2791 2724 2861 peccavit,
2754 2797 2809 2843 et
2828 2795 3070 2842 mortuus
3097 2795 3180 2840 est
3209 2803 3222 2838 :
3247 2782 3371 2854 quid
3403 2783 3469 2836 ita
3497 2781 3523 2836 ?

1928 2885 2043 2956 Quo
2064 2888 2108 2942 is
2135 2887 2223 2956 qui
2245 2885 2480 2956 peccavit
2505 2890 2559 2937 et
2580 2889 2822 2936 mortuus
2845 2886 2948 2943 est,
2993 2878 3108 2946 ejus
3123 2890 3286 2947 opera
3307 2874 3393 2945 qui
3415 2890 3530 2927 non.

1930 2980 2166 3050 peccavit
2205 2977 2419 3049 quidem
2443 3018 2458 3043 ,
2491 2983 2734 3031 mortuus
2770 2982 2853 3027 est
2891 2979 3068 3024 autem
3090 3010 3106 3034 ,
3136 2967 3324 3023 mortis
3353 2981 3522 3021 nexus

1929 3075 2097 3142 possit
2119 3071 2368 3126 evadere.
2396 3068 2472 3123 Ita
2497 3054 2635 3123 ﬁt'et
2663 3067 2716 3122 in
2745 3062 3018 3136 pecuniis:
3043 3075 3411 3130 sarpenumcro
3435 3059 3522 3113 dc-

1929 3157 2016 3218 bet
2030 3161 2312 3232 quispiam,
2331 3169 2516 3215 etcum
2531 3174 2636 3214 non
2653 3159 2843 3215 habeat
2861 3157 2997 3212 unde
3016 3158 3206 3218 solvat,
3229 3156 3279 3209 in
3297 3151 3522 3207 vinculis

1929 3254 2232 3319 detinetur;
2264 3250 2399 3306 alius
2412 3252 2502 3321 qui
2522 3264 2630 3305 non
2656 3250 2836 3317 debet,
2863 3249 2958 3304 sed
2981 3249 3138 3303 habet
3164 3246 3305 3300 unde
3323 3244 3518 3303 solvat,

1931 3360 2052 3398 eum
2081 3343 2171 3414 qui
2200 3341 2461 3397 obnoxius
2482 3349 2564 3396 est
2586 3340 2815 3396 liberare
2843 3339 2978 3394 solet
3009 3355 3022 3392 :
3054 3339 3134 3394 sic
3162 3346 3218 3391 et
3245 3333 3425 3391 evenit
3461 3334 3524 3386 in:

1931 3437 2168 3500 Adamo;
2191 3432 2420 3490 debebat
2449 3431 2704 3498 Adamus,
2730 3446 2760 3486 a
2789 3431 3004 3487 diabolo
3032 3426 3392 3490 detinebatur,
3425 3424 3521 3478 scd

1932 3525 2076 3582 unde
2111 3525 2344 3581 solveret
2385 3540 2491 3578 non
2523 3523 2791 3578 habebat:
2822 3536 2930 3577 non
2973 3519 3205 3575 debebat
3249 3516 3518 3579 Christus,

1932 3631 2032 3671 uec
2054 3632 2084 3670 a
2113 3615 2325 3670 diabolo
2369 3613 2736 3680 detinebatur,
2781 3611 2876 3668 sed
2911 3607 3151 3665 debitum
3189 3613 3397 3677 poterat
3425 3619 3526 3658 uu-

1931 3723 2141 3764 lnerare
2172 3725 2187 3763 :
2209 3707 2372 3774 venit,
2399 3715 2627 3762 mortem
2654 3704 2910 3776 persolvit
2934 3717 3031 3774 pro
3050 3716 3116 3758 eo
3140 3700 3228 3772 qui
3254 3715 3286 3754 a
3309 3697 3525 3754 diabolo

1930 3798 2285 3866 detinebatur,
2304 3808 2362 3855 ut
2385 3799 2532 3854 illum
2560 3797 2880 3855 exsolveret.

2003 3885 2056 3948 4.
2079 3892 2241 3948 Vides
2257 3891 2510 3963 praeclara
2537 3885 2940 3947 resurrectionis
2964 3887 3188 3944 effecta?
3218 3887 3323 3940 Nos
3356 3883 3526 3952 dupli-

1932 3986 1978 4038 ci
2010 3992 2182 4040 morte
2223 3984 2420 4038 mortui
2458 3998 2706 4046 eramus;
2751 3982 3018 4052 duplicem
3074 3979 3250 4046 itaque
3280 3989 3523 4029 resurre-

1939 4077 2172 4131 ctionem
2220 4082 2592 4144 exspectemus
2651 4091 2664 4126 :
2711 4073 2825 4142 ipse
2880 4070 3108 4140 simplici
3147 4075 3391 4122 monitus
3443 4073 3529 4118 est

1939 4175 2149 4233 morte;
2179 4174 2467 4237 propterea
2510 4164 2738 4234 Simplici
2767 4176 2982 4234 quoque
3016 4158 3413 4215 resurrectione
3442 4172 3526 4210 re-

1939 4259 2187 4314 surrexit.
2210 4257 2346 4325 Quid
2372 4257 2488 4312 hzec
2504 4256 2603 4311 sibi
2633 4248 2858 4310 volunt?
2887 4250 3146 4317 Mortuus,
3182 4251 3421 4319 inquam,
3445 4257 3528 4302 cst

1943 4349 2199 4418 Adamus,
2223 4355 2278 4403 et
2306 4362 2531 4419 corpore
2559 4355 2615 4402 et
2637 4345 2814 4402 anima
2840 4363 2854 4400 :
2885 4353 3127 4399 mortuus
3170 4349 3255 4398 est
3308 4347 3527 4411 peccato

1938 4448 1992 4495 et
2020 4448 2232 4494 natura.
2284 4438 2349 4492 In
2397 4445 2708 4508 quocumque
2762 4435 2844 4491 die
2892 4434 3206 4490 comederitis
3255 4433 3318 4485 de
3346 4432 3525 4502 ligno,

1938 4542 2100 4588 morte
2126 4532 2413 4587 moriemini
2441 4530 2597 4604 (Gen.
2621 4530 2672 4585 2..
2711 4529 2822 4602 Π).
2871 4527 3032 4598 Atqui
3084 4541 3191 4580 non
3217 4524 3402 4594 eadem
3442 4521 3528 4576 die

1940 4635 2182 4682 mortuus
2208 4637 2291 4682 est
2317 4633 2504 4680 natura
2527 4666 2544 4692 ,
2572 4624 2666 4680 sed
2711 4633 2931 4693 peccato
2967 4631 3050 4676 est
3075 4630 3317 4675 mortuus
3343 4619 3360 4649 ι
3382 4659 3397 4684 ,
3429 4617 3520 4671 illa

1941 4734 2086 4776 mors
2111 4729 2196 4777 est
2223 4721 2438 4786 animae,
2458 4713 2573 4773 haec
2594 4732 2740 4772 mors
2765 4725 2848 4772 est
2868 4715 3129 4785 corporis.
3156 4712 3259 4769 Sed
3281 4726 3402 4766 cum
3433 4726 3528 4763 au-

1938 4811 2101 4865 dieris
2145 4813 2373 4864 mortem
2415 4823 2536 4864 esse
2560 4809 2783 4874 animat,
2816 4807 2920 4861 noli
2947 4806 3080 4861 mori
3122 4805 3353 4858 animam
3382 4802 3528 4856 arbi-

1944 4901 2071 4956 trari
2105 4919 2119 4955 :
2151 4911 2234 4956 est
2263 4901 2403 4956 enim
2435 4899 2791 4962 immortalis;
2814 4911 3000 4953 verum
3041 4897 3235 4951 animm
3263 4908 3411 4950 mors
3439 4904 3522 4948 eSt

1939 5003 2211 5064 peccatum
2231 5001 2286 5048 et
2306 4992 2621 5062 supplicium
2640 4999 2896 5046 teternum
2927 5008 2939 5041 :
2970 4999 3254 5060 prepterea
3281 4989 3356 5042 ait
3376 4987 3529 5042 Clu-i-

1940 5095 2052 5141 stus
2077 5127 2092 5152 ,
2121 5083 2298 5139 Nolite
2348 5085 2522 5138 timere
2571 5100 2654 5138 eos
2699 5088 2786 5153 qui
2808 5083 3042 5137 occidunt
3070 5091 3277 5153 corpus,
3306 5083 3529 5134 animum

1942 5188 2110 5231 autem
2131 5189 2231 5231 non
2259 5185 2468 5247 possunt
2496 5175 2753 5239 occidere;
2783 5177 2877 5229 sed
2897 5177 3063 5247 potius
3086 5177 3251 5229 timete
3279 5189 3422 5237 eum,
3444 5173 3528 5239 qui

1943 5279 2106 5342 potest
2150 5279 2197 5325 et
2242 5270 2468 5323 maintain
2524 5279 2571 5324 et
2608 5265 2800 5339 corpus
2844 5269 3051 5338 perdere
3123 5268 3179 5320 in
3249 5265 3530 5336 gehennam

1943 5361 2156 5430 (Matth.
2191 5359 2280 5417 10.
2309 5361 2404 5432 28)
2431 5379 2444 5415 :
2477 5361 2620 5432 quod
2651 5372 2829 5416 autem
2857 5369 2941 5415 est
2967 5352 3252 5429 perditum,
3285 5357 3527 5410 subsistit
3615 5405 3622 5414 ,

1942 5455 2178 5524 quidem,
2205 5454 2300 5510 sed
2331 5456 2500 5509 aciem
2527 5455 2803 5510 oculorum
2835 5454 2951 5524 ejus
2979 5453 3067 5522 qui
3099 5450 3346 5520 perdidit,
3373 5449 3520 5519 fugit.

1944 5546 2139 5601 Verum
2163 5554 2220 5600 ut
2241 5546 2502 5611 dicebam,
2531 5545 2724 5615 duplex
2749 5547 2798 5600 in
2819 5545 2971 5599 nobis
2997 5558 3141 5597 mors
3159 5550 3240 5595 est
3261 5558 3273 5607 ;
3299 5556 3528 5610 quapro-

1943 5650 2058 5710 pter
2087 5651 2140 5696 et
2167 5639 2430 5711 duplicem
2469 5640 2579 5695 ﬁeri
2612 5640 2665 5694 in
2706 5639 2858 5694 nobis
2886 5634 3329 5692 resurrecﬁonem
3354 5650 3518 5704 apor-

2004 5773 2020 5805 ι
2060 5780 2176 5834 nea.
2196 5772 2242 5835 l,
2261 5779 2433 5823 natura
2452 5779 2627 5832 autem,
2654 5769 2918 5835 posterius;
2936 5767 3210 5832 trtstiusquc
3228 5773 3441 5819 mortuus
3461 5771 3530 5817 cat

1939 5843 2156 5895 peccato.
