3908 6300
415 279 519 346 1.39

415 411 490 456 tet
516 419 528 454 :
564 402 616 454 in
653 400 865 456 Christo
890 400 1116 470 simplex
1142 416 1284 455 mors
1303 401 1400 454 fuit
1425 419 1436 452 :
1465 417 1567 454 non
1592 401 1732 454 enim
1761 400 2003 454 Christus

416 492 685 560 peccavit,
718 492 810 546 sed
848 491 959 560 ipsa
989 505 1132 547 mors
1161 491 1383 560 simplex
1414 501 1632 561 propter
1657 505 1752 544 nos
1774 499 1855 544 est
1880 505 2001 543 sus-

413 591 740 651 ceptaznon
781 582 920 636 enim
961 592 1188 636 mortem
1236 581 1419 636 debuit
1468 582 1588 647 ille,
1643 596 1817 650 neque
1861 582 2004 636 enim

421 690 542 729 reus
566 684 682 730 erat
719 675 938 744 peccati,
959 675 1204 744 quocirca
1236 689 1331 728 nec
1361 674 1581 727 mortis:
1608 682 1887 742 propterea
1915 673 2005 727 ille

422 765 628 834 quidem
648 766 1037 818 resurrectione
1050 763 1314 832 simplicia
1332 764 1557 833 simplici
1578 772 1748 818 morte
1767 778 2006 818 resurre-

424 857 534 910 xit:
561 871 656 910 nos
677 865 877 918 autem,
903 857 989 926 qui
1009 855 1385 925 duplicimorte
1403 857 1594 909 mortui
1623 855 2008 924 sumus,dupli-

422 947 469 1000 ci
511 962 722 1016 quoque
750 947 1138 1001 resurrectione
1155 947 1478 1018 resurgimus
1510 964 1522 998 :
1568 961 1670 999 una
1685 946 1895 1014 quidem
1910 961 2005 998 an-

419 1050 501 1094 tea
535 1041 946 1101 resurreximus,
970 1054 1087 1109 quzc
1100 1047 1182 1092 est
1205 1054 1234 1091 a
1260 1047 1477 1108 peccato
1505 1054 1518 1090 :
1543 1036 1838 1106 consepulti
1863 1052 2006 1090 emm

418 1131 714 1200 sumusipsi
738 1131 788 1184 in
803 1129 1082 1200 baptismo,
1104 1139 1158 1184 et
1173 1130 1607 1186 consurreximus
1627 1143 1746 1183 cum
1771 1129 1885 1198 ipso
1912 1143 2007 1197 per

423 1224 768 1291 baptismum.
807 1221 917 1277 Una
950 1222 1062 1276 hzec
1093 1222 1415 1276 resurrectio
1442 1230 1525 1276 est
1555 1221 1798 1276 liberatio
1821 1235 1850 1274 a
1879 1234 2006 1289 pec-

418 1314 583 1377 catis;
605 1313 770 1366 altera
795 1329 920 1367 vero
939 1314 1258 1368 resurrectio
1277 1323 1356 1366 est
1372 1313 1640 1381 corporis:
1666 1312 1810 1366 dedit
1836 1311 2007 1379 majo-

425 1421 561 1470 rem,
586 1416 835 1475 exSpecta
864 1408 1022 1460 etiam
1050 1404 1310 1458 minorem
1343 1404 1498 1459 :‘lizrc
1532 1393 1672 1458 enim
1697 1404 1864 1459 multo
1897 1417 2011 1458 ma-

419 1497 512 1563 jor
542 1504 622 1548 est
649 1496 950 1549 illazmulto
977 1497 1117 1548 eiiim
1144 1495 1312 1565 majus
1343 1505 1425 1550 est
1454 1511 1481 1548 a
1511 1497 1743 1566 peccatis
1771 1495 2010 1560 liberari,

423 1600 580 1652 quam
603 1599 797 1653 corpus
824 1600 1108 1656 resurgens
1134 1585 1349 1640 intueri.
1380 1586 1664 1654 Propterea
1677 1585 1869 1641 cecidit
1888 1600 2010 1640 cor-

428 1691 546 1742 pus,
573 1676 694 1742 quia
724 1677 962 1744 peccavit
995 1694 1006 1729 :
1038 1677 1081 1731 si
1113 1677 1274 1746 igitur
1322 1677 1637 1746 principium
1683 1677 1908 1732 cadendi
1933 1684 2016 1731 est

431 1775 704 1834 peccatum
727 1809 742 1832 ,
774 1768 1090 1838 principium
1121 1769 1433 1838 resurgeudi
1461 1778 1545 1823 est
1570 1784 1599 1822 a
1633 1779 1850 1839 peccato
1876 1769 2013 1824 libe-

427 1859 552 1912 rari.
609 1858 1021 1913 Resurreximus
1068 1860 1322 1930 deinceps
1377 1861 1770 1915 resurrectione
1801 1859 2016 1930 majori,

427 1947 634 2017 abjccta
663 1950 809 2018 gravi
866 1959 1037 2004 morte
1078 1950 1302 2018 peccati,
1329 1961 1381 2004 et
1419 1951 1584 2004 veteri
1631 1959 1788 2004 exuta
1820 1959 1968 2005 veste
1997 1967 2012 2004 :

431 2055 496 2092 ne
527 2038 685 2108 igitur
708 2038 777 2092 de
807 2039 996 2093 minori
1026 2039 1398 2110 desperemus.
1437 2041 1548 2094 Hac
1569 2049 1624 2094 et
1654 2055 1752 2095 nos
1777 2040 1903 2094 olim
1930 2057 2016 2096 rc-

432 2129 764 2183 surrcctione
792 2131 1216 2194 resurreximus,
1260 2131 1472 2200 quando
1497 2131 1741 2200 baptizati
1768 2129 1966 2186 fuimus
1996 2171 2014 2197 ,

433 2229 591 2287 atque
614 2219 667 2272 lii
695 2220 781 2288 qui
806 2219 917 2274 lteri
947 2223 1154 2290 vesperi
1183 2221 1499 2290 baptismate
1520 2221 1661 2290 digni
1687 2222 1850 2275 habiti
1871 2232 2014 2287 sunt,

438 2311 487 2364 hi
511 2312 630 2379 agni
663 2311 906 2379 praeclari
939 2311 978 2364 ⁸.
1007 2312 1404 2367 Nudiustertius
1431 2313 1713 2366 crucilixus
1737 2321 1818 2366 est
1860 2311 2019 2367 Chri-

441 2413 578 2468 stus,
608 2402 701 2458 sed
719 2417 875 2459 nocte
907 2404 1172 2472 prteterita
1196 2405 1487 2458 resurrexit
1516 2420 1528 2456 :
1559 2414 1611 2458 et
1638 2403 1692 2457 lii
1717 2404 2019 2459 nudiuster-

443 2494 547 2546 tius
569 2507 599 2545 a
623 2503 839 2561 peccato
860 2493 1256 2559 detinebantur,
1283 2493 1376 2547 sed
1404 2493 1561 2547 simul
1593 2509 1712 2546 eum
1739 2510 1804 2548 eo
1836 2510 2020 2549 resur-

438 2593 690 2638 rexerqu
719 2603 731 2636 :
763 2584 851 2638 ille
889 2598 1113 2652 corpore
1158 2593 1396 2638 mortuus
1437 2594 1518 2638 est
1543 2627 1556 2651 ,
1590 2595 1644 2640 et
1683 2599 1907 2653 corpore
1938 2600 2025 2639 re-

445 2677 714 2729 surrexit:
743 2675 794 2729 hi
823 2677 1017 2729 mortui
1048 2687 1266 2744 peccato
1293 2684 1466 2740 erant,
1491 2684 1544 2729 et
1575 2691 1604 2728 a
1635 2677 1862 2744 peccatis
1889 2675 2025 2730 libe-

446 2767 545 2819 rati
571 2775 996 2820 resurrexerunt.
1034 2768 1111 2819 Ac
1140 2775 1278 2820 terra
1311 2766 1524 2834 quidem
1557 2779 1721 2820 verno
1752 2765 1854 2819 hoc
1892 2774 2028 2819 tem-

445 2873 576 2927 pore
615 2873 765 2911 rosas
793 2867 846 2911 et
891 2858 1055 2911 violas
1079 2856 1321 2926 aliosque
1347 2855 1510 2910 ﬂores
1538 2856 1691 2908 nobis
1712 2854 1854 2918 edit;
1880 2870 2030 2924 aqua:

452 2964 584 3005 vero
631 2959 768 3005 terra
817 2949 972 3004 nobis
1001 2958 1211 3020 pratum
1260 2948 1624 3003 delectabilius
1653 2947 2028 3002 exhibuerunt.

446 3044 526 3097 he
549 3042 759 3096 mireris
774 3042 912 3112 quod
942 3042 1007 3096 ab
1031 3043 1184 3110 aquis
1210 3040 1369 3095 liores
1395 3039 1772 3110 germinariut;
1807 3054 1903 3094 nec
1920 3039 2031 3108 ipsa

448 3149 587 3187 terra
618 3149 688 3188 ex
715 3134 929 3203 propria
950 3144 1162 3197 natura,
1186 3133 1279 3188 sed
1301 3147 1364 3187 ex
1395 3133 1602 3186 Domini
1629 3131 1879 3186 mandato
1900 3147 2030 3202 ger-

450 3242 572 3281 men
604 3225 713 3280 edit
736 3242 750 3281 :
781 3215 1025 3279 animalia
1050 3239 1260 3295 quoque
1285 3235 1432 3278 motu
1458 3223 1677 3293 praedita
1703 3223 1754 3277 in
1777 3222 2036 3293 principio

452 3320 566 3374 edit
589 3333 850 3388 aquarum
883 3325 1068 3370 natura
1100 3332 1115 3381 ;
1150 3314 1453 3370 Producant
1475 3316 1637 3380 enim,
1671 3314 1860 3385 inquit,
1891 3329 2038 3386 aqua

451 3409 649 3476 reptilia
671 3410 956 3461 animarum
980 3408 1244 3460 viventium
1268 3405 1418 3475 (Gen.
1453 3407 1503 3459 l.
1533 3407 1624 3475 20)
1657 3422 1670 3471 ;
1712 3415 1766 3459 et
1813 3405 2034 3458 manda-

454 3511 563 3552 tum
607 3514 744 3567 epus
774 3497 988 3563 evasit,
1043 3498 1237 3566 illaque
1265 3497 1456 3551 anima:
1513 3511 1703 3566 expers
1749 3497 2039 3550 substantia

457 3593 692 3644 animata
725 3591 942 3658 protulit
967 3589 1239 3644 animalia.
1279 3590 1354 3643 lta
1388 3604 1528 3644 nunc
1556 3591 1716 3644 etiam
1750 3589 2042 3658 producant

457 3696 631 3750 aqum,
675 3696 779 3734 non
826 3681 1034 3750 reptilia
1061 3681 1350 3735 viventium
1401 3681 1722 3744 animarum,
1755 3680 1849 3733 sed
1881 3680 2039 3748 spiri-

459 3774 616 3826 tualla
654 3772 816 3825 dona.
868 3771 1242 3826 Produxerunt
1289 3780 1404 3825 tum
1431 3787 1581 3841 aqua:
1612 3773 1782 3840 pisces
1820 3769 2044 3823 rationis

463 3874 709 3935 expertes
739 3879 800 3919 ac
831 3875 1040 3929 mutos;
1075 3881 1215 3920 nunc
1261 3867 1469 3920 ratione
1498 3865 1752 3936 praeditos
1781 3880 1842 3919 ac
1877 3864 2042 3934 spiri-

461 3958 628 4012 tuales
655 3957 826 4026 pisces
852 3955 1151 4011 eﬂ‘uderunt
1172 3999 1186 4022 ,
1238 3957 1412 4028 pisces
1433 4000 1447 4025 ,
1487 3974 1622 4027 quos
1671 3958 1897 4026 apostoli
1923 3967 2046 4011 sunt

464 4050 670 4119 piscati.
714 4046 885 4101 Venite
929 4048 1070 4102 enim
1091 4091 1106 4116 ,
1141 4049 1331 4119 inquit,
1365 4059 1409 4102 et
1437 4049 1624 4112 faciant
1669 4063 1752 4102 vos
1780 4049 2046 4113 piscatores

463 4146 723 4201 hominum
753 4144 962 4218 (Matth.
993 4145 1048 4198 4.
1081 4143 1170 4213 19)
1195 4162 1208 4198 :
1237 4143 1351 4197 haec
1376 4151 1458 4196 est
1489 4142 1574 4196 illa
1606 4141 1828 4211 piscatio
1858 4141 1924 4195 de
1943 4156 2047 4210 qua

462 4241 942 4310 tumluquebatur:
973 4252 1143 4292 novus
1169 4251 1351 4291 revera
1383 4235 1692 4306 piscationis
1713 4233 1935 4290 modus:
1959 4235 2049 4304 qui

463 4331 735 4398 piscantur
755 4345 818 4384 ex
849 4328 1004 4398 aquis
1032 4327 1280 4398 ejiciunt,
1311 4341 1412 4381 nos
1464 4327 1514 4380 in
1556 4342 1720 4395 aquas
1761 4327 2046 4396 iujicimus,

463 4430 625 4490 atque
657 4420 728 4474 ita
760 4421 1052 4489 piscamur.
1106 4417 1228 4470 Fuit
1266 4417 1393 4471 olim
1433 4426 1487 4471 et
1525 4426 1698 4471 stante
1747 4417 2049 4471 Judzcorum

468 4513 590 4582 lege
618 4512 817 4581 piscina
856 4527 872 4564 :
904 4511 1051 4564 disce
1094 4508 1217 4579 quid
1249 4509 1477 4578 potuerit
1507 4509 1592 4561 illa
1625 4509 1848 4577 piscina,
1872 4517 1927 4561 ut
1954 4507 2050 4561 Ju-

468 4606 675 4658 daieam
705 4605 879 4658 discas
907 4610 1220 4673 egestatem,
1252 4614 1307 4655 ut
1335 4601 1544 4655 divitias
1574 4601 1748 4656 discas
1773 4602 2049 4656 Ecclesiae.

468 4697 679 4751 Piscina
707 4705 821 4750 erat
850 4709 1104 4764 aquarum
1123 4735 1138 4757 ,
1165 4693 1394 4762 illucque
1423 4693 1643 4763 angelus
1671 4693 2049 4757 descendebat,

469 4800 521 4842 et
550 4803 716 4858 aquas
748 4788 1026 4854 movebat;
1058 4786 1250 4841 deinde
1278 4794 1396 4856 post
1425 4802 1574 4856 aqua:
1594 4787 1886 4841 motionem
1914 4803 2054 4857 :cger

471 4897 608 4935 unus
636 4879 1064 4950 ingrediebatur,
1100 4888 1153 4932 et
1188 4878 1475 4932 sanabatur
1498 4876 1677 4947 (Joan.
1703 4879 1754 4933 5.
1786 4877 1840 4931 2.
1870 4877 2004 4947 sqq.)
2039 4896 2052 4931 :

472 4988 610 5027 unus
637 4973 781 5025 solus
803 4971 1088 5041 quotannis
1115 4969 1418 5032 sanabatur,
1444 4969 1730 5037 statimque
1744 4968 1906 5038 gratia
1936 4983 2054 5021 con-

473 5063 817 5127 sumebatur,
866 5077 973 5116 non
1025 5069 1242 5130 propter
1273 5059 1387 5127 ejus
1413 5061 1501 5129 qui
1535 5059 1697 5113 dabat
1737 5067 2052 5128 egestatem,

472 5157 566 5212 sed
597 5165 814 5226 propter
844 5170 1028 5210 eorum
1062 5154 1150 5223 qui
1180 5153 1511 5222 accipiebant
1551 5152 1931 5206 inﬁrmitatem.
1958 5151 2059 5205 De-

473 5250 768 5305 scendebat
812 5249 961 5319 igitur
999 5249 1219 5318 angelus
1250 5248 1300 5301 in
1333 5245 1612 5316 piscinam,
1633 5255 1686 5299 et
1717 5258 1908 5313 aquam
1939 5258 2058 5298 mo-

481 5345 662 5409 vebat,
695 5359 757 5399 ac
785 5343 1077 5398 sanabatur
1102 5356 1238 5396 unus
1269 5359 1281 5393 :
1310 5337 1588 5395 descendit
1626 5338 1879 5392 Dominus
1899 5352 2061 5407 ange-

475 5434 649 5490 lorum
679 5436 728 5488 in
757 5433 1043 5489 Jordanem
1068 5473 1084 5499 ,
1109 5442 1163 5487 et
1200 5446 1390 5499 aquam
1435 5429 1618 5491 movit,
1653 5437 1814 5496 atque
1843 5428 2060 5481 univer-

475 5539 597 5580 sum
624 5534 884 5578 terrarum
916 5523 1099 5578 orbem
1127 5522 1356 5575 sanavit.
1387 5520 1675 5588 Propterea
1714 5519 1819 5573 illic
1847 5517 2060 5590 quidem

481 5616 553 5682 is,
585 5615 672 5683 qui
703 5624 820 5683 post
863 5615 1087 5683 prinuun
1131 5611 1398 5666 secundus
1427 5610 1796 5676 descenderat,
1847 5611 2063 5666 minime

547 5729 562 5760 ⁸
602 5727 715 5788 Reg.
735 5726 784 5786 2,
803 5726 852 5777 lii
876 5723 1056 5777 surculi
1078 5721 1307 5785 prazclari
1320 5761 1329 5773 .

1135 287 1194 342 S.
1225 285 1502 343 JO.\NNlS
1537 285 2013 342 CHRYSOSTOMI
2045 287 2361 344 ARCIIIEP.
2403 287 2936 345 CONSTANTINOP.

3584 289 3690 345 ιω

2112 404 2428 464 sanabatur;
2469 400 2667 456 Juda'is
2700 403 2894 472 quippe
2939 401 3102 472 gratia
3132 401 3253 456 data
3279 413 3398 458 erat
3425 403 3648 457 inlirmis
3670 443 3689 468 ,

2110 493 2294 562 egenis
2323 509 2335 546 :
2366 492 2454 547 hic
2479 508 2602 546 vero
2628 500 2747 562 post
2768 491 2995 560 primum
3024 492 3288 548 secundus
3307 534 3323 560 ,
3351 501 3469 562 post
3495 508 3693 548 secun-

2115 583 2241 637 dum
2266 584 2472 646 tertius,
2509 591 2629 650 post
2669 583 2880 636 tertium
2909 590 3125 651 quartus
3157 600 3170 635 :
3197 585 3318 638 licet
3339 583 3694 648 decem,licet

2113 674 2332 743 viginti,
2363 673 2488 728 licet
2511 683 2746 740 centum,
2779 674 2902 728 licet
2925 673 3104 728 decies
3130 673 3292 739 mille,
3322 673 3446 727 licet
3474 673 3693 728 univer-

2111 781 2228 819 sum
2278 763 2460 818 orbem
2509 771 2770 818 terrarum
2823 764 3104 818 immiseris
3159 765 3208 817 in
3263 763 3553 832 piscinam,
3587 781 3691 817 non

2110 857 2444 911 consumitur
2471 857 2663 925 gratia,
2687 871 2790 910 non
2821 856 3130 911 exhauritur
3151 856 3348 909 donum
3371 895 3385 920 ,
3438 871 3541 909 non
3572 856 3696 908 lati-

2111 963 2201 1003 ces
2225 948 2565 1017 inquinantur
2585 965 2596 1000 :
2619 962 2789 1018 novus
2813 947 3139 1017 purgationis
3164 947 3355 1001 modus
3381 963 3394 998 :
3425 961 3530 999 non
3549 947 3690 1003 enim

2114 1051 2198 1097 cst
2232 1042 2526 1111 corporalis
2555 1058 2568 1094 :
2598 1055 2720 1094 nam
2750 1041 2804 1094 in
2829 1041 3144 1107 corporibus
3185 1039 3425 1108 quidem,
3449 1053 3553 1107 quo
3582 1038 3694 1107 plu-

2113 1148 2200 1188 res
2223 1132 2530 1197 abluuntur,
2563 1147 2630 1187 eo
2652 1133 2882 1202 majores
2907 1131 3092 1186 sordes
3113 1132 3297 1185 latices
3329 1130 3691 1197 contrahunt;

2113 1225 2201 1280 hic
2229 1241 2356 1281 vero
2380 1241 2485 1296 quo
2523 1226 2704 1296 plures
2735 1224 2974 1288 abluunt,
3003 1239 3069 1278 eo
3104 1223 3346 1291 puriores
3374 1221 3624 1276 evadunt.

2183 1318 2236 1373 5.
2271 1317 2433 1372 Vides
2474 1316 2894 1386 magnitudinem
2938 1314 3107 1368 doni?
3154 1316 3223 1366 At
3261 1322 3318 1366 tu
3368 1312 3494 1367 doni
3539 1311 3699 1380 hujus

2115 1408 2540 1478 magnitudinem
2571 1421 2855 1472 conserva,
2885 1405 2957 1459 mi
2983 1403 3163 1459 homo.
3191 1403 3309 1457 Non
3339 1403 3464 1458 licet
3494 1403 3586 1456 tibi
3615 1403 3700 1455 iu-

2115 1500 2428 1556 ditl‘ereuter
2459 1499 2675 1564 vivere;
2708 1498 2880 1567 legem
2922 1496 3016 1552 tibi
3055 1495 3154 1566 ipsi
3219 1509 3340 1549 cum
3382 1494 3528 1549 omni
3576 1493 3703 1548 dili-

2115 1593 2291 1664 gentia
2319 1591 2681 1662 scisce;agon
2711 1599 2795 1644 est
2839 1596 2894 1643 et
2938 1587 3080 1641 lucta
3129 1585 3370 1656 quadam
3417 1585 3531 1638 hzec
3561 1584 3703 1648 vita;

2117 1683 2205 1754 qui
2232 1691 2410 1736 autem
2441 1682 2492 1735 in
2519 1695 2689 1752 agone
2705 1678 2998 1744 contendit,
3020 1677 3088 1731 ab
3107 1677 3357 1732 omnibus
3378 1690 3436 1730 se
3448 1675 3703 1729 abstinet.

2121 1773 2283 1829 Visne
2299 1775 2556 1844 optimum
2584 1772 2867 1842 quemdam
2911 1786 2973 1825 ac
2998 1784 3241 1825 securum
3269 1777 3414 1822 recte
3444 1769 3706 1822 laetorum

2120 1863 2335 1918 modum
2364 1872 2415 1917 te
2443 1861 2703 1917 doceam?
2729 1860 2858 1928 Quae
2905 1859 3152 1914 nimirum
3186 1857 3532 1912 indill'erentia
3580 1858 3706 1926 qui-

2120 1955 2242 2011 dem
2271 1955 2534 2019 videntur,
2583 1953 2679 2008 sed
2723 1960 2938 2022 peccata
2979 1952 3223 2020 pariunt,
3247 1965 3312 2003 ex
3339 1957 3516 2002 mente
3543 1949 3707 2016 pellae

2117 2059 2418 2100 musznam
2451 2045 2592 2098 inter
2633 2043 2871 2098 actiones
2916 2040 3161 2111 qumdam
3204 2039 3418 2108 quidem
3461 2048 3706 2108 peccata,

2123 2137 2367 2209 quaedam
2415 2152 2545 2192 vero
2593 2151 2700 2191 non
2752 2143 3000 2206 peccata,
3052 2133 3148 2188 sed
3195 2143 3532 2202 peccatorum
3583 2141 3710 2186 sunt

2125 2244 2300 2284 causae
2326 2243 2342 2282 :
2373 2229 2452 2282 sic
2479 2227 2619 2282 risus
2646 2225 2861 2298 quidem
2901 2234 3176 2294 peccatum
3225 2235 3412 2278 natura
3451 2238 3554 2277 non
3585 2232 3705 2286 est;

2127 2320 2187 2374 tit
2215 2329 2391 2373 autem
2424 2327 2728 2388 peccatum,
2757 2317 2800 2371 si
2832 2316 2969 2371 ultra
2991 2315 3207 2371 modum
3231 2314 3532 2370 ell'undatur
3553 2328 3708 2368 :nam

2126 2426 2191 2466 ex
2222 2411 2332 2464 risu
2362 2409 2590 2475 facetite,
2617 2424 2682 2464 ex
2721 2408 2924 2462 facetiis
2953 2408 3240 2462 verborum
3269 2406 3621 2468 obscenitas,
3643 2420 3712 2458 ex

2127 2503 2478 2558 obsccenitate
2505 2501 2786 2556 verborum
2815 2501 2984 2568 turpia
3015 2498 3176 2564 facta,
3203 2513 3267 2552 ex
3289 2498 3530 2567 turpibus
3557 2496 3712 2551 factis

2130 2595 2387 2666 Supplicia
2416 2594 2684 2659 oriuntur,
2720 2606 2784 2646 ac
2803 2606 2975 2661 paenae
3005 2608 3018 2644 :
3047 2591 3174 2644 tolle
3200 2589 3361 2659 igitur
3387 2599 3542 2642 antea
3572 2587 3714 2643 radi-

2131 2703 2270 2754 cem,
2298 2697 2354 2742 ut
2382 2696 2547 2742 totam
2577 2685 2945 2754 aegritudinem
2993 2683 3178 2738 tollas:
3202 2683 3245 2735 si
3276 2683 3416 2736 enim
3457 2680 3612 2734 nobis
3644 2681 3716 2734 ab

2133 2781 2198 2834 iis
2218 2797 2337 2851 qua:
2367 2779 2720 2835 indill‘erentia
2739 2786 3184 2840 sunteavcamus,
3212 2788 3502 2842 numquam
3534 2773 3587 2825 iu
3623 2787 3713 2833 ea,

2132 2887 2250 2940 qua:
2316 2869 2578 2940 prohibita
2637 2877 2803 2934 sunt,
2867 2866 3228 2935 prolabcmur.
3294 2864 3370 2918 Ita
3433 2863 3717 2917 mulierem

2135 2961 2409 3031 aspexisse
2440 2959 2752 3015 indill'erens
2801 2958 2982 3013 multis
3013 2957 3260 3019 videtur;
3292 2962 3346 3008 at
3375 2969 3438 3007 ex
3490 2953 3591 3006 hoc
3619 2968 3718 3007 cu-

2141 3052 2332 3123 piditas
2376 3052 2570 3106 lasciva
2615 3052 2887 3122 gignitur,
2933 3065 3001 3104 ex
3055 3047 3348 3117 cupiditate
3397 3045 3677 3100 foruicatio
3705 3087 3720 3109 ,

2136 3161 2201 3200 ex
2251 3144 2602 3200 fornicatione
2658 3158 2870 3197 rursum
2909 3141 3228 3211 supplicium
3291 3153 3355 3193 ac
3410 3152 3586 3208 poena.
3648 3137 3724 3190 Iti

2138 3235 2368 3290 delicate
2391 3235 2568 3289 vivere
2607 3247 2672 3287 ac
2694 3233 2834 3287 laute
2862 3231 2993 3285 nihil
3023 3245 3186 3300 grave
3205 3245 3325 3284 esse
3354 3229 3596 3293 videtur;
3627 3243 3724 3282 ve-

2139 3342 2258 3382 rum
2285 3324 2407 3379 inde
2429 3324 2681 3389 ebrietas,
2713 3337 2937 3393 qumque
2963 3337 3028 3376 ex
3049 3321 3306 3375 ebrietate
3328 3320 3465 3374 mala
3487 3333 3726 3374 sexcen-

2142 3427 2194 3472 ta
2254 3425 2565 3471 nascuntur.
2622 3415 2897 3469 Tollamus
2982 3413 3143 3482 igitur
3212 3413 3404 3481 ubique
3474 3417 3727 3479 peccato-

2143 3526 2262 3565 rum
2317 3509 2596 3579 priucipia.
2651 3507 2851 3561 Idcirco
2905 3505 3140 3575 quotidie
3189 3505 3436 3558 continua
3481 3503 3727 3559 doctrina

2148 3601 2476 3672 perfruimini
2530 3619 2544 3654 :
2592 3599 2789 3653 idcirco
2835 3606 3038 3664 septem
3068 3596 3271 3650 dierum
3316 3595 3487 3662 spatio
3531 3608 3729 3648 conse-

2145 3701 2372 3762 quenter
2398 3691 2677 3745 collectam
2701 3689 2901 3758 agimus
2928 3685 3026 3759 (a),
3051 3701 3112 3738 ac
3133 3685 3460 3753 spiritualem
3487 3699 3730 3738 mensam

2146 3785 2297 3839 vobis
2343 3784 2690 3853 apponimus,
2734 3790 2790 3834 ut
2827 3787 3006 3833 nostra
3047 3792 3204 3847 Opera
3256 3777 3449 3831 divinis
3496 3776 3728 3846 eloquiis

2147 3876 2514 3949 perfruamini,
2547 3883 2602 3929 ut
2627 3889 2719 3928 vos
2749 3871 2972 3942 singulis
2998 3870 3184 3925 diebus
3209 3870 3547 3934 instruamus,
3570 3873 3732 3938 atque

2149 3968 2404 4022 adversus
2425 3967 2688 4021 diabolum
2710 3977 2975 4017 armemus
3005 3979 3017 4015 :
3057 3977 3194 4016 nunc
3219 3960 3360 4016 enim
3390 3960 3614 4013 ferocius
3645 3959 3698 4012 in
3719 3990 3734 4001 -

2149 4059 2291 4113 vadit
2324 4077 2336 4112 :
2369 4066 2566 4128 quanto
2590 4056 2759 4125 majus
2789 4065 2870 4110 est
2899 4055 3097 4108 donum
3123 4094 3137 4120 ,
3171 4061 3316 4105 tanto
3361 4051 3518 4105 etiam
3562 4049 3735 4118 majus

2151 4160 2232 4207 est
2265 4150 2482 4205 bellum.
2507 4147 2561 4203 Si
2584 4147 2724 4201 enim
2769 4161 2889 4200 cum
2918 4161 3078 4198 unum
3127 4144 3178 4196 in
3202 4142 3442 4212 paradiso
3469 4140 3691 4194 vidisset
3716 4179 3733 4205 ,

2153 4244 2369 4299 minime
2397 4241 2547 4304 tulit,
2577 4255 2696 4293 eum
2727 4247 2830 4291 tam
2872 4235 3067 4289 multos
3093 4233 3268 4288 videat
3318 4233 3368 4285 in
3399 4231 3532 4286 caelo
3557 4272 3572 4296 ,
3608 4229 3733 4293 dic,

2153 4349 2332 4405 qmeso
2358 4375 2372 4399 ,
2405 4331 2492 4401 qui
2521 4328 2694 4384 feret?
2741 4325 3074 4395 Exasperasti
3116 4325 3376 4378 belluam.
3409 4321 3501 4376 sed
3533 4320 3643 4375 noli
3672 4321 3738 4374 ti-

2155 4442 2334 4490 mere;
2367 4423 2621 4492 majorem
2665 4419 2888 4488 gratiam
2930 4414 3213 4483 accepisti,
3259 4413 3492 4484 gladium
3530 4426 3737 4467 exacu-

2156 4528 2300 4581 tum;
2332 4515 2423 4568 iilo
2449 4526 2620 4582 punge
2649 4516 2969 4577 serpentem.
2995 4505 3194 4560 Idcirco
3216 4505 3359 4558 illum
3383 4505 3521 4557 Deus
3547 4502 3740 4556 adver~

2156 4623 2272 4662 sum
2300 4616 2349 4659 te
2376 4599 2678 4671 exasperari
2707 4597 2974 4668 permisit,
3004 4607 3061 4651 ut
3091 4595 3279 4649 virium
3314 4605 3517 4649 tuarum
3541 4603 3733 4663 poten-

2157 4701 2282 4754 tiam
2305 4699 2418 4766 ipso
2444 4694 2804 4765 experimento
2824 4702 3135 4758 cognoscas.
3187 4688 3251 4740 Et
3294 4684 3740 4756 quemadmodum

2157 4806 2276 4844 eum
2307 4788 2536 4856 Optimus
2559 4783 2816 4851 palaestrze
2837 4779 3085 4848 magister
3101 4776 3396 4846 squalidum
3415 4775 3739 4845 quempiam,

2159 4889 2466 4939 enervatum
2489 4877 2739 4931 athletam
2771 4888 2833 4926 ac
2857 4872 3162 4940 despectum
3182 4869 3467 4938 acceperit,
3500 4867 3590 4921 ubi
3619 4883 3744 4920 eum

2161 4987 2375 5032 unctum
2399 4969 2728 5033 instruxerit,
2755 4965 3074 5026 exercuerit,
3093 4964 3463 5032 corpulentum
3496 4959 3746 5013 reddide-

2161 5072 2251 5134 rit,
2271 5064 2687 5130 otiarideiuceps
2709 5074 2812 5112 non
2834 5057 2960 5112 sinit
2981 5070 3204 5120 ;vverum
3224 5054 3274 5107 iu
3292 5051 3578 5107 certamina
3595 5051 3747 5117 jubet

2162 5159 2507 5218 descendere.
2534 5165 2590 5209 ut
2617 5169 2737 5209 eum
2773 5151 2962 5204 doceat
2988 5148 3333 5219 experientia,
3363 5154 3616 5214 quantum
3649 5144 3747 5212 ipsi

2165 5252 2326 5307 robur
2352 5247 2601 5302 indiderit
2631 5262 2644 5309 ;
2675 5246 2743 5298 ita
2776 5242 3017 5296 Christus
3042 5240 3202 5293 etiam
3236 5237 3358 5290 fecit
3381 5252 3396 5300 ;
3421 5243 3628 5305 poterat
3672 5235 3746 5288 si-

2165 5343 2375 5412 quidem
2407 5339 2675 5394 inimicum
2698 5352 2729 5392 e
2770 5335 2946 5390 medio
2973 5333 3191 5394 tollere,
3235 5329 3328 5382 sed
3358 5337 3414 5382 ut
3440 5328 3620 5396 gratia:
3650 5343 3747 5380 ex-

2167 5433 2490 5497 cellentiam,
2523 5445 2584 5483 ac
2604 5429 2810 5482 virlutis
2835 5423 3143 5497 Spiritualis,
3167 5435 3322 5490 quam
3345 5436 3410 5473 ex
3437 5420 3750 5487 baptismate

2170 5534 2355 5580 nactus
2396 5536 2474 5587 es,
2521 5518 2934 5589 magnitudinem
2987 5515 3196 5578 discas,
3233 5519 3405 5565 tecum
3434 5510 3577 5563 illum
3621 5524 3750 5561 eon-

2231 5657 2305 5716 (a)
2339 5664 2532 5718 Septem
2569 5654 2760 5705 dierqu
2793 5652 2949 5715 Spatio
2980 5648 3195 5713 quotidie
3218 5647 3592 5698 concionabatur
3613 5645 3755 5705 Chry-

2171 5730 2426 5772 δυειοιιιυδ.
