  <div class='ocr_page' id='page_1' title='image "/cluster/home/n/w/nwhite01/storage/ocr_20150623/50/mdp.39015066055818/038.png"; bbox 0 0 3892 6294; ppageno 0'>
   <div class='ocr_carea' id='block_1_1' title="bbox 266 338 391 394">
    <p class='ocr_par' dir='ltr' id='par_1_1' title="bbox 266 338 391 394">
     <span class='ocr_line' id='line_1_1' title="bbox 266 338 391 394; baseline -0.008 0"><span class='ocrx_word' id='word_1_1' title='bbox 266 338 391 394; x_wconf 62' lang='lat' dir='ltr'><strong>Ml‘</strong></span> 
     </span>
    </p>
   </div>
   <div class='ocr_carea' id='block_1_2' title="bbox 260 449 1840 526">
    <p class='ocr_par' dir='ltr' id='par_1_2' title="bbox 260 449 1840 526">
     <span class='ocr_line' id='line_1_2' title="bbox 260 449 1840 526; baseline -0.003 -16"><span class='ocrx_word' id='word_1_2' title='bbox 260 455 404 526; x_wconf 87' lang='lat' dir='ltr'><strong>gredi</strong></span> <span class='ocrx_word' id='word_1_3' title='bbox 432 454 559 509; x_wconf 94' lang='lat' dir='ltr'><strong>sinit</strong></span> <span class='ocrx_word' id='word_1_4' title='bbox 584 495 600 519; x_wconf 91' lang='lat'><strong>,</strong></span> <span class='ocrx_word' id='word_1_5' title='bbox 652 467 715 508; x_wconf 89' lang='lat' dir='ltr'><strong>ac</strong></span> <span class='ocrx_word' id='word_1_6' title='bbox 744 451 937 507; x_wconf 84' lang='lat' dir='ltr'><strong>multas</strong></span> <span class='ocrx_word' id='word_1_7' title='bbox 963 450 1056 506; x_wconf 91' lang='lat' dir='ltr'><strong>tibi</strong></span> <span class='ocrx_word' id='word_1_8' title='bbox 1082 450 1391 505; x_wconf 90' lang='lat' dir='ltr'><strong>occasiones</strong></span> <span class='ocrx_word' id='word_1_9' title='bbox 1417 449 1721 521; x_wconf 74' lang='lat' dir='ltr'><strong>suppeditat</strong></span> <span class='ocrx_word' id='word_1_10' title='bbox 1746 464 1840 505; x_wconf 82' lang='lat' dir='ltr'><strong>co-</strong></span> 
     </span>
    </p>
   </div>
   <div class='ocr_carea' id='block_1_3' title="bbox 260 541 1841 613">
    <p class='ocr_par' dir='ltr' id='par_1_3' title="bbox 260 541 1841 613">
     <span class='ocr_line' id='line_1_3' title="bbox 260 541 1841 613; baseline -0.003 -12"><span class='ocrx_word' id='word_1_11' title='bbox 260 559 535 601; x_wconf 90' lang='lat' dir='ltr'><strong>ronarum.</strong></span> <span class='ocrx_word' id='word_1_12' title='bbox 564 544 766 600; x_wconf 83' lang='lat' dir='ltr'><strong>idcirco</strong></span> <span class='ocrx_word' id='word_1_13' title='bbox 795 552 998 613; x_wconf 89' lang='lat' dir='ltr'><strong>septem</strong></span> <span class='ocrx_word' id='word_1_14' title='bbox 1042 541 1489 611; x_wconf 89' lang='lat' dir='ltr'><strong>consequentibus</strong></span> <span class='ocrx_word' id='word_1_15' title='bbox 1536 541 1620 596; x_wconf 87' lang='lat' dir='ltr'><strong>his</strong></span> <span class='ocrx_word' id='word_1_16' title='bbox 1654 541 1841 597; x_wconf 89' lang='lat' dir='ltr'><strong>diebus</strong></span> 
     </span>
    </p>
   </div>
   <div class='ocr_carea' id='block_1_4' title="bbox 256 631 1839 701">
    <p class='ocr_par' dir='ltr' id='par_1_4' title="bbox 256 631 1839 701">
     <span class='ocr_line' id='line_1_4' title="bbox 256 631 1839 701; baseline -0.004 -10"><span class='ocrx_word' id='word_1_17' title='bbox 256 638 576 692; x_wconf 81' lang='lat' dir='ltr'><strong>concionum</strong></span> <span class='ocrx_word' id='word_1_18' title='bbox 598 634 836 691; x_wconf 82' lang='lat' dir='ltr'><strong>doctrina</strong></span> <span class='ocrx_word' id='word_1_19' title='bbox 859 633 1121 698; x_wconf 80' lang='lat' dir='ltr'><strong>fruimini,</strong></span> <span class='ocrx_word' id='word_1_20' title='bbox 1141 641 1200 686; x_wconf 91' lang='lat' dir='ltr'><strong>ut</strong></span> <span class='ocrx_word' id='word_1_21' title='bbox 1226 632 1279 686; x_wconf 90' lang='lat' dir='ltr'><strong>in</strong></span> <span class='ocrx_word' id='word_1_22' title='bbox 1306 631 1571 688; x_wconf 81' lang='lat' dir='ltr'><strong>laetarum</strong></span> <span class='ocrx_word' id='word_1_23' title='bbox 1597 632 1839 701; x_wconf 64' lang='lat' dir='ltr'><strong>palaestra</strong></span> 
     </span>
    </p>
   </div>
   <div class='ocr_carea' id='block_1_5' title="bbox 259 722 1842 799">
    <p class='ocr_par' dir='ltr' id='par_1_5' title="bbox 259 722 1842 799">
     <span class='ocr_line' id='line_1_5' title="bbox 259 722 1842 799; baseline -0.006 -14"><span class='ocrx_word' id='word_1_24' title='bbox 259 731 544 799; x_wconf 81' lang='lat' dir='ltr'><strong>diligenter</strong></span> <span class='ocrx_word' id='word_1_25' title='bbox 581 725 949 781; x_wconf 90' lang='lat' dir='ltr'><strong>instituamini.</strong></span> <span class='ocrx_word' id='word_1_26' title='bbox 989 724 1237 793; x_wconf 83' lang='lat' dir='ltr'><strong>Alioquin</strong></span> <span class='ocrx_word' id='word_1_27' title='bbox 1269 734 1447 779; x_wconf 88' lang='lat' dir='ltr'><strong>autem</strong></span> <span class='ocrx_word' id='word_1_28' title='bbox 1492 723 1653 778; x_wconf 89' lang='lat' dir='ltr'><strong>etiam</strong></span> <span class='ocrx_word' id='word_1_29' title='bbox 1682 722 1842 792; x_wconf 86' lang='lat' dir='ltr'><strong>spiri-</strong></span> 
     </span>
    </p>
   </div>
   <div class='ocr_carea' id='block_1_6' title="bbox 261 811 1843 886">
    <p class='ocr_par' dir='ltr' id='par_1_6' title="bbox 261 811 1843 886">
     <span class='ocr_line' id='line_1_6' title="bbox 261 811 1843 886; baseline -0.005 -12"><span class='ocrx_word' id='word_1_30' title='bbox 261 819 434 874; x_wconf 86' lang='lat' dir='ltr'><strong>tuales</strong></span> <span class='ocrx_word' id='word_1_31' title='bbox 458 826 581 872; x_wconf 90' lang='lat' dir='ltr'><strong>sunt</strong></span> <span class='ocrx_word' id='word_1_32' title='bbox 604 816 802 886; x_wconf 85' lang='lat' dir='ltr'><strong>nuptiae</strong></span> <span class='ocrx_word' id='word_1_33' title='bbox 830 830 892 869; x_wconf 88' lang='lat' dir='ltr'><strong>ea</strong></span> <span class='ocrx_word' id='word_1_34' title='bbox 916 855 931 881; x_wconf 88' lang='lat'><strong>,</strong></span> <span class='ocrx_word' id='word_1_35' title='bbox 961 829 1077 884; x_wconf 71' lang='lat' dir='ltr'><strong>qute</strong></span> <span class='ocrx_word' id='word_1_36' title='bbox 1094 813 1205 885; x_wconf 88' lang='lat' dir='ltr'><strong>jam</strong></span> <span class='ocrx_word' id='word_1_37' title='bbox 1234 812 1392 881; x_wconf 85' lang='lat' dir='ltr'><strong>ﬁunt;</strong></span> <span class='ocrx_word' id='word_1_38' title='bbox 1418 813 1471 867; x_wconf 90' lang='lat' dir='ltr'><strong>in</strong></span> <span class='ocrx_word' id='word_1_39' title='bbox 1498 811 1694 882; x_wconf 86' lang='lat' dir='ltr'><strong>nuptiis</strong></span> <span class='ocrx_word' id='word_1_40' title='bbox 1715 824 1843 867; x_wconf 87' lang='lat' dir='ltr'><strong>vero</strong></span> 
     </span>
    </p>
   </div>
   <div class='ocr_carea' id='block_1_7' title="bbox 257 904 1844 978">
    <p class='ocr_par' dir='ltr' id='par_1_7' title="bbox 257 904 1844 978">
     <span class='ocr_line' id='line_1_7' title="bbox 257 904 1844 978; baseline -0.004 -14"><span class='ocrx_word' id='word_1_41' title='bbox 257 909 331 964; x_wconf 76' lang='lat' dir='ltr'><strong>ad</strong></span> <span class='ocrx_word' id='word_1_42' title='bbox 361 918 566 978; x_wconf 89' lang='lat' dir='ltr'><strong>septem</strong></span> <span class='ocrx_word' id='word_1_43' title='bbox 594 906 711 963; x_wconf 89' lang='lat' dir='ltr'><strong>dies</strong></span> <span class='ocrx_word' id='word_1_44' title='bbox 740 906 955 960; x_wconf 84' lang='lat' dir='ltr'><strong>thalami</strong></span> <span class='ocrx_word' id='word_1_45' title='bbox 985 915 1246 977; x_wconf 86' lang='lat' dir='ltr'><strong>prostant.</strong></span> <span class='ocrx_word' id='word_1_46' title='bbox 1281 904 1568 974; x_wconf 83' lang='lat' dir='ltr'><strong>Pmpterea</strong></span> <span class='ocrx_word' id='word_1_47' title='bbox 1597 918 1693 959; x_wconf 87' lang='lat' dir='ltr'><strong>nos</strong></span> <span class='ocrx_word' id='word_1_48' title='bbox 1711 918 1844 973; x_wconf 85' lang='lat' dir='ltr'><strong>quo-</strong></span> 
     </span>
    </p>
   </div>
   <div class='ocr_carea' id='block_1_8' title="bbox 258 995 1846 1070">
    <p class='ocr_par' dir='ltr' id='par_1_8' title="bbox 258 995 1846 1070">
     <span class='ocr_line' id='line_1_8' title="bbox 258 995 1846 1070; baseline -0.004 -13"><span class='ocrx_word' id='word_1_49' title='bbox 258 1016 366 1070; x_wconf 89' lang='lat' dir='ltr'><strong>que</strong></span> <span class='ocrx_word' id='word_1_50' title='bbox 396 1001 510 1070; x_wconf 86' lang='lat' dir='ltr'><strong>lege</strong></span> <span class='ocrx_word' id='word_1_51' title='bbox 530 999 804 1055; x_wconf 84' lang='lat' dir='ltr'><strong>sanximus</strong></span> <span class='ocrx_word' id='word_1_52' title='bbox 821 997 991 1065; x_wconf 81' lang='lat' dir='ltr'><strong>vobis,</strong></span> <span class='ocrx_word' id='word_1_53' title='bbox 1020 1006 1080 1052; x_wconf 90' lang='lat' dir='ltr'><strong>ut</strong></span> <span class='ocrx_word' id='word_1_54' title='bbox 1105 996 1190 1052; x_wconf 85' lang='lat' dir='ltr'><strong>hic</strong></span> <span class='ocrx_word' id='word_1_55' title='bbox 1214 1005 1417 1067; x_wconf 86' lang='lat' dir='ltr'><strong>septem</strong></span> <span class='ocrx_word' id='word_1_56' title='bbox 1438 995 1647 1052; x_wconf 90' lang='lat' dir='ltr'><strong>dierum</strong></span> <span class='ocrx_word' id='word_1_57' title='bbox 1671 995 1846 1065; x_wconf 88' lang='lat' dir='ltr'><strong>spatio</strong></span> 
     </span>
    </p>
   </div>
   <div class='ocr_carea' id='block_1_9' title="bbox 260 1086 1844 1157">
    <p class='ocr_par' dir='ltr' id='par_1_9' title="bbox 260 1086 1844 1157">
     <span class='ocr_line' id='line_1_9' title="bbox 260 1086 1844 1157; baseline -0.003 -10"><span class='ocrx_word' id='word_1_58' title='bbox 260 1093 329 1147; x_wconf 81' lang='lat' dir='ltr'><strong>ad</strong></span> <span class='ocrx_word' id='word_1_59' title='bbox 359 1104 541 1145; x_wconf 88' lang='lat' dir='ltr'><strong>sacros</strong></span> <span class='ocrx_word' id='word_1_60' title='bbox 561 1089 821 1144; x_wconf 83' lang='lat' dir='ltr'><strong>thalamos</strong></span> <span class='ocrx_word' id='word_1_61' title='bbox 861 1103 955 1142; x_wconf 90' lang='lat' dir='ltr'><strong>vos</strong></span> <span class='ocrx_word' id='word_1_62' title='bbox 979 1088 1177 1143; x_wconf 82' lang='lat' dir='ltr'><strong>sistatis</strong></span> <span class='ocrx_word' id='word_1_63' title='bbox 1204 1087 1244 1141; x_wconf 74' lang='grc'><strong>³.</strong></span> <span class='ocrx_word' id='word_1_64' title='bbox 1274 1086 1471 1143; x_wconf 77' lang='lat' dir='ltr'><strong>Verum</strong></span> <span class='ocrx_word' id='word_1_65' title='bbox 1501 1087 1613 1143; x_wconf 84' lang='lat' dir='ltr'><strong>illic</strong></span> <span class='ocrx_word' id='word_1_66' title='bbox 1628 1087 1844 1157; x_wconf 87' lang='lat' dir='ltr'><strong>quidem</strong></span> 
     </span>
    </p>
   </div>
   <div class='ocr_carea' id='block_1_10' title="bbox 267 1179 1843 1254">
    <p class='ocr_par' dir='ltr' id='par_1_10' title="bbox 267 1179 1843 1254">
     <span class='ocr_line' id='line_1_10' title="bbox 267 1179 1843 1254; baseline -0.003 -16"><span class='ocrx_word' id='word_1_67' title='bbox 267 1192 387 1254; x_wconf 88' lang='lat' dir='ltr'><strong>post</strong></span> <span class='ocrx_word' id='word_1_68' title='bbox 412 1190 614 1251; x_wconf 87' lang='lat' dir='ltr'><strong>septem</strong></span> <span class='ocrx_word' id='word_1_69' title='bbox 642 1180 757 1236; x_wconf 89' lang='lat' dir='ltr'><strong>dies</strong></span> <span class='ocrx_word' id='word_1_70' title='bbox 797 1180 1113 1234; x_wconf 88' lang='lat' dir='ltr'><strong>solvuntur:</strong></span> <span class='ocrx_word' id='word_1_71' title='bbox 1153 1180 1239 1234; x_wconf 89' lang='lat' dir='ltr'><strong>hic</strong></span> <span class='ocrx_word' id='word_1_72' title='bbox 1284 1187 1481 1244; x_wconf 87' lang='lat' dir='ltr'><strong>autem,</strong></span> <span class='ocrx_word' id='word_1_73' title='bbox 1512 1179 1559 1235; x_wconf 89' lang='lat' dir='ltr'><strong>si</strong></span> <span class='ocrx_word' id='word_1_74' title='bbox 1584 1180 1738 1245; x_wconf 84' lang='lat' dir='ltr'><strong>velis,</strong></span> <span class='ocrx_word' id='word_1_75' title='bbox 1789 1181 1843 1234; x_wconf 90' lang='lat' dir='ltr'><strong>in</strong></span> 
     </span>
    </p>
   </div>
   <div class='ocr_carea' id='block_1_11' title="bbox 262 1269 1845 1341">
    <p class='ocr_par' dir='ltr' id='par_1_11' title="bbox 262 1269 1845 1341">
     <span class='ocr_line' id='line_1_11' title="bbox 262 1269 1845 1341; baseline -0.002 -13"><span class='ocrx_word' id='word_1_76' title='bbox 262 1288 419 1329; x_wconf 76' lang='lat' dir='ltr'><strong>sacro</strong></span> <span class='ocrx_word' id='word_1_77' title='bbox 443 1271 679 1326; x_wconf 83' lang='lat' dir='ltr'><strong>thalamo</strong></span> <span class='ocrx_word' id='word_1_78' title='bbox 712 1279 967 1341; x_wconf 90' lang='lat' dir='ltr'><strong>perpetuo</strong></span> <span class='ocrx_word' id='word_1_79' title='bbox 1009 1280 1151 1324; x_wconf 85' lang='lat' dir='ltr'><strong>stare</strong></span> <span class='ocrx_word' id='word_1_80' title='bbox 1180 1278 1362 1339; x_wconf 86' lang='lat' dir='ltr'><strong>potes;</strong></span> <span class='ocrx_word' id='word_1_81' title='bbox 1391 1278 1549 1340; x_wconf 88' lang='lat' dir='ltr'><strong>atque</strong></span> <span class='ocrx_word' id='word_1_82' title='bbox 1593 1269 1644 1324; x_wconf 90' lang='lat' dir='ltr'><strong>in</strong></span> <span class='ocrx_word' id='word_1_83' title='bbox 1672 1284 1845 1325; x_wconf 67' lang='lat' dir='ltr'><strong>saecu-</strong></span> 
     </span>
    </p>
   </div>
   <div class='ocr_carea' id='block_1_12' title="bbox 260 1360 1844 1433">
    <p class='ocr_par' dir='ltr' id='par_1_12' title="bbox 260 1360 1844 1433">
     <span class='ocr_line' id='line_1_12' title="bbox 260 1360 1844 1433; baseline -0.004 -14"><span class='ocrx_word' id='word_1_84' title='bbox 260 1364 463 1419; x_wconf 83' lang='lat' dir='ltr'><strong>laribus</strong></span> <span class='ocrx_word' id='word_1_85' title='bbox 483 1361 696 1433; x_wconf 89' lang='lat' dir='ltr'><strong>quidem</strong></span> <span class='ocrx_word' id='word_1_86' title='bbox 714 1361 912 1430; x_wconf 90' lang='lat' dir='ltr'><strong>nuptiis</strong></span> <span class='ocrx_word' id='word_1_87' title='bbox 934 1369 1050 1430; x_wconf 88' lang='lat' dir='ltr'><strong>post</strong></span> <span class='ocrx_word' id='word_1_88' title='bbox 1073 1375 1233 1414; x_wconf 88' lang='lat' dir='ltr'><strong>unum</strong></span> <span class='ocrx_word' id='word_1_89' title='bbox 1257 1360 1339 1415; x_wconf 90' lang='lat' dir='ltr'><strong>vel</strong></span> <span class='ocrx_word' id='word_1_90' title='bbox 1360 1360 1585 1415; x_wconf 89' lang='lat' dir='ltr'><strong>alterum</strong></span> <span class='ocrx_word' id='word_1_91' title='bbox 1607 1374 1844 1414; x_wconf 88' lang='lat' dir='ltr'><strong>mensem</strong></span> 
     </span>
    </p>
   </div>
   <div class='ocr_carea' id='block_1_13' title="bbox 263 1451 1847 1524">
    <p class='ocr_par' dir='ltr' id='par_1_13' title="bbox 263 1451 1847 1524">
     <span class='ocr_line' id='line_1_13' title="bbox 263 1451 1847 1524; baseline -0.003 -13"><span class='ocrx_word' id='word_1_92' title='bbox 263 1470 463 1524; x_wconf 81' lang='lat' dir='ltr'><strong>sponsa</strong></span> <span class='ocrx_word' id='word_1_93' title='bbox 493 1468 596 1509; x_wconf 91' lang='lat' dir='ltr'><strong>non</strong></span> <span class='ocrx_word' id='word_1_94' title='bbox 628 1453 761 1508; x_wconf 89' lang='lat' dir='ltr'><strong>adeo</strong></span> <span class='ocrx_word' id='word_1_95' title='bbox 798 1466 996 1523; x_wconf 90' lang='lat' dir='ltr'><strong>sponso</strong></span> <span class='ocrx_word' id='word_1_96' title='bbox 1034 1461 1117 1507; x_wconf 87' lang='lat' dir='ltr'><strong>est</strong></span> <span class='ocrx_word' id='word_1_97' title='bbox 1155 1452 1398 1508; x_wconf 90' lang='lat' dir='ltr'><strong>amabilis</strong></span> <span class='ocrx_word' id='word_1_98' title='bbox 1425 1470 1438 1506; x_wconf 94' lang='lat'>:</span> <span class='ocrx_word' id='word_1_99' title='bbox 1463 1451 1549 1506; x_wconf 90' lang='lat' dir='ltr'><strong>hic</strong></span> <span class='ocrx_word' id='word_1_100' title='bbox 1569 1465 1696 1506; x_wconf 85' lang='lat' dir='ltr'><strong>vero</strong></span> <span class='ocrx_word' id='word_1_101' title='bbox 1741 1465 1847 1506; x_wconf 90' lang='lat' dir='ltr'><strong>non</strong></span> 
     </span>
    </p>
   </div>
   <div class='ocr_carea' id='block_1_14' title="bbox 269 1543 1849 1616">
    <p class='ocr_par' dir='ltr' id='par_1_14' title="bbox 269 1543 1849 1616">
     <span class='ocr_line' id='line_1_14' title="bbox 269 1543 1849 1616; baseline -0.002 -13"><span class='ocrx_word' id='word_1_102' title='bbox 269 1549 341 1603; x_wconf 89' lang='lat' dir='ltr'><strong>ita</strong></span> <span class='ocrx_word' id='word_1_103' title='bbox 362 1590 379 1614; x_wconf 91' lang='lat'><strong>,</strong></span> <span class='ocrx_word' id='word_1_104' title='bbox 408 1545 501 1602; x_wconf 91' lang='lat' dir='ltr'><strong>sed</strong></span> <span class='ocrx_word' id='word_1_105' title='bbox 527 1554 726 1616; x_wconf 81' lang='lat' dir='ltr'><strong>quanto</strong></span> <span class='ocrx_word' id='word_1_106' title='bbox 765 1546 1018 1614; x_wconf 88' lang='lat' dir='ltr'><strong>temporis</strong></span> <span class='ocrx_word' id='word_1_107' title='bbox 1049 1544 1106 1598; x_wconf 86' lang='lat' dir='ltr'><strong>iit</strong></span> <span class='ocrx_word' id='word_1_108' title='bbox 1130 1543 1299 1613; x_wconf 85' lang='lat' dir='ltr'><strong>major</strong></span> <span class='ocrx_word' id='word_1_109' title='bbox 1323 1557 1634 1614; x_wconf 79' lang='lat' dir='ltr'><strong>progressus</strong></span> <span class='ocrx_word' id='word_1_110' title='bbox 1654 1585 1669 1607; x_wconf 84' lang='lat'><strong>,</strong></span> <span class='ocrx_word' id='word_1_111' title='bbox 1704 1551 1849 1600; x_wconf 83' lang='lat' dir='ltr'><strong>tanto</strong></span> 
     </span>
    </p>
   </div>
   <div class='ocr_carea' id='block_1_15' title="bbox 264 1635 1852 1706">
    <p class='ocr_par' dir='ltr' id='par_1_15' title="bbox 264 1635 1852 1706">
     <span class='ocr_line' id='line_1_15' title="bbox 264 1635 1852 1706; baseline -0.001 -16"><span class='ocrx_word' id='word_1_112' title='bbox 264 1637 595 1692; x_wconf 85' lang='lat' dir='ltr'><strong>ardentiores</strong></span> <span class='ocrx_word' id='word_1_113' title='bbox 615 1635 794 1706; x_wconf 87' lang='lat' dir='ltr'><strong>sponsi</strong></span> <span class='ocrx_word' id='word_1_114' title='bbox 821 1643 945 1690; x_wconf 89' lang='lat' dir='ltr'><strong>sunt</strong></span> <span class='ocrx_word' id='word_1_115' title='bbox 967 1649 1209 1700; x_wconf 89' lang='lat' dir='ltr'><strong>amores;</strong></span> <span class='ocrx_word' id='word_1_116' title='bbox 1239 1643 1384 1689; x_wconf 87' lang='lat' dir='ltr'><strong>tanto</strong></span> <span class='ocrx_word' id='word_1_117' title='bbox 1407 1635 1681 1690; x_wconf 84' lang='lat' dir='ltr'><strong>suaviores</strong></span> <span class='ocrx_word' id='word_1_118' title='bbox 1702 1648 1852 1691; x_wconf 89' lang='lat' dir='ltr'><strong>com-</strong></span> 
     </span>
    </p>
   </div>
   <div class='ocr_carea' id='block_1_16' title="bbox 270 1726 1854 1799">
    <p class='ocr_par' dir='ltr' id='par_1_16' title="bbox 270 1726 1854 1799">
     <span class='ocr_line' id='line_1_16' title="bbox 270 1726 1854 1799; baseline 0.001 -18"><span class='ocrx_word' id='word_1_119' title='bbox 270 1734 457 1799; x_wconf 70' lang='lat' dir='ltr'><strong>plexus</strong></span> <span class='ocrx_word' id='word_1_120' title='bbox 477 1770 492 1795; x_wconf 93' lang='lat'><strong>,</strong></span> <span class='ocrx_word' id='word_1_121' title='bbox 522 1737 669 1783; x_wconf 84' lang='lat' dir='ltr'><strong>tanto</strong></span> <span class='ocrx_word' id='word_1_122' title='bbox 696 1727 1021 1797; x_wconf 85' lang='lat' dir='ltr'><strong>spiritualior</strong></span> <span class='ocrx_word' id='word_1_123' title='bbox 1047 1740 1381 1797; x_wconf 86' lang='lat' dir='ltr'><strong>congressus,</strong></span> <span class='ocrx_word' id='word_1_124' title='bbox 1413 1727 1457 1782; x_wconf 90' lang='lat' dir='ltr'><strong>si</strong></span> <span class='ocrx_word' id='word_1_125' title='bbox 1480 1726 1760 1798; x_wconf 83' lang='lat' dir='ltr'><strong>diligentes</strong></span> <span class='ocrx_word' id='word_1_126' title='bbox 1786 1738 1854 1782; x_wconf 76' lang='lat' dir='ltr'><strong>ac</strong></span> 
     </span>
    </p>
   </div>
   <div class='ocr_carea' id='block_1_17' title="bbox 239 1857 1853 1975">
    <p class='ocr_par' dir='ltr' id='par_1_17' title="bbox 239 1857 1853 1975">
     <span class='ocr_line' id='line_1_17' title="bbox 239 1857 1853 1975; baseline -0.001 -64"><span class='ocrx_word' id='word_1_127' title='bbox 239 1943 243 1946; x_wconf 14' lang='grc' dir='ltr'>ν</span> <span class='ocrx_word' id='word_1_128' title='bbox 267 1865 351 1975; x_wconf 57' lang='grc' dir='ltr'><strong>ωέ</strong></span> <span class='ocrx_word' id='word_1_129' title='bbox 369 1868 546 1973; x_wconf 48' lang='grc' dir='ltr'><strong>ἃςθέᾀῄ</strong></span> <span class='ocrx_word' id='word_1_130' title='bbox 541 1873 690 1923; x_wconf 83' lang='lat' dir='ltr'><strong>unus,</strong></span> <span class='ocrx_word' id='word_1_131' title='bbox 712 1865 892 1924; x_wconf 77' lang='lat' dir='ltr'><strong>septem</strong></span> <span class='ocrx_word' id='word_1_132' title='bbox 913 1857 1105 1912; x_wconf 83' lang='lat' dir='ltr'><strong>dierum</strong></span> <span class='ocrx_word' id='word_1_133' title='bbox 1145 1859 1301 1923; x_wconf 85' lang='lat' dir='ltr'><strong>spatio</strong></span> <span class='ocrx_word' id='word_1_134' title='bbox 1321 1861 1386 1911; x_wconf 87' lang='lat' dir='ltr'><strong>ad</strong></span> <span class='ocrx_word' id='word_1_135' title='bbox 1410 1873 1603 1912; x_wconf 79' lang='lat' dir='ltr'><strong>sacram</strong></span> <span class='ocrx_word' id='word_1_136' title='bbox 1636 1873 1853 1937; x_wconf 64' lang='lat' dir='ltr'><strong>mensam</strong></span> 
     </span>
    </p>
   </div>
   <div class='ocr_carea' id='block_1_18' title="bbox 1244 283 2556 391">
    <p class='ocr_par' dir='ltr' id='par_1_18' title="bbox 1244 283 2556 391">
     <span class='ocr_line' id='line_1_18' title="bbox 1244 283 2556 391; baseline -0.002 -1"><span class='ocrx_word' id='word_1_137' title='bbox 1244 335 1312 391; x_wconf 63' lang='grc' dir='ltr'><strong>ιη</strong></span> <span class='ocrx_word' id='word_1_138' title='bbox 1349 328 1824 390; x_wconf 67' lang='grc' dir='ltr'><strong>ΑεοεΝειοΝεω</strong></span> <span class='ocrx_word' id='word_1_139' title='bbox 1860 331 1924 388; x_wconf 85' lang='lat' dir='ltr'><strong>n.</strong></span> <span class='ocrx_word' id='word_1_140' title='bbox 1964 331 2028 387; x_wconf 63' lang='grc' dir='ltr'><strong>Ν.</strong></span> <span class='ocrx_word' id='word_1_141' title='bbox 2066 330 2230 387; x_wconf 84' lang='lat' dir='ltr'><strong>JESU</strong></span> <span class='ocrx_word' id='word_1_142' title='bbox 2266 283 2556 390; x_wconf 79' lang='lat' dir='ltr'><strong>CﬂRiSTl.</strong></span> 
     </span>
    </p>
   </div>
   <div class='ocr_carea' id='block_1_19' title="bbox 3420 336 3530 395">
    <p class='ocr_par' dir='ltr' id='par_1_19' title="bbox 3420 336 3530 395">
     <span class='ocr_line' id='line_1_19' title="bbox 3420 336 3530 395; baseline -0.064 1"><span class='ocrx_word' id='word_1_143' title='bbox 3420 336 3530 395; x_wconf 64' lang='grc'><strong>442</strong></span> 
     </span>
    </p>
   </div>
   <div class='ocr_carea' id='block_1_20' title="bbox 1950 448 3523 523">
    <p class='ocr_par' dir='ltr' id='par_1_20' title="bbox 1950 448 3523 523">
     <span class='ocr_line' id='line_1_20' title="bbox 1950 448 3523 523; baseline 0.003 -19"><span class='ocrx_word' id='word_1_144' title='bbox 1950 448 2226 520; x_wconf 79' lang='lat' dir='ltr'><strong>vigilantes</strong></span> <span class='ocrx_word' id='word_1_145' title='bbox 2252 449 2437 505; x_wconf 90' lang='lat' dir='ltr'><strong>simus.</strong></span> <span class='ocrx_word' id='word_1_146' title='bbox 2487 449 2546 506; x_wconf 80' lang='lat' dir='ltr'><strong>l&#39;n</strong></span> <span class='ocrx_word' id='word_1_147' title='bbox 2570 452 2884 522; x_wconf 85' lang='lat' dir='ltr'><strong>corporibus</strong></span> <span class='ocrx_word' id='word_1_148' title='bbox 2907 467 3091 510; x_wconf 84' lang='lat' dir='ltr'><strong>rursus</strong></span> <span class='ocrx_word' id='word_1_149' title='bbox 3110 461 3231 523; x_wconf 89' lang='lat' dir='ltr'><strong>post</strong></span> <span class='ocrx_word' id='word_1_150' title='bbox 3265 454 3523 523; x_wconf 80' lang='lat' dir='ltr'><strong>juventu—</strong></span> 
     </span>
    </p>
   </div>
   <div class='ocr_carea' id='block_1_21' title="bbox 1954 534 3528 617">
    <p class='ocr_par' dir='ltr' id='par_1_21' title="bbox 1954 534 3528 617">
     <span class='ocr_line' id='line_1_21' title="bbox 1954 534 3528 617; baseline 0.004 -23"><span class='ocrx_word' id='word_1_151' title='bbox 1954 552 2061 595; x_wconf 89' lang='lat' dir='ltr'><strong>tem</strong></span> <span class='ocrx_word' id='word_1_152' title='bbox 2091 552 2337 597; x_wconf 84' lang='lat' dir='ltr'><strong>senectus</strong></span> <span class='ocrx_word' id='word_1_153' title='bbox 2364 559 2380 610; x_wconf 90' lang='lat'><strong>;</strong></span> <span class='ocrx_word' id='word_1_154' title='bbox 2412 542 2498 598; x_wconf 85' lang='lat' dir='ltr'><strong>hic</strong></span> <span class='ocrx_word' id='word_1_155' title='bbox 2536 550 2658 613; x_wconf 89' lang='lat' dir='ltr'><strong>post</strong></span> <span class='ocrx_word' id='word_1_156' title='bbox 2680 554 3003 601; x_wconf 88' lang='lat' dir='ltr'><strong>senectutem</strong></span> <span class='ocrx_word' id='word_1_157' title='bbox 3043 534 3293 617; x_wconf 84' lang='lat' dir='ltr'><strong>juventus</strong></span> <span class='ocrx_word' id='word_1_158' title='bbox 3312 588 3326 611; x_wconf 95' lang='lat'><strong>,</strong></span> <span class='ocrx_word' id='word_1_159' title='bbox 3353 558 3408 602; x_wconf 85' lang='lat' dir='ltr'><strong>et</strong></span> <span class='ocrx_word' id='word_1_160' title='bbox 3442 547 3528 617; x_wconf 86' lang='lat' dir='ltr'><strong>ju-</strong></span> 
     </span>
    </p>
   </div>
   <div class='ocr_carea' id='block_1_22' title="bbox 1948 632 3524 703">
    <p class='ocr_par' dir='ltr' id='par_1_22' title="bbox 1948 632 3524 703">
     <span class='ocr_line' id='line_1_22' title="bbox 1948 632 3524 703; baseline 0.006 -19"><span class='ocrx_word' id='word_1_161' title='bbox 1948 640 2145 686; x_wconf 83' lang='lat' dir='ltr'><strong>ventus</strong></span> <span class='ocrx_word' id='word_1_162' title='bbox 2193 647 2318 701; x_wconf 73' lang='lat' dir='ltr'><strong>qute</strong></span> <span class='ocrx_word' id='word_1_163' title='bbox 2359 632 2520 688; x_wconf 87' lang='lat' dir='ltr'><strong>ilnem</strong></span> <span class='ocrx_word' id='word_1_164' title='bbox 2569 634 2773 689; x_wconf 87' lang='lat' dir='ltr'><strong>nullum</strong></span> <span class='ocrx_word' id='word_1_165' title='bbox 2822 635 3019 703; x_wconf 87' lang='lat' dir='ltr'><strong>habet,</strong></span> <span class='ocrx_word' id='word_1_166' title='bbox 3071 639 3117 693; x_wconf 88' lang='lat' dir='ltr'><strong>si</strong></span> <span class='ocrx_word' id='word_1_167' title='bbox 3182 638 3524 693; x_wconf 80' lang='lat' dir='ltr'><strong>voluerimus.</strong></span> 
     </span>
    </p>
   </div>
   <div class='ocr_carea' id='block_1_23' title="bbox 1877 721 3528 800">
    <p class='ocr_par' dir='ltr' id='par_1_23' title="bbox 1877 721 3528 800">
     <span class='ocr_line' id='line_1_23' title="bbox 1877 721 3528 800; baseline 0.006 -26"><span class='ocrx_word' id='word_1_168' title='bbox 1877 773 1889 788; x_wconf 71' lang='lat'><strong>,</strong></span> <span class='ocrx_word' id='word_1_169' title='bbox 1948 721 2134 792; x_wconf 85' lang='lat' dir='ltr'><strong>Magna</strong></span> <span class='ocrx_word' id='word_1_170' title='bbox 2160 724 2349 793; x_wconf 76' lang='lat' dir='ltr'><strong>gratia,</strong></span> <span class='ocrx_word' id='word_1_171' title='bbox 2378 724 2472 779; x_wconf 88' lang='lat' dir='ltr'><strong>sed</strong></span> <span class='ocrx_word' id='word_1_172' title='bbox 2501 726 2672 795; x_wconf 81' lang='lat' dir='ltr'><strong>major</strong></span> <span class='ocrx_word' id='word_1_173' title='bbox 2700 729 2802 782; x_wconf 88' lang='lat' dir='ltr'><strong>erit</strong></span> <span class='ocrx_word' id='word_1_174' title='bbox 2824 729 2869 784; x_wconf 91' lang='lat' dir='ltr'><strong>si</strong></span> <span class='ocrx_word' id='word_1_175' title='bbox 2908 731 3232 784; x_wconf 85' lang='lat' dir='ltr'><strong>voluerimus</strong></span> <span class='ocrx_word' id='word_1_176' title='bbox 3262 746 3275 782; x_wconf 90' lang='lat'>:</span> <span class='ocrx_word' id='word_1_177' title='bbox 3306 744 3528 800; x_wconf 81' lang='lat' dir='ltr'><strong>magnus</strong></span> 
     </span>
    </p>
   </div>
   <div class='ocr_carea' id='block_1_24' title="bbox 1945 812 3523 888">
    <p class='ocr_par' dir='ltr' id='par_1_24' title="bbox 1945 812 3523 888">
     <span class='ocr_line' id='line_1_24' title="bbox 1945 812 3523 888; baseline 0.007 -22"><span class='ocrx_word' id='word_1_178' title='bbox 1945 820 2061 866; x_wconf 89' lang='lat' dir='ltr'><strong>erat</strong></span> <span class='ocrx_word' id='word_1_179' title='bbox 2084 813 2242 868; x_wconf 90' lang='lat' dir='ltr'><strong>etiam</strong></span> <span class='ocrx_word' id='word_1_180' title='bbox 2267 812 2483 881; x_wconf 84' lang='lat' dir='ltr'><strong>Paulus,</strong></span> <span class='ocrx_word' id='word_1_181' title='bbox 2505 832 2625 872; x_wconf 91' lang='lat' dir='ltr'><strong>cum</strong></span> <span class='ocrx_word' id='word_1_182' title='bbox 2651 818 3042 888; x_wconf 86' lang='lat' dir='ltr'><strong>baptizaretur;</strong></span> <span class='ocrx_word' id='word_1_183' title='bbox 3064 830 3119 876; x_wconf 92' lang='lat' dir='ltr'><strong>at</strong></span> <span class='ocrx_word' id='word_1_184' title='bbox 3144 822 3311 876; x_wconf 85' lang='lat' dir='ltr'><strong>multo</strong></span> <span class='ocrx_word' id='word_1_185' title='bbox 3331 821 3523 877; x_wconf 86' lang='lat' dir='ltr'><strong>deinde</strong></span> 
     </span>
    </p>
   </div>
   <div class='ocr_carea' id='block_1_25' title="bbox 1945 903 3575 990">
    <p class='ocr_par' dir='ltr' id='par_1_25' title="bbox 1945 903 3575 990">
     <span class='ocr_line' id='line_1_25' title="bbox 1945 903 3575 990; baseline 0.008 -34"><span class='ocrx_word' id='word_1_186' title='bbox 1945 904 2117 972; x_wconf 84' lang='lat' dir='ltr'><strong>major</strong></span> <span class='ocrx_word' id='word_1_187' title='bbox 2144 910 2227 960; x_wconf 89' lang='lat' dir='ltr'><strong>est</strong></span> <span class='ocrx_word' id='word_1_188' title='bbox 2256 903 2427 962; x_wconf 79' lang='lat' dir='ltr'><strong>factus</strong></span> <span class='ocrx_word' id='word_1_189' title='bbox 2454 925 2467 962; x_wconf 89' lang='lat'><strong>:</strong></span> <span class='ocrx_word' id='word_1_190' title='bbox 2499 922 2619 963; x_wconf 90' lang='lat' dir='ltr'><strong>cum</strong></span> <span class='ocrx_word' id='word_1_191' title='bbox 2650 911 2997 990; x_wconf 65' lang='lat' dir='ltr'><strong>praedicaret,</strong></span> <span class='ocrx_word' id='word_1_192' title='bbox 3044 912 3411 969; x_wconf 82' lang='lat' dir='ltr'><strong>confundebat</strong></span> <span class='ocrx_word' id='word_1_193' title='bbox 3435 913 3528 969; x_wconf 72' lang='grc' dir='ltr'><strong>,ιιι-</strong></span> <span class='ocrx_word' id='word_1_194' title='bbox 3572 916 3575 921; x_wconf 89' lang='grc'><em>’</em></span> 
     </span>
    </p>
   </div>
   <div class='ocr_carea' id='block_1_26' title="bbox 1870 992 3529 1081">
    <p class='ocr_par' dir='ltr' id='par_1_26' title="bbox 1870 992 3529 1081">
     <span class='ocr_line' id='line_1_26' title="bbox 1870 992 3529 1081; baseline 0.008 -36"><span class='ocrx_word' id='word_1_195' title='bbox 1870 1066 1889 1081; x_wconf 27' lang='grc' dir='ltr'>ῃ</span> <span class='ocrx_word' id='word_1_196' title='bbox 1951 992 2132 1060; x_wconf 78' lang='lat' dir='ltr'><strong>dzeos;</strong></span> <span class='ocrx_word' id='word_1_197' title='bbox 2191 1003 2373 1064; x_wconf 87' lang='lat' dir='ltr'><strong>postea</strong></span> <span class='ocrx_word' id='word_1_198' title='bbox 2422 1007 2609 1067; x_wconf 85' lang='lat' dir='ltr'><strong>raptus</strong></span> <span class='ocrx_word' id='word_1_199' title='bbox 2638 1008 2719 1054; x_wconf 87' lang='lat' dir='ltr'><strong>est</strong></span> <span class='ocrx_word' id='word_1_200' title='bbox 2770 1000 2823 1055; x_wconf 91' lang='lat' dir='ltr'><strong>in</strong></span> <span class='ocrx_word' id='word_1_201' title='bbox 2856 1003 3190 1071; x_wconf 84' lang='lat' dir='ltr'><strong>paradisum,</strong></span> <span class='ocrx_word' id='word_1_202' title='bbox 3219 1004 3271 1057; x_wconf 93' lang='lat' dir='ltr'><strong>in</strong></span> <span class='ocrx_word' id='word_1_203' title='bbox 3312 1004 3529 1059; x_wconf 89' lang='lat' dir='ltr'><strong>tertium</strong></span> 
     </span>
    </p>
   </div>
   <div class='ocr_carea' id='block_1_27' title="bbox 1946 1084 3528 1159">
    <p class='ocr_par' dir='ltr' id='par_1_27' title="bbox 1946 1084 3528 1159">
     <span class='ocr_line' id='line_1_27' title="bbox 1946 1084 3528 1159; baseline 0.005 -22"><span class='ocrx_word' id='word_1_204' title='bbox 1946 1084 2135 1138; x_wconf 80' lang='lat' dir='ltr'><strong>caelum</strong></span> <span class='ocrx_word' id='word_1_205' title='bbox 2161 1085 2419 1143; x_wconf 86' lang='lat' dir='ltr'><strong>ascendit.</strong></span> <span class='ocrx_word' id='word_1_206' title='bbox 2450 1086 2631 1158; x_wconf 86' lang='lat' dir='ltr'><strong>Itaque</strong></span> <span class='ocrx_word' id='word_1_207' title='bbox 2653 1090 2804 1145; x_wconf 87' lang='lat' dir='ltr'><strong>nobis</strong></span> <span class='ocrx_word' id='word_1_208' title='bbox 2846 1091 3009 1147; x_wconf 83' lang='lat' dir='ltr'><strong>etiam</strong></span> <span class='ocrx_word' id='word_1_209' title='bbox 3031 1092 3155 1148; x_wconf 89' lang='lat' dir='ltr'><strong>licet</strong></span> <span class='ocrx_word' id='word_1_210' title='bbox 3176 1106 3440 1159; x_wconf 84' lang='lat' dir='ltr'><strong>crescere,</strong></span> <span class='ocrx_word' id='word_1_211' title='bbox 3483 1093 3528 1148; x_wconf 81' lang='lat' dir='ltr'><strong>si</strong></span> 
     </span>
    </p>
   </div>
   <div class='ocr_carea' id='block_1_28' title="bbox 1948 1174 3534 1254">
    <p class='ocr_par' dir='ltr' id='par_1_28' title="bbox 1948 1174 3534 1254">
     <span class='ocr_line' id='line_1_28' title="bbox 1948 1174 3534 1254; baseline 0.006 -26"><span class='ocrx_word' id='word_1_212' title='bbox 1948 1174 2211 1241; x_wconf 82' lang='lat' dir='ltr'><strong>velimus,</strong></span> <span class='ocrx_word' id='word_1_213' title='bbox 2271 1183 2328 1232; x_wconf 92' lang='lat' dir='ltr'><strong>et</strong></span> <span class='ocrx_word' id='word_1_214' title='bbox 2374 1178 2620 1233; x_wconf 80' lang='lat' dir='ltr'><strong>collatam</strong></span> <span class='ocrx_word' id='word_1_215' title='bbox 2674 1195 2769 1249; x_wconf 87' lang='lat' dir='ltr'><strong>per</strong></span> <span class='ocrx_word' id='word_1_216' title='bbox 2811 1182 3131 1252; x_wconf 81' lang='lat' dir='ltr'><strong>baptismum</strong></span> <span class='ocrx_word' id='word_1_217' title='bbox 3171 1185 3394 1254; x_wconf 79' lang='lat' dir='ltr'><strong>gratiam</strong></span> <span class='ocrx_word' id='word_1_218' title='bbox 3437 1199 3534 1238; x_wconf 80' lang='lat' dir='ltr'><strong>au-</strong></span> 
     </span>
    </p>
   </div>
   <div class='ocr_carea' id='block_1_29' title="bbox 1947 1263 3529 1340">
    <p class='ocr_par' dir='ltr' id='par_1_29' title="bbox 1947 1263 3529 1340">
     <span class='ocr_line' id='line_1_29' title="bbox 1947 1263 3529 1340; baseline 0.005 -22"><span class='ocrx_word' id='word_1_219' title='bbox 1947 1276 2075 1332; x_wconf 85' lang='lat' dir='ltr'><strong>gere</strong></span> <span class='ocrx_word' id='word_1_220' title='bbox 2100 1280 2114 1317; x_wconf 90' lang='lat'><strong>:</strong></span> <span class='ocrx_word' id='word_1_221' title='bbox 2148 1263 2305 1319; x_wconf 81' lang='lat' dir='ltr'><strong>bonis</strong></span> <span class='ocrx_word' id='word_1_222' title='bbox 2331 1274 2506 1321; x_wconf 84' lang='lat' dir='ltr'><strong>autem</strong></span> <span class='ocrx_word' id='word_1_223' title='bbox 2532 1268 2782 1336; x_wconf 86' lang='lat' dir='ltr'><strong>operibus</strong></span> <span class='ocrx_word' id='word_1_224' title='bbox 2804 1279 3044 1340; x_wconf 79' lang='lat' dir='ltr'><strong>augetur,</strong></span> <span class='ocrx_word' id='word_1_225' title='bbox 3072 1287 3137 1327; x_wconf 83' lang='lat' dir='ltr'><strong>ac</strong></span> <span class='ocrx_word' id='word_1_226' title='bbox 3162 1272 3220 1326; x_wconf 86' lang='lat' dir='ltr'><strong>iit</strong></span> <span class='ocrx_word' id='word_1_227' title='bbox 3249 1272 3529 1339; x_wconf 85' lang='lat' dir='ltr'><strong>illustrior,</strong></span> 
     </span>
    </p>
   </div>
   <div class='ocr_carea' id='block_1_30' title="bbox 1950 1352 3530 1431">
    <p class='ocr_par' dir='ltr' id='par_1_30' title="bbox 1950 1352 3530 1431">
     <span class='ocr_line' id='line_1_30' title="bbox 1950 1352 3530 1431; baseline 0.007 -24"><span class='ocrx_word' id='word_1_228' title='bbox 1950 1353 2229 1423; x_wconf 84' lang='lat' dir='ltr'><strong>lucemque</strong></span> <span class='ocrx_word' id='word_1_229' title='bbox 2257 1352 2413 1410; x_wconf 83' lang='lat' dir='ltr'><strong>nobis</strong></span> <span class='ocrx_word' id='word_1_230' title='bbox 2437 1358 2847 1426; x_wconf 80' lang='lat' dir='ltr'><strong>splendidiorem</strong></span> <span class='ocrx_word' id='word_1_231' title='bbox 2878 1363 3196 1431; x_wconf 84' lang='lat' dir='ltr'><strong>suppeditat.</strong></span> <span class='ocrx_word' id='word_1_232' title='bbox 3220 1364 3368 1430; x_wconf 84' lang='lat' dir='ltr'><strong>Quod</strong></span> <span class='ocrx_word' id='word_1_233' title='bbox 3389 1365 3432 1418; x_wconf 79' lang='lat' dir='ltr'><strong>si</strong></span> <span class='ocrx_word' id='word_1_234' title='bbox 3459 1365 3530 1418; x_wconf 84' lang='lat' dir='ltr'><strong>ita</strong></span> 
     </span>
    </p>
   </div>
   <div class='ocr_carea' id='block_1_31' title="bbox 1951 1444 3529 1523">
    <p class='ocr_par' dir='ltr' id='par_1_31' title="bbox 1951 1444 3529 1523">
     <span class='ocr_line' id='line_1_31' title="bbox 1951 1444 3529 1523; baseline 0.008 -25"><span class='ocrx_word' id='word_1_235' title='bbox 1951 1444 2065 1511; x_wconf 64' lang='lat' dir='ltr'><strong>fras,</strong></span> <span class='ocrx_word' id='word_1_236' title='bbox 2100 1446 2263 1501; x_wconf 74' lang='lat' dir='ltr'><strong>multa</strong></span> <span class='ocrx_word' id='word_1_237' title='bbox 2300 1462 2421 1502; x_wconf 83' lang='lat' dir='ltr'><strong>cum</strong></span> <span class='ocrx_word' id='word_1_238' title='bbox 2462 1448 2653 1504; x_wconf 80' lang='lat' dir='ltr'><strong>ﬁducia</strong></span> <span class='ocrx_word' id='word_1_239' title='bbox 2672 1450 2726 1504; x_wconf 90' lang='lat' dir='ltr'><strong>in</strong></span> <span class='ocrx_word' id='word_1_240' title='bbox 2749 1452 2999 1506; x_wconf 85' lang='lat' dir='ltr'><strong>conclave</strong></span> <span class='ocrx_word' id='word_1_241' title='bbox 3051 1456 3233 1523; x_wconf 85' lang='lat' dir='ltr'><strong>sponsi</strong></span> <span class='ocrx_word' id='word_1_242' title='bbox 3282 1471 3386 1509; x_wconf 90' lang='lat' dir='ltr'><strong>una</strong></span> <span class='ocrx_word' id='word_1_243' title='bbox 3407 1470 3529 1509; x_wconf 88' lang='lat' dir='ltr'><strong>cum</strong></span> 
     </span>
    </p>
   </div>
   <div class='ocr_carea' id='block_1_32' title="bbox 1957 1532 3530 1614">
    <p class='ocr_par' dir='ltr' id='par_1_32' title="bbox 1957 1532 3530 1614">
     <span class='ocr_line' id='line_1_32' title="bbox 1957 1532 3530 1614; baseline 0.005 -26"><span class='ocrx_word' id='word_1_244' title='bbox 1957 1536 2079 1604; x_wconf 85' lang='lat' dir='ltr'><strong>ipso</strong></span> <span class='ocrx_word' id='word_1_245' title='bbox 2121 1532 2466 1604; x_wconf 73' lang='lat' dir='ltr'><strong>intrabimus,</strong></span> <span class='ocrx_word' id='word_1_246' title='bbox 2496 1547 2550 1594; x_wconf 89' lang='lat' dir='ltr'><strong>et</strong></span> <span class='ocrx_word' id='word_1_247' title='bbox 2575 1540 2639 1594; x_wconf 88' lang='lat' dir='ltr'><strong>iis</strong></span> <span class='ocrx_word' id='word_1_248' title='bbox 2666 1539 2819 1595; x_wconf 74' lang='lat' dir='ltr'><strong>bonis</strong></span> <span class='ocrx_word' id='word_1_249' title='bbox 2843 1543 3196 1613; x_wconf 77' lang='lat' dir='ltr'><strong>perfruentur,</strong></span> <span class='ocrx_word' id='word_1_250' title='bbox 3236 1559 3354 1614; x_wconf 71' lang='lat' dir='ltr'><strong>qure</strong></span> <span class='ocrx_word' id='word_1_251' title='bbox 3379 1560 3530 1614; x_wconf 89' lang='lat' dir='ltr'><strong>repo-</strong></span> 
     </span>
    </p>
   </div>
   <div class='ocr_carea' id='block_1_33' title="bbox 1956 1629 3530 1701">
    <p class='ocr_par' dir='ltr' id='par_1_33' title="bbox 1956 1629 3530 1701">
     <span class='ocr_line' id='line_1_33' title="bbox 1956 1629 3530 1701; baseline 0.006 -22"><span class='ocrx_word' id='word_1_252' title='bbox 1956 1629 2057 1681; x_wconf 77' lang='lat' dir='ltr'><strong>sita</strong></span> <span class='ocrx_word' id='word_1_253' title='bbox 2081 1636 2204 1683; x_wconf 79' lang='lat' dir='ltr'><strong>sunt</strong></span> <span class='ocrx_word' id='word_1_254' title='bbox 2228 1629 2295 1683; x_wconf 84' lang='lat' dir='ltr'><strong>iis</strong></span> <span class='ocrx_word' id='word_1_255' title='bbox 2344 1630 2433 1698; x_wconf 82' lang='lat' dir='ltr'><strong>qui</strong></span> <span class='ocrx_word' id='word_1_256' title='bbox 2455 1629 2682 1700; x_wconf 81' lang='lat' dir='ltr'><strong>diligunt</strong></span> <span class='ocrx_word' id='word_1_257' title='bbox 2727 1632 2901 1686; x_wconf 78' lang='lat' dir='ltr'><strong>illum.-</strong></span> <span class='ocrx_word' id='word_1_258' title='bbox 2943 1632 3071 1701; x_wconf 74' lang='lat' dir='ltr'><strong>Qute</strong></span> <span class='ocrx_word' id='word_1_259' title='bbox 3102 1633 3257 1688; x_wconf 86' lang='lat' dir='ltr'><strong>nobis</strong></span> <span class='ocrx_word' id='word_1_260' title='bbox 3282 1634 3530 1688; x_wconf 85' lang='lat' dir='ltr'><strong>omnibus</strong></span> 
     </span>
    </p>
   </div>
   <div class='ocr_carea' id='block_1_34' title="bbox 1955 1718 3531 1792">
    <p class='ocr_par' dir='ltr' id='par_1_34' title="bbox 1955 1718 3531 1792">
     <span class='ocr_line' id='line_1_34' title="bbox 1955 1718 3531 1792; baseline 0.005 -21"><span class='ocrx_word' id='word_1_261' title='bbox 1955 1719 2210 1787; x_wconf 75' lang='lat' dir='ltr'><strong>consequi</strong></span> <span class='ocrx_word' id='word_1_262' title='bbox 2238 1718 2411 1786; x_wconf 81' lang='lat' dir='ltr'><strong>detur,</strong></span> <span class='ocrx_word' id='word_1_263' title='bbox 2458 1722 2623 1791; x_wconf 86' lang='lat' dir='ltr'><strong>gratia</strong></span> <span class='ocrx_word' id='word_1_264' title='bbox 2652 1731 2707 1776; x_wconf 90' lang='lat' dir='ltr'><strong>et</strong></span> <span class='ocrx_word' id='word_1_265' title='bbox 2746 1722 3068 1792; x_wconf 77' lang='lat' dir='ltr'><strong>benignitate</strong></span> <span class='ocrx_word' id='word_1_266' title='bbox 3111 1725 3320 1779; x_wconf 77' lang='lat' dir='ltr'><strong>Domini</strong></span> <span class='ocrx_word' id='word_1_267' title='bbox 3366 1728 3531 1779; x_wconf 88' lang='lat' dir='ltr'><strong>nostri</strong></span> 
     </span>
    </p>
   </div>
   <div class='ocr_carea' id='block_1_35' title="bbox 1952 1805 3534 1886">
    <p class='ocr_par' dir='ltr' id='par_1_35' title="bbox 1952 1805 3534 1886">
     <span class='ocr_line' id='line_1_35' title="bbox 1952 1805 3534 1886; baseline 0.006 -26"><span class='ocrx_word' id='word_1_268' title='bbox 1952 1805 2077 1862; x_wconf 87' lang='lat' dir='ltr'><strong>Jesu</strong></span> <span class='ocrx_word' id='word_1_269' title='bbox 2103 1806 2332 1873; x_wconf 83' lang='lat' dir='ltr'><strong>Christi,</strong></span> <span class='ocrx_word' id='word_1_270' title='bbox 2362 1824 2486 1865; x_wconf 85' lang='lat' dir='ltr'><strong>eum</strong></span> <span class='ocrx_word' id='word_1_271' title='bbox 2531 1826 2638 1882; x_wconf 89' lang='lat' dir='ltr'><strong>quo</strong></span> <span class='ocrx_word' id='word_1_272' title='bbox 2665 1812 2802 1866; x_wconf 85' lang='lat' dir='ltr'><strong>Patri</strong></span> <span class='ocrx_word' id='word_1_273' title='bbox 2830 1823 2891 1867; x_wconf 85' lang='lat' dir='ltr'><strong>et</strong></span> <span class='ocrx_word' id='word_1_274' title='bbox 2911 1811 3127 1882; x_wconf 82' lang='lat' dir='ltr'><strong>Spiritui</strong></span> <span class='ocrx_word' id='word_1_275' title='bbox 3154 1824 3341 1871; x_wconf 82' lang='lat' dir='ltr'><strong>sancto</strong></span> <span class='ocrx_word' id='word_1_276' title='bbox 3367 1815 3534 1886; x_wconf 82' lang='lat' dir='ltr'><strong>gloria</strong></span> 
     </span>
    </p>
   </div>
   <div class='ocr_carea' id='block_1_36' title="bbox 1958 1898 3183 1961">
    <p class='ocr_par' dir='ltr' id='par_1_36' title="bbox 1958 1898 3183 1961">
     <span class='ocr_line' id='line_1_36' title="bbox 1958 1898 3183 1961; baseline 0.006 -7"><span class='ocrx_word' id='word_1_277' title='bbox 1958 1910 2012 1954; x_wconf 86' lang='lat' dir='ltr'><strong>et</strong></span> <span class='ocrx_word' id='word_1_278' title='bbox 2036 1898 2285 1958; x_wconf 87' lang='lat' dir='ltr'><strong>adoratio</strong></span> <span class='ocrx_word' id='word_1_279' title='bbox 2321 1903 2379 1958; x_wconf 84' lang='lat' dir='ltr'><strong>in</strong></span> <span class='ocrx_word' id='word_1_280' title='bbox 2404 1906 2596 1960; x_wconf 62' lang='lat' dir='ltr'><strong>secula</strong></span> <span class='ocrx_word' id='word_1_281' title='bbox 2626 1906 2961 1960; x_wconf 80' lang='lat' dir='ltr'><strong>saeculorum.</strong></span> <span class='ocrx_word' id='word_1_282' title='bbox 2994 1908 3183 1961; x_wconf 75' lang='lat' dir='ltr'><strong>Amen.</strong></span> 
     </span>
    </p>
   </div>
   <div class='ocr_carea' id='block_1_37' title="bbox 291 2156 3506 2191">
    <p class='ocr_par' dir='ltr' id='par_1_37' title="bbox 291 2156 3506 2191">
     <span class='ocr_line' id='line_1_37' title="bbox 291 2156 3506 2191; baseline 0 -1"><span class='ocrx_word' id='word_1_283' title='bbox 291 2156 3506 2191; x_wconf 62' lang='lat' dir='ltr'><strong>mw</strong></span> 
     </span>
    </p>
   </div>
   <div class='ocr_carea' id='block_1_38' title="bbox 1315 2354 2486 2421">
    <p class='ocr_par' dir='ltr' id='par_1_38' title="bbox 1315 2354 2486 2421">
     <span class='ocr_line' id='line_1_38' title="bbox 1315 2354 2486 2421; baseline 0.001 -2"><span class='ocrx_word' id='word_1_284' title='bbox 1315 2358 1396 2421; x_wconf 89' lang='lat' dir='ltr'><strong>IN</strong></span> <span class='ocrx_word' id='word_1_285' title='bbox 1439 2354 1820 2419; x_wconf 80' lang='lat' dir='ltr'><strong>HOMILIAM</strong></span> <span class='ocrx_word' id='word_1_286' title='bbox 1860 2357 1959 2420; x_wconf 89' lang='lat' dir='ltr'><strong>DE</strong></span> <span class='ocrx_word' id='word_1_287' title='bbox 1999 2357 2486 2420; x_wconf 81' lang='lat' dir='ltr'><strong>ASCENSIONE.</strong></span> 
     </span>
    </p>
   </div>
   <div class='ocr_carea' id='block_1_39' title="bbox 276 2541 3527 2618">
    <p class='ocr_par' dir='ltr' id='par_1_39' title="bbox 276 2541 3527 2618">
     <span class='ocr_line' id='line_1_39' title="bbox 276 2541 3527 2618; baseline 0.002 -23"><span class='ocrx_word' id='word_1_288' title='bbox 276 2541 391 2596; x_wconf 82' lang='lat' dir='ltr'><strong>lata</strong></span> <span class='ocrx_word' id='word_1_289' title='bbox 428 2545 737 2610; x_wconf 78' lang='lat' dir='ltr'><strong>statuerint,</strong></span> <span class='ocrx_word' id='word_1_290' title='bbox 765 2553 826 2599; x_wconf 75' lang='lat' dir='ltr'><strong>ut</strong></span> <span class='ocrx_word' id='word_1_291' title='bbox 855 2554 1011 2599; x_wconf 77' lang='lat' dir='ltr'><strong>extra</strong></span> <span class='ocrx_word' id='word_1_292' title='bbox 1037 2544 1302 2599; x_wconf 77' lang='lat' dir='ltr'><strong>civitatem</strong></span> <span class='ocrx_word' id='word_1_293' title='bbox 1351 2544 1527 2609; x_wconf 81' lang='lat' dir='ltr'><strong>hodie,</strong></span> <span class='ocrx_word' id='word_1_294' title='bbox 1554 2553 1605 2599; x_wconf 77' lang='lat' dir='ltr'><strong>et</strong></span> <span class='ocrx_word' id='word_1_295' title='bbox 1640 2544 1849 2617; x_wconf 82' lang='lat' dir='ltr'><strong>quidem</strong></span> <span class='ocrx_word' id='word_1_296' title='bbox 1877 2545 1933 2599; x_wconf 84' lang='lat' dir='ltr'><strong>in</strong></span> <span class='ocrx_word' id='word_1_297' title='bbox 1963 2542 2061 2598; x_wconf 77' lang='lat' dir='ltr'><strong>hoc</strong></span> <span class='ocrx_word' id='word_1_298' title='bbox 2099 2543 2214 2599; x_wconf 86' lang='lat' dir='ltr'><strong>loco</strong></span> <span class='ocrx_word' id='word_1_299' title='bbox 2236 2543 2645 2600; x_wconf 71' lang='lat' dir='ltr'><strong>conveniremus.</strong></span> <span class='ocrx_word' id='word_1_300' title='bbox 2676 2543 2819 2617; x_wconf 83' lang='lat' dir='ltr'><strong>Ergo</strong></span> <span class='ocrx_word' id='word_1_301' title='bbox 2855 2559 2921 2602; x_wconf 80' lang='lat' dir='ltr'><strong>ex</strong></span> <span class='ocrx_word' id='word_1_302' title='bbox 2951 2547 3056 2602; x_wconf 85' lang='lat' dir='ltr'><strong>lata</strong></span> <span class='ocrx_word' id='word_1_303' title='bbox 3089 2546 3207 2618; x_wconf 83' lang='lat' dir='ltr'><strong>lege</strong></span> <span class='ocrx_word' id='word_1_304' title='bbox 3230 2545 3527 2616; x_wconf 83' lang='lat' dir='ltr'><strong>quotannis</strong></span> 
     </span>
    </p>
   </div>
   <div class='ocr_carea' id='block_1_40' title="bbox 178 2635 3525 2732">
    <p class='ocr_par' dir='ltr' id='par_1_40' title="bbox 178 2635 3525 2732">
     <span class='ocr_line' id='line_1_40' title="bbox 178 2635 3525 2732; baseline 0.001 -21"><span class='ocrx_word' id='word_1_305' title='bbox 178 2635 194 2639; x_wconf 57' lang='grc'><strong>’</strong></span> <span class='ocrx_word' id='word_1_306' title='bbox 270 2669 428 2711; x_wconf 78' lang='lat' dir='ltr'><strong>extra</strong></span> <span class='ocrx_word' id='word_1_307' title='bbox 464 2656 652 2711; x_wconf 90' lang='lat' dir='ltr'><strong>urbem</strong></span> <span class='ocrx_word' id='word_1_308' title='bbox 683 2657 736 2712; x_wconf 91' lang='lat' dir='ltr'><strong>in</strong></span> <span class='ocrx_word' id='word_1_309' title='bbox 761 2656 845 2712; x_wconf 83' lang='lat' dir='ltr'><strong>die</strong></span> <span class='ocrx_word' id='word_1_310' title='bbox 874 2652 1224 2720; x_wconf 82' lang='lat' dir='ltr'><strong>Parasceves,</strong></span> <span class='ocrx_word' id='word_1_311' title='bbox 1249 2657 1317 2712; x_wconf 87' lang='lat' dir='ltr'><strong>de</strong></span> <span class='ocrx_word' id='word_1_312' title='bbox 1340 2673 1453 2729; x_wconf 90' lang='lat' dir='ltr'><strong>quo</strong></span> <span class='ocrx_word' id='word_1_313' title='bbox 1483 2656 1686 2732; x_wconf 88' lang='lat' dir='ltr'><strong>agitur,</strong></span> <span class='ocrx_word' id='word_1_314' title='bbox 1716 2673 1783 2714; x_wconf 90' lang='lat' dir='ltr'><strong>eo</strong></span> <span class='ocrx_word' id='word_1_315' title='bbox 1811 2657 1868 2713; x_wconf 88' lang='lat' dir='ltr'><strong>in</strong></span> <span class='ocrx_word' id='word_1_316' title='bbox 1896 2659 2019 2714; x_wconf 89' lang='lat' dir='ltr'><strong>loco</strong></span> <span class='ocrx_word' id='word_1_317' title='bbox 2076 2662 2377 2715; x_wconf 89' lang='lat' dir='ltr'><strong>conventus</strong></span> <span class='ocrx_word' id='word_1_318' title='bbox 2414 2657 2756 2715; x_wconf 88' lang='lat' dir='ltr'><strong>habebantur</strong></span> <span class='ocrx_word' id='word_1_319' title='bbox 2790 2678 2803 2714; x_wconf 92' lang='lat'><strong>:</strong></span> <span class='ocrx_word' id='word_1_320' title='bbox 2831 2676 2932 2716; x_wconf 87' lang='lat' dir='ltr'><strong>nec</strong></span> <span class='ocrx_word' id='word_1_321' title='bbox 2958 2671 3134 2732; x_wconf 89' lang='lat' dir='ltr'><strong>potest</strong></span> <span class='ocrx_word' id='word_1_322' title='bbox 3159 2661 3431 2732; x_wconf 87' lang='lat' dir='ltr'><strong>quidpiam</strong></span> <span class='ocrx_word' id='word_1_323' title='bbox 3460 2678 3525 2717; x_wconf 79' lang='lat' dir='ltr'><strong>ex</strong></span> 
     </span>
    </p>
   </div>
   <div class='ocr_carea' id='block_1_41' title="bbox 275 2768 1809 2841">
    <p class='ocr_par' dir='ltr' id='par_1_41' title="bbox 275 2768 1809 2841">
     <span class='ocr_line' id='line_1_41' title="bbox 275 2768 1809 2841; baseline -0.001 -15"><span class='ocrx_word' id='word_1_324' title='bbox 275 2785 443 2841; x_wconf 86' lang='lat' dir='ltr'><strong>supra</strong></span> <span class='ocrx_word' id='word_1_325' title='bbox 466 2768 649 2826; x_wconf 86' lang='lat' dir='ltr'><strong>allatis</strong></span> <span class='ocrx_word' id='word_1_326' title='bbox 676 2770 855 2826; x_wconf 86' lang='lat' dir='ltr'><strong>verbis</strong></span> <span class='ocrx_word' id='word_1_327' title='bbox 890 2770 957 2827; x_wconf 90' lang='lat' dir='ltr'><strong>ad</strong></span> <span class='ocrx_word' id='word_1_328' title='bbox 980 2786 1184 2827; x_wconf 87' lang='lat' dir='ltr'><strong>annum</strong></span> <span class='ocrx_word' id='word_1_329' title='bbox 1218 2768 1568 2828; x_wconf 84' lang='lat' dir='ltr'><strong>statuendum</strong></span> <span class='ocrx_word' id='word_1_330' title='bbox 1601 2768 1809 2841; x_wconf 82' lang='lat' dir='ltr'><strong>colligi.</strong></span> 
     </span>
    </p>
   </div>
   <div class='ocr_carea' id='block_1_42' title="bbox 344 2906 3527 2983">
    <p class='ocr_par' dir='ltr' id='par_1_42' title="bbox 344 2906 3527 2983">
     <span class='ocr_line' id='line_1_42' title="bbox 344 2906 3527 2983; baseline 0.001 -19"><span class='ocrx_word' id='word_1_331' title='bbox 344 2909 445 2965; x_wconf 83' lang='lat' dir='ltr'><strong>ilic</strong></span> <span class='ocrx_word' id='word_1_332' title='bbox 467 2911 621 2967; x_wconf 85' lang='lat' dir='ltr'><strong>vides</strong></span> <span class='ocrx_word' id='word_1_333' title='bbox 650 2926 905 2983; x_wconf 88' lang='lat' dir='ltr'><strong>magnam</strong></span> <span class='ocrx_word' id='word_1_334' title='bbox 933 2908 1181 2967; x_wconf 80' lang='lat' dir='ltr'><strong>Flaviani</strong></span> <span class='ocrx_word' id='word_1_335' title='bbox 1206 2909 1536 2966; x_wconf 75' lang='lat' dir='ltr'><strong>Antiocheni</strong></span> <span class='ocrx_word' id='word_1_336' title='bbox 1565 2907 1813 2979; x_wconf 85' lang='lat' dir='ltr'><strong>episcopi</strong></span> <span class='ocrx_word' id='word_1_337' title='bbox 1834 2922 1963 2979; x_wconf 86' lang='lat' dir='ltr'><strong>erga</strong></span> <span class='ocrx_word' id='word_1_338' title='bbox 1991 2906 2255 2979; x_wconf 75' lang='lat' dir='ltr'><strong>reliquias</strong></span> <span class='ocrx_word' id='word_1_339' title='bbox 2278 2916 2579 2980; x_wconf 76' lang='lat' dir='ltr'><strong>martyrum</strong></span> <span class='ocrx_word' id='word_1_340' title='bbox 2616 2910 2980 2964; x_wconf 68' lang='lat' dir='ltr'><strong>reverentiam“</strong></span> <span class='ocrx_word' id='word_1_341' title='bbox 3012 2922 3029 2963; x_wconf 88' lang='lat'><strong>:</strong></span> <span class='ocrx_word' id='word_1_342' title='bbox 3059 2924 3188 2965; x_wconf 81' lang='lat' dir='ltr'><strong>nam</strong></span> <span class='ocrx_word' id='word_1_343' title='bbox 3222 2926 3345 2966; x_wconf 86' lang='lat' dir='ltr'><strong>cum</strong></span> <span class='ocrx_word' id='word_1_344' title='bbox 3368 2922 3527 2968; x_wconf 80' lang='lat' dir='ltr'><strong>antea</strong></span> 
     </span>
    </p>
   </div>
   <div class='ocr_carea' id='block_1_43' title="bbox 266 3020 3526 3102">
    <p class='ocr_par' dir='ltr' id='par_1_43' title="bbox 266 3020 3526 3102">
     <span class='ocr_line' id='line_1_43' title="bbox 266 3020 3526 3102; baseline -0.001 -15"><span class='ocrx_word' id='word_1_345' title='bbox 266 3032 373 3088; x_wconf 86' lang='lat' dir='ltr'><strong>sub</strong></span> <span class='ocrx_word' id='word_1_346' title='bbox 397 3031 644 3087; x_wconf 65' lang='lat' dir='ltr'><strong>ecclesiae</strong></span> <span class='ocrx_word' id='word_1_347' title='bbox 672 3032 981 3102; x_wconf 86' lang='lat' dir='ltr'><strong>pavimento</strong></span> <span class='ocrx_word' id='word_1_348' title='bbox 996 3029 1318 3102; x_wconf 88' lang='lat' dir='ltr'><strong>jacuissent,</strong></span> <span class='ocrx_word' id='word_1_349' title='bbox 1345 3044 1441 3086; x_wconf 88' lang='lat' dir='ltr'><strong>eas</strong></span> <span class='ocrx_word' id='word_1_350' title='bbox 1464 3024 1596 3084; x_wconf 91' lang='lat' dir='ltr'><strong>hinc</strong></span> <span class='ocrx_word' id='word_1_351' title='bbox 1624 3020 1849 3083; x_wconf 88' lang='lat' dir='ltr'><strong>eductas</strong></span> <span class='ocrx_word' id='word_1_352' title='bbox 1876 3025 1932 3081; x_wconf 90' lang='lat' dir='ltr'><strong>in</strong></span> <span class='ocrx_word' id='word_1_353' title='bbox 1965 3023 2209 3093; x_wconf 84' lang='lat' dir='ltr'><strong>sublimi,</strong></span> <span class='ocrx_word' id='word_1_354' title='bbox 2237 3036 2379 3097; x_wconf 86' lang='lat' dir='ltr'><strong>puro</strong></span> <span class='ocrx_word' id='word_1_355' title='bbox 2415 3026 2729 3097; x_wconf 89' lang='lat' dir='ltr'><strong>mundoque</strong></span> <span class='ocrx_word' id='word_1_356' title='bbox 2755 3025 2877 3081; x_wconf 90' lang='lat' dir='ltr'><strong>loco</strong></span> <span class='ocrx_word' id='word_1_357' title='bbox 2902 3026 3105 3097; x_wconf 83' lang='lat' dir='ltr'><strong>posuit,</strong></span> <span class='ocrx_word' id='word_1_358' title='bbox 3141 3037 3202 3082; x_wconf 89' lang='lat' dir='ltr'><strong>ut</strong></span> <span class='ocrx_word' id='word_1_359' title='bbox 3226 3029 3408 3100; x_wconf 89' lang='lat' dir='ltr'><strong>populi</strong></span> <span class='ocrx_word' id='word_1_360' title='bbox 3431 3044 3526 3085; x_wconf 88' lang='lat' dir='ltr'><strong>ve-</strong></span> 
     </span>
    </p>
   </div>
   <div class='ocr_carea' id='block_1_44' title="bbox 264 3150 837 3220">
    <p class='ocr_par' dir='ltr' id='par_1_44' title="bbox 264 3150 837 3220">
     <span class='ocr_line' id='line_1_44' title="bbox 264 3150 837 3220; baseline -0.003 -14"><span class='ocrx_word' id='word_1_361' title='bbox 264 3150 535 3206; x_wconf 80' lang='lat' dir='ltr'><strong>nerationi</strong></span> <span class='ocrx_word' id='word_1_362' title='bbox 569 3157 837 3220; x_wconf 83' lang='lat' dir='ltr'><strong>paterent.</strong></span> 
     </span>
    </p>
   </div>
   <div class='ocr_carea' id='block_1_45' title="bbox 339 3278 3287 3359">
    <p class='ocr_par' dir='ltr' id='par_1_45' title="bbox 339 3278 3287 3359">
     <span class='ocr_line' id='line_1_45' title="bbox 339 3278 3287 3359; baseline -0.003 -14"><span class='ocrx_word' id='word_1_363' title='bbox 339 3288 849 3359; x_wconf 84' lang='lat' dir='ltr'><strong>luterpretationem</strong></span> <span class='ocrx_word' id='word_1_364' title='bbox 876 3286 1107 3344; x_wconf 87' lang='lat' dir='ltr'><strong>Gerardi</strong></span> <span class='ocrx_word' id='word_1_365' title='bbox 1130 3286 1342 3355; x_wconf 69' lang='lat' dir='ltr'><strong>~Vossii,</strong></span> <span class='ocrx_word' id='word_1_366' title='bbox 1367 3286 1558 3342; x_wconf 90' lang='lat' dir='ltr'><strong>multis</strong></span> <span class='ocrx_word' id='word_1_367' title='bbox 1580 3284 1634 3340; x_wconf 91' lang='lat' dir='ltr'><strong>in</strong></span> <span class='ocrx_word' id='word_1_368' title='bbox 1667 3283 1806 3341; x_wconf 90' lang='lat' dir='ltr'><strong>locis</strong></span> <span class='ocrx_word' id='word_1_369' title='bbox 1836 3280 2207 3349; x_wconf 79' lang='lat' dir='ltr'><strong>emendatam,</strong></span> <span class='ocrx_word' id='word_1_370' title='bbox 2245 3295 2277 3337; x_wconf 91' lang='lat' dir='ltr'><strong>e</strong></span> <span class='ocrx_word' id='word_1_371' title='bbox 2303 3280 2533 3352; x_wconf 78' lang='lat' dir='ltr'><strong>regione</strong></span> <span class='ocrx_word' id='word_1_372' title='bbox 2565 3278 2747 3337; x_wconf 77' lang='lat' dir='ltr'><strong>Graeci</strong></span> <span class='ocrx_word' id='word_1_373' title='bbox 2774 3286 2957 3337; x_wconf 71' lang='lat' dir='ltr'><strong>textus</strong></span> <span class='ocrx_word' id='word_1_374' title='bbox 2984 3278 3287 3349; x_wconf 74' lang='lat' dir='ltr'><strong>posuimus.</strong></span> 
     </span>
    </p>
   </div>
   <div class='ocr_carea' id='block_1_46' title="bbox 276 3834 1855 3901">
    <p class='ocr_par' dir='ltr' id='par_1_46' title="bbox 276 3842 1838 3901">
     <span class='ocr_line' id='line_1_46' title="bbox 276 3842 1838 3901; baseline -0.004 -7"><span class='ocrx_word' id='word_1_375' title='bbox 276 3852 341 3894; x_wconf 73' lang='grc' dir='ltr'><strong>ΙΝ</strong></span> <span class='ocrx_word' id='word_1_376' title='bbox 390 3848 809 3894; x_wconf 64' lang='grc' dir='ltr'><strong>Αδεεπειοκεκ</strong></span> <span class='ocrx_word' id='word_1_377' title='bbox 851 3845 1078 3891; x_wconf 68' lang='lat' dir='ltr'><strong>DOMINI</strong></span> <span class='ocrx_word' id='word_1_378' title='bbox 1121 3843 1347 3889; x_wconf 72' lang='lat' dir='ltr'><strong>NOSTRI</strong></span> <span class='ocrx_word' id='word_1_379' title='bbox 1374 3842 1521 3887; x_wconf 81' lang='lat' dir='ltr'><strong>JESU</strong></span> <span class='ocrx_word' id='word_1_380' title='bbox 1562 3844 1838 3901; x_wconf 73' lang='lat' dir='ltr'><strong>CHRISTI,</strong></span> 
     </span>
    </p>
   </div>
   <div class='ocr_carea' id='block_1_47' title="bbox 1959 3834 3535 3901">
    <p class='ocr_par' dir='ltr' id='par_1_47' title="bbox 1959 3834 3535 3894">
     <span class='ocr_line' id='line_1_47' title="bbox 1959 3834 3535 3894; baseline -0.003 -8"><span class='ocrx_word' id='word_1_381' title='bbox 1959 3842 2092 3888; x_wconf 67' lang='grc' dir='ltr'><strong>11Μο</strong></span> <span class='ocrx_word' id='word_1_382' title='bbox 2134 3840 2483 3887; x_wconf 71' lang='lat' dir='ltr'><strong>RECITATUS</strong></span> <span class='ocrx_word' id='word_1_383' title='bbox 2527 3841 2593 3887; x_wconf 79' lang='lat' dir='ltr'><strong>IN</strong></span> <span class='ocrx_word' id='word_1_384' title='bbox 2633 3838 2962 3887; x_wconf 65' lang='grc' dir='ltr'><strong>ῌΔΒἸὛΒῙΟ</strong></span> <span class='ocrx_word' id='word_1_385' title='bbox 2990 3834 3386 3894; x_wconf 63' lang='lat' dir='ltr'><strong>ROMANES’IE,</strong></span> <span class='ocrx_word' id='word_1_386' title='bbox 3433 3841 3535 3883; x_wconf 73' lang='lat' dir='ltr'><strong>UB!</strong></span> 
     </span>
    </p>
   </div>
   <div class='ocr_carea' id='block_1_48' title="bbox 358 3948 1076 4002">
    <p class='ocr_par' dir='ltr' id='par_1_48' title="bbox 358 3948 1076 4002">
     <span class='ocr_line' id='line_1_48' title="bbox 358 3948 1076 4002; baseline -0.011 -6"><span class='ocrx_word' id='word_1_387' title='bbox 358 3950 713 3996; x_wconf 74' lang='lat' dir='ltr'><strong>MABTYRUM</strong></span> <span class='ocrx_word' id='word_1_388' title='bbox 765 3948 1076 4002; x_wconf 70' lang='lat' dir='ltr'><strong>CORPORL,</strong></span> 
     </span>
    </p>
   </div>
   <div class='ocr_carea' id='block_1_49' title="bbox 1147 3940 3233 3996">
    <p class='ocr_par' dir='ltr' id='par_1_49' title="bbox 1147 3940 3233 3996">
     <span class='ocr_line' id='line_1_49' title="bbox 1147 3940 3233 3996; baseline -0.003 -6"><span class='ocrx_word' id='word_1_389' title='bbox 1147 3946 1264 3990; x_wconf 86' lang='lat' dir='ltr'><strong>SUB</strong></span> <span class='ocrx_word' id='word_1_390' title='bbox 1320 3944 1687 3988; x_wconf 77' lang='lat' dir='ltr'><strong>PAVIMENTO</strong></span> <span class='ocrx_word' id='word_1_391' title='bbox 1746 3944 1949 3989; x_wconf 68' lang='lat' dir='ltr'><strong>PROPR</strong></span> <span class='ocrx_word' id='word_1_392' title='bbox 2017 3943 2361 3989; x_wconf 66' lang='lat' dir='ltr'><strong>CADAVERL</strong></span> <span class='ocrx_word' id='word_1_393' title='bbox 2420 3943 2895 3989; x_wconf 67' lang='lat' dir='ltr'><strong>HBRETICORUII</strong></span> <span class='ocrx_word' id='word_1_394' title='bbox 2944 3940 3233 3996; x_wconf 74' lang='lat' dir='ltr'><strong>CONDITA,</strong></span> 
     </span>
    </p>
   </div>
   <div class='ocr_carea' id='block_1_50' title="bbox 3300 3938 3535 3984">
    <p class='ocr_par' dir='ltr' id='par_1_50' title="bbox 3300 3938 3535 3984">
     <span class='ocr_line' id='line_1_50' title="bbox 3300 3938 3535 3984; baseline 0.004 -1"><span class='ocrx_word' id='word_1_395' title='bbox 3300 3938 3535 3984; x_wconf 70' lang='lat' dir='ltr'><strong>ABLATA</strong></span> 
     </span>
    </p>
   </div>
   <div class='ocr_carea' id='block_1_51' title="bbox 356 4029 2193 4108">
    <p class='ocr_par' dir='ltr' id='par_1_51' title="bbox 356 4029 2193 4108">
     <span class='ocr_line' id='line_1_51' title="bbox 356 4029 2193 4108; baseline -0.007 -8"><span class='ocrx_word' id='word_1_396' title='bbox 356 4054 679 4108; x_wconf 67' lang='lat' dir='ltr'><strong>roseum,</strong></span> <span class='ocrx_word' id='word_1_397' title='bbox 710 4053 792 4095; x_wconf 71' lang='lat' dir='ltr'><strong>ur</strong></span> <span class='ocrx_word' id='word_1_398' title='bbox 834 4048 1136 4093; x_wconf 75' lang='lat' dir='ltr'><strong>nnt&#39;rtoae</strong></span> <span class='ocrx_word' id='word_1_399' title='bbox 1177 4046 1334 4090; x_wconf 85' lang='lat' dir='ltr'><strong>LOCO</strong></span> <span class='ocrx_word' id='word_1_400' title='bbox 1377 4046 1734 4091; x_wconf 56' lang='lat' dir='ltr'><strong>serenum</strong></span> <span class='ocrx_word' id='word_1_401' title='bbox 1779 4045 2055 4104; x_wconf 70' lang='lat' dir='ltr'><strong>seruum</strong></span> <span class='ocrx_word' id='word_1_402' title='bbox 2095 4029 2193 4106; x_wconf 84' lang='lat' dir='ltr'><strong>(a).</strong></span> 
     </span>
    </p>
   </div>
   <div class='ocr_carea' id='block_1_52' title="bbox 1579 4207 1807 4228">
    <p class='ocr_par' dir='ltr' id='par_1_52' title="bbox 1579 4207 1807 4228">
     <span class='ocr_line' id='line_1_52' title="bbox 1579 4207 1807 4228; baseline -0.013 0"><span class='ocrx_word' id='word_1_403' title='bbox 1579 4207 1807 4228; x_wconf 64' lang='grc' dir='ltr'><strong>..κ-ι...-</strong></span> 
     </span>
    </p>
   </div>
   <div class='ocr_carea' id='block_1_53' title="bbox 354 4302 1859 4371">
    <p class='ocr_par' dir='ltr' id='par_1_53' title="bbox 354 4302 1859 4371">
     <span class='ocr_line' id='line_1_53' title="bbox 354 4302 1859 4371; baseline -0.006 0"><span class='ocrx_word' id='word_1_404' title='bbox 354 4317 406 4371; x_wconf 75' lang='grc' dir='ltr'><strong>ι.</strong></span> <span class='ocrx_word' id='word_1_405' title='bbox 428 4312 532 4369; x_wconf 78' lang='lat' dir='ltr'><strong>Cur</strong></span> <span class='ocrx_word' id='word_1_406' title='bbox 558 4322 700 4366; x_wconf 70' lang='lat' dir='ltr'><strong>extra</strong></span> <span class='ocrx_word' id='word_1_407' title='bbox 743 4309 990 4364; x_wconf 84' lang='lat' dir='ltr'><strong>civitatem</strong></span> <span class='ocrx_word' id='word_1_408' title='bbox 1017 4315 1289 4360; x_wconf 80' lang='lat' dir='ltr'><strong>conventus</strong></span> <span class='ocrx_word' id='word_1_409' title='bbox 1326 4304 1544 4359; x_wconf 82' lang='lat' dir='ltr'><strong>habitus.</strong></span> <span class='ocrx_word' id='word_1_410' title='bbox 1577 4335 1650 4347; x_wconf 92' lang='lat'><strong>-—</strong></span> <span class='ocrx_word' id='word_1_411' title='bbox 1684 4302 1859 4363; x_wconf 84' lang='lat' dir='ltr'><strong>Etiam</strong></span> 
     </span>
    </p>
   </div>
   <div class='ocr_carea' id='block_1_54' title="bbox 281 4396 1861 4465">
    <p class='ocr_par' dir='ltr' id='par_1_54' title="bbox 281 4396 1861 4465">
     <span class='ocr_line' id='line_1_54' title="bbox 281 4396 1861 4465; baseline -0.006 -4"><span class='ocrx_word' id='word_1_412' title='bbox 281 4422 406 4462; x_wconf 90' lang='lat' dir='ltr'><strong>cum</strong></span> <span class='ocrx_word' id='word_1_413' title='bbox 431 4404 606 4459; x_wconf 88' lang='lat' dir='ltr'><strong>crucis</strong></span> <span class='ocrx_word' id='word_1_414' title='bbox 631 4400 940 4456; x_wconf 82' lang='lat' dir='ltr'><strong>memoriam</strong></span> <span class='ocrx_word' id='word_1_415' title='bbox 968 4396 1295 4452; x_wconf 91' lang='lat' dir='ltr'><strong>recoluimus</strong></span> <span class='ocrx_word' id='word_1_416' title='bbox 1312 4437 1327 4461; x_wconf 94' lang='lat'><strong>,</strong></span> <span class='ocrx_word' id='word_1_417' title='bbox 1357 4404 1504 4449; x_wconf 80' lang='lat' dir='ltr'><strong>extra</strong></span> <span class='ocrx_word' id='word_1_418' title='bbox 1532 4396 1716 4451; x_wconf 90' lang='lat' dir='ltr'><strong>urbem</strong></span> <span class='ocrx_word' id='word_1_419' title='bbox 1744 4397 1861 4465; x_wconf 90' lang='lat' dir='ltr'><strong>ejus</strong></span> 
     </span>
    </p>
   </div>
   <div class='ocr_carea' id='block_1_55' title="bbox 284 4487 1862 4558">
    <p class='ocr_par' dir='ltr' id='par_1_55' title="bbox 284 4487 1862 4558">
     <span class='ocr_line' id='line_1_55' title="bbox 284 4487 1862 4558; baseline -0.008 -4"><span class='ocrx_word' id='word_1_420' title='bbox 284 4499 677 4554; x_wconf 84' lang='lat' dir='ltr'><strong>solemnitatem</strong></span> <span class='ocrx_word' id='word_1_421' title='bbox 723 4491 1150 4548; x_wconf 88' lang='lat' dir='ltr'><strong>celebravimus:</strong></span> <span class='ocrx_word' id='word_1_422' title='bbox 1179 4497 1234 4545; x_wconf 90' lang='lat' dir='ltr'><strong>et</strong></span> <span class='ocrx_word' id='word_1_423' title='bbox 1275 4502 1414 4543; x_wconf 91' lang='lat' dir='ltr'><strong>nunc</strong></span> <span class='ocrx_word' id='word_1_424' title='bbox 1440 4487 1652 4558; x_wconf 90' lang='lat' dir='ltr'><strong>quando</strong></span> <span class='ocrx_word' id='word_1_425' title='bbox 1687 4488 1862 4543; x_wconf 77' lang='lat' dir='ltr'><strong>cruri-</strong></span> 
     </span>
    </p>
   </div>
   <div class='ocr_carea' id='block_1_56' title="bbox 287 4576 1865 4652">
    <p class='ocr_par' dir='ltr' id='par_1_56' title="bbox 287 4576 1865 4652">
     <span class='ocr_line' id='line_1_56' title="bbox 287 4576 1865 4652; baseline -0.004 -9"><span class='ocrx_word' id='word_1_426' title='bbox 287 4589 377 4643; x_wconf 72' lang='grc' dir='ltr'><strong>Ιίχὶ</strong></span> <span class='ocrx_word' id='word_1_427' title='bbox 393 4586 761 4642; x_wconf 81' lang='lat' dir='ltr'><strong>ascensionem</strong></span> <span class='ocrx_word' id='word_1_428' title='bbox 786 4582 1013 4652; x_wconf 85' lang='lat' dir='ltr'><strong>agimus,</strong></span> <span class='ocrx_word' id='word_1_429' title='bbox 1044 4580 1299 4634; x_wconf 90' lang='lat' dir='ltr'><strong>illustrem</strong></span> <span class='ocrx_word' id='word_1_430' title='bbox 1342 4576 1482 4633; x_wconf 82' lang='lat' dir='ltr'><strong>hunc</strong></span> <span class='ocrx_word' id='word_1_431' title='bbox 1506 4587 1668 4647; x_wconf 90' lang='lat' dir='ltr'><strong>atque</strong></span> <span class='ocrx_word' id='word_1_432' title='bbox 1701 4578 1865 4637; x_wconf 79' lang='lat' dir='ltr'><strong>reful-</strong></span> 
     </span>
    </p>
   </div>
   <div class='ocr_carea' id='block_1_57' title="bbox 284 4665 1864 4750">
    <p class='ocr_par' dir='ltr' id='par_1_57' title="bbox 284 4665 1864 4750">
     <span class='ocr_line' id='line_1_57' title="bbox 284 4665 1864 4750; baseline -0.009 -15"><span class='ocrx_word' id='word_1_433' title='bbox 284 4687 496 4750; x_wconf 85' lang='lat' dir='ltr'><strong>gentem</strong></span> <span class='ocrx_word' id='word_1_434' title='bbox 543 4675 708 4738; x_wconf 90' lang='lat' dir='ltr'><strong>diem,</strong></span> <span class='ocrx_word' id='word_1_435' title='bbox 753 4681 902 4728; x_wconf 84' lang='lat' dir='ltr'><strong>extra</strong></span> <span class='ocrx_word' id='word_1_436' title='bbox 931 4671 1197 4725; x_wconf 88' lang='lat' dir='ltr'><strong>civitatem</strong></span> <span class='ocrx_word' id='word_1_437' title='bbox 1222 4682 1407 4723; x_wconf 88' lang='lat' dir='ltr'><strong>rursus</strong></span> <span class='ocrx_word' id='word_1_438' title='bbox 1441 4665 1632 4723; x_wconf 80' lang='lat' dir='ltr'><strong>festum</strong></span> <span class='ocrx_word' id='word_1_439' title='bbox 1657 4667 1864 4737; x_wconf 79' lang='lat' dir='ltr'><strong>peragi-</strong></span> 
     </span>
    </p>
   </div>
   <div class='ocr_carea' id='block_1_58' title="bbox 284 4798 1869 4922">
    <p class='ocr_par' dir='ltr' id='par_1_58' title="bbox 284 4798 1869 4922">
     <span class='ocr_line' id='line_1_58' title="bbox 284 4798 1869 4922; baseline -0.008 -62"><span class='ocrx_word' id='word_1_440' title='bbox 284 4809 423 4922; x_wconf 45' lang='lat' dir='ltr'><strong>cogo)</strong></span> <span class='ocrx_word' id='word_1_441' title='bbox 453 4804 633 4857; x_wconf 77' lang='lat' dir='ltr'><strong>collata</strong></span> <span class='ocrx_word' id='word_1_442' title='bbox 660 4817 770 4855; x_wconf 87' lang='lat' dir='ltr'><strong>cum</strong></span> <span class='ocrx_word' id='word_1_443' title='bbox 792 4811 897 4877; x_wconf 73' lang='lat' dir='ltr'><strong>Mss.</strong></span> <span class='ocrx_word' id='word_1_444' title='bbox 919 4802 1081 4913; x_wconf 61' lang='lat' dir='ltr'><strong>Regiis</strong></span> <span class='ocrx_word' id='word_1_445' title='bbox 1100 4798 1417 4874; x_wconf 42' lang='lat'><strong>49.70,.2017,</strong></span> <span class='ocrx_word' id='word_1_446' title='bbox 1442 4805 1494 4849; x_wconf 88' lang='lat' dir='ltr'><strong>et</strong></span> <span class='ocrx_word' id='word_1_447' title='bbox 1511 4798 1654 4870; x_wconf 67' lang='grc'><strong>24242</strong></span> <span class='ocrx_word' id='word_1_448' title='bbox 1680 4804 1733 4848; x_wconf 91' lang='lat' dir='ltr'><strong>et</strong></span> <span class='ocrx_word' id='word_1_449' title='bbox 1755 4812 1869 4869; x_wconf 79' lang='lat' dir='ltr'><strong>cum</strong></span> 
     </span>
     <span class='ocr_line' id='line_1_59' title="bbox 364 4860 1868 4922; baseline -0.009 -2"><span class='ocrx_word' id='word_1_450' title='bbox 364 4870 562 4921; x_wconf 89' lang='lat' dir='ltr'><strong>bertino</strong></span> <span class='ocrx_word' id='word_1_451' title='bbox 581 4866 723 4917; x_wconf 73' lang='grc'><strong>2445.</strong></span> <span class='ocrx_word' id='word_1_452' title='bbox 768 4872 946 4922; x_wconf 76' lang='lat' dir='ltr'><strong>Regius</strong></span> <span class='ocrx_word' id='word_1_453' title='bbox 1019 4862 1128 4921; x_wconf 72' lang='grc'><strong>424,</strong></span> <span class='ocrx_word' id='word_1_454' title='bbox 1153 4876 1201 4912; x_wconf 88' lang='lat' dir='ltr'><strong>m</strong></span> <span class='ocrx_word' id='word_1_455' title='bbox 1225 4860 1382 4919; x_wconf 80' lang='lat' dir='ltr'><strong>titulo,</strong></span> <span class='ocrx_word' id='word_1_456' title='bbox 1406 4868 1697 4922; x_wconf 75' lang='lat' dir='ltr'><strong>Romanesue</strong></span> <span class='ocrx_word' id='word_1_457' title='bbox 1713 4898 1727 4919; x_wconf 93' lang='lat'><strong>,</strong></span> <span class='ocrx_word' id='word_1_458' title='bbox 1753 4866 1799 4909; x_wconf 90' lang='lat' dir='ltr'><strong>et</strong></span> <span class='ocrx_word' id='word_1_459' title='bbox 1816 4873 1868 4922; x_wconf 68' lang='lat' dir='ltr'><strong>tn</strong></span> 
     </span>
    </p>
   </div>
   <div class='ocr_carea' id='block_1_59' title="bbox 364 4860 1868 4928">
    <p class='ocr_par' dir='ltr' id='par_1_59' title="bbox 364 4860 1868 4928">
     <span class='ocr_line' id='line_1_60' title="bbox 364 4860 1868 4928; baseline -0.008 -8"><span class='ocrx_word' id='word_1_460' title='bbox 364 4860 562 4921; x_wconf 76' lang='lat' dir='ltr'><strong>bertino</strong></span> <span class='ocrx_word' id='word_1_461' title='bbox 581 4866 723 4917; x_wconf 73' lang='grc'><strong>2445.</strong></span> <span class='ocrx_word' id='word_1_462' title='bbox 768 4866 946 4928; x_wconf 76' lang='lat' dir='ltr'><strong>Regius</strong></span> <span class='ocrx_word' id='word_1_463' title='bbox 985 4860 1128 4928; x_wconf 65' lang='lat'><strong>2424,</strong></span> <span class='ocrx_word' id='word_1_464' title='bbox 1153 4864 1201 4912; x_wconf 89' lang='lat' dir='ltr'><strong>in</strong></span> <span class='ocrx_word' id='word_1_465' title='bbox 1225 4860 1382 4919; x_wconf 87' lang='lat' dir='ltr'><strong>titulo,</strong></span> <span class='ocrx_word' id='word_1_466' title='bbox 1406 4860 1697 4928; x_wconf 65' lang='lat' dir='ltr'><strong>Romanesiag</strong></span> <span class='ocrx_word' id='word_1_467' title='bbox 1713 4898 1727 4919; x_wconf 93' lang='lat'><strong>,</strong></span> <span class='ocrx_word' id='word_1_468' title='bbox 1753 4866 1799 4909; x_wconf 90' lang='lat' dir='ltr'><strong>et</strong></span> <span class='ocrx_word' id='word_1_469' title='bbox 1813 4860 1868 4928; x_wconf 66' lang='lat' dir='ltr'><strong>in</strong></span> 
     </span>
    </p>
   </div>
   <div class='ocr_carea' id='block_1_60' title="bbox 286 4919 1866 4995">
    <p class='ocr_par' dir='ltr' id='par_1_60' title="bbox 286 4919 1866 4995">
     <span class='ocr_line' id='line_1_61' title="bbox 286 4919 1866 4995; baseline -0.016 1"><span class='ocrx_word' id='word_1_470' title='bbox 286 4919 561 4995; x_wconf 65' lang='grc' dir='ltr'><strong>εννιιηι</strong></span> <span class='ocrx_word' id='word_1_471' title='bbox 593 4938 803 4995; x_wconf 73' lang='grc' dir='ltr'><strong>,ςοτρονα</strong></span> <span class='ocrx_word' id='word_1_472' title='bbox 824 4919 925 4995; x_wconf 53' lang='grc' dir='ltr'><strong>εἷς),</strong></span> <span class='ocrx_word' id='word_1_473' title='bbox 938 4919 1219 4995; x_wconf 69' lang='lat' dir='ltr'><strong>pavimento</strong></span> <span class='ocrx_word' id='word_1_474' title='bbox 1240 4935 1389 4995; x_wconf 74' lang='lat' dir='ltr'><strong>prope</strong></span> <span class='ocrx_word' id='word_1_475' title='bbox 1413 4920 1651 4995; x_wconf 61' lang='lat' dir='ltr'><strong>cadavera</strong></span> <span class='ocrx_word' id='word_1_476' title='bbox 1671 4919 1866 4995; x_wconf 47' lang='lat' dir='ltr'><strong>mureti:</strong></span> 
     </span>
    </p>
   </div>
   <div class='ocr_carea' id='block_1_61' title="bbox 288 4981 1869 5055">
    <p class='ocr_par' dir='ltr' id='par_1_61' title="bbox 288 4981 1869 5055">
     <span class='ocr_line' id='line_1_62' title="bbox 288 4981 1869 5055; baseline -0.009 -11"><span class='ocrx_word' id='word_1_477' title='bbox 478 4981 695 5055; x_wconf 54' lang='lat' dir='ltr'><strong>emittite,</strong></span> <span class='ocrx_word' id='word_1_478' title='bbox 715 5000 825 5055; x_wconf 63' lang='lat' dir='ltr'><strong>quae</strong></span> <span class='ocrx_word' id='word_1_479' title='bbox 845 4981 1006 5055; x_wconf 61' lang='lat' dir='ltr'><strong>abtum</strong></span> <span class='ocrx_word' id='word_1_480' title='bbox 1028 4987 1220 5055; x_wconf 66' lang='lat' dir='ltr'><strong>fuerunt</strong></span> <span class='ocrx_word' id='word_1_481' title='bbox 1237 4981 1289 5055; x_wconf 63' lang='lat' dir='ltr'><strong>et</strong></span> <span class='ocrx_word' id='word_1_482' title='bbox 1298 4981 1567 5055; x_wconf 54' lang='lat' dir='ltr'><strong>separatim</strong></span> <span class='ocrx_word' id='word_1_483' title='bbox 1596 4981 1799 5055; x_wconf 55' lang='lat' dir='ltr'><strong>sepulta,</strong></span> <span class='ocrx_word' id='word_1_484' title='bbox 1821 4986 1869 5031; x_wconf 85' lang='lat' dir='ltr'><strong>et</strong></span> 
     </span>
    </p>
   </div>
   <div class='ocr_carea' id='block_1_62' title="bbox 287 5044 1868 5116">
    <p class='ocr_par' dir='ltr' id='par_1_62' title="bbox 287 5044 1868 5116">
     <span class='ocr_line' id='line_1_63' title="bbox 287 5044 1868 5116; baseline 0 0"><span class='ocrx_word' id='word_1_485' title='bbox 287 5054 526 5116; x_wconf 70' lang='lat' dir='ltr'><strong>quomodo</strong></span> <span class='ocrx_word' id='word_1_486' title='bbox 546 5044 890 5116; x_wconf 66' lang='grc' dir='ltr'><strong>αριίσιίπᾳιαη</strong></span> <span class='ocrx_word' id='word_1_487' title='bbox 905 5044 1103 5116; x_wconf 57' lang='lat' dir='ltr'><strong>uerbum</strong></span> <span class='ocrx_word' id='word_1_488' title='bbox 1126 5044 1311 5116; x_wconf 60' lang='grc' dir='ltr'><strong>ριινξριξ</strong></span> <span class='ocrx_word' id='word_1_489' title='bbox 1332 5044 1497 5116; x_wconf 57' lang='lat' dir='ltr'><strong>dum</strong></span> <span class='ocrx_word' id='word_1_490' title='bbox 1525 5055 1543 5093; x_wconf 71' lang='grc' dir='ltr'><em>ε</em></span> <span class='ocrx_word' id='word_1_491' title='bbox 1575 5060 1598 5090; x_wconf 74' lang='grc' dir='ltr'>ι</span> <span class='ocrx_word' id='word_1_492' title='bbox 1625 5044 1868 5116; x_wconf 64' lang='grc' dir='ltr'><strong>ιηυςηίεηε</strong></span> 
     </span>
    </p>
   </div>
   <div class='ocr_carea' id='block_1_63' title="bbox 289 5105 1868 5171">
    <p class='ocr_par' dir='ltr' id='par_1_63' title="bbox 289 5105 1868 5171">
     <span class='ocr_line' id='line_1_64' title="bbox 289 5105 1868 5171; baseline -0.009 -4"><span class='ocrx_word' id='word_1_493' title='bbox 289 5105 368 5167; x_wconf 78' lang='grc' dir='ltr'><strong>ἰω-</strong></span> <span class='ocrx_word' id='word_1_494' title='bbox 391 5114 506 5166; x_wconf 69' lang='lat' dir='ltr'><strong>dum</strong></span> <span class='ocrx_word' id='word_1_495' title='bbox 528 5105 757 5163; x_wconf 73' lang='lat' dir='ltr'><strong>incientes</strong></span> <span class='ocrx_word' id='word_1_496' title='bbox 775 5109 826 5159; x_wconf 84' lang='lat' dir='ltr'><strong>in</strong></span> <span class='ocrx_word' id='word_1_497' title='bbox 840 5109 982 5160; x_wconf 81' lang='lat' dir='ltr'><strong>mola.</strong></span> <span class='ocrx_word' id='word_1_498' title='bbox 1007 5122 1032 5154; x_wconf 75' lang='grc' dir='ltr'><strong>ι</strong></span> <span class='ocrx_word' id='word_1_499' title='bbox 1046 5109 1103 5171; x_wconf 65' lang='grc' dir='ltr'><strong>⁸εἰ</strong></span> <span class='ocrx_word' id='word_1_500' title='bbox 1125 5106 1273 5171; x_wconf 69' lang='lat' dir='ltr'><strong>Regii</strong></span> <span class='ocrx_word' id='word_1_501' title='bbox 1290 5105 1573 5156; x_wconf 70' lang='lat' dir='ltr'><strong>lectio&#39;vera</strong></span> <span class='ocrx_word' id='word_1_502' title='bbox 1589 5110 1746 5171; x_wconf 74' lang='lat' dir='ltr'><strong>esset,</strong></span> <span class='ocrx_word' id='word_1_503' title='bbox 1771 5115 1868 5171; x_wconf 79' lang='lat' dir='ltr'><strong>non</strong></span> 
     </span>
    </p>
   </div>
   <div class='ocr_carea' id='block_1_64' title="bbox 289 5166 1871 5242">
    <p class='ocr_par' dir='ltr' id='par_1_64' title="bbox 289 5166 1871 5242">
     <span class='ocr_line' id='line_1_65' title="bbox 289 5166 1871 5242; baseline -0.001 2"><span class='ocrx_word' id='word_1_504' title='bbox 289 5185 548 5242; x_wconf 67' lang='lat' dir='ltr'><strong>mnum</strong></span> <span class='ocrx_word' id='word_1_505' title='bbox 566 5171 1023 5242; x_wconf 28' lang='grc' dir='ltr'><strong>ωτροηίιοοοεηοφ</strong></span> <span class='ocrx_word' id='word_1_506' title='bbox 1038 5166 1503 5242; x_wconf 43' lang='lat' dir='ltr'><strong>Mailduﬁ“,</strong></span> <span class='ocrx_word' id='word_1_507' title='bbox 1514 5166 1871 5242; x_wconf 56' lang='grc' dir='ltr'><strong>δθέξξξξΐθξέίξρῖ</strong></span> 
     </span>
    </p>
   </div>
   <div class='ocr_carea' id='block_1_65' title="bbox 290 5225 1869 5298">
    <p class='ocr_par' dir='ltr' id='par_1_65' title="bbox 290 5225 1869 5298">
     <span class='ocr_line' id='line_1_66' title="bbox 290 5225 1869 5298; baseline -0.01 -10"><span class='ocrx_word' id='word_1_508' title='bbox 290 5225 431 5288; x_wconf 65' lang='grc' dir='ltr'><strong>τυιῆῗ</strong></span> <span class='ocrx_word' id='word_1_509' title='bbox 444 5245 502 5288; x_wconf 78' lang='lat' dir='ltr'><strong>At</strong></span> <span class='ocrx_word' id='word_1_510' title='bbox 531 5225 730 5298; x_wconf 65' lang='lat' dir='ltr'><strong>praestat</strong></span> <span class='ocrx_word' id='word_1_511' title='bbox 760 5233 913 5298; x_wconf 54' lang='lat' dir='ltr'><strong>ﬁ&#39;ossii</strong></span> <span class='ocrx_word' id='word_1_512' title='bbox 950 5240 1004 5281; x_wconf 91' lang='lat' dir='ltr'><strong>et</strong></span> <span class='ocrx_word' id='word_1_513' title='bbox 1040 5230 1196 5281; x_wconf 85' lang='lat' dir='ltr'><strong>savilii</strong></span> <span class='ocrx_word' id='word_1_514' title='bbox 1237 5228 1388 5298; x_wconf 74' lang='lat' dir='ltr'><strong>lectio</strong></span> <span class='ocrx_word' id='word_1_515' title='bbox 1411 5241 1423 5276; x_wconf 90' lang='lat'><strong>:</strong></span> <span class='ocrx_word' id='word_1_516' title='bbox 1450 5241 1544 5276; x_wconf 90' lang='lat' dir='ltr'><strong>non</strong></span> <span class='ocrx_word' id='word_1_517' title='bbox 1560 5225 1717 5298; x_wconf 78' lang='lat' dir='ltr'><strong>solum</strong></span> <span class='ocrx_word' id='word_1_518' title='bbox 1739 5226 1869 5297; x_wconf 84' lang='lat' dir='ltr'><strong>enim</strong></span> 
     </span>
    </p>
   </div>
   <div class='ocr_carea' id='block_1_66' title="bbox 292 5288 1870 5362">
    <p class='ocr_par' dir='ltr' id='par_1_66' title="bbox 292 5288 1870 5362">
     <span class='ocr_line' id='line_1_67' title="bbox 292 5288 1870 5362; baseline -0.007 -15"><span class='ocrx_word' id='word_1_519' title='bbox 292 5301 403 5362; x_wconf 71' lang='lat' dir='ltr'><strong>quia</strong></span> <span class='ocrx_word' id='word_1_520' title='bbox 602 5295 939 5345; x_wconf 63' lang='lat' dir='ltr'><strong>haereticorum</strong></span> <span class='ocrx_word' id='word_1_521' title='bbox 971 5290 1300 5362; x_wconf 12' lang='lat' dir='ltr'><strong>corpora,lsed</strong></span> <span class='ocrx_word' id='word_1_522' title='bbox 1487 5289 1605 5362; x_wconf 72' lang='lat' dir='ltr'><strong>quia</strong></span> <span class='ocrx_word' id='word_1_523' title='bbox 1624 5289 1717 5362; x_wconf 66' lang='lat' dir='ltr'><strong>sub</strong></span> <span class='ocrx_word' id='word_1_524' title='bbox 1738 5288 1870 5362; x_wconf 47' lang='lat' dir='ltr'><strong>pavi:</strong></span> 
     </span>
    </p>
   </div>
   <div class='ocr_carea' id='block_1_67' title="bbox 292 5348 1870 5418">
    <p class='ocr_par' dir='ltr' id='par_1_67' title="bbox 292 5348 1870 5418">
     <span class='ocr_line' id='line_1_68' title="bbox 292 5348 1870 5418; baseline -0.008 -8"><span class='ocrx_word' id='word_1_525' title='bbox 292 5348 462 5409; x_wconf 74' lang='grc' dir='ltr'><strong>ἠιθῆώ</strong></span> <span class='ocrx_word' id='word_1_526' title='bbox 485 5348 627 5409; x_wconf 73' lang='lat' dir='ltr'><strong>erant</strong></span> <span class='ocrx_word' id='word_1_527' title='bbox 646 5363 905 5418; x_wconf 75' lang='lat' dir='ltr'><strong>inartme</strong></span> <span class='ocrx_word' id='word_1_528' title='bbox 934 5348 1434 5418; x_wconf 53' lang='lat' dir='ltr'><strong>reliquiae,&#39;translataz</strong></span> <span class='ocrx_word' id='word_1_529' title='bbox 1452 5348 1570 5418; x_wconf 74' lang='lat' dir='ltr'><strong>etin</strong></span> <span class='ocrx_word' id='word_1_530' title='bbox 1591 5348 1870 5418; x_wconf 68' lang='lat' dir='ltr'><strong>sublidriore</strong></span> 
     </span>
    </p>
   </div>
   <div class='ocr_carea' id='block_1_68' title="bbox 295 5410 1868 5479">
    <p class='ocr_par' dir='ltr' id='par_1_68' title="bbox 295 5410 1868 5479">
     <span class='ocr_line' id='line_1_69' title="bbox 295 5410 1868 5479; baseline -0.008 -10"><span class='ocrx_word' id='word_1_531' title='bbox 295 5429 343 5472; x_wconf 89' lang='lat' dir='ltr'><strong>et</strong></span> <span class='ocrx_word' id='word_1_532' title='bbox 366 5421 651 5471; x_wconf 83' lang='lat' dir='ltr'><strong>honestiore</strong></span> <span class='ocrx_word' id='word_1_533' title='bbox 672 5410 786 5467; x_wconf 70' lang='lat' dir='ltr'><strong>loco&#39;</strong></span> <span class='ocrx_word' id='word_1_534' title='bbox 798 5418 966 5479; x_wconf 66' lang='lat' dir='ltr'><strong>posita:</strong></span> <span class='ocrx_word' id='word_1_535' title='bbox 991 5410 1215 5474; x_wconf 76' lang='lat' dir='ltr'><strong>fuerunt;</strong></span> <span class='ocrx_word' id='word_1_536' title='bbox 1258 5412 1384 5475; x_wconf 87' lang='lat' dir='ltr'><strong>quod</strong></span> <span class='ocrx_word' id='word_1_537' title='bbox 1418 5412 1565 5461; x_wconf 88' lang='lat' dir='ltr'><strong>etiam</strong></span> <span class='ocrx_word' id='word_1_538' title='bbox 1593 5410 1729 5460; x_wconf 87' lang='lat' dir='ltr'><strong>initio</strong></span> <span class='ocrx_word' id='word_1_539' title='bbox 1753 5421 1868 5479; x_wconf 75' lang='lat' dir='ltr'><strong>opn-</strong></span> 
     </span>
    </p>
   </div>
   <div class='ocr_carea' id='block_1_69' title="bbox 294 5469 1873 5532">
    <p class='ocr_par' dir='ltr' id='par_1_69' title="bbox 294 5469 1873 5532">
     <span class='ocr_line' id='line_1_70' title="bbox 294 5469 1873 5532; baseline -0.008 0"><span class='ocrx_word' id='word_1_540' title='bbox 294 5469 446 5531; x_wconf 76' lang='lat' dir='ltr'><strong>cionis</strong></span> <span class='ocrx_word' id='word_1_541' title='bbox 465 5469 754 5532; x_wconf 85' lang='lat' dir='ltr'><strong>declaratur.</strong></span> <span class='ocrx_word' id='word_1_542' title='bbox 791 5469 1135 5527; x_wconf 65' lang='lat' dir='ltr'><strong>haereticorum</strong></span> <span class='ocrx_word' id='word_1_543' title='bbox 1171 5469 1335 5524; x_wconf 79' lang='lat' dir='ltr'><strong>autem</strong></span> <span class='ocrx_word' id='word_1_544' title='bbox 1367 5484 1478 5524; x_wconf 87' lang='lat' dir='ltr'><strong>ossa</strong></span> <span class='ocrx_word' id='word_1_545' title='bbox 1509 5486 1605 5522; x_wconf 88' lang='lat' dir='ltr'><strong>non</strong></span> <span class='ocrx_word' id='word_1_546' title='bbox 1642 5469 1873 5532; x_wconf 80' lang='lat' dir='ltr'><strong>translata</strong></span> 
     </span>
    </p>
   </div>
   <div class='ocr_carea' id='block_1_70' title="bbox 294 5530 1870 5605">
    <p class='ocr_par' dir='ltr' id='par_1_70' title="bbox 294 5530 1870 5605">
     <span class='ocr_line' id='line_1_71' title="bbox 294 5530 1870 5605; baseline -0.006 -12"><span class='ocrx_word' id='word_1_547' title='bbox 632 5546 801 5605; x_wconf 75' lang='lat' dir='ltr'><strong>postea</strong></span> <span class='ocrx_word' id='word_1_548' title='bbox 819 5538 1346 5605; x_wconf 63' lang='lat' dir='ltr'><strong>dieit_§iu&#39;ysostomus.</strong></span> <span class='ocrx_word' id='word_1_549' title='bbox 1389 5534 1562 5585; x_wconf 76' lang='lat' dir='ltr'><strong>Eadem</strong></span> <span class='ocrx_word' id='word_1_550' title='bbox 1596 5535 1700 5597; x_wconf 86' lang='lat' dir='ltr'><strong>ipsa</strong></span> <span class='ocrx_word' id='word_1_551' title='bbox 1723 5530 1870 5583; x_wconf 87' lang='lat' dir='ltr'><strong>lectio</strong></span> 
     </span>
    </p>
   </div>
   <div class='ocr_carea' id='block_1_71' title="bbox 295 5599 1043 5671">
    <p class='ocr_par' dir='ltr' id='par_1_71' title="bbox 295 5599 1043 5671">
     <span class='ocr_line' id='line_1_72' title="bbox 295 5599 1043 5671; baseline -0.009 -14"><span class='ocrx_word' id='word_1_552' title='bbox 295 5599 503 5656; x_wconf 71' lang='lat' dir='ltr'><strong>iubetur</strong></span> <span class='ocrx_word' id='word_1_553' title='bbox 526 5599 674 5671; x_wconf 76' lang='lat' dir='ltr'><strong>etiam</strong></span> <span class='ocrx_word' id='word_1_554' title='bbox 692 5603 741 5652; x_wconf 89' lang='lat' dir='ltr'><strong>iu</strong></span> <span class='ocrx_word' id='word_1_555' title='bbox 763 5608 879 5666; x_wconf 79' lang='lat' dir='ltr'><strong>tteg.</strong></span> <span class='ocrx_word' id='word_1_556' title='bbox 905 5599 1043 5652; x_wconf 70' lang='lat'><strong>1970.</strong></span> 
     </span>
    </p>
   </div>
   <div class='ocr_carea' id='block_1_72' title="bbox 1816 4189 2241 4246">
    <p class='ocr_par' dir='ltr' id='par_1_72' title="bbox 1816 4189 2241 4246">
     <span class='ocr_line' id='line_1_73' title="bbox 1816 4189 2241 4246; baseline 0.007 -4"><span class='ocrx_word' id='word_1_557' title='bbox 1816 4189 2241 4246; x_wconf 45' lang='lat' dir='ltr'><strong>eam—*-</strong></span> 
     </span>
    </p>
   </div>
   <div class='ocr_carea' id='block_1_73' title="bbox 3517 4230 3543 4243">
    <p class='ocr_par' dir='ltr' id='par_1_73' title="bbox 3517 4230 3543 4243">
     <span class='ocr_line' id='line_1_74' title="bbox 3517 4230 3543 4243; baseline 0 0"><span class='ocrx_word' id='word_1_558' title='bbox 3517 4230 3543 4243; x_wconf 52' lang='grc' dir='ltr'>ς</span> 
     </span>
    </p>
   </div>
   <div class='ocr_carea' id='block_1_74' title="bbox 1930 4298 3541 4386">
    <p class='ocr_par' dir='ltr' id='par_1_74' title="bbox 1930 4298 3541 4386">
     <span class='ocr_line' id='line_1_75' title="bbox 1930 4298 3541 4386; baseline -0.004 -22"><span class='ocrx_word' id='word_1_559' title='bbox 1930 4298 1935 4302; x_wconf 67' lang='grc'><strong>’</strong></span> <span class='ocrx_word' id='word_1_560' title='bbox 1965 4302 2104 4364; x_wconf 91' lang='lat' dir='ltr'><strong>mus.</strong></span> <span class='ocrx_word' id='word_1_561' title='bbox 2135 4306 2290 4376; x_wconf 86' lang='lat' dir='ltr'><strong>Atqui</strong></span> <span class='ocrx_word' id='word_1_562' title='bbox 2315 4303 2419 4360; x_wconf 89' lang='lat' dir='ltr'><strong>hoc</strong></span> <span class='ocrx_word' id='word_1_563' title='bbox 2438 4345 2452 4369; x_wconf 94' lang='lat'><strong>,</strong></span> <span class='ocrx_word' id='word_1_564' title='bbox 2482 4318 2586 4358; x_wconf 92' lang='lat' dir='ltr'><strong>non</strong></span> <span class='ocrx_word' id='word_1_565' title='bbox 2616 4302 2759 4373; x_wconf 92' lang='lat' dir='ltr'><strong>quod</strong></span> <span class='ocrx_word' id='word_1_566' title='bbox 2788 4301 3055 4358; x_wconf 86' lang='lat' dir='ltr'><strong>civitatem</strong></span> <span class='ocrx_word' id='word_1_567' title='bbox 3103 4301 3378 4386; x_wconf 77' lang='lat' dir='ltr'><strong>deSpicere</strong></span> <span class='ocrx_word' id='word_1_568' title='bbox 3408 4302 3541 4359; x_wconf 87' lang='lat' dir='ltr'><strong>veli-</strong></span> 
     </span>
    </p>
   </div>
   <div class='ocr_carea' id='block_1_75' title="bbox 1962 4390 3545 4464">
    <p class='ocr_par' dir='ltr' id='par_1_75' title="bbox 1962 4390 3545 4464">
     <span class='ocr_line' id='line_1_76' title="bbox 1962 4390 3545 4464; baseline -0.003 -13"><span class='ocrx_word' id='word_1_569' title='bbox 1962 4410 2116 4463; x_wconf 88' lang='lat' dir='ltr'><strong>mus,</strong></span> <span class='ocrx_word' id='word_1_570' title='bbox 2171 4394 2265 4449; x_wconf 92' lang='lat' dir='ltr'><strong>sed</strong></span> <span class='ocrx_word' id='word_1_571' title='bbox 2315 4403 2577 4464; x_wconf 80' lang='lat' dir='ltr'><strong>martyres</strong></span> <span class='ocrx_word' id='word_1_572' title='bbox 2598 4391 2776 4461; x_wconf 90' lang='lat' dir='ltr'><strong>potius</strong></span> <span class='ocrx_word' id='word_1_573' title='bbox 2820 4390 3084 4446; x_wconf 88' lang='lat' dir='ltr'><strong>honorare</strong></span> <span class='ocrx_word' id='word_1_574' title='bbox 3126 4392 3421 4462; x_wconf 89' lang='lat' dir='ltr'><strong>cupiamus.</strong></span> <span class='ocrx_word' id='word_1_575' title='bbox 3466 4391 3545 4447; x_wconf 86' lang='lat' dir='ltr'><strong>Ne</strong></span> 
     </span>
    </p>
   </div>
   <div class='ocr_carea' id='block_1_76' title="bbox 1964 4468 3545 4552">
    <p class='ocr_par' dir='ltr' id='par_1_76' title="bbox 1964 4468 3545 4552">
     <span class='ocr_line' id='line_1_77' title="bbox 1964 4468 3545 4552; baseline -0.004 -10"><span class='ocrx_word' id='word_1_576' title='bbox 1964 4486 2106 4543; x_wconf 90' lang='lat' dir='ltr'><strong>enim</strong></span> <span class='ocrx_word' id='word_1_577' title='bbox 2131 4485 2229 4541; x_wconf 91' lang='lat' dir='ltr'><strong>viri</strong></span> <span class='ocrx_word' id='word_1_578' title='bbox 2269 4483 2437 4539; x_wconf 90' lang='lat' dir='ltr'><strong>sancti</strong></span> <span class='ocrx_word' id='word_1_579' title='bbox 2478 4482 2545 4537; x_wconf 90' lang='lat' dir='ltr'><strong>de</strong></span> <span class='ocrx_word' id='word_1_580' title='bbox 2574 4482 2729 4537; x_wconf 91' lang='lat' dir='ltr'><strong>nobis</strong></span> <span class='ocrx_word' id='word_1_581' title='bbox 2775 4482 2968 4537; x_wconf 89' lang='lat' dir='ltr'><strong>merito</strong></span> <span class='ocrx_word' id='word_1_582' title='bbox 2997 4468 3425 4552; x_wconf 85' lang='lat' dir='ltr'><strong>conquerantur,</strong></span> <span class='ocrx_word' id='word_1_583' title='bbox 3481 4496 3545 4536; x_wconf 89' lang='lat' dir='ltr'><strong>ac</strong></span> 
     </span>
    </p>
   </div>
   <div class='ocr_carea' id='block_1_77' title="bbox 1965 4562 3548 4647">
    <p class='ocr_par' dir='ltr' id='par_1_77' title="bbox 1965 4562 3548 4647">
     <span class='ocr_line' id='line_1_78' title="bbox 1965 4562 3548 4647; baseline -0.007 -12"><span class='ocrx_word' id='word_1_584' title='bbox 1965 4581 2183 4636; x_wconf 89' lang='lat' dir='ltr'><strong>dicant:</strong></span> <span class='ocrx_word' id='word_1_585' title='bbox 2210 4576 2318 4633; x_wconf 83' lang='lat' dir='ltr'><strong>Nos</strong></span> <span class='ocrx_word' id='word_1_586' title='bbox 2356 4591 2426 4633; x_wconf 91' lang='lat' dir='ltr'><strong>ne</strong></span> <span class='ocrx_word' id='word_1_587' title='bbox 2448 4575 2591 4647; x_wconf 85' lang='lat' dir='ltr'><strong>digni</strong></span> <span class='ocrx_word' id='word_1_588' title='bbox 2631 4574 2845 4646; x_wconf 80' lang='lat' dir='ltr'><strong>quidem</strong></span> <span class='ocrx_word' id='word_1_589' title='bbox 2876 4587 3107 4638; x_wconf 89' lang='lat' dir='ltr'><strong>eramus,</strong></span> <span class='ocrx_word' id='word_1_590' title='bbox 3139 4562 3239 4644; x_wconf 25' lang='lat' dir='ltr'><strong>qui“</strong></span> <span class='ocrx_word' id='word_1_591' title='bbox 3253 4586 3415 4628; x_wconf 89' lang='lat' dir='ltr'><strong>unum</strong></span> <span class='ocrx_word' id='word_1_592' title='bbox 3447 4572 3548 4625; x_wconf 85' lang='lat' dir='ltr'><strong>Do-</strong></span> 
     </span>
    </p>
   </div>
   <div class='ocr_carea' id='block_1_78' title="bbox 1966 4661 3543 4726">
    <p class='ocr_par' dir='ltr' id='par_1_78' title="bbox 1966 4661 3543 4726">
     <span class='ocr_line' id='line_1_79' title="bbox 1966 4661 3543 4726; baseline -0.007 0"><span class='ocrx_word' id='word_1_593' title='bbox 1966 4671 2096 4726; x_wconf 91' lang='lat' dir='ltr'><strong>mini</strong></span> <span class='ocrx_word' id='word_1_594' title='bbox 2118 4669 2285 4726; x_wconf 85' lang='lat' dir='ltr'><strong>nostri</strong></span> <span class='ocrx_word' id='word_1_595' title='bbox 2310 4668 2451 4723; x_wconf 90' lang='lat' dir='ltr'><strong>diem</strong></span> <span class='ocrx_word' id='word_1_596' title='bbox 2494 4667 2549 4722; x_wconf 87' lang='lat' dir='ltr'><strong>in</strong></span> <span class='ocrx_word' id='word_1_597' title='bbox 2567 4665 2922 4721; x_wconf 85' lang='lat' dir='ltr'><strong>tabernaculis</strong></span> <span class='ocrx_word' id='word_1_598' title='bbox 2944 4664 3144 4720; x_wconf 89' lang='lat' dir='ltr'><strong>nostris</strong></span> <span class='ocrx_word' id='word_1_599' title='bbox 3170 4661 3427 4718; x_wconf 89' lang='lat' dir='ltr'><strong>celebrari</strong></span> <span class='ocrx_word' id='word_1_600' title='bbox 3457 4663 3543 4716; x_wconf 86' lang='lat' dir='ltr'><strong>vi-</strong></span> 
     </span>
    </p>
   </div>
   <div class='ocr_carea' id='block_1_79' title="bbox 1966 4750 3547 4826">
    <p class='ocr_par' dir='ltr' id='par_1_79' title="bbox 1966 4750 3547 4826">
     <span class='ocr_line' id='line_1_80' title="bbox 1966 4750 3547 4826; baseline -0.006 -10"><span class='ocrx_word' id='word_1_601' title='bbox 1966 4761 2245 4826; x_wconf 87' lang='lat' dir='ltr'><strong>deremus;</strong></span> <span class='ocrx_word' id='word_1_602' title='bbox 2288 4770 2424 4814; x_wconf 89' lang='lat' dir='ltr'><strong>neve</strong></span> <span class='ocrx_word' id='word_1_603' title='bbox 2443 4750 2721 4813; x_wconf 79' lang='lat' dir='ltr'><strong>nobiscum</strong></span> <span class='ocrx_word' id='word_1_604' title='bbox 2747 4754 3128 4826; x_wconf 83' lang='lat' dir='ltr'><strong>expostulando</strong></span> <span class='ocrx_word' id='word_1_605' title='bbox 3171 4753 3348 4813; x_wconf 89' lang='lat' dir='ltr'><strong>dicant</strong></span> <span class='ocrx_word' id='word_1_606' title='bbox 3375 4752 3547 4808; x_wconf 68' lang='lat' dir='ltr'><strong>:Swn-</strong></span> 
     </span>
    </p>
   </div>
   <div class='ocr_carea' id='block_1_80' title="bbox 1966 4841 3546 4922">
    <p class='ocr_par' dir='ltr' id='par_1_80' title="bbox 1966 4841 3546 4922">
     <span class='ocr_line' id='line_1_81' title="bbox 1966 4841 3546 4922; baseline -0.006 -17"><span class='ocrx_word' id='word_1_607' title='bbox 1966 4851 2178 4922; x_wconf 89' lang='lat' dir='ltr'><strong>guinem</strong></span> <span class='ocrx_word' id='word_1_608' title='bbox 2201 4848 2416 4920; x_wconf 89' lang='lat' dir='ltr'><strong>quidem</strong></span> <span class='ocrx_word' id='word_1_609' title='bbox 2443 4854 2683 4903; x_wconf 84' lang='lat' dir='ltr'><strong>nostrum</strong></span> <span class='ocrx_word' id='word_1_610' title='bbox 2726 4859 2824 4916; x_wconf 86' lang='lat' dir='ltr'><strong>pro</strong></span> <span class='ocrx_word' id='word_1_611' title='bbox 2854 4844 2969 4915; x_wconf 90' lang='lat' dir='ltr'><strong>ipso</strong></span> <span class='ocrx_word' id='word_1_612' title='bbox 2999 4842 3299 4908; x_wconf 80' lang='lat' dir='ltr'><strong>en‘udimus,</strong></span> <span class='ocrx_word' id='word_1_613' title='bbox 3326 4850 3381 4898; x_wconf 93' lang='lat' dir='ltr'><strong>et</strong></span> <span class='ocrx_word' id='word_1_614' title='bbox 3399 4841 3546 4912; x_wconf 91' lang='lat' dir='ltr'><strong>digni</strong></span> 
     </span>
    </p>
   </div>
   <div class='ocr_carea' id='block_1_81' title="bbox 1968 4938 3555 5008">
    <p class='ocr_par' dir='ltr' id='par_1_81' title="bbox 1968 4938 3555 5008">
     <span class='ocr_line' id='line_1_82' title="bbox 1968 4938 3555 5008; baseline -0.009 -10"><span class='ocrx_word' id='word_1_615' title='bbox 1968 4940 2136 4998; x_wconf 79' lang='lat' dir='ltr'><strong>habiti</strong></span> <span class='ocrx_word' id='word_1_616' title='bbox 2175 4953 2396 5004; x_wconf 90' lang='lat' dir='ltr'><strong>sumus,</strong></span> <span class='ocrx_word' id='word_1_617' title='bbox 2453 4938 2646 5008; x_wconf 89' lang='lat' dir='ltr'><strong>quibus</strong></span> <span class='ocrx_word' id='word_1_618' title='bbox 2693 4950 2791 5006; x_wconf 90' lang='lat' dir='ltr'><strong>pro</strong></span> <span class='ocrx_word' id='word_1_619' title='bbox 2841 4950 2907 4991; x_wconf 89' lang='lat' dir='ltr'><strong>eo</strong></span> <span class='ocrx_word' id='word_1_620' title='bbox 2951 4943 3116 5004; x_wconf 90' lang='lat' dir='ltr'><strong>caput</strong></span> <span class='ocrx_word' id='word_1_621' title='bbox 3160 4941 3555 5003; x_wconf 85' lang='lat' dir='ltr'><strong>amputaretur,</strong></span> 
     </span>
    </p>
   </div>
   <div class='ocr_carea' id='block_1_82' title="bbox 1970 5018 3564 5101">
    <p class='ocr_par' dir='ltr' id='par_1_82' title="bbox 1970 5018 3564 5101">
     <span class='ocr_line' id='line_1_83' title="bbox 1970 5018 3564 5101; baseline -0.006 -15"><span class='ocrx_word' id='word_1_622' title='bbox 1970 5030 2136 5101; x_wconf 87' lang='lat' dir='ltr'><strong>ipsius</strong></span> <span class='ocrx_word' id='word_1_623' title='bbox 2163 5028 2338 5085; x_wconf 82' lang='lat' dir='ltr'><strong>autem</strong></span> <span class='ocrx_word' id='word_1_624' title='bbox 2364 5027 2692 5082; x_wconf 82' lang='lat' dir='ltr'><strong>salutiferum</strong></span> <span class='ocrx_word' id='word_1_625' title='bbox 2721 5024 2913 5081; x_wconf 83' lang='lat' dir='ltr'><strong>festum</strong></span> <span class='ocrx_word' id='word_1_626' title='bbox 2933 5024 3191 5079; x_wconf 87' lang='lat' dir='ltr'><strong>celebrari</strong></span> <span class='ocrx_word' id='word_1_627' title='bbox 3206 5023 3345 5077; x_wconf 90' lang='lat' dir='ltr'><strong>diem</strong></span> <span class='ocrx_word' id='word_1_628' title='bbox 3368 5018 3517 5076; x_wconf 85' lang='lat' dir='ltr'><strong>vider</strong></span> <span class='ocrx_word' id='word_1_629' title='bbox 3532 5038 3564 5077; x_wconf 90' lang='lat' dir='ltr'><strong>e</strong></span> 
     </span>
    </p>
   </div>
   <div class='ocr_carea' id='block_1_83' title="bbox 1970 5112 3559 5188">
    <p class='ocr_par' dir='ltr' id='par_1_83' title="bbox 1970 5112 3559 5188">
     <span class='ocr_line' id='line_1_84' title="bbox 1970 5112 3559 5188; baseline -0.008 -11"><span class='ocrx_word' id='word_1_630' title='bbox 1970 5135 2077 5179; x_wconf 87' lang='lat' dir='ltr'><strong>non</strong></span> <span class='ocrx_word' id='word_1_631' title='bbox 2104 5135 2288 5177; x_wconf 90' lang='lat' dir='ltr'><strong>sumus</strong></span> <span class='ocrx_word' id='word_1_632' title='bbox 2311 5117 2584 5188; x_wconf 84' lang='lat' dir='ltr'><strong>promeriti</strong></span> <span class='ocrx_word' id='word_1_633' title='bbox 2612 5118 2663 5171; x_wconf 92' lang='lat' dir='ltr'><strong>in</strong></span> <span class='ocrx_word' id='word_1_634' title='bbox 2694 5115 3009 5171; x_wconf 85' lang='lat' dir='ltr'><strong>habitaculis</strong></span> <span class='ocrx_word' id='word_1_635' title='bbox 3032 5114 3230 5169; x_wconf 87' lang='lat' dir='ltr'><strong>nostris</strong></span> <span class='ocrx_word' id='word_1_636' title='bbox 3257 5130 3270 5165; x_wconf 91' lang='lat'>:</span> <span class='ocrx_word' id='word_1_637' title='bbox 3302 5112 3425 5166; x_wconf 85' lang='lat' dir='ltr'><strong>ideo</strong></span> <span class='ocrx_word' id='word_1_638' title='bbox 3453 5124 3559 5165; x_wconf 40' lang='lat' dir='ltr'><strong>ree</strong></span> 
     </span>
    </p>
   </div>
   <div class='ocr_carea' id='block_1_84' title="bbox 1973 5208 3539 5283">
    <p class='ocr_par' dir='ltr' id='par_1_84' title="bbox 1973 5208 3539 5283">
     <span class='ocr_line' id='line_1_85' title="bbox 1973 5208 3539 5283; baseline -0.009 -12"><span class='ocrx_word' id='word_1_639' title='bbox 1973 5216 2095 5271; x_wconf 90' lang='lat' dir='ltr'><strong>licta</strong></span> <span class='ocrx_word' id='word_1_640' title='bbox 2120 5214 2329 5270; x_wconf 80' lang='lat' dir='ltr'><strong>civitate</strong></span> <span class='ocrx_word' id='word_1_641' title='bbox 2347 5211 2412 5269; x_wconf 91' lang='lat' dir='ltr'><strong>ad</strong></span> <span class='ocrx_word' id='word_1_642' title='bbox 2434 5212 2597 5283; x_wconf 90' lang='lat' dir='ltr'><strong>pedes</strong></span> <span class='ocrx_word' id='word_1_643' title='bbox 2623 5219 2926 5265; x_wconf 86' lang='lat' dir='ltr'><strong>sanctorum</strong></span> <span class='ocrx_word' id='word_1_644' title='bbox 2954 5208 3144 5262; x_wconf 87' lang='lat' dir='ltr'><strong>borum</strong></span> <span class='ocrx_word' id='word_1_645' title='bbox 3171 5216 3539 5275; x_wconf 85' lang='lat' dir='ltr'><strong>properamus,</strong></span> 
     </span>
    </p>
   </div>
   <div class='ocr_carea' id='block_1_85' title="bbox 1972 5292 3540 5375">
    <p class='ocr_par' dir='ltr' id='par_1_85' title="bbox 1972 5292 3540 5375">
     <span class='ocr_line' id='line_1_86' title="bbox 1972 5292 3540 5375; baseline -0.011 -11"><span class='ocrx_word' id='word_1_646' title='bbox 1972 5306 2252 5363; x_wconf 91' lang='lat' dir='ltr'><strong>occasione</strong></span> <span class='ocrx_word' id='word_1_647' title='bbox 2267 5303 2541 5375; x_wconf 68' lang='lat' dir='ltr'><strong>prmsentis</strong></span> <span class='ocrx_word' id='word_1_648' title='bbox 2561 5300 2664 5356; x_wconf 91' lang='lat' dir='ltr'><strong>diei</strong></span> <span class='ocrx_word' id='word_1_649' title='bbox 2686 5341 2700 5363; x_wconf 89' lang='lat'><strong>,</strong></span> <span class='ocrx_word' id='word_1_650' title='bbox 2723 5309 2777 5354; x_wconf 91' lang='lat' dir='ltr'><strong>et</strong></span> <span class='ocrx_word' id='word_1_651' title='bbox 2801 5298 2869 5353; x_wconf 91' lang='lat' dir='ltr'><strong>de</strong></span> <span class='ocrx_word' id='word_1_652' title='bbox 2900 5306 3135 5366; x_wconf 91' lang='lat' dir='ltr'><strong>tempore</strong></span> <span class='ocrx_word' id='word_1_653' title='bbox 3164 5292 3433 5364; x_wconf 65' lang='lat' dir='ltr'><strong>praeterito</strong></span> <span class='ocrx_word' id='word_1_654' title='bbox 3452 5308 3540 5347; x_wconf 82' lang='lat' dir='ltr'><strong>ex-</strong></span> 
     </span>
    </p>
   </div>
   <div class='ocr_carea' id='block_1_86' title="bbox 1973 5382 3545 5463">
    <p class='ocr_par' dir='ltr' id='par_1_86' title="bbox 1973 5382 3545 5463">
     <span class='ocr_line' id='line_1_87' title="bbox 1973 5382 3545 5463; baseline -0.011 -11"><span class='ocrx_word' id='word_1_655' title='bbox 1973 5406 2220 5453; x_wconf 87' lang='lat' dir='ltr'><strong>cusantes</strong></span> <span class='ocrx_word' id='word_1_656' title='bbox 2246 5408 2345 5449; x_wconf 89' lang='lat' dir='ltr'><strong>nos</strong></span> <span class='ocrx_word' id='word_1_657' title='bbox 2381 5391 2523 5463; x_wconf 86' lang='lat' dir='ltr'><strong>apud</strong></span> <span class='ocrx_word' id='word_1_658' title='bbox 2560 5390 2725 5460; x_wconf 89' lang='lat' dir='ltr'><strong>ipsos.</strong></span> <span class='ocrx_word' id='word_1_659' title='bbox 2770 5384 2900 5441; x_wconf 85' lang='lat' dir='ltr'><strong>Nam</strong></span> <span class='ocrx_word' id='word_1_660' title='bbox 2930 5386 2974 5440; x_wconf 88' lang='lat' dir='ltr'><strong>si</strong></span> <span class='ocrx_word' id='word_1_661' title='bbox 3023 5392 3177 5438; x_wconf 86' lang='lat' dir='ltr'><strong>antea</strong></span> <span class='ocrx_word' id='word_1_662' title='bbox 3199 5382 3268 5437; x_wconf 85' lang='lat' dir='ltr'><strong>ad</strong></span> <span class='ocrx_word' id='word_1_663' title='bbox 3295 5391 3545 5437; x_wconf 83' lang='lat' dir='ltr'><strong>strenuos</strong></span> 
     </span>
    </p>
   </div>
   <div class='ocr_carea' id='block_1_87' title="bbox 1975 5471 3549 5558">
    <p class='ocr_par' dir='ltr' id='par_1_87' title="bbox 1975 5471 3549 5558">
     <span class='ocr_line' id='line_1_88' title="bbox 1975 5471 3549 5558; baseline -0.015 -13"><span class='ocrx_word' id='word_1_664' title='bbox 1975 5490 2074 5545; x_wconf 81' lang='lat' dir='ltr'><strong>lios</strong></span> <span class='ocrx_word' id='word_1_665' title='bbox 2095 5486 2302 5558; x_wconf 90' lang='lat' dir='ltr'><strong>pietatis</strong></span> <span class='ocrx_word' id='word_1_666' title='bbox 2326 5472 2552 5539; x_wconf 80' lang='lat' dir='ltr'><strong>athletas</strong></span> <span class='ocrx_word' id='word_1_667' title='bbox 2570 5496 2787 5536; x_wconf 83' lang='lat' dir='ltr'><strong>currere</strong></span> <span class='ocrx_word' id='word_1_668' title='bbox 2815 5477 3116 5545; x_wconf 85' lang='lat' dir='ltr'><strong>oportebat,</strong></span> <span class='ocrx_word' id='word_1_669' title='bbox 3146 5471 3357 5543; x_wconf 90' lang='lat' dir='ltr'><strong>quando</strong></span> <span class='ocrx_word' id='word_1_670' title='bbox 3377 5471 3549 5524; x_wconf 86' lang='lat' dir='ltr'><strong>adhuc</strong></span> 
     </span>
    </p>
   </div>
   <div class='ocr_carea' id='block_1_88' title="bbox 1976 5565 3552 5651">
    <p class='ocr_par' dir='ltr' id='par_1_88' title="bbox 1976 5565 3552 5651">
     <span class='ocr_line' id='line_1_89' title="bbox 1976 5565 3552 5651; baseline -0.011 -15"><span class='ocrx_word' id='word_1_671' title='bbox 1976 5582 2075 5636; x_wconf 88' lang='lat' dir='ltr'><strong>sub</strong></span> <span class='ocrx_word' id='word_1_672' title='bbox 2099 5579 2402 5651; x_wconf 82' lang='lat' dir='ltr'><strong>pavimento</strong></span> <span class='ocrx_word' id='word_1_673' title='bbox 2448 5571 2707 5631; x_wconf 88' lang='lat' dir='ltr'><strong>reconditi</strong></span> <span class='ocrx_word' id='word_1_674' title='bbox 2735 5568 2978 5644; x_wconf 69' lang='lat' dir='ltr'><strong>iacebant</strong></span> <span class='ocrx_word' id='word_1_675' title='bbox 2995 5605 3014 5634; x_wconf 87' lang='lat'><strong>,</strong></span> <span class='ocrx_word' id='word_1_676' title='bbox 3039 5567 3205 5621; x_wconf 85' lang='lat' dir='ltr'><strong>multo</strong></span> <span class='ocrx_word' id='word_1_677' title='bbox 3228 5579 3356 5621; x_wconf 80' lang='lat' dir='ltr'><strong>sane</strong></span> <span class='ocrx_word' id='word_1_678' title='bbox 3386 5565 3552 5634; x_wconf 83' lang='lat' dir='ltr'><strong>magis</strong></span> 
     </span>
    </p>
   </div>
  </div>
