3908 6300
360 365 459 420 H3

358 479 407 530 id
432 479 540 546 jam
576 490 830 547 peragere
856 474 1156 544 oportebit,
1187 472 1398 543 quando
1422 472 1646 527 seorsim
1676 470 1935 540 repositas

287 584 299 594 ί
359 569 601 622 videmus
638 567 982 636 margaritas,
1015 566 1227 635 quando
1257 579 1287 618 a
1336 564 1476 633 lupis
1523 563 1760 617 liberata:
1813 569 1938 615 sunt

359 673 515 721 oves,
544 659 756 729 quando
781 673 811 712 a
860 658 1082 712 mortuis
1113 664 1447 711 recesserunt
1493 655 1617 710 vivi.
1665 653 1742 709 Ne
1783 662 1936 709 antea

359 751 570 820 quidem
614 751 776 804 ullum
810 750 1184 805 detrimentum
1216 749 1354 817 passi
1395 755 1519 802 sunt
1561 762 1628 802 ex
1670 746 1937 802 communi

360 856 480 895 cum
509 840 611 895 illis
640 842 907 909 sepultura
941 858 956 896 :
987 855 1213 910 quorum
1240 839 1385 893 enim
1437 837 1655 908 spiritus
1705 838 1756 892 in
1791 839 1938 893 ca‘lis

362 944 524 1000 sunt,
556 949 740 988 eorum
777 948 950 1003 neque
997 948 1218 1000 corpora
1261 947 1328 986 ex
1359 930 1752 1001 pr0piuquitate
1779 930 1940 985 laede-

361 1023 583 1088 bantur;
606 1038 829 1093 quorum
869 1024 1061 1077 animat
1083 1023 1136 1076 in
1161 1036 1322 1076 manu
1351 1022 1441 1077 Dei
1468 1030 1619 1085 sunt,
1650 1036 1822 1091 neque
1847 1035 1941 1076 re-

356 1113 531 1183 “quia:
559 1130 743 1169 eorum
767 1129 834 1169 ex
858 1115 974 1168 loco
992 1154 1008 1180 ,
1036 1114 1088 1167 in
1106 1129 1213 1183 quo
1239 1112 1526 1169 reconditae
1556 1121 1712 1178 sunt,
1737 1112 1933 1182 aliquid

358 1205 466 1275 pati
501 1215 758 1274 poterant.
783 1204 924 1260 Nihil
970 1219 1100 1276 ergo
1129 1205 1193 1258 iis
1246 1202 1474 1259 antehac
1502 1202 1808 1259 detriinenti
1851 1217 1940 1259 ac-

356 1295 518 1349 cessit
542 1313 555 1349 :
588 1296 811 1365 populus
835 1305 1008 1350 tamen
1038 1305 1221 1351 noster
1248 1310 1353 1349 non
1382 1294 1632 1365 exiguum
1658 1310 1688 1349 a
1709 1295 1827 1350 loco
1845 1295 1943 1350 da-

357 1403 539 1441 mnum
589 1389 790 1441 ferebat
816 1405 829 1442 :
860 1389 1054 1458 quippe
1090 1387 1182 1456 qui
1201 1387 1449 1442 currebat
1467 1387 1678 1457 quidem
1704 1387 1771 1441 ad
1801 1401 1947 1441 mar-

355 1487 531 1548 tyrum
580 1478 867 1548 reliquias,
894 1487 948 1531 at
972 1493 1092 1533 cum
1137 1479 1479 1551 ambiguitate
1521 1488 1577 1534 et
1606 1478 1942 1534 hmsitatione

354 1582 541 1636 preces
571 1568 847 1635 offerebat,
875 1569 1015 1639 quod
1041 1578 1344 1625 sanctorum
1374 1570 1618 1639 sepulcra
1646 1571 1936 1641 ignoraret,

355 1671 418 1710 ac
464 1657 553 1711 ubi
596 1658 705 1712 veri
758 1658 832 1712 illi
885 1658 1117 1714 thesauri
1158 1660 1423 1715 reconditi
1449 1670 1648 1716 essent.
1690 1660 1940 1732 Idemque

355 1748 552 1803 factum
569 1758 652 1804 est
671 1750 831 1804 veluti
850 1751 893 1804 si
921 1765 1108 1820 greges
1131 1752 1308 1805 ovium
1329 1752 1543 1807 adducti
1567 1752 1634 1806 ad
1662 1750 1940 1821 perfruen-

362 1838 487 1892 dum
524 1839 691 1894 alveis
710 1842 883 1908 puris,
910 1842 996 1909 qui
1022 1881 1038 1906 ,
1068 1841 1155 1895 ubi
1200 1841 1266 1895 ad
1294 1840 1470 1897 fontes
1497 1842 1744 1912 limpidos
1774 1858 1939 1899 vene-

356 1928 496 1992 rint,
530 1938 665 1982 tetro
692 1929 918 1998 quodam
940 1930 1105 1984 odore
1132 1940 1290 1999 atque
1318 1929 1509 1986 faetore
1535 1932 1747 1987 aliunde
1765 1947 1936 1987 comt-

356 2021 438 2073 nis
463 2029 810 2099 erumpente,
860 2022 1049 2076 iterum
1104 2022 1486 2078 inhibeantur:
1537 2024 1606 2078 ita
1651 2032 1707 2078 et
1750 2025 1803 2078 in
1833 2024 1938 2080 isto

354 2115 478 2168 ovili
515 2116 749 2185 centigit.
807 2116 919 2169 Ibat
972 2117 1187 2185 quidem
1238 2116 1462 2186 pepultts
1516 2116 1582 2171 ad
1624 2132 1783 2186 puros
1813 2119 1935 2174 illos

356 2213 645 2279 martyrum
673 2206 863 2269 fontes,
891 2205 985 2259 sed
1013 2205 1138 2259 dum
1162 2204 1405 2261 faetorem
1427 2205 1796 2261 haereticorum
1813 2206 1937 2262 inde

354 2301 595 2355 cominus
639 2307 1003 2366 erumpentem
1033 2299 1288 2362 sentiret,
1345 2307 1537 2352 iterum
1577 2298 1930 2354 inhibebatur.

353 2390 505 2457 Quod
527 2390 743 2459 quidem
790 2388 1126 2455 conspiciens
1178 2387 1406 2455 prudens
1431 2388 1522 2443 hic
1563 2396 1746 2456 pastor
1777 2399 1936 2459 atque

352 2482 621 2551 magister,
640 2488 828 2535 cuncta
846 2478 910 2531 ad
926 2478 1177 2532 Ecclesiae
1199 2478 1599 2534 aediﬁcationem
1623 2479 1935 2548 disponens,

353 2582 459 2628 neti
500 2584 582 2627 est
628 2586 814 2643 passus
839 2570 927 2623 diu
978 2571 1079 2624 hoc
1127 2571 1379 2625 damnum
1421 2585 1517 2639 pro
1566 2571 1668 2626 levi
1711 2571 1929 2636 haberi,

352 2662 565 2717 fervens
611 2662 697 2716 hic
724 2671 931 2716 amator
970 2670 1023 2714 et
1052 2660 1330 2715 :cmulator
1360 2670 1651 2731 martyrum
1701 2662 1799 2732 (a).
1828 2660 1932 2717 Sed

351 2755 476 2823 quid
503 2755 649 2825 agit?
680 2755 912 2824 Aspicite
938 2753 1249 2822 sapientiam
1290 2753 1406 2823 ejus
1436 2771 1449 2807 :
1478 2754 1687 2809 turbida
1718 2756 1931 2825 quidem

352 2862 415 2902 ac
441 2847 620 2902 foetida
662 2848 855 2902 ﬂuenta
887 2846 1099 2910 obruit,
1146 2855 1303 2915 atque
1326 2846 1590 2900 obstruxit
1628 2847 1883 2901 deorsum
1913 2865 1928 2902 :

354 2954 517 3008 puros
536 2949 711 2994 autem
739 2949 1029 3010 martyrum
1057 2937 1231 2993 fontes
1257 2952 1497 2993 seorsum
1525 2939 1577 2995 in
1612 2954 1746 3009 puro
1773 2956 1930 2996 mttu-

352 3028 528 3100 doque
572 3030 689 3085 loco
733 3030 1033 3085 collocavit.
1082 3027 1425 3084 Considerate
1472 3030 1633 3085 etiam
1677 3038 1928 3101 quantam

352 3134 478 3189 erga
509 3123 612 3175 vita
641 3120 845 3175 functos
875 3118 1176 3175 exhibuerit
1197 3117 1598 3183 humanitatem,
1629 3129 1788 3191 atque
1804 3137 1929 3193 erga

354 3221 613 3282 martyres
644 3210 896 3266 honorem
918 3252 933 3278 ,
958 3221 1013 3266 et
1040 3212 1090 3265 in
1120 3210 1370 3281 populum
1397 3225 1602 3266 curam.
1628 3213 1763 3284 Erga
1787 3230 1931 3268 mor-

354 3311 476 3356 tuos
502 3302 714 3373 quidem
757 3302 1170 3366 humanitatem,
1202 3302 1342 3372 quod
1371 3316 1465 3357 eos
1496 3303 1613 3359 loco
1664 3319 1769 3358 non
1810 3320 1929 3359 mo-

352 3392 509 3458 verit,
530 3392 623 3448 sed
644 3394 733 3449 ubi
762 3401 933 3460 erant,
963 3393 1034 3447 ibi
1063 3393 1367 3462 reliquerit;
1396 3408 1520 3463 erga
1545 3405 1807 3465 martyres
1832 3411 1928 3450 au-

354 3492 460 3538 tem
490 3482 745 3538 honorem
766 3524 780 3547 ,
814 3497 906 3537 eos
948 3483 1015 3537 ab
1052 3483 1291 3552 improba
1320 3484 1589 3539 vicinitate
1638 3486 1877 3541 eximens
1908 3505 1924 3541 :

352 3587 479 3642 erga
526 3573 773 3641 populum
801 3588 927 3628 vero
957 3588 1137 3627 curam
1164 3584 1322 3642 atque
1348 3574 1756 3630 sollicitudinem
1778 3620 1791 3641 ,
1824 3594 1927 3633 non

353 3663 665 3732 permittens
685 3679 778 3718 eos
813 3665 1040 3734 amplius
1055 3680 1173 3720 cum
1192 3664 1499 3721 discrimine
1522 3675 1576 3721 ct
1596 3668 1928 3726 hmsitatione

348 3770 473 3810 suas
500 3770 685 3825 preces
712 3756 955 3812 fundere.

419 3848 600 3918 Angeli
617 3849 802 3903 adsunt
821 3850 873 3902 in
899 3850 1109 3904 ecclesia
1131 3860 1177 3904 et
1206 3852 1403 3922 ubique.
1428 3882 1495 3892 ——
1517 3852 1803 3921 Propterea
1832 3869 1927 3909 vos

266 3972 283 3987 κ
350 3937 453 3993 huc
472 3939 786 3993 adduximus
805 3983 819 4006 ,
850 3948 908 3993 ut
934 3941 1187 3996 illustrior
1214 3950 1506 3997 conventus
1538 3945 1720 4010 lieret,
1749 3945 1929 4014 splen-

346 4028 625 4108 didiusqup
650 4032 1008 4099 spectaculum
1048 4048 1152 4085 non
1200 4034 1470 4088 hominum
1497 4035 1668 4089 solum
1691 4077 1707 4101 ,
1753 4038 1847 4091 sed
1873 4046 1928 4092 et

348 4128 639 4190 martyrum
671 4121 1016 4176 collectorum
1039 4164 1054 4188 ,
1087 4138 1260 4193 neque
1287 4133 1580 4196 martyrum
1609 4127 1883 4181 dumtaxat
1907 4167 1922 4190 ,

346 4222 528 4264 verum
559 4210 719 4266 etiam
746 4213 1079 4281 angelorum.
1113 4214 1322 4268 Etenim
1350 4225 1407 4270 et
1434 4218 1607 4286 angeli
1638 4227 1926 4285 praesentes

344 4308 502 4365 sunt,
530 4302 837 4370 angelorum
867 4310 922 4357 et
965 4313 1256 4373 martyrum
1307 4321 1597 4361 concursus
1638 4308 1693 4362 fit
1745 4308 1921 4363 hodie.

348 4390 541 4445 Videre
588 4393 741 4461 cupis
790 4393 1005 4462 angelos
1054 4395 1253 4462 pariter
1298 4412 1359 4451 ac
1414 4399 1712 4470 martyres?
1763 4400 1923 4469 Aperi

344 4486 526 4539 oculos
553 4484 672 4539 fidei
700 4496 754 4540 et
788 4501 978 4540 cernes
1007 4489 1369 4555 spectaculum
1403 4491 1549 4545 illud.
1579 4492 1710 4546 Nam
1738 4493 1782 4547 si
1812 4509 1927 4547 om-

342 4578 425 4631 nis
453 4592 546 4632 aer
565 4577 764 4647 angi-lis
792 4579 1023 4647 repletus
1047 4581 1149 4646 sit,
1179 4593 1376 4650 quanto
1395 4584 1622 4652 amplius
1645 4585 1872 4641 ecclesia
1906 4603 1919 4640 :

342 4668 387 4721 si
436 4684 562 4722 vero
600 4668 863 4736 ecclesia,
891 4682 1087 4737 quanto
1128 4674 1297 4743 magis
1342 4674 1457 4729 dics
1488 4674 1597 4744 jam
1649 4690 1921 4745 praesens,

343 4759 555 4827 quando
596 4775 782 4814 eorum
813 4771 1114 4831 assumptus
1142 4773 1224 4818 est
1253 4763 1543 4819 Dominus?
1572 4765 1720 4832 Quod
1746 4776 1922 4821 autem

346 4852 522 4905 omnis
552 4866 647 4905 aer
670 4852 873 4920 angelis
919 4853 987 4907 sit
1026 4855 1279 4923 repletus,
1307 4856 1430 4911 audi
1476 4857 1602 4926 quid
1624 4858 1765 4913 dicat
1785 4861 1925 4927 Apo-

338 4944 541 5010 stolus,
581 4945 877 4999 admonens
914 4945 1195 5013 mulieres,
1249 4957 1307 5002 ut
1345 4948 1518 5003 velato
1557 4948 1667 5002 sint
1709 4950 1918 5018 capite:

339 5034 535 5088 Debent
563 5034 703 5089 enim
726 5074 743 5101 ,
770 5034 942 5105 inquit
968 5076 983 5101 ,
1028 5038 1260 5093 mulieres
1286 5039 1509 5093 velamen
1556 5039 1735 5094 habere
1763 5057 1922 5109 supra

336 5136 487 5195 caput
515 5144 663 5180 suum
683 5169 697 5193 ,
730 5138 933 5198 propter
951 5130 1156 5200 angelos
1184 5129 1259 5202 (l.
1288 5130 1405 5184 Cor.
1440 5132 1528 5184 H.
1554 5131 1665 5201 10).
1694 5131 1921 5187 Rursus-

335 5232 439 5286 que
454 5217 615 5273 Iacob
644 5237 656 5273 :
686 5220 907 5290 Angelus
930 5222 1013 5291 qui
1043 5224 1171 5275 eruit
1192 5237 1271 5274 me
1296 5238 1326 5272 a
1347 5221 1609 5291 jnventnte
1628 5239 1736 5274 mea
1766 5221 1916 5293 (Cen.

344 5308 430 5363 48.
471 5308 582 5377 l6).
620 5310 683 5364 Et
708 5312 797 5379 qui
847 5312 898 5364 in
952 5313 1113 5365 domo
1159 5326 1279 5365 cum
1316 5311 1571 5381 apostolis
1612 5322 1799 5379 erant,
1852 5315 1918 5368 ad

344 5399 565 5456 Rhodon
586 5404 810 5471 puellam
824 5403 1100 5459 dicebant:
1121 5404 1340 5474 Angelus
1353 5406 1461 5475 ejus
1477 5415 1547 5459 est
1561 5405 1693 5475 (Act.
1712 5408 1778 5461 12
1809 5408 1917 5478 l5).

340 5491 417 5546 Ac
442 5493 633 5546 iterum
685 5493 897 5549 Jacob:
945 5493 1106 5561 Vidi,
1164 5495 1364 5564 inquit,
1411 5508 1576 5552 castra
1624 5500 1919 5571 angelorum

336 5578 491 5649 (Gen.
536 5582 625 5637 52.
656 5582 737 5650 2).
767 5583 869 5639 Sed
910 5599 1162 5653 quorsum
1191 5587 1496 5656 angelorum
1530 5600 1700 5646 castra
1732 5607 1792 5648 ac
1819 5607 1910 5650 co-

402 5780 474 5841 (a)
509 5786 575 5830 De
599 5778 817 5831 Flaviano
838 5784 1060 5846 ἡμίθεοιπο
1084 5782 1310 5848 loquitur.

1064 358 1124 417 S.
1163 357 1445 416 JOANNIS
1479 355 1952 414 CllRYSOSTOMI
1989 356 2311 415 ARGHIEP.
2350 358 2887 419 CONSTANTINOP.

3519 354 3627 413 444

2048 471 2163 540 pias
2194 487 2355 541 super
2390 484 2585 529 terram
2614 476 2779 531 vidit?
2805 476 2954 531 Sicut
2982 492 3077 532 rex
3096 476 3247 546 jubet
3273 490 3363 546 per
3392 475 3626 546 singulas

2043 561 2287 618 civitates
2309 578 2434 619 suas
2460 566 2657 621 milites
2683 567 2925 636 disponi,
2975 582 3040 622 ne
3060 583 3219 636 grave
3247 568 3462 641 aliquod
3506 568 3625 621 bel-

2043 650 2151 705 lutn
2183 653 2463 709 imminens
2487 656 2875 711 incursionibus
2904 656 3117 711 infestet
3144 673 3235 713 eas
3268 660 3378 715 tita
3404 667 3457 713 et
3490 658 3627 713 Deus

2043 743 2377 806 dtemonibus
2403 747 2453 800 in
2481 762 2605 803 aere
2639 748 2767 814 isto,
2801 748 3039 802 barbaris
3066 760 3224 818 atque
3270 749 3588 804 immanibus
3608 790 3624 813 ,

2043 850 2255 905 semper
2280 838 2420 893 bella
2458 841 2833 895 suscitantihus
2852 882 2868 905 ,
2898 842 3147 911 pacisque
3176 841 3403 895 inimicis
3422 881 3438 907 ,
3461 856 3625 911 ange—

2042 928 2213 983 10mm
2252 940 2426 985 castra
2464 933 2712 1001 opponit,
2757 942 2811 986 ut
2849 932 2974 988 dum
3014 933 3094 987 vel
3119 941 3378 1002 apparent
3413 932 3625 998 solum,

2042 1017 2186 1086 ipsos
2211 1021 2535 1089 reprimant,
2571 1023 2829 1091 nobisque
2868 1037 3048 1091 pacein
3098 1031 3406 1092 perpetuam
3445 1024 3627 1079 conci-

2043 1107 2191 1162 lient.
2214 1110 2388 1179 Atque
2409 1119 2466 1164 ut
2490 1112 2663 1166 discas
2690 1112 2913 1191 angelos
2930 1114 3075 1182 pacis
3095 1126 3214 1167 esse
3234 1154 3249 1177 ,
3280 1112 3402 1166 audi
3427 1113 3477 1167 in
3505 1127 3629 1182 pre-

2042 1198 2341 1254 cationibus
2371 1199 2625 1254 diaconos
2652 1216 2866 1271 semper
2898 1202 3137 1258 dicentes
3164 1220 3177 1256 :
3211 1203 3460 1273 Angelum
3486 1204 3627 1274 pacis

2042 1298 2215 1359 rogate
2240 1290 2341 1360 (a).
2374 1291 2533 1345 Vides
2579 1292 2797 1362 angelos
2837 1292 3026 1347 adesse
3064 1301 3118 1347 et
3159 1294 3461 1363 martyres?
3488 1293 3626 1361 Quid

2043 1379 2201 1448 igitur
2245 1381 2605 1436 miserabilius
2631 1383 2731 1446 iis,
2760 1383 2849 1453 qni
2878 1398 2937 1439 se
2974 1399 3006 1438 a
3054 1393 3319 1439 conventu
3367 1383 3630 1439 hodierno

2042 1472 2455 1541 abstraxerunt?
2476 1482 2530 1530 et
2556 1475 2681 1544 quid
2695 1476 2901 1532 beatius
2929 1478 3194 1547 nobisqui
3217 1478 3547 1545 advenimus,
3569 1487 3628 1534 et

2042 1564 2352 1621 celebritate
2379 1566 2477 1621 ista
2506 1566 2859 1635 perfruimur?
2884 1568 3152 1623 Cazterum
3177 1570 3260 1623 isti
3286 1569 3354 1625 de
3381 1570 3584 1640 angelis
3602 1572 3624 1601 ¹

2043 1670 2321 1711 sermones
2357 1657 2409 1711 in
2435 1658 2577 1713 aliud
2608 1658 2761 1713 nobis
2791 1668 2999 1730 tempus
3042 1659 3329 1716 referendi.
3353 1660 3471 1716 .lam
3494 1676 3625 1717 vero

2042 1746 2112 1802 ad
2137 1748 2432 1803 institutum
2462 1752 2738 1820 praesentis
2768 1750 2887 1807 festi
2908 1761 3267 1806 revertamur-

2110 1837 2169 1893 ἓ.
2220 1839 2350 1906 Quae
2385 1840 2541 1910 igitur
2582 1857 2816 1911 praesens
2842 1852 2924 1897 est
2958 1843 3054 1897 ista
3090 1843 3415 1899 celebritas?
3445 1843 3618 1900 Vene-

2040 1916 2217 1985 randa.
2238 1933 2417 2002 utique
2444 1941 2497 1986 ct
2527 1948 2738 2003 magna,
2765 1934 3059 1998 carissime,
3098 1949 3418 2004 sensumque
3449 1952 3513 1992 ac
3538 1937 3624 1991 in-

2042 2022 2307 2077 tellectum
2343 2039 2556 2077 omnem
2584 2024 2870 2079 huntanum
2903 2026 3185 2092 excedens,
3231 2027 3427 2097 Deique
3452 2030 3625 2082 muni.

2041 2113 2276 2180 licentia,
2299 2116 2387 2184 qui
2414 2115 2558 2169 illam
2582 2116 2722 2182 fecit,
2760 2116 2937 2187 digna.
2966 2117 3135 2172 Hodie
3163 2118 3303 2173 enim
3336 2118 3625 2174 humanum

2040 2220 2207 2274 genus
2227 2207 2624 2261 reconciliatum
2644 2217 2727 2262 est
2744 2209 2853 2264 Deo
2876 2227 2889 2262 :
2911 2209 3067 2263 hodie
3087 2209 3333 2265 diuturna
3356 2210 3623 2279 simultas,

2042 2296 2361 2368 longumque
2387 2297 2582 2352 bellum
2615 2298 2844 2353 deletum
2880 2308 2962 2353 est
2987 2309 3146 2369 atque
3180 2301 3443 2356 sublatum
3476 2318 3489 2355 :
3522 2301 3623 2357 ho-

2038 2388 2127 2443 die
2155 2405 2250 2459 pax
2278 2390 2518 2460 quzedam
2561 2391 2713 2446 nobis
2741 2391 3066 2447 admirabilis
3097 2394 3290 2457 rediit,
3320 2410 3425 2448 non
3470 2403 3634 2449 antea.

2041 2495 2288 2549 umquam
2308 2491 2630 2550 exspectata.
2649 2483 2779 2550 Quis
2794 2484 2933 2537 enim
2948 2495 3216 2553 sperasset
3241 2484 3377 2552 fore,
3406 2496 3463 2540 ut
3484 2486 3633 2540 Deus

2038 2571 2240 2626 homini
2279 2574 2755 2628 reconciliaretur?
2786 2591 2889 2629 non
2919 2576 3058 2646 quod
3082 2576 3403 2631 inhumanus
3428 2577 3497 2632 sit
3524 2577 3627 2632 Do~

2037 2664 2233 2728 minus,
2261 2664 2354 2719 sed
2391 2666 2510 2734 quia
2540 2666 2720 2736 segnis
2756 2666 2985 2721 famulus
3013 2676 3069 2721 et
3103 2670 3279 2732 iners;
3327 2683 3432 2722 non
3479 2670 3625 2739 quod

2035 2755 2266 2809 crudelis
2281 2771 2343 2810 ac
2372 2770 2549 2810 Saevus
2564 2756 2837 2821 Dominus,
2865 2757 2957 2812 sed
2981 2759 3099 2827 quia
3127 2773 3313 2813 servus
3337 2769 3624 2813 contumax

2037 2855 2197 2915 atque
2221 2847 2477 2916 ingratus.
2504 2846 2596 2901 Vis
2617 2848 2847 2915 discere,
2877 2864 2982 2918 quo
3004 2857 3158 2919 pacto
3182 2848 3635 2919 benignissimum

2036 2935 2178 2992 hunc
2204 2947 2362 3007 atque
2389 2938 2719 2994 lenissimum
2760 2940 3040 2994 Dominum
3072 2949 3311 2994 nostrum
3338 2941 3625 2995 exacerba-

2036 3029 2271 3083 verimus
2291 3028 2314 3081 ?
2338 3029 2571 3100 Equum
2620 3045 2846 3100 namque
2873 3042 2957 3085 est
2984 3031 3176 3099 prioris
3203 3040 3394 3085 nostra:
3431 3031 3622 3086 simul-

2036 3121 2157 3173 tatis
2195 3134 2515 3189 cognOseere
2554 3120 2995 3187 fundamentum,
3031 3130 3085 3174 ut
3107 3120 3320 3190 quando
3348 3122 3623 3189 aspexeris

2036 3218 2134 3257 nos
2159 3203 2400 3257 inimicos
2425 3213 2479 3258 et
2508 3203 2688 3259 hostes
2732 3207 2934 3259 honore
2966 3204 3204 3271 allectos,
3239 3206 3401 3274 ipsius
3445 3214 3620 3258 nono-

2034 3294 2202 3348 rantis
2243 3294 2526 3349 admireris
2564 3294 2970 3366 benignitatem,
3008 3310 3075 3350 no
3107 3308 3175 3349 ex
3222 3295 3453 3364 propriis
3478 3305 3627 3349 recte

2034 3382 2187 3439 factis
2214 3385 2353 3439 illam
2377 3383 2569 3439 factam
2591 3387 2932 3440 mutationem
2958 3386 3253 3447 arbitreris,
3278 3396 3332 3439 et
3362 3384 3608 3438 benelicii

2034 3477 2389 3531 immensitate
2434 3488 2709 3546 perspecta
2739 3518 2755 3541 ,
2807 3477 2876 3531 de
2924 3476 3283 3545 magnitudine
3338 3491 3631 3530 munerum-

2032 3568 2227 3637 gratias
2266 3568 2341 3622 illi
2385 3583 2544 3638 agere
2574 3584 2678 3622 tton
2721 3568 2971 3623 desistas.
2997 3567 3087 3623 Vis
3131 3581 3260 3637 ergo
3302 3582 3461 3621 nosse
3485 3582 3626 3636 quo-

2033 3660 2191 3715 modo
2216 3661 2497 3716 Dominum
2523 3671 2627 3714 tam
2654 3661 2923 3716 liberalem
2947 3703 2961 3726 ,
2997 3672 3331 3716 mansuetum
3348 3703 3363 3727 ,
3393 3662 3617 3728 bonum,

2032 3755 2313 3824 omniaque
2340 3753 2407 3807 ad
2428 3755 2652 3809 salutem
2681 3764 2914 3807 nostram
2936 3755 3304 3825 disponentem
3325 3757 3618 3810 exacerba-

2031 3847 2307 3902 verimus?
2352 3847 2671 3902 Deliberavit
2717 3847 3000 3916 aliquando
3025 3848 3092 3902 de
3140 3850 3389 3903 universo
3436 3858 3623 3903 nostro

2032 3953 2231 4006 genere
2253 3939 2469 3991 omnino
2494 3938 2722 3991 delendo
2745 3979 2760 4003 ,
2787 3948 2946 4007 atque
2989 3938 3058 3991 ita
3091 3938 3242 3992 nobis
3280 3939 3442 3993 iratus
3482 3949 3619 4001 erat,

2031 4038 2089 4083 ut
2117 4028 2337 4099 perdere
2376 4043 2474 4084 nos
2500 4029 2660 4085 vellet
2685 4045 2805 4084 cum
2835 4031 3087 4085 uxoribus
3114 4046 3177 4085 ac
3197 4029 3406 4096 liberis,
3437 4031 3621 4086 bestiis

2030 4132 2190 4190 atque
2222 4121 2479 4190 jumeutis
2505 4164 2520 4188 ,
2568 4132 2766 4178 etcum
2796 4123 3041 4177 universa
3091 4132 3248 4176 terra.
3298 4122 3367 4176 Et
3393 4124 3436 4176 si
3467 4122 3619 4186 velis,

2030 4213 2230 4268 curabo
2256 4222 2313 4268 ut
2335 4215 2503 4283 ipsam
2526 4229 2738 4284 quoque
2766 4215 3082 4269 sententiam
3117 4213 3232 4283 ejus
3252 4212 3436 4267 audias
3466 4230 3482 4269 :
3514 4212 3622 4268 Dc—

2030 4305 2161 4370 lebo,
2192 4305 2381 4375 inquit,
2410 4306 2659 4360 hominem
2699 4322 2846 4376 quem
2871 4306 3034 4359 creata
3053 4321 3084 4358 a
3110 4305 3240 4373 [acie
3255 4305 3416 4359 omnis
3443 4312 3619 4369 teme,

2029 4408 2076 4451 et
2117 4398 2263 4451 bruta
2298 4399 2540 4452 animalia
2582 4407 2628 4451 et
2643 4398 2897 4467 iumenta,
2949 4398 3069 4465 quia
3095 4396 3294 4467 panitet
3323 4412 3402 4449 me
3445 4394 3630 4467 fecisse

2030 4488 2282 4542 hominem
2310 4487 2462 4559 (Gen.
2497 4488 2549 4541 6.
2574 4488 2662 4558 7).
2701 4488 2768 4542 Et
2791 4497 2850 4541 ut
2886 4488 3060 4542 discas
3091 4501 3210 4541 cum
3231 4502 3334 4540 non
3382 4493 3617 4541 nostram

2028 4577 2208 4633 odisse
2235 4589 2496 4645 naturam,
2539 4577 2632 4633 sed
2679 4578 2933 4632 malitiam
2959 4578 3318 4633 abominatum
3360 4592 3499 4644 esse,
3528 4577 3619 4647 qui

2029 4670 2258 4736 dicebat,
2286 4669 2475 4724 Delebo
2504 4670 2775 4735 hominem,
2798 4687 2942 4739 quem
2968 4672 3131 4724 creari
3159 4670 3211 4723 in
3233 4679 3365 4723 terra
3387 4668 3546 4739 (Ibid.
3564 4685 3615 4722 υ.

2030 4764 2165 4833 15).
2202 4763 2361 4817 etiam
2390 4762 2521 4817 dixit
2550 4763 2748 4817 homini
2773 4781 2787 4817 :
2819 4761 3040 4833 Tempus
3069 4764 3233 4817 omnis
3282 4763 3497 4817 hominis
3525 4779 3614 4817 ve-

2028 4856 2099 4908 nit
2128 4854 2194 4907 ad
2214 4870 2309 4907 me.
2338 4853 2469 4908 Nam
2501 4854 2545 4908 si
2574 4854 2841 4909 hominem
2864 4855 3083 4915 odisset,
3107 4869 3212 4907 non
3243 4869 3364 4908 cum
3395 4854 3612 4908 homine

2027 4949 2184 5002 verba
2209 4947 2424 5002 faceret.
2444 4946 2596 5003 Nunc
2611 4956 2788 5000 autem
2806 4945 2955 5001 vides
2972 4946 3143 5015 ipsum
3167 4945 3398 5001 noluisse
3416 4946 3588 4999 facere
3604 4988 3621 5012 ,

2027 5041 2167 5110 quod
2204 5040 2558 5095 comminatus
2588 5040 2789 5105 fuerat;
2821 5038 2945 5109 quin
2974 5049 3028 5094 et
3057 5054 3268 5094 servum
3303 5038 3611 5102 excusabat,

2027 5147 2091 5187 ac
2117 5148 2237 5185 cum
2275 5147 2361 5195 eo,
2395 5131 2541 5186 velut
2581 5130 2819 5200 ejusdem
2862 5130 3179 5184 conditionis
3227 5129 3418 5192 amico,
3451 5129 3613 5183 verba

2027 5222 2253 5278 faciebat
2281 5224 2555 5287 Dominus,
2590 5238 2884 5292 causasque
2924 5231 3320 5292 superventttra:
3350 5219 3614 5289 perditio-

2028 5321 2110 5374 nis
2127 5320 2405 5373 i-narrabat
2425 5337 2437 5372 :
2459 5334 2563 5374 non
2585 5318 2797 5388 quidem
2826 5327 2883 5372 ut
2910 5332 3096 5372 causas
3116 5316 3283 5370 discat
3314 5314 3496 5379 homo,
3521 5314 3612 5369 sed

2030 5425 2085 5468 ut
2109 5413 2226 5465 aliis
2254 5426 2463 5480 quoque
2488 5426 2579 5465 eas
2610 5411 2883 5464 insinuans
2905 5408 3343 5478 temperantiores
3370 5420 3464 5459 eos
3488 5406 3610 5460 red-

2024 5504 2133 5559 dat.
2163 5505 2228 5557 At
2251 5503 2391 5572 quod
2423 5503 2580 5556 modo
2605 5501 2841 5556 dicebant
2882 5544 2897 5566 ,
2927 5502 2994 5554 ita
3025 5498 3162 5552 male
3189 5507 3424 5552 nostrum
3447 5512 3615 5567 genus

2027 5611 2087 5652 se
2110 5596 2327 5665 gerebat
2355 5603 2531 5660 antea,
2553 5604 2609 5647 ut
2630 5594 2917 5662 periculum
2934 5601 3096 5656 esset,
3130 5605 3196 5644 ne
3247 5605 3311 5644 cx
3335 5589 3442 5659 ipsa
3473 5600 3616 5645 terra

2096 5734 2109 5761 ι
2146 5736 2281 5791 ηοξ-ε..
2304 5728 2364 5777 de
2387 5727 2717 5791 martyribus;
2741 5729 2879 5786 Fd'rti,
2906 5727 2967 5777 de
2987 5724 3187 5783 anqclis.

2092 5798 2165 5854 (ιι)
2201 5799 2220 5838 \
2237 5793 2353 5839 ct'ba
2375 5794 2612 5854 Iiturgim.
