  <div class='ocr_page' id='page_1' title='image "/cluster/home/n/w/nwhite01/storage/ocr_20150623/50/mdp.39015066055818/040.png"; bbox 0 0 3892 6294; ppageno 0'>
   <div class='ocr_carea' id='block_1_1' title="bbox 313 380 422 435">
    <p class='ocr_par' dir='ltr' id='par_1_1' title="bbox 313 380 422 435">
     <span class='ocr_line' id='line_1_1' title="bbox 313 380 422 435; baseline 0 0"><span class='ocrx_word' id='word_1_1' title='bbox 313 380 422 435; x_wconf 66' lang='grc' dir='ltr'>Ηῦ</span> 
     </span>
    </p>
   </div>
   <div class='ocr_carea' id='block_1_2' title="bbox 310 485 1889 568">
    <p class='ocr_par' dir='ltr' id='par_1_2' title="bbox 310 485 1889 568">
     <span class='ocr_line' id='line_1_2' title="bbox 310 485 1889 568; baseline 0.009 -29"><span class='ocrx_word' id='word_1_2' title='bbox 310 494 505 563; x_wconf 70' lang='grc' dir='ltr'>εδαφος</span> <span class='ocrx_word' id='word_1_3' title='bbox 544 485 753 546; x_wconf 75' lang='grc' dir='ltr'>ἔκειντο</span> <span class='ocrx_word' id='word_1_4' title='bbox 772 506 786 522; x_wconf 78' lang='grc' dir='ltr'><strong><em>ο</em></strong></span> <span class='ocrx_word' id='word_1_5' title='bbox 821 491 1002 562; x_wconf 82' lang='grc' dir='ltr'>πολλῷ</span> <span class='ocrx_word' id='word_1_6' title='bbox 1036 492 1234 564; x_wconf 74' lang='grc' dir='ltr'>μᾶλλον</span> <span class='ocrx_word' id='word_1_7' title='bbox 1266 494 1360 548; x_wconf 87' lang='grc' dir='ltr'>νῦν</span> <span class='ocrx_word' id='word_1_8' title='bbox 1392 495 1548 550; x_wconf 88' lang='grc' dir='ltr'>τοῦτο</span> <span class='ocrx_word' id='word_1_9' title='bbox 1569 497 1740 553; x_wconf 82' lang='grc' dir='ltr'>ποιεῖν</span> <span class='ocrx_word' id='word_1_10' title='bbox 1763 495 1889 568; x_wconf 81' lang='grc' dir='ltr'>χρὴ,</span> 
     </span>
    </p>
   </div>
   <div class='ocr_carea' id='block_1_3' title="bbox 307 576 1894 650">
    <p class='ocr_par' dir='ltr' id='par_1_3' title="bbox 307 576 1894 650">
     <span class='ocr_line' id='line_1_3' title="bbox 307 576 1894 650; baseline -0.001 -18"><span class='ocrx_word' id='word_1_11' title='bbox 307 577 405 632; x_wconf 67' lang='grc' dir='ltr'>’ὅτε</span> <span class='ocrx_word' id='word_1_12' title='bbox 430 576 553 629; x_wconf 85' lang='grc' dir='ltr'>καθ’</span> <span class='ocrx_word' id='word_1_13' title='bbox 577 576 804 639; x_wconf 76' lang='grc' dir='ltr'>ἑαυτοὺς</span> <span class='ocrx_word' id='word_1_14' title='bbox 828 576 876 627; x_wconf 79' lang='grc' dir='ltr'>οἱ</span> <span class='ocrx_word' id='word_1_15' title='bbox 906 579 1259 647; x_wconf 75' lang='grc' dir='ltr'>μαργαρῖται,</span> <span class='ocrx_word' id='word_1_16' title='bbox 1286 580 1377 631; x_wconf 85' lang='grc' dir='ltr'>ὅτε</span> <span class='ocrx_word' id='word_1_17' title='bbox 1406 591 1432 620; x_wconf 78' lang='grc' dir='ltr'>ει</span> <span class='ocrx_word' id='word_1_18' title='bbox 1465 579 1758 650; x_wconf 80' lang='grc' dir='ltr'>ἀπηλλάγη</span> <span class='ocrx_word' id='word_1_19' title='bbox 1783 578 1894 632; x_wconf 91' lang='grc' dir='ltr'>τῶν</span> 
     </span>
    </p>
   </div>
   <div class='ocr_carea' id='block_1_4' title="bbox 313 658 1893 734">
    <p class='ocr_par' dir='ltr' id='par_1_4' title="bbox 313 658 1893 734">
     <span class='ocr_line' id='line_1_4' title="bbox 313 658 1893 734; baseline 0.001 -18"><span class='ocrx_word' id='word_1_20' title='bbox 313 661 497 716; x_wconf 83' lang='grc' dir='ltr'>λύκων</span> <span class='ocrx_word' id='word_1_21' title='bbox 545 659 616 713; x_wconf 88' lang='grc' dir='ltr'>τά</span> <span class='ocrx_word' id='word_1_22' title='bbox 670 658 951 730; x_wconf 87' lang='grc' dir='ltr'>πρόϐατα,</span> <span class='ocrx_word' id='word_1_23' title='bbox 985 660 1075 713; x_wconf 82' lang='grc' dir='ltr'>ὅτε</span> <span class='ocrx_word' id='word_1_24' title='bbox 1103 661 1423 733; x_wconf 88' lang='grc' dir='ltr'>ἀπέστησαν</span> <span class='ocrx_word' id='word_1_25' title='bbox 1450 663 1558 717; x_wconf 89' lang='grc' dir='ltr'>τῶν</span> <span class='ocrx_word' id='word_1_26' title='bbox 1592 663 1803 734; x_wconf 83' lang='grc' dir='ltr'>νεκρῶν</span> <span class='ocrx_word' id='word_1_27' title='bbox 1844 664 1893 717; x_wconf 87' lang='grc' dir='ltr'>οί</span> 
     </span>
    </p>
   </div>
   <div class='ocr_carea' id='block_1_5' title="bbox 314 741 1895 816">
    <p class='ocr_par' dir='ltr' id='par_1_5' title="bbox 314 741 1895 816">
     <span class='ocr_line' id='line_1_5' title="bbox 314 741 1895 816; baseline 0.001 -19"><span class='ocrx_word' id='word_1_28' title='bbox 314 743 539 808; x_wconf 84' lang='grc' dir='ltr'>ζῶντες.</span> <span class='ocrx_word' id='word_1_29' title='bbox 595 742 787 805; x_wconf 77' lang='grc' dir='ltr'>Αὑτοῖς</span> <span class='ocrx_word' id='word_1_30' title='bbox 818 741 915 812; x_wconf 83' lang='grc' dir='ltr'>μὲν</span> <span class='ocrx_word' id='word_1_31' title='bbox 952 742 1060 813; x_wconf 79' lang='grc' dir='ltr'>γὰρ</span> <span class='ocrx_word' id='word_1_32' title='bbox 1095 744 1218 797; x_wconf 76' lang='grc' dir='ltr'>οὐδὲ</span> <span class='ocrx_word' id='word_1_33' title='bbox 1250 746 1358 815; x_wconf 86' lang='grc' dir='ltr'>πρὸ</span> <span class='ocrx_word' id='word_1_34' title='bbox 1383 746 1571 799; x_wconf 89' lang='grc' dir='ltr'>τούτου</span> <span class='ocrx_word' id='word_1_35' title='bbox 1604 745 1774 816; x_wconf 87' lang='grc' dir='ltr'>βλάϐη</span> <span class='ocrx_word' id='word_1_36' title='bbox 1811 761 1895 808; x_wconf 89' lang='grc' dir='ltr'>τις</span> 
     </span>
    </p>
   </div>
   <div class='ocr_carea' id='block_1_6' title="bbox 312 822 1894 900">
    <p class='ocr_par' dir='ltr' id='par_1_6' title="bbox 312 822 1894 900">
     <span class='ocr_line' id='line_1_6' title="bbox 312 822 1894 900; baseline 0.001 -22"><span class='ocrx_word' id='word_1_37' title='bbox 312 823 382 896; x_wconf 74' lang='grc' dir='ltr'>ἦν</span> <span class='ocrx_word' id='word_1_38' title='bbox 431 826 540 881; x_wconf 82' lang='grc' dir='ltr'>ἀπὸ</span> <span class='ocrx_word' id='word_1_39' title='bbox 570 824 679 895; x_wconf 37' lang='grc' dir='ltr'>,τῆς</span> <span class='ocrx_word' id='word_1_40' title='bbox 708 825 992 889; x_wconf 81' lang='grc' dir='ltr'>κοινωνίας</span> <span class='ocrx_word' id='word_1_41' title='bbox 1022 826 1123 895; x_wconf 79' lang='grc' dir='ltr'>τῆς</span> <span class='ocrx_word' id='word_1_42' title='bbox 1150 827 1292 880; x_wconf 89' lang='grc' dir='ltr'>κατά</span> <span class='ocrx_word' id='word_1_43' title='bbox 1311 829 1410 895; x_wconf 83' lang='grc' dir='ltr'>τὴν</span> <span class='ocrx_word' id='word_1_44' title='bbox 1439 830 1644 900; x_wconf 84' lang='grc' dir='ltr'>ταφήν·</span> <span class='ocrx_word' id='word_1_45' title='bbox 1676 822 1750 882; x_wconf 83' lang='grc' dir='ltr'>ὧν</span> <span class='ocrx_word' id='word_1_46' title='bbox 1786 828 1894 899; x_wconf 83' lang='grc' dir='ltr'>γὰρ</span> 
     </span>
    </p>
   </div>
   <div class='ocr_carea' id='block_1_7' title="bbox 314 908 1895 983">
    <p class='ocr_par' dir='ltr' id='par_1_7' title="bbox 314 908 1895 983">
     <span class='ocr_line' id='line_1_7' title="bbox 314 908 1895 983; baseline -0.001 -18"><span class='ocrx_word' id='word_1_47' title='bbox 314 912 384 965; x_wconf 77' lang='grc' dir='ltr'>τὰ</span> <span class='ocrx_word' id='word_1_48' title='bbox 423 908 709 979; x_wconf 88' lang='grc' dir='ltr'>πνεύματα</span> <span class='ocrx_word' id='word_1_49' title='bbox 747 909 805 962; x_wconf 83' lang='grc' dir='ltr'>ὲν</span> <span class='ocrx_word' id='word_1_50' title='bbox 850 912 964 973; x_wconf 88' lang='grc' dir='ltr'>τοῖς</span> <span class='ocrx_word' id='word_1_51' title='bbox 1013 910 1292 983; x_wconf 82' lang='grc' dir='ltr'>οὐρανοῖς,</span> <span class='ocrx_word' id='word_1_52' title='bbox 1344 912 1496 966; x_wconf 76' lang='grc' dir='ltr'>οὐδὲν</span> <span class='ocrx_word' id='word_1_53' title='bbox 1541 914 1609 966; x_wconf 89' lang='grc' dir='ltr'>τά</span> <span class='ocrx_word' id='word_1_54' title='bbox 1668 912 1895 981; x_wconf 84' lang='grc' dir='ltr'>σώματα</span> 
     </span>
    </p>
   </div>
   <div class='ocr_carea' id='block_1_8' title="bbox 315 990 1891 1068">
    <p class='ocr_par' dir='ltr' id='par_1_8' title="bbox 315 990 1891 1068">
     <span class='ocr_line' id='line_1_8' title="bbox 315 990 1891 1068; baseline 0 -19"><span class='ocrx_word' id='word_1_55' title='bbox 315 994 616 1049; x_wconf 85' lang='grc' dir='ltr'>ἐϐλάπτετο</span> <span class='ocrx_word' id='word_1_56' title='bbox 646 993 755 1045; x_wconf 79' lang='grc' dir='ltr'>ἀπὸ</span> <span class='ocrx_word' id='word_1_57' title='bbox 787 996 886 1064; x_wconf 77' lang='grc' dir='ltr'>τῆς</span> <span class='ocrx_word' id='word_1_58' title='bbox 932 996 1281 1062; x_wconf 83' lang='grc' dir='ltr'>γειτνιάσεως</span> <span class='ocrx_word' id='word_1_59' title='bbox 1302 1013 1313 1025; x_wconf 91' lang='grc'>·</span> <span class='ocrx_word' id='word_1_60' title='bbox 1353 990 1427 1050; x_wconf 83' lang='grc' dir='ltr'>ῶν</span> <span class='ocrx_word' id='word_1_61' title='bbox 1460 1000 1493 1068; x_wconf 88' lang='grc' dir='ltr'>ή</span> <span class='ocrx_word' id='word_1_62' title='bbox 1538 997 1684 1068; x_wconf 71' lang='grc' dir='ltr'>ψυχὴ</span> <span class='ocrx_word' id='word_1_63' title='bbox 1733 998 1789 1049; x_wconf 89' lang='grc' dir='ltr'>ἐν</span> <span class='ocrx_word' id='word_1_64' title='bbox 1824 999 1891 1067; x_wconf 79' lang='grc' dir='ltr'>τῇ</span> 
     </span>
    </p>
   </div>
   <div class='ocr_carea' id='block_1_9' title="bbox 315 1076 1895 1151">
    <p class='ocr_par' dir='ltr' id='par_1_9' title="bbox 315 1076 1895 1151">
     <span class='ocr_line' id='line_1_9' title="bbox 315 1076 1895 1151; baseline 0.001 -19"><span class='ocrx_word' id='word_1_65' title='bbox 315 1079 460 1151; x_wconf 72' lang='grc' dir='ltr'>χειρὶ</span> <span class='ocrx_word' id='word_1_66' title='bbox 506 1076 596 1132; x_wconf 86' lang='grc' dir='ltr'>τοῦ</span> <span class='ocrx_word' id='word_1_67' title='bbox 624 1076 794 1145; x_wconf 78' lang='grc' dir='ltr'>Θεδῦ,</span> <span class='ocrx_word' id='word_1_68' title='bbox 828 1077 980 1131; x_wconf 78' lang='grc' dir='ltr'>οὐδὲν</span> <span class='ocrx_word' id='word_1_69' title='bbox 1009 1078 1076 1132; x_wconf 91' lang='grc' dir='ltr'>τά</span> <span class='ocrx_word' id='word_1_70' title='bbox 1120 1078 1349 1149; x_wconf 74' lang='grc' dir='ltr'>λείψανα</span> <span class='ocrx_word' id='word_1_71' title='bbox 1401 1081 1508 1134; x_wconf 82' lang='grc' dir='ltr'>ἀπὸ</span> <span class='ocrx_word' id='word_1_72' title='bbox 1551 1081 1650 1150; x_wconf 83' lang='grc' dir='ltr'>τῆς</span> <span class='ocrx_word' id='word_1_73' title='bbox 1694 1079 1895 1144; x_wconf 84' lang='grc' dir='ltr'>θέσεως</span> 
     </span>
    </p>
   </div>
   <div class='ocr_carea' id='block_1_10' title="bbox 315 1158 1894 1235">
    <p class='ocr_par' dir='ltr' id='par_1_10' title="bbox 315 1158 1894 1235">
     <span class='ocr_line' id='line_1_10' title="bbox 315 1158 1894 1235; baseline 0.001 -20"><span class='ocrx_word' id='word_1_74' title='bbox 315 1163 575 1231; x_wconf 71' lang='grc' dir='ltr'>ἔπασχεν.</span> <span class='ocrx_word' id='word_1_75' title='bbox 620 1159 816 1225; x_wconf 81' lang='grc' dir='ltr'>Αύτοῖς</span> <span class='ocrx_word' id='word_1_76' title='bbox 851 1163 951 1231; x_wconf 71' lang='grc' dir='ltr'>μὲν</span> <span class='ocrx_word' id='word_1_77' title='bbox 999 1158 1094 1217; x_wconf 83' lang='grc' dir='ltr'>οῦν</span> <span class='ocrx_word' id='word_1_78' title='bbox 1141 1164 1367 1235; x_wconf 78' lang='grc' dir='ltr'>οὐδεμία</span> <span class='ocrx_word' id='word_1_79' title='bbox 1423 1163 1594 1234; x_wconf 85' lang='grc' dir='ltr'>βλάϐη</span> <span class='ocrx_word' id='word_1_80' title='bbox 1642 1159 1743 1235; x_wconf 82' lang='grc' dir='ltr'>ἦν,</span> <span class='ocrx_word' id='word_1_81' title='bbox 1773 1164 1894 1217; x_wconf 81' lang='grc' dir='ltr'>οὐδέ</span> 
     </span>
    </p>
   </div>
   <div class='ocr_carea' id='block_1_11' title="bbox 315 1242 1915 1317">
    <p class='ocr_par' dir='ltr' id='par_1_11' title="bbox 315 1242 1915 1317">
     <span class='ocr_line' id='line_1_11' title="bbox 315 1242 1915 1317; baseline 0.001 -21"><span class='ocrx_word' id='word_1_82' title='bbox 315 1244 425 1314; x_wconf 86' lang='grc' dir='ltr'>πρὸ</span> <span class='ocrx_word' id='word_1_83' title='bbox 447 1242 668 1297; x_wconf 87' lang='grc' dir='ltr'>τούτου·</span> <span class='ocrx_word' id='word_1_84' title='bbox 704 1245 734 1296; x_wconf 98' lang='lat'>6</span> <span class='ocrx_word' id='word_1_85' title='bbox 772 1243 830 1296; x_wconf 85' lang='grc' dir='ltr'>δὲ</span> <span class='ocrx_word' id='word_1_86' title='bbox 863 1244 988 1307; x_wconf 79' lang='grc' dir='ltr'>λαὸς</span> <span class='ocrx_word' id='word_1_87' title='bbox 1031 1248 1161 1316; x_wconf 80' lang='grc' dir='ltr'>ἡμῖν</span> <span class='ocrx_word' id='word_1_88' title='bbox 1191 1247 1250 1300; x_wconf 79' lang='grc' dir='ltr'>ού</span> <span class='ocrx_word' id='word_1_89' title='bbox 1284 1246 1381 1317; x_wconf 82' lang='grc' dir='ltr'>τὴν</span> <span class='ocrx_word' id='word_1_90' title='bbox 1403 1247 1669 1316; x_wconf 81' lang='grc' dir='ltr'>τυχοῦσαν</span> <span class='ocrx_word' id='word_1_91' title='bbox 1692 1245 1915 1315; x_wconf 82' lang='grc' dir='ltr'>ζημίαν</span> 
     </span>
    </p>
   </div>
   <div class='ocr_carea' id='block_1_12' title="bbox 315 1318 1894 1401">
    <p class='ocr_par' dir='ltr' id='par_1_12' title="bbox 315 1318 1894 1401">
     <span class='ocr_line' id='line_1_12' title="bbox 315 1318 1894 1401; baseline -0.001 -21"><span class='ocrx_word' id='word_1_92' title='bbox 315 1327 608 1397; x_wconf 77' lang='grc' dir='ltr'>ὑπέμεινεν</span> <span class='ocrx_word' id='word_1_93' title='bbox 637 1318 745 1381; x_wconf 81' lang='grc' dir='ltr'>ἀπὸ</span> <span class='ocrx_word' id='word_1_94' title='bbox 779 1326 885 1379; x_wconf 83' lang='grc' dir='ltr'>τῶν</span> <span class='ocrx_word' id='word_1_95' title='bbox 917 1327 1118 1391; x_wconf 89' lang='grc' dir='ltr'>τόπων,</span> <span class='ocrx_word' id='word_1_96' title='bbox 1152 1328 1361 1399; x_wconf 80' lang='grc' dir='ltr'>τρέχων</span> <span class='ocrx_word' id='word_1_97' title='bbox 1394 1332 1490 1400; x_wconf 84' lang='grc' dir='ltr'>μὲν</span> <span class='ocrx_word' id='word_1_98' title='bbox 1520 1330 1656 1401; x_wconf 83' lang='grc' dir='ltr'>πρὸς</span> <span class='ocrx_word' id='word_1_99' title='bbox 1676 1328 1744 1381; x_wconf 86' lang='grc' dir='ltr'>τά</span> <span class='ocrx_word' id='word_1_100' title='bbox 1784 1327 1894 1380; x_wconf 90' lang='grc' dir='ltr'>λεί-</span> 
     </span>
    </p>
   </div>
   <div class='ocr_carea' id='block_1_13' title="bbox 313 1408 1894 1483">
    <p class='ocr_par' dir='ltr' id='par_1_13' title="bbox 313 1408 1894 1483">
     <span class='ocr_line' id='line_1_13' title="bbox 313 1408 1894 1483; baseline 0 -21"><span class='ocrx_word' id='word_1_101' title='bbox 313 1411 462 1480; x_wconf 71' lang='grc' dir='ltr'>ψανα</span> <span class='ocrx_word' id='word_1_102' title='bbox 485 1409 592 1462; x_wconf 87' lang='grc' dir='ltr'>τῶν</span> <span class='ocrx_word' id='word_1_103' title='bbox 624 1408 939 1480; x_wconf 87' lang='grc' dir='ltr'>μαρτύρων,</span> <span class='ocrx_word' id='word_1_104' title='bbox 972 1409 1107 1480; x_wconf 87' lang='grc' dir='ltr'>μετά</span> <span class='ocrx_word' id='word_1_105' title='bbox 1133 1410 1188 1464; x_wconf 84' lang='grc' dir='ltr'>δὲ</span> <span class='ocrx_word' id='word_1_106' title='bbox 1215 1412 1542 1483; x_wconf 84' lang='grc' dir='ltr'>ἀμφιϐολίας</span> <span class='ocrx_word' id='word_1_107' title='bbox 1567 1415 1660 1465; x_wconf 73' lang='grc' dir='ltr'>καὶ</span> <span class='ocrx_word' id='word_1_108' title='bbox 1685 1412 1894 1480; x_wconf 89' lang='grc' dir='ltr'>διακρί-</span> 
     </span>
    </p>
   </div>
   <div class='ocr_carea' id='block_1_14' title="bbox 284 1491 1894 1564">
    <p class='ocr_par' dir='ltr' id='par_1_14' title="bbox 284 1491 1894 1564">
     <span class='ocr_line' id='line_1_14' title="bbox 284 1491 1894 1564; baseline 0.002 -19"><span class='ocrx_word' id='word_1_109' title='bbox 284 1509 454 1556; x_wconf 45' lang='grc' dir='ltr'>κσεως</span> <span class='ocrx_word' id='word_1_110' title='bbox 500 1491 818 1563; x_wconf 87' lang='grc' dir='ltr'>ποιούμενος</span> <span class='ocrx_word' id='word_1_111' title='bbox 850 1492 951 1555; x_wconf 70' lang='grc' dir='ltr'>τὰς</span> <span class='ocrx_word' id='word_1_112' title='bbox 976 1493 1141 1564; x_wconf 80' lang='grc' dir='ltr'>εὐχὰς</span> <span class='ocrx_word' id='word_1_113' title='bbox 1179 1495 1266 1548; x_wconf 87' lang='grc' dir='ltr'>διὰ</span> <span class='ocrx_word' id='word_1_114' title='bbox 1292 1495 1354 1547; x_wconf 86' lang='grc' dir='ltr'>τὸ</span> <span class='ocrx_word' id='word_1_115' title='bbox 1403 1495 1714 1564; x_wconf 71' lang='grc' dir='ltr'>ἀγνοεῖσθαι</span> <span class='ocrx_word' id='word_1_116' title='bbox 1745 1496 1773 1535; x_wconf 75' lang='lat' dir='ltr'><strong>b</strong></span> <span class='ocrx_word' id='word_1_117' title='bbox 1794 1495 1894 1559; x_wconf 86' lang='grc' dir='ltr'>τὰς</span> 
     </span>
    </p>
   </div>
   <div class='ocr_carea' id='block_1_15' title="bbox 314 1574 1894 1648">
    <p class='ocr_par' dir='ltr' id='par_1_15' title="bbox 314 1574 1894 1648">
     <span class='ocr_line' id='line_1_15' title="bbox 314 1574 1894 1648; baseline 0.001 -21"><span class='ocrx_word' id='word_1_118' title='bbox 314 1575 489 1644; x_wconf 83' lang='grc' dir='ltr'>θήκας</span> <span class='ocrx_word' id='word_1_119' title='bbox 513 1575 622 1627; x_wconf 87' lang='grc' dir='ltr'>τῶν</span> <span class='ocrx_word' id='word_1_120' title='bbox 656 1574 861 1643; x_wconf 82' lang='grc' dir='ltr'>ἁγίων,</span> <span class='ocrx_word' id='word_1_121' title='bbox 895 1576 991 1629; x_wconf 75' lang='grc' dir='ltr'>καὶ</span> <span class='ocrx_word' id='word_1_122' title='bbox 1038 1575 1139 1629; x_wconf 88' lang='grc' dir='ltr'>ποῦ</span> <span class='ocrx_word' id='word_1_123' title='bbox 1192 1579 1401 1630; x_wconf 74' lang='grc' dir='ltr'>κεῖνται</span> <span class='ocrx_word' id='word_1_124' title='bbox 1451 1580 1501 1630; x_wconf 77' lang='grc' dir='ltr'>οἱ</span> <span class='ocrx_word' id='word_1_125' title='bbox 1555 1577 1817 1648; x_wconf 72' lang='grc' dir='ltr'>θησαυροὶ</span> <span class='ocrx_word' id='word_1_126' title='bbox 1844 1578 1894 1630; x_wconf 68' lang='lat' dir='ltr'>of.</span> 
     </span>
    </p>
   </div>
   <div class='ocr_carea' id='block_1_16' title="bbox 311 1656 1893 1732">
    <p class='ocr_par' dir='ltr' id='par_1_16' title="bbox 311 1656 1893 1732">
     <span class='ocr_line' id='line_1_16' title="bbox 311 1656 1893 1732; baseline 0.003 -23"><span class='ocrx_word' id='word_1_127' title='bbox 311 1656 578 1727; x_wconf 80' lang='grc' dir='ltr'>ἀληθινοί.</span> <span class='ocrx_word' id='word_1_128' title='bbox 610 1657 720 1711; x_wconf 84' lang='lat' dir='ltr'>Kal</span> <span class='ocrx_word' id='word_1_129' title='bbox 762 1658 954 1711; x_wconf 85' lang='grc' dir='ltr'>ταυτὸν</span> <span class='ocrx_word' id='word_1_130' title='bbox 988 1659 1228 1726; x_wconf 85' lang='grc' dir='ltr'>ἐγίνετο,</span> <span class='ocrx_word' id='word_1_131' title='bbox 1259 1659 1447 1732; x_wconf 79' lang='grc' dir='ltr'>ὥσπερ</span> <span class='ocrx_word' id='word_1_132' title='bbox 1493 1659 1559 1714; x_wconf 85' lang='grc' dir='ltr'>ἂν</span> <span class='ocrx_word' id='word_1_133' title='bbox 1587 1663 1635 1714; x_wconf 85' lang='grc' dir='ltr'>εἰ</span> <span class='ocrx_word' id='word_1_134' title='bbox 1667 1662 1893 1732; x_wconf 84' lang='grc' dir='ltr'>ποίμνια</span> 
     </span>
    </p>
   </div>
   <div class='ocr_carea' id='block_1_17' title="bbox 313 1740 1895 1814">
    <p class='ocr_par' dir='ltr' id='par_1_17' title="bbox 313 1740 1895 1814">
     <span class='ocr_line' id='line_1_17' title="bbox 313 1740 1895 1814; baseline 0.004 -23"><span class='ocrx_word' id='word_1_135' title='bbox 313 1740 604 1810; x_wconf 82' lang='grc' dir='ltr'>προϐάτων</span> <span class='ocrx_word' id='word_1_136' title='bbox 641 1740 898 1811; x_wconf 82' lang='grc' dir='ltr'>καθαρῶν</span> <span class='ocrx_word' id='word_1_137' title='bbox 941 1741 1248 1795; x_wconf 82' lang='grc' dir='ltr'>ἀπολαῦσαι</span> <span class='ocrx_word' id='word_1_138' title='bbox 1288 1743 1519 1814; x_wconf 75' lang='grc' dir='ltr'>ῥείθρων</span> <span class='ocrx_word' id='word_1_139' title='bbox 1563 1745 1895 1814; x_wconf 80' lang='grc' dir='ltr'>ἐπειγόμενα</span> 
     </span>
    </p>
   </div>
   <div class='ocr_carea' id='block_1_18' title="bbox 312 1823 1894 1899">
    <p class='ocr_par' dir='ltr' id='par_1_18' title="bbox 312 1823 1894 1899">
     <span class='ocr_line' id='line_1_18' title="bbox 312 1823 1894 1899; baseline 0.001 -23"><span class='ocrx_word' id='word_1_140' title='bbox 312 1824 529 1895; x_wconf 79' lang='grc' dir='ltr'>ἔρχοιτο</span> <span class='ocrx_word' id='word_1_141' title='bbox 570 1824 668 1895; x_wconf 83' lang='grc' dir='ltr'>μὲν</span> <span class='ocrx_word' id='word_1_142' title='bbox 700 1825 795 1877; x_wconf 75' lang='grc' dir='ltr'>ἐπὶ</span> <span class='ocrx_word' id='word_1_143' title='bbox 819 1823 918 1887; x_wconf 89' lang='grc' dir='ltr'>τάς</span> <span class='ocrx_word' id='word_1_144' title='bbox 938 1824 1119 1894; x_wconf 83' lang='grc' dir='ltr'>πηγὰς</span> <span class='ocrx_word' id='word_1_145' title='bbox 1147 1825 1246 1889; x_wconf 86' lang='grc' dir='ltr'>τὰς</span> <span class='ocrx_word' id='word_1_146' title='bbox 1270 1827 1515 1899; x_wconf 81' lang='grc' dir='ltr'>καθαρὰς</span> <span class='ocrx_word' id='word_1_147' title='bbox 1538 1867 1554 1892; x_wconf 89' lang='grc'>,</span> <span class='ocrx_word' id='word_1_148' title='bbox 1591 1827 1811 1898; x_wconf 85' lang='grc' dir='ltr'>βρώμου</span> <span class='ocrx_word' id='word_1_149' title='bbox 1837 1826 1894 1879; x_wconf 85' lang='grc' dir='ltr'>δέ</span> 
     </span>
    </p>
   </div>
   <div class='ocr_carea' id='block_1_19' title="bbox 313 1907 1893 1982">
    <p class='ocr_par' dir='ltr' id='par_1_19' title="bbox 313 1907 1893 1982">
     <span class='ocr_line' id='line_1_19' title="bbox 313 1907 1893 1982; baseline 0.001 -21"><span class='ocrx_word' id='word_1_150' title='bbox 313 1908 481 1961; x_wconf 85' lang='grc' dir='ltr'>ποθεν</span> <span class='ocrx_word' id='word_1_151' title='bbox 508 1907 740 1977; x_wconf 87' lang='grc' dir='ltr'>ἐγγύθεν</span> <span class='ocrx_word' id='word_1_152' title='bbox 773 1909 867 1961; x_wconf 74' lang='grc' dir='ltr'>καὶ</span> <span class='ocrx_word' id='word_1_153' title='bbox 911 1907 1170 1973; x_wconf 83' lang='grc' dir='ltr'>δυσωδίας</span> <span class='ocrx_word' id='word_1_154' title='bbox 1224 1911 1569 1982; x_wconf 77' lang='grc' dir='ltr'>ἐμπεσούσης</span> <span class='ocrx_word' id='word_1_155' title='bbox 1614 1911 1893 1981; x_wconf 86' lang='grc' dir='ltr'>ἀναχαιτί-</span> 
     </span>
    </p>
   </div>
   <div class='ocr_carea' id='block_1_20' title="bbox 314 1989 1894 2065">
    <p class='ocr_par' dir='ltr' id='par_1_20' title="bbox 314 1989 1894 2065">
     <span class='ocr_line' id='line_1_20' title="bbox 314 1989 1894 2065; baseline -0.001 -21"><span class='ocrx_word' id='word_1_156' title='bbox 314 1990 463 2055; x_wconf 77' lang='grc' dir='ltr'>ζοιτο</span> <span class='ocrx_word' id='word_1_157' title='bbox 493 1991 653 2043; x_wconf 89' lang='grc' dir='ltr'>πάλιν</span> <span class='ocrx_word' id='word_1_158' title='bbox 686 2002 701 2020; x_wconf 84' lang='grc'><strong><em>⁸</em></strong></span> <span class='ocrx_word' id='word_1_159' title='bbox 741 1989 882 2043; x_wconf 80' lang='grc' dir='ltr'>οὕτω</span> <span class='ocrx_word' id='word_1_160' title='bbox 916 1991 1009 2045; x_wconf 75' lang='grc' dir='ltr'>καὶ</span> <span class='ocrx_word' id='word_1_161' title='bbox 1037 1993 1131 2046; x_wconf 77' lang='grc' dir='ltr'>ἐπὶ</span> <span class='ocrx_word' id='word_1_162' title='bbox 1152 1992 1249 2062; x_wconf 81' lang='grc' dir='ltr'>τῆς</span> <span class='ocrx_word' id='word_1_163' title='bbox 1282 1993 1515 2065; x_wconf 85' lang='grc' dir='ltr'>ποίμνης</span> <span class='ocrx_word' id='word_1_164' title='bbox 1542 1993 1744 2062; x_wconf 81' lang='grc' dir='ltr'>ταύτης</span> <span class='ocrx_word' id='word_1_165' title='bbox 1773 2009 1894 2044; x_wconf 84' lang='grc' dir='ltr'>συν-</span> 
     </span>
    </p>
   </div>
   <div class='ocr_carea' id='block_1_21' title="bbox 315 2072 1895 2151">
    <p class='ocr_par' dir='ltr' id='par_1_21' title="bbox 315 2072 1895 2151">
     <span class='ocr_line' id='line_1_21' title="bbox 315 2072 1895 2151; baseline 0.001 -24"><span class='ocrx_word' id='word_1_166' title='bbox 315 2074 552 2127; x_wconf 84' lang='grc' dir='ltr'>έϐαινεν.</span> <span class='ocrx_word' id='word_1_167' title='bbox 613 2072 860 2137; x_wconf 80' lang='grc' dir='ltr'>Ἐϐάδιζε</span> <span class='ocrx_word' id='word_1_168' title='bbox 895 2074 992 2143; x_wconf 79' lang='grc' dir='ltr'>μὲν</span> <span class='ocrx_word' id='word_1_169' title='bbox 1017 2076 1045 2126; x_wconf 88' lang='grc' dir='ltr'>ὁ</span> <span class='ocrx_word' id='word_1_170' title='bbox 1064 2074 1192 2137; x_wconf 84' lang='grc' dir='ltr'>λαὸς</span> <span class='ocrx_word' id='word_1_171' title='bbox 1221 2075 1356 2145; x_wconf 83' lang='grc' dir='ltr'>πρὸς</span> <span class='ocrx_word' id='word_1_172' title='bbox 1385 2076 1482 2151; x_wconf 60' lang='grc' dir='ltr'>τᾲς</span> <span class='ocrx_word' id='word_1_173' title='bbox 1515 2076 1760 2146; x_wconf 82' lang='grc' dir='ltr'>καθαρὰς</span> <span class='ocrx_word' id='word_1_174' title='bbox 1785 2075 1895 2128; x_wconf 78' lang='grc' dir='ltr'>τῶν</span> 
     </span>
    </p>
   </div>
   <div class='ocr_carea' id='block_1_22' title="bbox 318 2156 1895 2229">
    <p class='ocr_par' dir='ltr' id='par_1_22' title="bbox 318 2156 1895 2229">
     <span class='ocr_line' id='line_1_22' title="bbox 318 2156 1895 2229; baseline -0.001 -19"><span class='ocrx_word' id='word_1_175' title='bbox 318 2156 613 2227; x_wconf 86' lang='grc' dir='ltr'>μαρτύρων</span> <span class='ocrx_word' id='word_1_176' title='bbox 645 2157 864 2228; x_wconf 77' lang='grc' dir='ltr'>πηγάς⁹</span> <span class='ocrx_word' id='word_1_177' title='bbox 899 2156 1286 2227; x_wconf 78' lang='grc' dir='ltr'>αἰσθανόμενος</span> <span class='ocrx_word' id='word_1_178' title='bbox 1311 2156 1366 2210; x_wconf 87' lang='grc' dir='ltr'>δὲ</span> <span class='ocrx_word' id='word_1_179' title='bbox 1398 2157 1658 2221; x_wconf 81' lang='grc' dir='ltr'>δυσωδίας</span> <span class='ocrx_word' id='word_1_180' title='bbox 1690 2159 1895 2229; x_wconf 80' lang='grc' dir='ltr'>αἱρετι-</span> 
     </span>
    </p>
   </div>
   <div class='ocr_carea' id='block_1_23' title="bbox 314 2237 1893 2313">
    <p class='ocr_par' dir='ltr' id='par_1_23' title="bbox 314 2237 1893 2313">
     <span class='ocr_line' id='line_1_23' title="bbox 314 2237 1893 2313; baseline 0.001 -23"><span class='ocrx_word' id='word_1_181' title='bbox 314 2238 423 2309; x_wconf 83' lang='grc' dir='ltr'>κῆς</span> <span class='ocrx_word' id='word_1_182' title='bbox 450 2237 681 2308; x_wconf 87' lang='grc' dir='ltr'>ἐγγύθεν</span> <span class='ocrx_word' id='word_1_183' title='bbox 726 2238 988 2310; x_wconf 81' lang='grc' dir='ltr'>ἀνιούσης</span> <span class='ocrx_word' id='word_1_184' title='bbox 1014 2279 1028 2303; x_wconf 93' lang='grc'>,</span> <span class='ocrx_word' id='word_1_185' title='bbox 1083 2240 1455 2310; x_wconf 75' lang='grc' dir='ltr'>ἀνεχαιτίζετο</span> <span class='ocrx_word' id='word_1_186' title='bbox 1500 2240 1681 2294; x_wconf 89' lang='grc' dir='ltr'>πάλιν.</span> <span class='ocrx_word' id='word_1_187' title='bbox 1717 2241 1893 2313; x_wconf 86' lang='grc' dir='ltr'>Ὅπερ</span> 
     </span>
    </p>
   </div>
   <div class='ocr_carea' id='block_1_24' title="bbox 313 2313 1894 2394">
    <p class='ocr_par' dir='ltr' id='par_1_24' title="bbox 313 2313 1894 2394">
     <span class='ocr_line' id='line_1_24' title="bbox 313 2313 1894 2394; baseline 0.001 -19"><span class='ocrx_word' id='word_1_188' title='bbox 313 2317 411 2375; x_wconf 83' lang='grc' dir='ltr'>οὖν</span> <span class='ocrx_word' id='word_1_189' title='bbox 453 2321 706 2383; x_wconf 84' lang='grc' dir='ltr'>συνειδὼς</span> <span class='ocrx_word' id='word_1_190' title='bbox 737 2324 766 2375; x_wconf 98' lang='lat'>6</span> <span class='ocrx_word' id='word_1_191' title='bbox 802 2322 964 2392; x_wconf 82' lang='grc' dir='ltr'>σοφὸς</span> <span class='ocrx_word' id='word_1_192' title='bbox 996 2313 1151 2386; x_wconf 80' lang='grc' dir='ltr'>οὗτος</span> <span class='ocrx_word' id='word_1_193' title='bbox 1181 2323 1385 2394; x_wconf 74' lang='grc' dir='ltr'>ποιμὴν</span> <span class='ocrx_word' id='word_1_194' title='bbox 1426 2323 1522 2377; x_wconf 81' lang='grc' dir='ltr'>καὶ</span> <span class='ocrx_word' id='word_1_195' title='bbox 1547 2323 1722 2386; x_wconf 84' lang='grc' dir='ltr'>κοινὸς</span> <span class='ocrx_word' id='word_1_196' title='bbox 1750 2324 1894 2377; x_wconf 88' lang='grc' dir='ltr'>διδά-</span> 
     </span>
    </p>
   </div>
   <div class='ocr_carea' id='block_1_25' title="bbox 315 2404 1894 2476">
    <p class='ocr_par' dir='ltr' id='par_1_25' title="bbox 315 2404 1894 2476">
     <span class='ocr_line' id='line_1_25' title="bbox 315 2404 1894 2476; baseline 0 -18"><span class='ocrx_word' id='word_1_197' title='bbox 315 2404 547 2469; x_wconf 80' lang='grc' dir='ltr'>σκαλος,</span> <span class='ocrx_word' id='word_1_198' title='bbox 595 2407 625 2458; x_wconf 89' lang='lat'>6</span> <span class='ocrx_word' id='word_1_199' title='bbox 677 2406 855 2460; x_wconf 88' lang='grc' dir='ltr'>πάντα</span> <span class='ocrx_word' id='word_1_200' title='bbox 904 2405 1040 2473; x_wconf 82' lang='grc' dir='ltr'>πρὸς</span> <span class='ocrx_word' id='word_1_201' title='bbox 1083 2406 1371 2475; x_wconf 83' lang='grc' dir='ltr'>οίκοδομὴν</span> <span class='ocrx_word' id='word_1_202' title='bbox 1416 2407 1515 2476; x_wconf 85' lang='grc' dir='ltr'>τῆς</span> <span class='ocrx_word' id='word_1_203' title='bbox 1571 2406 1894 2475; x_wconf 86' lang='grc' dir='ltr'>Ἐκκλησίας</span> 
     </span>
    </p>
   </div>
   <div class='ocr_carea' id='block_1_26' title="bbox 316 2485 1896 2561">
    <p class='ocr_par' dir='ltr' id='par_1_26' title="bbox 316 2485 1896 2561">
     <span class='ocr_line' id='line_1_26' title="bbox 316 2485 1896 2561; baseline 0 -19"><span class='ocrx_word' id='word_1_204' title='bbox 316 2485 470 2559; x_wconf 65' lang='grc'><strong>[448]</strong></span> <span class='ocrx_word' id='word_1_205' title='bbox 496 2488 793 2558; x_wconf 71' lang='grc' dir='ltr'>οἰκονομῶν</span> <span class='ocrx_word' id='word_1_206' title='bbox 814 2528 829 2551; x_wconf 94' lang='grc'>,</span> <span class='ocrx_word' id='word_1_207' title='bbox 860 2489 959 2542; x_wconf 84' lang='grc' dir='ltr'>οὐκ</span> <span class='ocrx_word' id='word_1_208' title='bbox 986 2489 1248 2559; x_wconf 79' lang='grc' dir='ltr'>ἠνέσχετο</span> <span class='ocrx_word' id='word_1_209' title='bbox 1276 2490 1435 2561; x_wconf 87' lang='grc' dir='ltr'>μέχρι</span> <span class='ocrx_word' id='word_1_210' title='bbox 1465 2488 1661 2542; x_wconf 87' lang='grc' dir='ltr'>πολλοῦ</span> <span class='ocrx_word' id='word_1_211' title='bbox 1691 2489 1896 2559; x_wconf 88' lang='grc' dir='ltr'>ταύτην</span> 
     </span>
    </p>
   </div>
   <div class='ocr_carea' id='block_1_27' title="bbox 314 2564 1898 2644">
    <p class='ocr_par' dir='ltr' id='par_1_27' title="bbox 314 2564 1898 2644">
     <span class='ocr_line' id='line_1_27' title="bbox 314 2564 1898 2644; baseline 0.002 -21"><span class='ocrx_word' id='word_1_212' title='bbox 314 2570 416 2641; x_wconf 78' lang='grc' dir='ltr'>τὴν</span> <span class='ocrx_word' id='word_1_213' title='bbox 437 2569 639 2641; x_wconf 82' lang='grc' dir='ltr'>ζημίαν</span> <span class='ocrx_word' id='word_1_214' title='bbox 666 2572 925 2642; x_wconf 84' lang='grc' dir='ltr'>περιιδεῖν</span> <span class='ocrx_word' id='word_1_215' title='bbox 947 2564 1102 2635; x_wconf 76' lang='grc' dir='ltr'>οὗτος</span> <span class='ocrx_word' id='word_1_216' title='bbox 1135 2575 1163 2626; x_wconf 91' lang='lat'>6</span> <span class='ocrx_word' id='word_1_217' title='bbox 1193 2572 1393 2643; x_wconf 78' lang='grc' dir='ltr'>θερμὸς</span> <span class='ocrx_word' id='word_1_218' title='bbox 1422 2573 1657 2644; x_wconf 79' lang='grc' dir='ltr'>ἐραστὴς</span> <span class='ocrx_word' id='word_1_219' title='bbox 1688 2575 1783 2627; x_wconf 81' lang='grc' dir='ltr'>καὶ</span> <span class='ocrx_word' id='word_1_220' title='bbox 1810 2575 1898 2644; x_wconf 75' lang='grc' dir='ltr'>ζη-</span> 
     </span>
    </p>
   </div>
   <div class='ocr_carea' id='block_1_28' title="bbox 314 2654 1897 2729">
    <p class='ocr_par' dir='ltr' id='par_1_28' title="bbox 314 2654 1897 2729">
     <span class='ocr_line' id='line_1_28' title="bbox 314 2654 1897 2729; baseline 0.002 -21"><span class='ocrx_word' id='word_1_221' title='bbox 314 2654 494 2726; x_wconf 73' lang='grc' dir='ltr'>λωτὴς</span> <span class='ocrx_word' id='word_1_222' title='bbox 515 2654 624 2709; x_wconf 83' lang='grc' dir='ltr'>τῶν</span> <span class='ocrx_word' id='word_1_223' title='bbox 653 2654 965 2726; x_wconf 87' lang='grc' dir='ltr'>μαρτύρων.</span> <span class='ocrx_word' id='word_1_224' title='bbox 1010 2654 1167 2707; x_wconf 83' lang='grc' dir='ltr'>Ἀλλά</span> <span class='ocrx_word' id='word_1_225' title='bbox 1197 2655 1249 2708; x_wconf 85' lang='grc' dir='ltr'>τί</span> <span class='ocrx_word' id='word_1_226' title='bbox 1282 2658 1461 2721; x_wconf 85' lang='grc' dir='ltr'>ποιεῖ;</span> <span class='ocrx_word' id='word_1_227' title='bbox 1489 2657 1768 2711; x_wconf 85' lang='grc' dir='ltr'>Θεάσασθε</span> <span class='ocrx_word' id='word_1_228' title='bbox 1797 2658 1897 2729; x_wconf 86' lang='grc' dir='ltr'>τὴν</span> 
     </span>
    </p>
   </div>
   <div class='ocr_carea' id='block_1_29' title="bbox 315 2736 1899 2811">
    <p class='ocr_par' dir='ltr' id='par_1_29' title="bbox 315 2736 1899 2811">
     <span class='ocr_line' id='line_1_29' title="bbox 315 2736 1899 2811; baseline 0.001 -20"><span class='ocrx_word' id='word_1_229' title='bbox 315 2738 531 2805; x_wconf 83' lang='grc' dir='ltr'>σοφίαν·</span> <span class='ocrx_word' id='word_1_230' title='bbox 587 2736 657 2792; x_wconf 82' lang='grc' dir='ltr'>τὰ</span> <span class='ocrx_word' id='word_1_231' title='bbox 702 2739 799 2809; x_wconf 84' lang='grc' dir='ltr'>μὲν</span> <span class='ocrx_word' id='word_1_232' title='bbox 850 2738 1045 2811; x_wconf 89' lang='grc' dir='ltr'>θολερά</span> <span class='ocrx_word' id='word_1_233' title='bbox 1078 2739 1171 2793; x_wconf 78' lang='grc' dir='ltr'>καὶ</span> <span class='ocrx_word' id='word_1_234' title='bbox 1204 2738 1413 2811; x_wconf 83' lang='grc' dir='ltr'>δυσώδη</span> <span class='ocrx_word' id='word_1_235' title='bbox 1456 2739 1706 2810; x_wconf 79' lang='grc' dir='ltr'>ῥεύματα</span> <span class='ocrx_word' id='word_1_236' title='bbox 1775 2757 1899 2793; x_wconf 67' lang='grc' dir='ltr'>κατα</span> 
     </span>
    </p>
   </div>
   <div class='ocr_carea' id='block_1_30' title="bbox 316 2820 1898 2896">
    <p class='ocr_par' dir='ltr' id='par_1_30' title="bbox 316 2820 1898 2896">
     <span class='ocr_line' id='line_1_30' title="bbox 316 2820 1898 2896; baseline 0.003 -23"><span class='ocrx_word' id='word_1_237' title='bbox 316 2820 492 2891; x_wconf 88' lang='grc' dir='ltr'>έχωσε</span> <span class='ocrx_word' id='word_1_238' title='bbox 518 2820 613 2874; x_wconf 76' lang='grc' dir='ltr'>καὶ</span> <span class='ocrx_word' id='word_1_239' title='bbox 636 2822 918 2893; x_wconf 79' lang='grc' dir='ltr'>ἀπέφραξε</span> <span class='ocrx_word' id='word_1_240' title='bbox 948 2823 1118 2887; x_wconf 91' lang='grc' dir='ltr'>κάτω,</span> <span class='ocrx_word' id='word_1_241' title='bbox 1146 2822 1244 2886; x_wconf 75' lang='grc' dir='ltr'>τὰς</span> <span class='ocrx_word' id='word_1_242' title='bbox 1264 2820 1321 2875; x_wconf 87' lang='grc' dir='ltr'>δέ</span> <span class='ocrx_word' id='word_1_243' title='bbox 1345 2822 1593 2894; x_wconf 81' lang='grc' dir='ltr'>καθαρὰς</span> <span class='ocrx_word' id='word_1_244' title='bbox 1612 2823 1720 2877; x_wconf 89' lang='grc' dir='ltr'>τῶν</span> <span class='ocrx_word' id='word_1_245' title='bbox 1756 2841 1898 2896; x_wconf 80' lang='grc' dir='ltr'>μαρο</span> 
     </span>
    </p>
   </div>
   <div class='ocr_carea' id='block_1_31' title="bbox 315 2902 1898 2977">
    <p class='ocr_par' dir='ltr' id='par_1_31' title="bbox 315 2902 1898 2977">
     <span class='ocr_line' id='line_1_31' title="bbox 315 2902 1898 2977; baseline 0.002 -21"><span class='ocrx_word' id='word_1_246' title='bbox 315 2902 502 2973; x_wconf 80' lang='grc' dir='ltr'>τύρων</span> <span class='ocrx_word' id='word_1_247' title='bbox 529 2903 710 2973; x_wconf 86' lang='grc' dir='ltr'>πηγὰς</span> <span class='ocrx_word' id='word_1_248' title='bbox 728 2906 786 2957; x_wconf 88' lang='grc' dir='ltr'>ἐν</span> <span class='ocrx_word' id='word_1_249' title='bbox 815 2903 1040 2977; x_wconf 89' lang='grc' dir='ltr'>καθαρῷ</span> <span class='ocrx_word' id='word_1_250' title='bbox 1077 2904 1261 2976; x_wconf 84' lang='grc' dir='ltr'>χωρίῳ</span> <span class='ocrx_word' id='word_1_251' title='bbox 1281 2903 1600 2975; x_wconf 86' lang='grc' dir='ltr'>κατέστησε.</span> <span class='ocrx_word' id='word_1_252' title='bbox 1637 2906 1748 2959; x_wconf 88' lang='lat' dir='ltr'>Kal</span> <span class='ocrx_word' id='word_1_253' title='bbox 1782 2924 1898 2959; x_wconf 87' lang='grc' dir='ltr'>σκο-</span> 
     </span>
    </p>
   </div>
   <div class='ocr_carea' id='block_1_32' title="bbox 317 2987 1899 3059">
    <p class='ocr_par' dir='ltr' id='par_1_32' title="bbox 317 2987 1899 3059">
     <span class='ocr_line' id='line_1_32' title="bbox 317 2987 1899 3059; baseline 0.001 -19"><span class='ocrx_word' id='word_1_254' title='bbox 317 2988 474 3040; x_wconf 73' lang='grc' dir='ltr'>πεῖτε</span> <span class='ocrx_word' id='word_1_255' title='bbox 517 2987 649 3057; x_wconf 82' lang='grc' dir='ltr'>ὅσην</span> <span class='ocrx_word' id='word_1_256' title='bbox 676 2987 770 3040; x_wconf 76' lang='grc' dir='ltr'>καὶ</span> <span class='ocrx_word' id='word_1_257' title='bbox 797 2987 926 3058; x_wconf 77' lang='grc' dir='ltr'>περὶ</span> <span class='ocrx_word' id='word_1_258' title='bbox 956 2988 1081 3050; x_wconf 83' lang='grc' dir='ltr'>τοὺς</span> <span class='ocrx_word' id='word_1_259' title='bbox 1102 2987 1544 3058; x_wconf 79' lang='grc' dir='ltr'>’κατοιχομένους</span> <span class='ocrx_word' id='word_1_260' title='bbox 1584 2989 1685 3059; x_wconf 81' lang='grc' dir='ltr'>τὴν</span> <span class='ocrx_word' id='word_1_261' title='bbox 1719 2988 1899 3058; x_wconf 85' lang='grc' dir='ltr'>φιλαν-</span> 
     </span>
    </p>
   </div>
   <div class='ocr_carea' id='block_1_33' title="bbox 318 3068 1897 3143">
    <p class='ocr_par' dir='ltr' id='par_1_33' title="bbox 318 3068 1897 3143">
     <span class='ocr_line' id='line_1_33' title="bbox 318 3068 1897 3143; baseline 0.003 -21"><span class='ocrx_word' id='word_1_262' title='bbox 318 3068 569 3139; x_wconf 88' lang='grc' dir='ltr'>θρωπίαν</span> <span class='ocrx_word' id='word_1_263' title='bbox 616 3070 957 3134; x_wconf 82' lang='grc' dir='ltr'>ἐπεδείξατο,</span> <span class='ocrx_word' id='word_1_264' title='bbox 999 3069 1092 3122; x_wconf 75' lang='grc' dir='ltr'>καὶ</span> <span class='ocrx_word' id='word_1_265' title='bbox 1137 3069 1268 3140; x_wconf 75' lang='grc' dir='ltr'>περὶ</span> <span class='ocrx_word' id='word_1_266' title='bbox 1312 3070 1438 3133; x_wconf 83' lang='grc' dir='ltr'>τοὺς</span> <span class='ocrx_word' id='word_1_267' title='bbox 1469 3071 1754 3143; x_wconf 90' lang='grc' dir='ltr'>μάρτυρας</span> <span class='ocrx_word' id='word_1_268' title='bbox 1798 3075 1897 3143; x_wconf 82' lang='grc' dir='ltr'>τὴν</span> 
     </span>
    </p>
   </div>
   <div class='ocr_carea' id='block_1_34' title="bbox 313 3151 1897 3230">
    <p class='ocr_par' dir='ltr' id='par_1_34' title="bbox 313 3151 1897 3230">
     <span class='ocr_line' id='line_1_34' title="bbox 313 3151 1897 3230; baseline 0.005 -26"><span class='ocrx_word' id='word_1_269' title='bbox 313 3151 485 3223; x_wconf 77' lang='grc' dir='ltr'>τιμὴν</span> <span class='ocrx_word' id='word_1_270' title='bbox 508 3191 525 3217; x_wconf 92' lang='grc'>,</span> <span class='ocrx_word' id='word_1_271' title='bbox 557 3153 653 3207; x_wconf 59' lang='grc' dir='ltr'>καὶ⁵</span> <span class='ocrx_word' id='word_1_272' title='bbox 681 3155 810 3225; x_wconf 77' lang='grc' dir='ltr'>περὶ</span> <span class='ocrx_word' id='word_1_273' title='bbox 842 3153 934 3207; x_wconf 84' lang='grc' dir='ltr'>τὸν</span> <span class='ocrx_word' id='word_1_274' title='bbox 962 3153 1090 3208; x_wconf 79' lang='grc' dir='ltr'>λαὸν</span> <span class='ocrx_word' id='word_1_275' title='bbox 1123 3152 1222 3224; x_wconf 78' lang='grc' dir='ltr'>τὴν</span> <span class='ocrx_word' id='word_1_276' title='bbox 1250 3154 1594 3224; x_wconf 85' lang='grc' dir='ltr'>κηδεμονίαν.</span> <span class='ocrx_word' id='word_1_277' title='bbox 1628 3158 1761 3228; x_wconf 81' lang='grc' dir='ltr'>Περὶ</span> <span class='ocrx_word' id='word_1_278' title='bbox 1797 3159 1897 3230; x_wconf 81' lang='grc' dir='ltr'>μὲν</span> 
     </span>
    </p>
   </div>
   <div class='ocr_carea' id='block_1_35' title="bbox 313 3234 1899 3312">
    <p class='ocr_par' dir='ltr' id='par_1_35' title="bbox 313 3234 1899 3312">
     <span class='ocr_line' id='line_1_35' title="bbox 313 3234 1899 3312; baseline 0.004 -25"><span class='ocrx_word' id='word_1_279' title='bbox 313 3236 448 3298; x_wconf 80' lang='grc' dir='ltr'>τοὺς</span> <span class='ocrx_word' id='word_1_280' title='bbox 492 3236 914 3306; x_wconf 81' lang='grc' dir='ltr'>κατοιχομένους</span> <span class='ocrx_word' id='word_1_281' title='bbox 960 3234 1372 3306; x_wconf 82' lang='grc' dir='ltr'>φιλανθρωπίαν</span> <span class='ocrx_word' id='word_1_282' title='bbox 1412 3237 1720 3304; x_wconf 77' lang='grc' dir='ltr'>ἐπεδείξατο</span> <span class='ocrx_word' id='word_1_283' title='bbox 1745 3280 1760 3305; x_wconf 95' lang='grc'>,</span> <span class='ocrx_word' id='word_1_284' title='bbox 1823 3240 1899 3312; x_wconf 82' lang='grc' dir='ltr'>μὴ</span> 
     </span>
    </p>
   </div>
   <div class='ocr_carea' id='block_1_36' title="bbox 190 3318 1894 3388">
    <p class='ocr_par' dir='ltr' id='par_1_36' title="bbox 190 3318 1894 3388">
     <span class='ocr_line' id='line_1_36' title="bbox 190 3318 1894 3388; baseline 0.005 -18"><span class='ocrx_word' id='word_1_285' title='bbox 190 3360 203 3377; x_wconf 61' lang='grc' dir='ltr'>ι</span> <span class='ocrx_word' id='word_1_286' title='bbox 317 3318 550 3388; x_wconf 73' lang='grc' dir='ltr'>κινήσας</span> <span class='ocrx_word' id='word_1_287' title='bbox 587 3319 768 3372; x_wconf 87' lang='grc' dir='ltr'>αὐτῶν</span> <span class='ocrx_word' id='word_1_288' title='bbox 798 3319 868 3372; x_wconf 87' lang='grc' dir='ltr'>τά</span> <span class='ocrx_word' id='word_1_289' title='bbox 896 3319 1049 3386; x_wconf 78' lang='grc' dir='ltr'>ὀστᾶ,</span> <span class='ocrx_word' id='word_1_290' title='bbox 1077 3318 1192 3373; x_wconf 84' lang='grc' dir='ltr'>ἀλλ’</span> <span class='ocrx_word' id='word_1_291' title='bbox 1220 3320 1381 3388; x_wconf 76' lang='grc' dir='ltr'>ἀφεὶς</span> <span class='ocrx_word' id='word_1_292' title='bbox 1412 3321 1505 3374; x_wconf 73' lang='grc' dir='ltr'>ἐπὶ</span> <span class='ocrx_word' id='word_1_293' title='bbox 1551 3321 1647 3375; x_wconf 84' lang='grc' dir='ltr'>τοῦ</span> <span class='ocrx_word' id='word_1_294' title='bbox 1675 3323 1841 3377; x_wconf 87' lang='grc' dir='ltr'>τόπου</span> <span class='ocrx_word' id='word_1_295' title='bbox 1868 3335 1894 3363; x_wconf 78' lang='grc' dir='ltr'><strong>ο</strong></span> 
     </span>
    </p>
   </div>
   <div class='ocr_carea' id='block_1_37' title="bbox 313 3399 1898 3475">
    <p class='ocr_par' dir='ltr' id='par_1_37' title="bbox 313 3399 1898 3475">
     <span class='ocr_line' id='line_1_37' title="bbox 313 3399 1898 3475; baseline 0.005 -23"><span class='ocrx_word' id='word_1_296' title='bbox 313 3399 508 3470; x_wconf 80' lang='grc' dir='ltr'>μένειν</span> <span class='ocrx_word' id='word_1_297' title='bbox 533 3418 544 3431; x_wconf 87' lang='grc'>·</span> <span class='ocrx_word' id='word_1_298' title='bbox 576 3402 707 3472; x_wconf 78' lang='grc' dir='ltr'>περὶ</span> <span class='ocrx_word' id='word_1_299' title='bbox 749 3401 805 3455; x_wconf 87' lang='grc' dir='ltr'>δέ</span> <span class='ocrx_word' id='word_1_300' title='bbox 847 3404 974 3466; x_wconf 81' lang='grc' dir='ltr'>τοὺς</span> <span class='ocrx_word' id='word_1_301' title='bbox 1023 3403 1308 3474; x_wconf 87' lang='grc' dir='ltr'>μάρτυρας</span> <span class='ocrx_word' id='word_1_302' title='bbox 1334 3403 1499 3475; x_wconf 84' lang='grc' dir='ltr'>τιμὴν</span> <span class='ocrx_word' id='word_1_303' title='bbox 1522 3446 1538 3470; x_wconf 88' lang='grc'>,</span> <span class='ocrx_word' id='word_1_304' title='bbox 1585 3406 1898 3472; x_wconf 77' lang='grc' dir='ltr'>ἀπαλλάξας</span> 
     </span>
    </p>
   </div>
   <div class='ocr_carea' id='block_1_38' title="bbox 318 3483 1898 3557">
    <p class='ocr_par' dir='ltr' id='par_1_38' title="bbox 318 3483 1898 3557">
     <span class='ocr_line' id='line_1_38' title="bbox 318 3483 1898 3557; baseline 0.005 -22"><span class='ocrx_word' id='word_1_305' title='bbox 318 3483 520 3547; x_wconf 76' lang='grc' dir='ltr'>αὐτοὺς</span> <span class='ocrx_word' id='word_1_306' title='bbox 548 3484 644 3538; x_wconf 87' lang='grc' dir='ltr'>τοῦ</span> <span class='ocrx_word' id='word_1_307' title='bbox 671 3484 909 3555; x_wconf 86' lang='grc' dir='ltr'>πονηροῦ</span> <span class='ocrx_word' id='word_1_308' title='bbox 947 3486 1336 3557; x_wconf 86' lang='grc' dir='ltr'>γειτονήματος</span> <span class='ocrx_word' id='word_1_309' title='bbox 1354 3502 1370 3517; x_wconf 77' lang='grc' dir='ltr'><strong><em>ο</em></strong></span> <span class='ocrx_word' id='word_1_310' title='bbox 1403 3487 1532 3557; x_wconf 85' lang='grc' dir='ltr'>περὶ</span> <span class='ocrx_word' id='word_1_311' title='bbox 1567 3486 1624 3540; x_wconf 88' lang='grc' dir='ltr'>δέ</span> <span class='ocrx_word' id='word_1_312' title='bbox 1653 3488 1745 3543; x_wconf 83' lang='grc' dir='ltr'>τὸν</span> <span class='ocrx_word' id='word_1_313' title='bbox 1771 3488 1898 3543; x_wconf 86' lang='grc' dir='ltr'>λαὸν</span> 
     </span>
    </p>
   </div>
   <div class='ocr_carea' id='block_1_39' title="bbox 319 3564 1901 3641">
    <p class='ocr_par' dir='ltr' id='par_1_39' title="bbox 319 3564 1901 3641">
     <span class='ocr_line' id='line_1_39' title="bbox 319 3564 1901 3641; baseline 0.004 -22"><span class='ocrx_word' id='word_1_314' title='bbox 319 3564 671 3636; x_wconf 80' lang='grc' dir='ltr'>κηδεμονίαν,</span> <span class='ocrx_word' id='word_1_315' title='bbox 695 3569 796 3620; x_wconf 83' lang='grc' dir='ltr'>οὑκ</span> <span class='ocrx_word' id='word_1_316' title='bbox 820 3569 980 3638; x_wconf 78' lang='grc' dir='ltr'>ἀφεὶς</span> <span class='ocrx_word' id='word_1_317' title='bbox 1005 3569 1205 3632; x_wconf 80' lang='grc' dir='ltr'>αὐτοὺς</span> <span class='ocrx_word' id='word_1_318' title='bbox 1235 3567 1375 3639; x_wconf 87' lang='grc' dir='ltr'>μετά</span> <span class='ocrx_word' id='word_1_319' title='bbox 1393 3567 1719 3641; x_wconf 84' lang='grc' dir='ltr'>διακρίσεως</span> <span class='ocrx_word' id='word_1_320' title='bbox 1738 3574 1901 3625; x_wconf 78' lang='grc' dir='ltr'>ποιεῖ-</span> 
     </span>
    </p>
   </div>
   <div class='ocr_carea' id='block_1_40' title="bbox 322 3649 785 3720">
    <p class='ocr_par' dir='ltr' id='par_1_40' title="bbox 322 3649 785 3720">
     <span class='ocr_line' id='line_1_40' title="bbox 322 3649 785 3720; baseline 0 -17"><span class='ocrx_word' id='word_1_321' title='bbox 322 3649 447 3704; x_wconf 89' lang='grc' dir='ltr'>σθαι</span> <span class='ocrx_word' id='word_1_322' title='bbox 472 3649 571 3713; x_wconf 84' lang='grc' dir='ltr'>τάς</span> <span class='ocrx_word' id='word_1_323' title='bbox 599 3651 785 3720; x_wconf 86' lang='grc' dir='ltr'>εὐχάς.</span> 
     </span>
    </p>
   </div>
   <div class='ocr_carea' id='block_1_41' title="bbox 394 3732 1901 3809">
    <p class='ocr_par' dir='ltr' id='par_1_41' title="bbox 394 3732 1901 3809">
     <span class='ocr_line' id='line_1_41' title="bbox 394 3732 1901 3809; baseline 0.004 -24"><span class='ocrx_word' id='word_1_324' title='bbox 394 3733 493 3787; x_wconf 88' lang='grc' dir='ltr'>Διά</span> <span class='ocrx_word' id='word_1_325' title='bbox 513 3732 685 3786; x_wconf 89' lang='grc' dir='ltr'>ταῦτα</span> <span class='ocrx_word' id='word_1_326' title='bbox 712 3734 855 3804; x_wconf 81' lang='grc' dir='ltr'>ὑμᾶς</span> <span class='ocrx_word' id='word_1_327' title='bbox 876 3732 1107 3787; x_wconf 76' lang='grc' dir='ltr'>ἐνταῦθα</span> <span class='ocrx_word' id='word_1_328' title='bbox 1134 3734 1413 3805; x_wconf 73' lang='grc' dir='ltr'>ἠγάγομεν</span> <span class='ocrx_word' id='word_1_329' title='bbox 1432 3733 1484 3801; x_wconf 74' lang='grc' dir='ltr'>ἀ,</span> <span class='ocrx_word' id='word_1_330' title='bbox 1512 3734 1597 3789; x_wconf 84' lang='grc' dir='ltr'>ἵνα</span> <span class='ocrx_word' id='word_1_331' title='bbox 1626 3736 1901 3809; x_wconf 87' lang='grc' dir='ltr'>φαιδρότε-</span> 
     </span>
    </p>
   </div>
   <div class='ocr_carea' id='block_1_42' title="bbox 326 3815 1896 3892">
    <p class='ocr_par' dir='ltr' id='par_1_42' title="bbox 326 3815 1896 3892">
     <span class='ocr_line' id='line_1_42' title="bbox 326 3815 1896 3892; baseline 0.006 -25"><span class='ocrx_word' id='word_1_332' title='bbox 326 3833 419 3887; x_wconf 89' lang='grc' dir='ltr'>ρος</span> <span class='ocrx_word' id='word_1_333' title='bbox 440 3816 469 3867; x_wconf 93' lang='lat'>6</span> <span class='ocrx_word' id='word_1_334' title='bbox 494 3815 748 3885; x_wconf 88' lang='grc' dir='ltr'>σύλλογος</span> <span class='ocrx_word' id='word_1_335' title='bbox 776 3815 1021 3888; x_wconf 87' lang='grc' dir='ltr'>γένηται,</span> <span class='ocrx_word' id='word_1_336' title='bbox 1051 3817 1138 3871; x_wconf 73' lang='grc' dir='ltr'>ἵνα</span> <span class='ocrx_word' id='word_1_337' title='bbox 1163 3816 1541 3889; x_wconf 84' lang='grc' dir='ltr'>λαμπρότερον</span> <span class='ocrx_word' id='word_1_338' title='bbox 1562 3821 1623 3872; x_wconf 85' lang='grc' dir='ltr'>τὸ</span> <span class='ocrx_word' id='word_1_339' title='bbox 1651 3820 1896 3892; x_wconf 86' lang='grc' dir='ltr'>θέατρον,</span> 
     </span>
    </p>
   </div>
   <div class='ocr_carea' id='block_1_43' title="bbox 320 3897 1902 3974">
    <p class='ocr_par' dir='ltr' id='par_1_43' title="bbox 320 3897 1902 3974">
     <span class='ocr_line' id='line_1_43' title="bbox 320 3897 1902 3974; baseline 0.006 -24"><span class='ocrx_word' id='word_1_340' title='bbox 320 3898 444 3968; x_wconf 74' lang='grc' dir='ltr'>οὐχὶ</span> <span class='ocrx_word' id='word_1_341' title='bbox 490 3897 795 3969; x_wconf 87' lang='grc' dir='ltr'>ἀνθρώπων</span> <span class='ocrx_word' id='word_1_342' title='bbox 826 3899 1004 3969; x_wconf 88' lang='grc' dir='ltr'>μόνον,</span> <span class='ocrx_word' id='word_1_343' title='bbox 1034 3898 1170 3953; x_wconf 88' lang='grc' dir='ltr'>ἀλλά</span> <span class='ocrx_word' id='word_1_344' title='bbox 1202 3902 1293 3953; x_wconf 68' lang='grc' dir='ltr'>καὶ</span> <span class='ocrx_word' id='word_1_345' title='bbox 1332 3901 1624 3973; x_wconf 88' lang='grc' dir='ltr'>μαρτύρων</span> <span class='ocrx_word' id='word_1_346' title='bbox 1656 3903 1902 3974; x_wconf 86' lang='grc' dir='ltr'>συλλεγο-</span> 
     </span>
    </p>
   </div>
   <div class='ocr_carea' id='block_1_44' title="bbox 326 3980 1895 4057">
    <p class='ocr_par' dir='ltr' id='par_1_44' title="bbox 326 3980 1895 4057">
     <span class='ocr_line' id='line_1_44' title="bbox 326 3980 1895 4057; baseline 0.008 -24"><span class='ocrx_word' id='word_1_347' title='bbox 326 3980 534 4050; x_wconf 89' lang='grc' dir='ltr'>μένων·</span> <span class='ocrx_word' id='word_1_348' title='bbox 574 3982 697 4052; x_wconf 77' lang='grc' dir='ltr'>οὐχὶ</span> <span class='ocrx_word' id='word_1_349' title='bbox 734 3981 1028 4053; x_wconf 87' lang='grc' dir='ltr'>μαρτύρων</span> <span class='ocrx_word' id='word_1_350' title='bbox 1074 3983 1233 4053; x_wconf 84' lang='grc' dir='ltr'>μόνον</span> <span class='ocrx_word' id='word_1_351' title='bbox 1253 4022 1269 4049; x_wconf 95' lang='grc'>,</span> <span class='ocrx_word' id='word_1_352' title='bbox 1308 3983 1444 4039; x_wconf 87' lang='grc' dir='ltr'>ἀλλά</span> <span class='ocrx_word' id='word_1_353' title='bbox 1492 3986 1587 4040; x_wconf 77' lang='grc' dir='ltr'>καὶ</span> <span class='ocrx_word' id='word_1_354' title='bbox 1627 3987 1895 4057; x_wconf 87' lang='grc' dir='ltr'>ἀγγέλων.</span> 
     </span>
    </p>
   </div>
   <div class='ocr_carea' id='block_1_45' title="bbox 321 4063 1901 4143">
    <p class='ocr_par' dir='ltr' id='par_1_45' title="bbox 321 4063 1901 4143">
     <span class='ocr_line' id='line_1_45' title="bbox 321 4063 1901 4143; baseline 0.007 -27"><span class='ocrx_word' id='word_1_355' title='bbox 321 4064 436 4116; x_wconf 85' lang='lat' dir='ltr'>Kal</span> <span class='ocrx_word' id='word_1_356' title='bbox 464 4063 574 4134; x_wconf 86' lang='grc' dir='ltr'>γάρ</span> <span class='ocrx_word' id='word_1_357' title='bbox 596 4064 691 4116; x_wconf 78' lang='grc' dir='ltr'>καὶ</span> <span class='ocrx_word' id='word_1_358' title='bbox 719 4064 938 4133; x_wconf 80' lang='grc' dir='ltr'>ἄγγελοι</span> <span class='ocrx_word' id='word_1_359' title='bbox 969 4065 1221 4135; x_wconf 86' lang='grc' dir='ltr'>πάρεισιν</span> <span class='ocrx_word' id='word_1_360' title='bbox 1244 4103 1259 4130; x_wconf 93' lang='grc'>,</span> <span class='ocrx_word' id='word_1_361' title='bbox 1298 4066 1544 4135; x_wconf 76' lang='grc' dir='ltr'>ἀγγέλων</span> <span class='ocrx_word' id='word_1_362' title='bbox 1569 4071 1664 4123; x_wconf 76' lang='grc' dir='ltr'>καὶ</span> <span class='ocrx_word' id='word_1_363' title='bbox 1704 4073 1901 4143; x_wconf 88' lang='grc' dir='ltr'>μαρτύ-</span> 
     </span>
    </p>
   </div>
   <div class='ocr_carea' id='block_1_46' title="bbox 325 4146 1901 4223">
    <p class='ocr_par' dir='ltr' id='par_1_46' title="bbox 325 4146 1901 4223">
     <span class='ocr_line' id='line_1_46' title="bbox 325 4146 1901 4223; baseline 0.01 -26"><span class='ocrx_word' id='word_1_364' title='bbox 325 4164 439 4218; x_wconf 87' lang='grc' dir='ltr'>ρων</span> <span class='ocrx_word' id='word_1_365' title='bbox 473 4152 508 4222; x_wconf 58' lang='lat' dir='ltr'><strong>ﬂ</strong></span> <span class='ocrx_word' id='word_1_366' title='bbox 547 4146 764 4213; x_wconf 87' lang='grc' dir='ltr'>σύνοδος</span> <span class='ocrx_word' id='word_1_367' title='bbox 802 4149 994 4219; x_wconf 89' lang='grc' dir='ltr'>γέγονε</span> <span class='ocrx_word' id='word_1_368' title='bbox 1035 4149 1295 4221; x_wconf 81' lang='grc' dir='ltr'>σήμερον.</span> <span class='ocrx_word' id='word_1_369' title='bbox 1347 4152 1458 4205; x_wconf 86' lang='lat' dir='ltr'>Kal</span> <span class='ocrx_word' id='word_1_370' title='bbox 1489 4152 1537 4204; x_wconf 82' lang='grc' dir='ltr'>εί</span> <span class='ocrx_word' id='word_1_371' title='bbox 1570 4152 1747 4223; x_wconf 80' lang='grc' dir='ltr'>βούλει</span> <span class='ocrx_word' id='word_1_372' title='bbox 1775 4158 1901 4213; x_wconf 83' lang='grc' dir='ltr'>ίδεῖν</span> 
     </span>
    </p>
   </div>
   <div class='ocr_carea' id='block_1_47' title="bbox 323 4231 1902 4307">
    <p class='ocr_par' dir='ltr' id='par_1_47' title="bbox 323 4231 1902 4307">
     <span class='ocr_line' id='line_1_47' title="bbox 323 4231 1902 4307; baseline 0.006 -23"><span class='ocrx_word' id='word_1_373' title='bbox 323 4232 420 4285; x_wconf 78' lang='grc' dir='ltr'>καὶ</span> <span class='ocrx_word' id='word_1_374' title='bbox 471 4231 754 4303; x_wconf 87' lang='grc' dir='ltr'>μάρτυρας</span> <span class='ocrx_word' id='word_1_375' title='bbox 781 4234 875 4287; x_wconf 62' lang='grc' dir='ltr'>καὶ⁵</span> <span class='ocrx_word' id='word_1_376' title='bbox 922 4232 1218 4302; x_wconf 79' lang='grc' dir='ltr'>ἀγγέλους,</span> <span class='ocrx_word' id='word_1_377' title='bbox 1257 4233 1464 4301; x_wconf 80' lang='grc' dir='ltr'>ἄνοιξον</span> <span class='ocrx_word' id='word_1_378' title='bbox 1518 4237 1619 4307; x_wconf 82' lang='grc' dir='ltr'>τῆς</span> <span class='ocrx_word' id='word_1_379' title='bbox 1667 4239 1902 4305; x_wconf 87' lang='grc' dir='ltr'>πίστεως</span> 
     </span>
    </p>
   </div>
   <div class='ocr_carea' id='block_1_48' title="bbox 321 4314 1902 4394">
    <p class='ocr_par' dir='ltr' id='par_1_48' title="bbox 321 4314 1902 4394">
     <span class='ocr_line' id='line_1_48' title="bbox 321 4314 1902 4394; baseline 0.01 -31"><span class='ocrx_word' id='word_1_380' title='bbox 321 4315 450 4378; x_wconf 79' lang='grc' dir='ltr'>τοὺς</span> <span class='ocrx_word' id='word_1_381' title='bbox 471 4314 813 4385; x_wconf 85' lang='grc' dir='ltr'>ὀφθαλμοὺς,</span> <span class='ocrx_word' id='word_1_382' title='bbox 847 4316 941 4371; x_wconf 69' lang='grc' dir='ltr'>καὶ</span> <span class='ocrx_word' id='word_1_383' title='bbox 957 4315 1077 4386; x_wconf 76' lang='grc' dir='ltr'>ὕψει</span> <span class='ocrx_word' id='word_1_384' title='bbox 1106 4315 1167 4369; x_wconf 85' lang='grc' dir='ltr'>τὸ</span> <span class='ocrx_word' id='word_1_385' title='bbox 1196 4315 1421 4387; x_wconf 87' lang='grc' dir='ltr'>θέατρον</span> <span class='ocrx_word' id='word_1_386' title='bbox 1456 4320 1632 4372; x_wconf 87' lang='grc' dir='ltr'>ἐκεῖνο</span> <span class='ocrx_word' id='word_1_387' title='bbox 1657 4337 1673 4354; x_wconf 71' lang='grc' dir='ltr'>ι</span> <span class='ocrx_word' id='word_1_388' title='bbox 1715 4323 1765 4393; x_wconf 81' lang='grc' dir='ltr'>εἰ</span> <span class='ocrx_word' id='word_1_389' title='bbox 1794 4323 1902 4394; x_wconf 90' lang='grc' dir='ltr'>γάρ</span> 
     </span>
    </p>
   </div>
   <div class='ocr_carea' id='block_1_49' title="bbox 324 4397 1900 4478">
    <p class='ocr_par' dir='ltr' id='par_1_49' title="bbox 324 4397 1900 4478">
     <span class='ocr_line' id='line_1_49' title="bbox 324 4397 1900 4478; baseline 0.004 -27"><span class='ocrx_word' id='word_1_390' title='bbox 324 4413 444 4461; x_wconf 83' lang='grc' dir='ltr'>πως</span> <span class='ocrx_word' id='word_1_391' title='bbox 493 4399 521 4450; x_wconf 91' lang='lat'>6</span> <span class='ocrx_word' id='word_1_392' title='bbox 564 4397 672 4469; x_wconf 82' lang='grc' dir='ltr'>ἀὴρ</span> <span class='ocrx_word' id='word_1_393' title='bbox 703 4397 952 4467; x_wconf 84' lang='grc' dir='ltr'>ἀγγέλων</span> <span class='ocrx_word' id='word_1_394' title='bbox 983 4397 1399 4469; x_wconf 79' lang='grc' dir='ltr'>ἐμπέπλησται,</span> <span class='ocrx_word' id='word_1_395' title='bbox 1429 4400 1608 4473; x_wconf 79' lang='grc' dir='ltr'>πολλῷ</span> <span class='ocrx_word' id='word_1_396' title='bbox 1639 4404 1839 4473; x_wconf 78' lang='grc' dir='ltr'>μᾶλλον</span> <span class='ocrx_word' id='word_1_397' title='bbox 1865 4409 1900 4478; x_wconf 81' lang='grc' dir='ltr'>ή</span> 
     </span>
    </p>
   </div>
   <div class='ocr_carea' id='block_1_50' title="bbox 324 4478 1904 4560">
    <p class='ocr_par' dir='ltr' id='par_1_50' title="bbox 324 4478 1904 4560">
     <span class='ocr_line' id='line_1_50' title="bbox 324 4478 1904 4560; baseline 0.007 -28"><span class='ocrx_word' id='word_1_398' title='bbox 324 4478 622 4551; x_wconf 82' lang='grc' dir='ltr'>ἐκκλησία·</span> <span class='ocrx_word' id='word_1_399' title='bbox 653 4482 703 4534; x_wconf 89' lang='grc' dir='ltr'>εί</span> <span class='ocrx_word' id='word_1_400' title='bbox 733 4480 790 4534; x_wconf 83' lang='grc' dir='ltr'>δὲ</span> <span class='ocrx_word' id='word_1_401' title='bbox 840 4482 1122 4553; x_wconf 86' lang='grc' dir='ltr'>ἐκκλησία,</span> <span class='ocrx_word' id='word_1_402' title='bbox 1157 4483 1337 4556; x_wconf 85' lang='grc' dir='ltr'>πολλῷ</span> <span class='ocrx_word' id='word_1_403' title='bbox 1365 4486 1565 4557; x_wconf 76' lang='grc' dir='ltr'>μᾶλλον</span> <span class='ocrx_word' id='word_1_404' title='bbox 1589 4489 1624 4560; x_wconf 83' lang='grc' dir='ltr'>ή</span> <span class='ocrx_word' id='word_1_405' title='bbox 1658 4488 1904 4560; x_wconf 86' lang='grc' dir='ltr'>παροῦσα</span> 
     </span>
    </p>
   </div>
   <div class='ocr_carea' id='block_1_51' title="bbox 324 4562 1903 4640">
    <p class='ocr_par' dir='ltr' id='par_1_51' title="bbox 324 4562 1903 4640">
     <span class='ocr_line' id='line_1_51' title="bbox 324 4562 1903 4640; baseline 0.008 -27"><span class='ocrx_word' id='word_1_406' title='bbox 324 4562 542 4633; x_wconf 79' lang='grc' dir='ltr'>ἡμέρα,</span> <span class='ocrx_word' id='word_1_407' title='bbox 587 4562 677 4616; x_wconf 84' lang='grc' dir='ltr'>ὅτε</span> <span class='ocrx_word' id='word_1_408' title='bbox 721 4564 750 4616; x_wconf 87' lang='lat'>6</span> <span class='ocrx_word' id='word_1_409' title='bbox 776 4565 1052 4636; x_wconf 86' lang='grc' dir='ltr'>Δεσπότης</span> <span class='ocrx_word' id='word_1_410' title='bbox 1081 4568 1260 4623; x_wconf 80' lang='grc' dir='ltr'>αὐτῶν</span> <span class='ocrx_word' id='word_1_411' title='bbox 1290 4569 1746 4640; x_wconf 88' lang='grc' dir='ltr'>ἀναλαμϐάνεται.</span> <span class='ocrx_word' id='word_1_412' title='bbox 1779 4571 1903 4626; x_wconf 74' lang='grc' dir='ltr'>Ὀτι</span> 
     </span>
    </p>
   </div>
   <div class='ocr_carea' id='block_1_52' title="bbox 326 4645 1903 4723">
    <p class='ocr_par' dir='ltr' id='par_1_52' title="bbox 326 4645 1903 4723">
     <span class='ocr_line' id='line_1_52' title="bbox 326 4645 1903 4723; baseline 0.007 -25"><span class='ocrx_word' id='word_1_413' title='bbox 326 4646 436 4716; x_wconf 76' lang='grc' dir='ltr'>γὰρ</span> <span class='ocrx_word' id='word_1_414' title='bbox 471 4645 619 4709; x_wconf 82' lang='grc' dir='ltr'>άπας</span> <span class='ocrx_word' id='word_1_415' title='bbox 649 4648 677 4699; x_wconf 91' lang='lat'>6</span> <span class='ocrx_word' id='word_1_416' title='bbox 709 4646 816 4717; x_wconf 85' lang='grc' dir='ltr'>ἀὴρ</span> <span class='ocrx_word' id='word_1_417' title='bbox 842 4647 1088 4716; x_wconf 85' lang='grc' dir='ltr'>ἀγγέλων</span> <span class='ocrx_word' id='word_1_418' title='bbox 1125 4650 1505 4723; x_wconf 77' lang='grc' dir='ltr'>ἐμπέπλησται</span> <span class='ocrx_word' id='word_1_419' title='bbox 1525 4695 1542 4720; x_wconf 91' lang='grc'>,</span> <span class='ocrx_word' id='word_1_420' title='bbox 1593 4654 1822 4709; x_wconf 79' lang='grc' dir='ltr'>ἄκουσον</span> <span class='ocrx_word' id='word_1_421' title='bbox 1848 4656 1903 4709; x_wconf 88' lang='grc' dir='ltr'>τί</span> 
     </span>
    </p>
   </div>
   <div class='ocr_carea' id='block_1_53' title="bbox 327 4727 1901 4804">
    <p class='ocr_par' dir='ltr' id='par_1_53' title="bbox 327 4727 1901 4804">
     <span class='ocr_line' id='line_1_53' title="bbox 327 4727 1901 4804; baseline 0.009 -26"><span class='ocrx_word' id='word_1_422' title='bbox 327 4745 494 4798; x_wconf 82' lang='grc' dir='ltr'>φησιν</span> <span class='ocrx_word' id='word_1_423' title='bbox 523 4729 554 4780; x_wconf 88' lang='lat'>6</span> <span class='ocrx_word' id='word_1_424' title='bbox 589 4727 936 4793; x_wconf 85' lang='grc' dir='ltr'>Ἀπόστολος,</span> <span class='ocrx_word' id='word_1_425' title='bbox 990 4732 1264 4801; x_wconf 78' lang='grc' dir='ltr'>ἐντρέπων</span> <span class='ocrx_word' id='word_1_426' title='bbox 1303 4734 1401 4798; x_wconf 88' lang='grc' dir='ltr'>τάς</span> <span class='ocrx_word' id='word_1_427' title='bbox 1449 4737 1711 4804; x_wconf 84' lang='grc' dir='ltr'>γυναῖκας</span> <span class='ocrx_word' id='word_1_428' title='bbox 1760 4737 1901 4792; x_wconf 83' lang='grc' dir='ltr'>ὥστε</span> 
     </span>
    </p>
   </div>
   <div class='ocr_carea' id='block_1_54' title="bbox 327 4809 1904 4887">
    <p class='ocr_par' dir='ltr' id='par_1_54' title="bbox 327 4809 1904 4887">
     <span class='ocr_line' id='line_1_54' title="bbox 327 4809 1904 4887; baseline 0.01 -26"><span class='ocrx_word' id='word_1_429' title='bbox 327 4809 474 4880; x_wconf 75' lang='grc' dir='ltr'>ἔχειν</span> <span class='ocrx_word' id='word_1_430' title='bbox 502 4809 767 4883; x_wconf 86' lang='grc' dir='ltr'>κάλυμμα</span> <span class='ocrx_word' id='word_1_431' title='bbox 819 4813 912 4866; x_wconf 76' lang='grc' dir='ltr'>ἐπὶ</span> <span class='ocrx_word' id='word_1_432' title='bbox 956 4813 1059 4883; x_wconf 84' lang='grc' dir='ltr'>τῆς</span> <span class='ocrx_word' id='word_1_433' title='bbox 1099 4816 1369 4887; x_wconf 82' lang='grc' dir='ltr'>κεφαλῆς·</span> <span class='ocrx_word' id='word_1_434' title='bbox 1418 4817 1793 4887; x_wconf 75' lang='grc' dir='ltr'>ὀφείλουσιν</span> <span class='ocrx_word' id='word_1_435' title='bbox 1842 4826 1904 4877; x_wconf 80' lang='grc' dir='ltr'>αἱ</span> 
     </span>
    </p>
   </div>
   <div class='ocr_carea' id='block_1_55' title="bbox 328 4898 1906 4976">
    <p class='ocr_par' dir='ltr' id='par_1_55' title="bbox 328 4898 1906 4976">
     <span class='ocr_line' id='line_1_55' title="bbox 328 4898 1906 4976; baseline 0.01 -26"><span class='ocrx_word' id='word_1_436' title='bbox 328 4898 613 4966; x_wconf 77' lang='grc' dir='ltr'>γυναῖκες</span> <span class='ocrx_word' id='word_1_437' title='bbox 661 4898 951 4963; x_wconf 78' lang='grc' dir='ltr'>ἐξουσίαν</span> <span class='ocrx_word' id='word_1_438' title='bbox 1007 4901 1172 4970; x_wconf 73' lang='grc' dir='ltr'>ἔχειν</span> <span class='ocrx_word' id='word_1_439' title='bbox 1215 4903 1314 4957; x_wconf 71' lang='grc' dir='ltr'>ἐπί</span> <span class='ocrx_word' id='word_1_440' title='bbox 1352 4903 1464 4974; x_wconf 84' lang='grc' dir='ltr'>τῆς</span> <span class='ocrx_word' id='word_1_441' title='bbox 1495 4907 1766 4976; x_wconf 73' lang='grc' dir='ltr'>κεφαλῆς</span> <span class='ocrx_word' id='word_1_442' title='bbox 1807 4908 1906 4965; x_wconf 82' lang='grc' dir='ltr'>διὰ</span> 
     </span>
    </p>
   </div>
   <div class='ocr_carea' id='block_1_56' title="bbox 329 4983 1901 5066">
    <p class='ocr_par' dir='ltr' id='par_1_56' title="bbox 329 4983 1901 5066">
     <span class='ocr_line' id='line_1_56' title="bbox 329 4983 1901 5066; baseline 0.009 -30"><span class='ocrx_word' id='word_1_443' title='bbox 329 4984 471 5050; x_wconf 80' lang='grc' dir='ltr'>τοὺς</span> <span class='ocrx_word' id='word_1_444' title='bbox 500 4983 815 5054; x_wconf 73' lang='grc' dir='ltr'>ἀγγέλους.</span> <span class='ocrx_word' id='word_1_445' title='bbox 866 4987 973 5040; x_wconf 90' lang='lat' dir='ltr'>Kal</span> <span class='ocrx_word' id='word_1_446' title='bbox 996 4987 1164 5042; x_wconf 87' lang='grc' dir='ltr'>πάλιν</span> <span class='ocrx_word' id='word_1_447' title='bbox 1202 4991 1231 5043; x_wconf 88' lang='lat'>6</span> <span class='ocrx_word' id='word_1_448' title='bbox 1272 4990 1498 5059; x_wconf 84' lang='grc' dir='ltr'>Ἰακὼϐ,</span> <span class='ocrx_word' id='word_1_449' title='bbox 1549 4993 1602 5045; x_wconf 87' lang='lat'>&#39;0</span> <span class='ocrx_word' id='word_1_450' title='bbox 1629 4992 1901 5066; x_wconf 72' lang='grc' dir='ltr'>ἄγγελος,</span> 
     </span>
    </p>
   </div>
   <div class='ocr_carea' id='block_1_57' title="bbox 331 5067 1905 5144">
    <p class='ocr_par' dir='ltr' id='par_1_57' title="bbox 331 5067 1905 5144">
     <span class='ocr_line' id='line_1_57' title="bbox 331 5067 1905 5144; baseline 0.01 -26"><span class='ocrx_word' id='word_1_451' title='bbox 331 5067 497 5136; x_wconf 67' lang='grc' dir='ltr'>φησιν</span> <span class='ocrx_word' id='word_1_452' title='bbox 515 5108 530 5132; x_wconf 94' lang='grc'>,</span> <span class='ocrx_word' id='word_1_453' title='bbox 563 5069 596 5121; x_wconf 82' lang='grc' dir='ltr'><em>ὁ</em></span> <span class='ocrx_word' id='word_1_454' title='bbox 637 5068 935 5137; x_wconf 79' lang='grc' dir='ltr'>,ὀυόμενός</span> <span class='ocrx_word' id='word_1_455' title='bbox 962 5086 1039 5138; x_wconf 84' lang='grc' dir='ltr'>με</span> <span class='ocrx_word' id='word_1_456' title='bbox 1071 5072 1140 5124; x_wconf 85' lang='grc' dir='ltr'>ἐκ</span> <span class='ocrx_word' id='word_1_457' title='bbox 1166 5073 1449 5141; x_wconf 82' lang='grc' dir='ltr'>νεότητός</span> <span class='ocrx_word' id='word_1_458' title='bbox 1469 5093 1609 5144; x_wconf 83' lang='grc' dir='ltr'>μου.</span> <span class='ocrx_word' id='word_1_459' title='bbox 1638 5079 1748 5132; x_wconf 90' lang='lat' dir='ltr'>Kal</span> <span class='ocrx_word' id='word_1_460' title='bbox 1773 5081 1821 5132; x_wconf 88' lang='grc' dir='ltr'>οἱ</span> <span class='ocrx_word' id='word_1_461' title='bbox 1846 5081 1905 5133; x_wconf 88' lang='grc' dir='ltr'>ἐν</span> 
     </span>
    </p>
   </div>
   <div class='ocr_carea' id='block_1_58' title="bbox 330 5149 1906 5234">
    <p class='ocr_par' dir='ltr' id='par_1_58' title="bbox 330 5149 1906 5234">
     <span class='ocr_line' id='line_1_58' title="bbox 330 5149 1906 5234; baseline 0.01 -34"><span class='ocrx_word' id='word_1_462' title='bbox 330 5151 395 5234; x_wconf 61' lang='grc' dir='ltr'>τῇ</span> <span class='ocrx_word' id='word_1_463' title='bbox 431 5149 600 5234; x_wconf 55' lang='grc' dir='ltr'>οἰκίζει⁸</span> <span class='ocrx_word' id='word_1_464' title='bbox 630 5149 685 5203; x_wconf 86' lang='grc' dir='ltr'>δὲ</span> <span class='ocrx_word' id='word_1_465' title='bbox 740 5152 877 5221; x_wconf 89' lang='grc' dir='ltr'>μετά</span> <span class='ocrx_word' id='word_1_466' title='bbox 920 5151 1030 5234; x_wconf 88' lang='grc' dir='ltr'>τῶν</span> <span class='ocrx_word' id='word_1_467' title='bbox 1075 5153 1386 5208; x_wconf 83' lang='grc' dir='ltr'>ἀποστόλων</span> <span class='ocrx_word' id='word_1_468' title='bbox 1425 5155 1576 5221; x_wconf 75' lang='grc' dir='ltr'>ὄντες</span> <span class='ocrx_word' id='word_1_469' title='bbox 1629 5161 1766 5231; x_wconf 83' lang='grc' dir='ltr'>πρὸς</span> <span class='ocrx_word' id='word_1_470' title='bbox 1806 5162 1906 5234; x_wconf 85' lang='grc' dir='ltr'>τὴν</span> 
     </span>
    </p>
   </div>
   <div class='ocr_carea' id='block_1_59' title="bbox 344 5228 1905 5303">
    <p class='ocr_par' dir='ltr' id='par_1_59' title="bbox 344 5228 1905 5303">
     <span class='ocr_line' id='line_1_59' title="bbox 344 5228 1905 5303; baseline 0.01 -21"><span class='ocrx_word' id='word_1_471' title='bbox 344 5228 528 5300; x_wconf 84' lang='grc' dir='ltr'>Ῥόδην</span> <span class='ocrx_word' id='word_1_472' title='bbox 560 5230 745 5302; x_wconf 81' lang='grc' dir='ltr'>ἔλεγον</span> <span class='ocrx_word' id='word_1_473' title='bbox 765 5248 780 5262; x_wconf 89' lang='grc'>·</span> <span class='ocrx_word' id='word_1_474' title='bbox 827 5234 883 5285; x_wconf 86' lang='lat'>&#39;0</span> <span class='ocrx_word' id='word_1_475' title='bbox 911 5233 1164 5303; x_wconf 74' lang='grc' dir='ltr'>ἅγγελος</span> <span class='ocrx_word' id='word_1_476' title='bbox 1198 5236 1384 5291; x_wconf 82' lang='grc' dir='ltr'>αὐτοῦ</span> <span class='ocrx_word' id='word_1_477' title='bbox 1414 5238 1546 5293; x_wconf 82' lang='grc' dir='ltr'>ἐστι</span> <span class='ocrx_word' id='word_1_478' title='bbox 1563 5257 1580 5273; x_wconf 84' lang='grc'>·</span> <span class='ocrx_word' id='word_1_479' title='bbox 1619 5228 1715 5295; x_wconf 72' lang='grc' dir='ltr'>κάι</span> <span class='ocrx_word' id='word_1_480' title='bbox 1746 5228 1905 5298; x_wconf 79' lang='grc' dir='ltr'>πάλιν</span> 
     </span>
    </p>
   </div>
   <div class='ocr_carea' id='block_1_60' title="bbox 333 5310 1906 5393">
    <p class='ocr_par' dir='ltr' id='par_1_60' title="bbox 333 5310 1906 5393">
     <span class='ocr_line' id='line_1_60' title="bbox 333 5310 1906 5393; baseline 0.011 -29"><span class='ocrx_word' id='word_1_481' title='bbox 333 5311 362 5364; x_wconf 90' lang='lat'>6</span> <span class='ocrx_word' id='word_1_482' title='bbox 402 5311 597 5367; x_wconf 85' lang='grc' dir='ltr'>Ἰακὼϐ</span> <span class='ocrx_word' id='word_1_483' title='bbox 618 5352 634 5377; x_wconf 92' lang='grc'>,</span> <span class='ocrx_word' id='word_1_484' title='bbox 662 5310 861 5376; x_wconf 80' lang='grc' dir='ltr'>Εἶδον,</span> <span class='ocrx_word' id='word_1_485' title='bbox 888 5317 1042 5386; x_wconf 81' lang='grc' dir='ltr'>φησὶ,</span> <span class='ocrx_word' id='word_1_486' title='bbox 1076 5319 1461 5387; x_wconf 75' lang='grc' dir='ltr'>παρεμϐολὴν</span> <span class='ocrx_word' id='word_1_487' title='bbox 1486 5322 1774 5393; x_wconf 71' lang='grc' dir='ltr'>ἀγγέλων.</span> <span class='ocrx_word' id='word_1_488' title='bbox 1796 5328 1906 5381; x_wconf 89' lang='lat' dir='ltr'>Kal</span> 
     </span>
    </p>
   </div>
   <div class='ocr_carea' id='block_1_61' title="bbox 333 5394 1906 5480">
    <p class='ocr_par' dir='ltr' id='par_1_61' title="bbox 333 5394 1906 5480">
     <span class='ocr_line' id='line_1_61' title="bbox 333 5394 1906 5480; baseline 0.013 -35"><span class='ocrx_word' id='word_1_489' title='bbox 333 5394 475 5458; x_wconf 84' lang='grc' dir='ltr'>τίνος</span> <span class='ocrx_word' id='word_1_490' title='bbox 497 5396 682 5449; x_wconf 82' lang='grc' dir='ltr'>ἐνεκεν</span> <span class='ocrx_word' id='word_1_491' title='bbox 710 5397 1059 5470; x_wconf 81' lang='grc' dir='ltr'>παρεμϐολὴν</span> <span class='ocrx_word' id='word_1_492' title='bbox 1083 5399 1326 5468; x_wconf 81' lang='grc' dir='ltr'>ἀγγέλων</span> <span class='ocrx_word' id='word_1_493' title='bbox 1357 5397 1496 5458; x_wconf 82' lang='grc' dir='ltr'>εἶδεν</span> <span class='ocrx_word' id='word_1_494' title='bbox 1539 5408 1631 5459; x_wconf 82' lang='grc' dir='ltr'>ἐπὶ</span> <span class='ocrx_word' id='word_1_495' title='bbox 1676 5409 1773 5479; x_wconf 84' lang='grc' dir='ltr'>τῆς</span> <span class='ocrx_word' id='word_1_496' title='bbox 1801 5409 1906 5480; x_wconf 71' lang='grc' dir='ltr'>γῆς</span> 
     </span>
    </p>
   </div>
   <div class='ocr_carea' id='block_1_62' title="bbox 397 5599 1235 5665">
    <p class='ocr_par' dir='ltr' id='par_1_62' title="bbox 397 5599 1235 5665">
     <span class='ocr_line' id='line_1_62' title="bbox 397 5599 1235 5665; baseline 0.012 -21"><span class='ocrx_word' id='word_1_497' title='bbox 397 5599 421 5665; x_wconf 75' lang='lat'>_‘</span> <span class='ocrx_word' id='word_1_498' title='bbox 446 5600 569 5665; x_wconf 50' lang='grc' dir='ltr'>ᾔεις.</span> <span class='ocrx_word' id='word_1_499' title='bbox 594 5601 623 5665; x_wconf 56' lang='grc' dir='ltr'>τι</span> <span class='ocrx_word' id='word_1_500' title='bbox 645 5602 922 5665; x_wconf 82' lang='grc' dir='ltr'>μαργαρῖται</span> <span class='ocrx_word' id='word_1_501' title='bbox 939 5603 1115 5653; x_wconf 86' lang='grc' dir='ltr'>κεῖνται</span> <span class='ocrx_word' id='word_1_502' title='bbox 1138 5604 1235 5654; x_wconf 85' lang='grc' dir='ltr'>ὅτε.</span> 
     </span>
    </p>
   </div>
   <div class='ocr_carea' id='block_1_63' title="bbox 328 5659 845 5726">
    <p class='ocr_par' dir='ltr' id='par_1_63' title="bbox 328 5659 845 5726">
     <span class='ocr_line' id='line_1_63' title="bbox 328 5659 845 5726; baseline 0.014 -19"><span class='ocrx_word' id='word_1_503' title='bbox 328 5690 333 5693; x_wconf 88' lang='grc'><strong>-</strong></span> <span class='ocrx_word' id='word_1_504' title='bbox 396 5659 424 5726; x_wconf 65' lang='lat'>13</span> <span class='ocrx_word' id='word_1_505' title='bbox 446 5659 567 5726; x_wconf 60' lang='lat' dir='ltr'>Livi}.</span> <span class='ocrx_word' id='word_1_506' title='bbox 582 5659 845 5726; x_wconf 16' lang='grc' dir='ltr'>γῦίᾶγνοεῐν.</span> 
     </span>
    </p>
   </div>
   <div class='ocr_carea' id='block_1_64' title="bbox 399 5721 1073 5790">
    <p class='ocr_par' dir='ltr' id='par_1_64' title="bbox 399 5721 1073 5790">
     <span class='ocr_line' id='line_1_64' title="bbox 399 5721 1073 5790; baseline 0.01 -23"><span class='ocrx_word' id='word_1_507' title='bbox 399 5723 424 5790; x_wconf 61' lang='grc' dir='ltr'>ξ</span> <span class='ocrx_word' id='word_1_508' title='bbox 450 5721 590 5790; x_wconf 60' lang='grc' dir='ltr'>[ἱρειὶ</span> <span class='ocrx_word' id='word_1_509' title='bbox 613 5721 711 5773; x_wconf 68' lang='lat' dir='ltr'>dub</span> <span class='ocrx_word' id='word_1_510' title='bbox 731 5726 807 5773; x_wconf 82' lang='grc' dir='ltr'>ἐπὶ</span> <span class='ocrx_word' id='word_1_511' title='bbox 826 5729 896 5790; x_wconf 80' lang='grc' dir='ltr'>τῷ</span> <span class='ocrx_word' id='word_1_512' title='bbox 917 5725 1073 5790; x_wconf 83' lang='grc' dir='ltr'>τόπῳ.</span> 
     </span>
    </p>
   </div>
   <div class='ocr_carea' id='block_1_65' title="bbox 395 5780 1899 5858">
    <p class='ocr_par' dir='ltr' id='par_1_65' title="bbox 395 5780 1899 5858">
     <span class='ocr_line' id='line_1_65' title="bbox 395 5780 1899 5858; baseline 0.012 -28"><span class='ocrx_word' id='word_1_513' title='bbox 395 5780 424 5822; x_wconf 70' lang='grc' dir='ltr'>δ</span> <span class='ocrx_word' id='word_1_514' title='bbox 448 5780 669 5834; x_wconf 45' lang='lat' dir='ltr'>Sic—mss.</span> <span class='ocrx_word' id='word_1_515' title='bbox 684 5790 842 5852; x_wconf 72' lang='lat' dir='ltr'>recte,</span> <span class='ocrx_word' id='word_1_516' title='bbox 865 5780 1013 5852; x_wconf 55' lang='lat' dir='ltr'>atque</span> <span class='ocrx_word' id='word_1_517' title='bbox 1027 5780 1102 5839; x_wconf 63' lang='grc' dir='ltr'>ἰιι</span> <span class='ocrx_word' id='word_1_518' title='bbox 1123 5788 1253 5852; x_wconf 74' lang='lat' dir='ltr'>legit</span> <span class='ocrx_word' id='word_1_519' title='bbox 1268 5791 1537 5858; x_wconf 69' lang='lat' dir='ltr'>interpres.</span> <span class='ocrx_word' id='word_1_520' title='bbox 1552 5790 1685 5844; x_wconf 80' lang='grc' dir='ltr'>Εᾶίιὶ</span> <span class='ocrx_word' id='word_1_521' title='bbox 1708 5794 1899 5858; x_wconf 78' lang='grc' dir='ltr'>ἤγαγεν.</span> 
     </span>
    </p>
   </div>
   <div class='ocr_carea' id='block_1_66' title="bbox 1295 376 2636 441">
    <p class='ocr_par' dir='ltr' id='par_1_66' title="bbox 1295 376 2636 441">
     <span class='ocr_line' id='line_1_66' title="bbox 1295 376 2636 441; baseline -0.004 0"><span class='ocrx_word' id='word_1_522' title='bbox 1295 382 1368 441; x_wconf 78' lang='grc' dir='ltr'>,ΙΝ</span> <span class='ocrx_word' id='word_1_523' title='bbox 1408 377 1887 438; x_wconf 77' lang='lat' dir='ltr'>ASCENSIONEM</span> <span class='ocrx_word' id='word_1_524' title='bbox 1925 377 1986 432; x_wconf 86' lang='grc' dir='ltr'>ι).</span> <span class='ocrx_word' id='word_1_525' title='bbox 2028 376 2092 431; x_wconf 69' lang='grc' dir='ltr'>Ν.</span> <span class='ocrx_word' id='word_1_526' title='bbox 2133 377 2296 436; x_wconf 84' lang='lat' dir='ltr'>JESU</span> <span class='ocrx_word' id='word_1_527' title='bbox 2337 378 2636 436; x_wconf 78' lang='lat' dir='ltr'>CHRISTI.</span> 
     </span>
    </p>
   </div>
   <div class='ocr_carea' id='block_1_67' title="bbox 3459 385 3565 440">
    <p class='ocr_par' dir='ltr' id='par_1_67' title="bbox 3459 385 3565 440">
     <span class='ocr_line' id='line_1_67' title="bbox 3459 385 3565 440; baseline 0 0"><span class='ocrx_word' id='word_1_528' title='bbox 3459 385 3565 440; x_wconf 66' lang='grc' dir='ltr'>ιιι</span> 
     </span>
    </p>
   </div>
   <div class='ocr_carea' id='block_1_68' title="bbox 1999 493 3567 566">
    <p class='ocr_par' dir='ltr' id='par_1_68' title="bbox 1999 493 3567 566">
     <span class='ocr_line' id='line_1_68' title="bbox 1999 493 3567 566; baseline 0.005 -20"><span class='ocrx_word' id='word_1_529' title='bbox 1999 495 2093 546; x_wconf 78' lang='grc' dir='ltr'>καὶ</span> <span class='ocrx_word' id='word_1_530' title='bbox 2120 496 2410 566; x_wconf 86' lang='grc' dir='ltr'>στρατιάν;</span> <span class='ocrx_word' id='word_1_531' title='bbox 2436 496 2702 565; x_wconf 80' lang='grc' dir='ltr'>Καθάπερ</span> <span class='ocrx_word' id='word_1_532' title='bbox 2726 495 2975 565; x_wconf 81' lang='grc' dir='ltr'>βασιλεὺς</span> <span class='ocrx_word' id='word_1_533' title='bbox 3004 493 3213 551; x_wconf 82' lang='grc' dir='ltr'>κελεύει</span> <span class='ocrx_word' id='word_1_534' title='bbox 3244 494 3314 548; x_wconf 87' lang='grc' dir='ltr'>τά</span> <span class='ocrx_word' id='word_1_535' title='bbox 3343 504 3567 564; x_wconf 79' lang='grc' dir='ltr'>στρατό-</span> 
     </span>
    </p>
   </div>
   <div class='ocr_carea' id='block_1_69' title="bbox 1997 577 3566 651">
    <p class='ocr_par' dir='ltr' id='par_1_69' title="bbox 1997 577 3566 651">
     <span class='ocr_line' id='line_1_69' title="bbox 1997 577 3566 651; baseline 0.003 -22"><span class='ocrx_word' id='word_1_536' title='bbox 1997 577 2134 630; x_wconf 88' lang='grc' dir='ltr'>πεδα</span> <span class='ocrx_word' id='word_1_537' title='bbox 2158 580 2216 631; x_wconf 81' lang='grc' dir='ltr'>ἐν</span> <span class='ocrx_word' id='word_1_538' title='bbox 2241 580 2497 643; x_wconf 82' lang='grc' dir='ltr'>ἑκάσταις</span> <span class='ocrx_word' id='word_1_539' title='bbox 2528 577 2848 643; x_wconf 77' lang='grc' dir='ltr'>καθέζεσθαι</span> <span class='ocrx_word' id='word_1_540' title='bbox 2878 577 3085 643; x_wconf 85' lang='grc' dir='ltr'>πόλεσι,</span> <span class='ocrx_word' id='word_1_541' title='bbox 3124 580 3331 649; x_wconf 87' lang='grc' dir='ltr'>μήποτε</span> <span class='ocrx_word' id='word_1_542' title='bbox 3365 579 3566 651; x_wconf 83' lang='grc' dir='ltr'>βαρϐα-</span> 
     </span>
    </p>
   </div>
   <div class='ocr_carea' id='block_1_70' title="bbox 2000 660 3563 732">
    <p class='ocr_par' dir='ltr' id='par_1_70' title="bbox 2000 660 3563 732">
     <span class='ocr_line' id='line_1_70' title="bbox 2000 660 3563 732; baseline 0.003 -21"><span class='ocrx_word' id='word_1_543' title='bbox 2000 660 2149 729; x_wconf 79' lang='grc' dir='ltr'>ρικὸς</span> <span class='ocrx_word' id='word_1_544' title='bbox 2194 661 2425 731; x_wconf 83' lang='grc' dir='ltr'>πόλεμος</span> <span class='ocrx_word' id='word_1_545' title='bbox 2476 662 2785 724; x_wconf 85' lang='grc' dir='ltr'>ἐπαναστὰς</span> <span class='ocrx_word' id='word_1_546' title='bbox 2828 661 3150 732; x_wconf 84' lang='grc' dir='ltr'>καταδράμῃ</span> <span class='ocrx_word' id='word_1_547' title='bbox 3197 660 3299 724; x_wconf 86' lang='grc' dir='ltr'>τὰς</span> <span class='ocrx_word' id='word_1_548' title='bbox 3350 663 3563 727; x_wconf 79' lang='grc' dir='ltr'>πύλεις·</span> 
     </span>
    </p>
   </div>
   <div class='ocr_carea' id='block_1_71' title="bbox 1993 742 3568 816">
    <p class='ocr_par' dir='ltr' id='par_1_71' title="bbox 1993 742 3568 816">
     <span class='ocr_line' id='line_1_71' title="bbox 1993 742 3568 816; baseline 0.003 -21"><span class='ocrx_word' id='word_1_549' title='bbox 1993 742 2134 796; x_wconf 79' lang='grc' dir='ltr'>οὕτω</span> <span class='ocrx_word' id='word_1_550' title='bbox 2159 743 2222 815; x_wconf 82' lang='grc' dir='ltr'>δὴ</span> <span class='ocrx_word' id='word_1_551' title='bbox 2252 745 2347 798; x_wconf 78' lang='grc' dir='ltr'>καὶ</span> <span class='ocrx_word' id='word_1_552' title='bbox 2374 747 2402 797; x_wconf 89' lang='lat'>6</span> <span class='ocrx_word' id='word_1_553' title='bbox 2425 745 2558 808; x_wconf 73' lang='grc' dir='ltr'>Θεὸς</span> <span class='ocrx_word' id='word_1_554' title='bbox 2576 783 2591 808; x_wconf 92' lang='grc'>,</span> <span class='ocrx_word' id='word_1_555' title='bbox 2623 745 2807 815; x_wconf 82' lang='grc' dir='ltr'>ἐπειδὴ</span> <span class='ocrx_word' id='word_1_556' title='bbox 2829 746 2923 799; x_wconf 72' lang='grc' dir='ltr'>καὶ</span> <span class='ocrx_word' id='word_1_557' title='bbox 2949 746 3201 816; x_wconf 80' lang='grc' dir='ltr'>δαίμονές</span> <span class='ocrx_word' id='word_1_558' title='bbox 3233 748 3370 800; x_wconf 73' lang='grc' dir='ltr'>εἰσιν</span> <span class='ocrx_word' id='word_1_559' title='bbox 3398 748 3459 800; x_wconf 88' lang='grc' dir='ltr'>ἐν</span> <span class='ocrx_word' id='word_1_560' title='bbox 3488 747 3568 816; x_wconf 83' lang='grc' dir='ltr'>τῷ</span> 
     </span>
    </p>
   </div>
   <div class='ocr_carea' id='block_1_72' title="bbox 1996 827 3570 905">
    <p class='ocr_par' dir='ltr' id='par_1_72' title="bbox 1996 827 3570 905">
     <span class='ocr_line' id='line_1_72' title="bbox 1996 827 3570 905; baseline 0.002 -26"><span class='ocrx_word' id='word_1_561' title='bbox 1996 827 2117 897; x_wconf 79' lang='grc' dir='ltr'>ἀέρι</span> <span class='ocrx_word' id='word_1_562' title='bbox 2153 827 2327 898; x_wconf 86' lang='grc' dir='ltr'>τούτῳ</span> <span class='ocrx_word' id='word_1_563' title='bbox 2357 827 2618 900; x_wconf 86' lang='grc' dir='ltr'>βάρϐαροι</span> <span class='ocrx_word' id='word_1_564' title='bbox 2642 829 2736 883; x_wconf 75' lang='grc' dir='ltr'>καὶ</span> <span class='ocrx_word' id='word_1_565' title='bbox 2777 830 2975 900; x_wconf 84' lang='grc' dir='ltr'>ἄγριοι,</span> <span class='ocrx_word' id='word_1_566' title='bbox 3008 830 3101 882; x_wconf 77' lang='grc' dir='ltr'>καὶ</span> <span class='ocrx_word' id='word_1_567' title='bbox 3123 828 3389 905; x_wconf 81' lang='grc' dir='ltr'>πολέμους</span> <span class='ocrx_word' id='word_1_568' title='bbox 3427 830 3570 898; x_wconf 80' lang='grc' dir='ltr'>ἐγεί-</span> 
     </span>
    </p>
   </div>
   <div class='ocr_carea' id='block_1_73' title="bbox 1998 912 3568 983">
    <p class='ocr_par' dir='ltr' id='par_1_73' title="bbox 1998 912 3568 983">
     <span class='ocr_line' id='line_1_73' title="bbox 1998 912 3568 983; baseline 0.002 -20"><span class='ocrx_word' id='word_1_569' title='bbox 1998 926 2178 980; x_wconf 89' lang='grc' dir='ltr'>ροντες</span> <span class='ocrx_word' id='word_1_570' title='bbox 2214 912 2300 965; x_wconf 78' lang='grc' dir='ltr'>ἀεὶ</span> <span class='ocrx_word' id='word_1_571' title='bbox 2339 912 2432 965; x_wconf 72' lang='grc' dir='ltr'>καὶ</span> <span class='ocrx_word' id='word_1_572' title='bbox 2479 912 2578 979; x_wconf 80' lang='grc' dir='ltr'>τῆς</span> <span class='ocrx_word' id='word_1_573' title='bbox 2620 912 2840 983; x_wconf 81' lang='grc' dir='ltr'>εἰρήνης</span> <span class='ocrx_word' id='word_1_574' title='bbox 2868 912 3084 983; x_wconf 83' lang='grc' dir='ltr'>ἐχθροὶ,</span> <span class='ocrx_word' id='word_1_575' title='bbox 3116 913 3568 983; x_wconf 81' lang='grc' dir='ltr'>ἀντικατέστησεν</span> 
     </span>
    </p>
   </div>
   <div class='ocr_carea' id='block_1_74' title="bbox 1993 994 3567 1067">
    <p class='ocr_par' dir='ltr' id='par_1_74' title="bbox 1993 994 3567 1067">
     <span class='ocr_line' id='line_1_74' title="bbox 1993 994 3567 1067; baseline 0.003 -21"><span class='ocrx_word' id='word_1_576' title='bbox 1993 994 2176 1057; x_wconf 85' lang='grc' dir='ltr'>αὐτοῖς</span> <span class='ocrx_word' id='word_1_577' title='bbox 2202 994 2272 1046; x_wconf 83' lang='grc' dir='ltr'>τὰ</span> <span class='ocrx_word' id='word_1_578' title='bbox 2310 994 2643 1067; x_wconf 87' lang='grc' dir='ltr'>στρατόπεδα</span> <span class='ocrx_word' id='word_1_579' title='bbox 2670 995 2778 1048; x_wconf 87' lang='grc' dir='ltr'>τῶν</span> <span class='ocrx_word' id='word_1_580' title='bbox 2812 995 3056 1063; x_wconf 85' lang='grc' dir='ltr'>ἀγγέλων</span> <span class='ocrx_word' id='word_1_581' title='bbox 3082 1036 3098 1059; x_wconf 91' lang='grc'>,</span> <span class='ocrx_word' id='word_1_582' title='bbox 3130 997 3217 1050; x_wconf 78' lang='grc' dir='ltr'>ἵνα</span> <span class='ocrx_word' id='word_1_583' title='bbox 3256 997 3567 1066; x_wconf 81' lang='grc' dir='ltr'>φαινόμενοι</span> 
     </span>
    </p>
   </div>
   <div class='ocr_carea' id='block_1_75' title="bbox 1998 1077 3567 1151">
    <p class='ocr_par' dir='ltr' id='par_1_75' title="bbox 1998 1077 3567 1151">
     <span class='ocr_line' id='line_1_75' title="bbox 1998 1077 3567 1151; baseline 0.001 -23"><span class='ocrx_word' id='word_1_584' title='bbox 1998 1077 2156 1146; x_wconf 89' lang='grc' dir='ltr'>μόνον</span> <span class='ocrx_word' id='word_1_585' title='bbox 2188 1078 2369 1142; x_wconf 79' lang='grc' dir='ltr'>αὐτοῖς</span> <span class='ocrx_word' id='word_1_586' title='bbox 2404 1078 2835 1132; x_wconf 85' lang='grc' dir='ltr'>καταστέλλωσιν</span> <span class='ocrx_word' id='word_1_587' title='bbox 2862 1120 2875 1140; x_wconf 91' lang='grc'>,</span> <span class='ocrx_word' id='word_1_588' title='bbox 2907 1080 2993 1131; x_wconf 80' lang='grc' dir='ltr'>ἵνα</span> <span class='ocrx_word' id='word_1_589' title='bbox 3039 1079 3138 1150; x_wconf 83' lang='grc' dir='ltr'>τὴν</span> <span class='ocrx_word' id='word_1_590' title='bbox 3182 1081 3403 1150; x_wconf 77' lang='grc' dir='ltr'>εἰρήνην</span> <span class='ocrx_word' id='word_1_591' title='bbox 3434 1082 3567 1151; x_wconf 81' lang='grc' dir='ltr'>ἡμῖν</span> 
     </span>
    </p>
   </div>
   <div class='ocr_carea' id='block_1_76' title="bbox 1995 1159 3569 1235">
    <p class='ocr_par' dir='ltr' id='par_1_76' title="bbox 1995 1159 3569 1235">
     <span class='ocr_line' id='line_1_76' title="bbox 1995 1159 3569 1235; baseline 0.003 -24"><span class='ocrx_word' id='word_1_592' title='bbox 1995 1159 2082 1212; x_wconf 76' lang='grc' dir='ltr'>ἀεὶ</span> <span class='ocrx_word' id='word_1_593' title='bbox 2109 1160 2540 1231; x_wconf 88' lang='grc' dir='ltr'>πρυτανεύσωσι.</span> <span class='ocrx_word' id='word_1_594' title='bbox 2570 1161 2679 1212; x_wconf 87' lang='lat' dir='ltr'>Kal</span> <span class='ocrx_word' id='word_1_595' title='bbox 2710 1162 2797 1215; x_wconf 76' lang='grc' dir='ltr'>ἵνα</span> <span class='ocrx_word' id='word_1_596' title='bbox 2826 1161 3000 1235; x_wconf 88' lang='grc' dir='ltr'>μάθῃς</span> <span class='ocrx_word' id='word_1_597' title='bbox 3044 1162 3125 1214; x_wconf 86' lang='grc' dir='ltr'>ὅτι</span> <span class='ocrx_word' id='word_1_598' title='bbox 3157 1162 3374 1229; x_wconf 81' lang='grc' dir='ltr'>ἄγγελοι</span> <span class='ocrx_word' id='word_1_599' title='bbox 3416 1163 3569 1233; x_wconf 85' lang='grc' dir='ltr'>είρή-</span> 
     </span>
    </p>
   </div>
   <div class='ocr_carea' id='block_1_77' title="bbox 1994 1244 3568 1315">
    <p class='ocr_par' dir='ltr' id='par_1_77' title="bbox 1994 1244 3568 1315">
     <span class='ocr_line' id='line_1_77' title="bbox 1994 1244 3568 1315; baseline 0.003 -21"><span class='ocrx_word' id='word_1_600' title='bbox 1994 1244 2253 1314; x_wconf 53' lang='grc' dir='ltr'>νηςβίσῖν</span> <span class='ocrx_word' id='word_1_601' title='bbox 2278 1283 2292 1307; x_wconf 94' lang='grc'>,</span> <span class='ocrx_word' id='word_1_602' title='bbox 2334 1245 2563 1298; x_wconf 77' lang='grc' dir='ltr'>ἄκουσον</span> <span class='ocrx_word' id='word_1_603' title='bbox 2591 1245 2648 1297; x_wconf 83' lang='grc' dir='ltr'>ἐν</span> <span class='ocrx_word' id='word_1_604' title='bbox 2670 1247 2785 1308; x_wconf 87' lang='grc' dir='ltr'>ταῖς</span> <span class='ocrx_word' id='word_1_605' title='bbox 2817 1248 3142 1315; x_wconf 85' lang='grc' dir='ltr'>προσευχαῖς</span> <span class='ocrx_word' id='word_1_606' title='bbox 3176 1247 3261 1298; x_wconf 77' lang='grc' dir='ltr'>ἀεὶ</span> <span class='ocrx_word' id='word_1_607' title='bbox 3304 1245 3568 1313; x_wconf 88' lang='grc' dir='ltr'>λεγόντων</span> 
     </span>
    </p>
   </div>
   <div class='ocr_carea' id='block_1_78' title="bbox 1994 1324 3563 1397">
    <p class='ocr_par' dir='ltr' id='par_1_78' title="bbox 1994 1324 3563 1397">
     <span class='ocr_line' id='line_1_78' title="bbox 1994 1324 3563 1397; baseline 0.002 -20"><span class='ocrx_word' id='word_1_608' title='bbox 1994 1325 2102 1377; x_wconf 87' lang='grc' dir='ltr'>τῶν</span> <span class='ocrx_word' id='word_1_609' title='bbox 2128 1324 2406 1379; x_wconf 88' lang='grc' dir='ltr'>διακόνων·</span> <span class='ocrx_word' id='word_1_610' title='bbox 2442 1326 2557 1380; x_wconf 82' lang='grc' dir='ltr'>Τὸν</span> <span class='ocrx_word' id='word_1_611' title='bbox 2583 1325 2839 1397; x_wconf 74' lang='grc' dir='ltr'>ἄγγελον</span> <span class='ocrx_word' id='word_1_612' title='bbox 2864 1327 2975 1395; x_wconf 83' lang='grc' dir='ltr'>τῆς</span> <span class='ocrx_word' id='word_1_613' title='bbox 2998 1329 3240 1396; x_wconf 73' lang='grc' dir='ltr'>εἰρήνης</span> <span class='ocrx_word' id='word_1_614' title='bbox 3257 1329 3563 1393; x_wconf 67' lang='lat' dir='ltr'>amicam.</span> 
     </span>
    </p>
   </div>
   <div class='ocr_carea' id='block_1_79' title="bbox 2007 1407 3568 1481">
    <p class='ocr_par' dir='ltr' id='par_1_79' title="bbox 2007 1407 3568 1481">
     <span class='ocr_line' id='line_1_79' title="bbox 2007 1407 3568 1481; baseline 0.003 -21"><span class='ocrx_word' id='word_1_615' title='bbox 2007 1408 2169 1478; x_wconf 82' lang='grc' dir='ltr'>Ὁρᾷς</span> <span class='ocrx_word' id='word_1_616' title='bbox 2198 1409 2277 1461; x_wconf 83' lang='grc' dir='ltr'>ὅτι</span> <span class='ocrx_word' id='word_1_617' title='bbox 2307 1410 2398 1462; x_wconf 71' lang='grc' dir='ltr'>καὶ</span> <span class='ocrx_word' id='word_1_618' title='bbox 2426 1409 2647 1477; x_wconf 78' lang='grc' dir='ltr'>ἄγγελοι</span> <span class='ocrx_word' id='word_1_619' title='bbox 2678 1410 2896 1481; x_wconf 90' lang='grc' dir='ltr'>πάρεισι</span> <span class='ocrx_word' id='word_1_620' title='bbox 2923 1412 3016 1463; x_wconf 81' lang='grc' dir='ltr'>καὶ</span> <span class='ocrx_word' id='word_1_621' title='bbox 3048 1413 3354 1481; x_wconf 88' lang='grc' dir='ltr'>μάρτυρες;</span> <span class='ocrx_word' id='word_1_622' title='bbox 3382 1407 3445 1463; x_wconf 86' lang='grc' dir='ltr'>Τί</span> <span class='ocrx_word' id='word_1_623' title='bbox 3474 1408 3568 1465; x_wconf 82' lang='grc' dir='ltr'>οὖν</span> 
     </span>
    </p>
   </div>
   <div class='ocr_carea' id='block_1_80' title="bbox 1993 1489 3569 1563">
    <p class='ocr_par' dir='ltr' id='par_1_80' title="bbox 1993 1489 3569 1563">
     <span class='ocr_line' id='line_1_80' title="bbox 1993 1489 3569 1563; baseline 0.003 -22"><span class='ocrx_word' id='word_1_624' title='bbox 1993 1489 2319 1560; x_wconf 83' lang='grc' dir='ltr'>ἀθλιώτερον</span> <span class='ocrx_word' id='word_1_625' title='bbox 2370 1491 2477 1545; x_wconf 90' lang='grc' dir='ltr'>τῶν</span> <span class='ocrx_word' id='word_1_626' title='bbox 2511 1492 2942 1561; x_wconf 82' lang='grc' dir='ltr'>ἀπολειφθέντων</span> <span class='ocrx_word' id='word_1_627' title='bbox 2973 1494 3242 1563; x_wconf 81' lang='grc' dir='ltr'>σήμερον;</span> <span class='ocrx_word' id='word_1_628' title='bbox 3290 1493 3342 1545; x_wconf 90' lang='grc' dir='ltr'>τί</span> <span class='ocrx_word' id='word_1_629' title='bbox 3393 1510 3569 1563; x_wconf 78' lang='grc' dir='ltr'>μακαο</span> 
     </span>
    </p>
   </div>
   <div class='ocr_carea' id='block_1_81' title="bbox 1997 1572 3570 1647">
    <p class='ocr_par' dir='ltr' id='par_1_81' title="bbox 1997 1572 3570 1647">
     <span class='ocr_line' id='line_1_81' title="bbox 1997 1572 3570 1647; baseline 0.003 -23"><span class='ocrx_word' id='word_1_630' title='bbox 1997 1572 2156 1642; x_wconf 87' lang='grc' dir='ltr'>ριὼτε</span> <span class='ocrx_word' id='word_1_631' title='bbox 2166 1590 2254 1643; x_wconf 90' lang='grc' dir='ltr'>ρον</span> <span class='ocrx_word' id='word_1_632' title='bbox 2278 1576 2310 1644; x_wconf 84' lang='grc' dir='ltr'>ὴ</span> <span class='ocrx_word' id='word_1_633' title='bbox 2319 1575 2433 1642; x_wconf 88' lang='grc' dir='ltr'>μῶν</span> <span class='ocrx_word' id='word_1_634' title='bbox 2452 1574 2560 1628; x_wconf 89' lang='grc' dir='ltr'>τῶν</span> <span class='ocrx_word' id='word_1_635' title='bbox 2582 1577 3035 1647; x_wconf 90' lang='grc' dir='ltr'>παραγενομένων</span> <span class='ocrx_word' id='word_1_636' title='bbox 3067 1577 3160 1629; x_wconf 74' lang='grc' dir='ltr'>καὶ</span> <span class='ocrx_word' id='word_1_637' title='bbox 3192 1576 3570 1630; x_wconf 88' lang='grc' dir='ltr'>ἀπολαυόντων</span> 
     </span>
    </p>
   </div>
   <div class='ocr_carea' id='block_1_82' title="bbox 1992 1657 3570 1729">
    <p class='ocr_par' dir='ltr' id='par_1_82' title="bbox 1992 1657 3570 1729">
     <span class='ocr_line' id='line_1_82' title="bbox 1992 1657 3570 1729; baseline 0.003 -21"><span class='ocrx_word' id='word_1_638' title='bbox 1992 1657 2090 1725; x_wconf 79' lang='grc' dir='ltr'>τῆς</span> <span class='ocrx_word' id='word_1_639' title='bbox 2120 1657 2475 1727; x_wconf 85' lang='grc' dir='ltr'>πανηγύρεως</span> <span class='ocrx_word' id='word_1_640' title='bbox 2497 1658 2698 1728; x_wconf 85' lang='grc' dir='ltr'>ταύτης</span> <span class='ocrx_word' id='word_1_641' title='bbox 2726 1676 2740 1723; x_wconf 89' lang='lat'><strong>;</strong></span> <span class='ocrx_word' id='word_1_642' title='bbox 2780 1658 2918 1711; x_wconf 83' lang='grc' dir='ltr'>Ἀλλ’</span> <span class='ocrx_word' id='word_1_643' title='bbox 2946 1661 2994 1711; x_wconf 85' lang='grc' dir='ltr'>οί</span> <span class='ocrx_word' id='word_1_644' title='bbox 3024 1659 3122 1728; x_wconf 80' lang='grc' dir='ltr'>μὲν</span> <span class='ocrx_word' id='word_1_645' title='bbox 3171 1660 3298 1729; x_wconf 70' lang='grc' dir='ltr'>περὶ</span> <span class='ocrx_word' id='word_1_646' title='bbox 3334 1660 3442 1712; x_wconf 90' lang='grc' dir='ltr'>τῶν</span> <span class='ocrx_word' id='word_1_647' title='bbox 3470 1661 3570 1727; x_wconf 83' lang='grc' dir='ltr'>ἀγ-</span> 
     </span>
    </p>
   </div>
   <div class='ocr_carea' id='block_1_83' title="bbox 1991 1740 3569 1812">
    <p class='ocr_par' dir='ltr' id='par_1_83' title="bbox 1991 1740 3569 1812">
     <span class='ocr_line' id='line_1_83' title="bbox 1991 1740 3569 1812; baseline 0.002 -21"><span class='ocrx_word' id='word_1_648' title='bbox 1991 1740 2165 1807; x_wconf 84' lang='grc' dir='ltr'>γέλων</span> <span class='ocrx_word' id='word_1_649' title='bbox 2197 1751 2221 1778; x_wconf 81' lang='grc' dir='ltr'><strong>ο</strong></span> <span class='ocrx_word' id='word_1_650' title='bbox 2260 1740 2406 1808; x_wconf 89' lang='grc' dir='ltr'>λόγοι</span> <span class='ocrx_word' id='word_1_651' title='bbox 2450 1744 2507 1793; x_wconf 93' lang='grc' dir='ltr'>ἐν</span> <span class='ocrx_word' id='word_1_652' title='bbox 2536 1740 2744 1812; x_wconf 80' lang='grc' dir='ltr'>ἑτέροις</span> <span class='ocrx_word' id='word_1_653' title='bbox 2789 1742 2934 1812; x_wconf 67' lang='grc' dir='ltr'>ἡμᾶς</span> <span class='ocrx_word' id='word_1_654' title='bbox 2976 1742 3419 1812; x_wconf 84' lang='grc' dir='ltr'>ἀναμεινάτωσαν</span> <span class='ocrx_word' id='word_1_655' title='bbox 3447 1760 3569 1797; x_wconf 84' lang='grc' dir='ltr'>και-</span> 
     </span>
    </p>
   </div>
   <div class='ocr_carea' id='block_1_84' title="bbox 1996 1824 3572 1897">
    <p class='ocr_par' dir='ltr' id='par_1_84' title="bbox 1996 1824 3572 1897">
     <span class='ocr_line' id='line_1_84' title="bbox 1996 1824 3572 1897; baseline 0.004 -24"><span class='ocrx_word' id='word_1_656' title='bbox 1996 1824 2138 1891; x_wconf 87' lang='grc' dir='ltr'>ροῖς·</span> <span class='ocrx_word' id='word_1_657' title='bbox 2165 1825 2323 1894; x_wconf 84' lang='grc' dir='ltr'>ἡμεῖς</span> <span class='ocrx_word' id='word_1_658' title='bbox 2354 1824 2410 1876; x_wconf 82' lang='grc' dir='ltr'>δὲ</span> <span class='ocrx_word' id='word_1_659' title='bbox 2439 1825 2531 1876; x_wconf 79' lang='grc' dir='ltr'>ἐπὶ</span> <span class='ocrx_word' id='word_1_660' title='bbox 2569 1824 2665 1895; x_wconf 82' lang='grc' dir='ltr'>τὴν</span> <span class='ocrx_word' id='word_1_661' title='bbox 2701 1824 2957 1877; x_wconf 81' lang='grc' dir='ltr'>ὑπόθεσιν</span> <span class='ocrx_word' id='word_1_662' title='bbox 2996 1825 3097 1895; x_wconf 82' lang='grc' dir='ltr'>τῆς</span> <span class='ocrx_word' id='word_1_663' title='bbox 3138 1824 3417 1897; x_wconf 88' lang='grc' dir='ltr'>παρούσης</span> <span class='ocrx_word' id='word_1_664' title='bbox 3449 1827 3572 1897; x_wconf 83' lang='grc' dir='ltr'>ἐορ-</span> 
     </span>
    </p>
   </div>
   <div class='ocr_carea' id='block_1_85' title="bbox 1992 1905 2731 1979">
    <p class='ocr_par' dir='ltr' id='par_1_85' title="bbox 1992 1905 2731 1979">
     <span class='ocr_line' id='line_1_85' title="bbox 1992 1905 2731 1979; baseline 0.007 -23"><span class='ocrx_word' id='word_1_665' title='bbox 1992 1905 2092 1975; x_wconf 83' lang='grc' dir='ltr'>τῆς</span> <span class='ocrx_word' id='word_1_666' title='bbox 2120 1905 2210 1958; x_wconf 73' lang='grc' dir='ltr'>τὸν</span> <span class='ocrx_word' id='word_1_667' title='bbox 2241 1905 2394 1974; x_wconf 83' lang='grc' dir='ltr'>λόγον</span> <span class='ocrx_word' id='word_1_668' title='bbox 2417 1907 2731 1979; x_wconf 86' lang='grc' dir='ltr'>ἀγάγωμεν.</span> 
     </span>
    </p>
   </div>
   <div class='ocr_carea' id='block_1_86' title="bbox 2068 1986 3569 2063">
    <p class='ocr_par' dir='ltr' id='par_1_86' title="bbox 2068 1986 3569 2063">
     <span class='ocr_line' id='line_1_86' title="bbox 2068 1986 3569 2063; baseline 0.003 -23"><span class='ocrx_word' id='word_1_669' title='bbox 2068 1989 2130 2058; x_wconf 71' lang='grc' dir='ltr'>β’.</span> <span class='ocrx_word' id='word_1_670' title='bbox 2152 1989 2247 2053; x_wconf 90' lang='grc' dir='ltr'>Τίς</span> <span class='ocrx_word' id='word_1_671' title='bbox 2282 1986 2373 2043; x_wconf 82' lang='grc' dir='ltr'>οὖν</span> <span class='ocrx_word' id='word_1_672' title='bbox 2404 1992 2549 2044; x_wconf 87' lang='grc' dir='ltr'>ἐστιν</span> <span class='ocrx_word' id='word_1_673' title='bbox 2573 1993 2606 2061; x_wconf 83' lang='grc' dir='ltr'>ὴ</span> <span class='ocrx_word' id='word_1_674' title='bbox 2642 1991 2892 2063; x_wconf 81' lang='grc' dir='ltr'>παροῦσα</span> <span class='ocrx_word' id='word_1_675' title='bbox 2915 1993 3105 2063; x_wconf 80' lang='grc' dir='ltr'>ἐορτής</span> <span class='ocrx_word' id='word_1_676' title='bbox 3138 1992 3317 2062; x_wconf 86' lang='grc' dir='ltr'>Σεμνὴ</span> <span class='ocrx_word' id='word_1_677' title='bbox 3353 1992 3447 2044; x_wconf 76' lang='grc' dir='ltr'>καὶ</span> <span class='ocrx_word' id='word_1_678' title='bbox 3471 2007 3569 2061; x_wconf 80' lang='grc' dir='ltr'>με·</span> 
     </span>
    </p>
   </div>
   <div class='ocr_carea' id='block_1_87' title="bbox 1993 2071 3572 2145">
    <p class='ocr_par' dir='ltr' id='par_1_87' title="bbox 1993 2071 3572 2145">
     <span class='ocr_line' id='line_1_87' title="bbox 1993 2071 3572 2145; baseline 0.002 -22"><span class='ocrx_word' id='word_1_679' title='bbox 1993 2071 2133 2143; x_wconf 84' lang='grc' dir='ltr'>γάλη</span> <span class='ocrx_word' id='word_1_680' title='bbox 2155 2113 2169 2135; x_wconf 90' lang='grc'>,</span> <span class='ocrx_word' id='word_1_681' title='bbox 2207 2073 2456 2142; x_wconf 85' lang='grc' dir='ltr'>ἀγαπητὲ</span> <span class='ocrx_word' id='word_1_682' title='bbox 2478 2112 2492 2136; x_wconf 93' lang='grc'>,</span> <span class='ocrx_word' id='word_1_683' title='bbox 2542 2072 2638 2127; x_wconf 77' lang='grc' dir='ltr'>καὶ</span> <span class='ocrx_word' id='word_1_684' title='bbox 2675 2074 2765 2126; x_wconf 81' lang='grc' dir='ltr'>τὸν</span> <span class='ocrx_word' id='word_1_685' title='bbox 2817 2074 2926 2127; x_wconf 90' lang='grc' dir='ltr'>τῶν</span> <span class='ocrx_word' id='word_1_686' title='bbox 2959 2073 3260 2145; x_wconf 85' lang='grc' dir='ltr'>ἀνθρώπων</span> <span class='ocrx_word' id='word_1_687' title='bbox 3307 2071 3572 2144; x_wconf 77' lang='grc' dir='ltr'>ὑπερΰαί-</span> 
     </span>
    </p>
   </div>
   <div class='ocr_carea' id='block_1_88' title="bbox 1993 2155 3571 2226">
    <p class='ocr_par' dir='ltr' id='par_1_88' title="bbox 1993 2155 3571 2226">
     <span class='ocr_line' id='line_1_88' title="bbox 1993 2155 3571 2226; baseline 0.002 -21"><span class='ocrx_word' id='word_1_688' title='bbox 1993 2170 2159 2207; x_wconf 89' lang='grc' dir='ltr'>νουσα</span> <span class='ocrx_word' id='word_1_689' title='bbox 2181 2155 2327 2216; x_wconf 82' lang='grc' dir='ltr'>νοῦν,</span> <span class='ocrx_word' id='word_1_690' title='bbox 2360 2155 2452 2208; x_wconf 74' lang='grc' dir='ltr'>καὶ</span> <span class='ocrx_word' id='word_1_691' title='bbox 2476 2155 2574 2224; x_wconf 87' lang='grc' dir='ltr'>τῆς</span> <span class='ocrx_word' id='word_1_692' title='bbox 2606 2155 3017 2226; x_wconf 67' lang='grc' dir='ltr'>μεγαλώωρεᾶς</span> <span class='ocrx_word' id='word_1_693' title='bbox 3042 2156 3166 2222; x_wconf 82' lang='grc' dir='ltr'>ἀξία</span> <span class='ocrx_word' id='word_1_694' title='bbox 3187 2156 3279 2209; x_wconf 91' lang='grc' dir='ltr'>τοῦ</span> <span class='ocrx_word' id='word_1_695' title='bbox 3311 2157 3571 2226; x_wconf 86' lang='grc' dir='ltr'>ποιήσαν-</span> 
     </span>
    </p>
   </div>
   <div class='ocr_carea' id='block_1_89' title="bbox 1992 2236 3570 2309">
    <p class='ocr_par' dir='ltr' id='par_1_89' title="bbox 1992 2236 3570 2309">
     <span class='ocr_line' id='line_1_89' title="bbox 1992 2236 3570 2309; baseline 0.001 -20"><span class='ocrx_word' id='word_1_696' title='bbox 1992 2254 2084 2301; x_wconf 90' lang='grc' dir='ltr'>τος</span> <span class='ocrx_word' id='word_1_697' title='bbox 2114 2238 2282 2307; x_wconf 83' lang='grc' dir='ltr'>αὐτὴν</span> <span class='ocrx_word' id='word_1_698' title='bbox 2315 2236 2468 2291; x_wconf 83' lang='grc' dir='ltr'>Θεοῦ.</span> <span class='ocrx_word' id='word_1_699' title='bbox 2521 2238 2767 2308; x_wconf 84' lang='grc' dir='ltr'>Σήμερον</span> <span class='ocrx_word' id='word_1_700' title='bbox 2816 2237 2924 2309; x_wconf 83' lang='grc' dir='ltr'>γὰρ</span> <span class='ocrx_word' id='word_1_701' title='bbox 2958 2239 3290 2307; x_wconf 60' lang='grc' dir='ltr'>καταλλαγαί</span> <span class='ocrx_word' id='word_1_702' title='bbox 3324 2237 3401 2309; x_wconf 79' lang='grc' dir='ltr'>τῷ</span> <span class='ocrx_word' id='word_1_703' title='bbox 3449 2237 3570 2309; x_wconf 87' lang='grc' dir='ltr'>Θεῷ</span> 
     </span>
    </p>
   </div>
   <div class='ocr_carea' id='block_1_90' title="bbox 1996 2319 3566 2392">
    <p class='ocr_par' dir='ltr' id='par_1_90' title="bbox 1996 2319 3566 2392">
     <span class='ocr_line' id='line_1_90' title="bbox 1996 2319 3566 2392; baseline 0.001 -20"><span class='ocrx_word' id='word_1_704' title='bbox 1996 2321 2131 2390; x_wconf 81' lang='grc' dir='ltr'>πρὸς</span> <span class='ocrx_word' id='word_1_705' title='bbox 2164 2320 2223 2373; x_wconf 85' lang='grc' dir='ltr'>τὸ</span> <span class='ocrx_word' id='word_1_706' title='bbox 2250 2320 2359 2373; x_wconf 85' lang='grc' dir='ltr'>τῶν</span> <span class='ocrx_word' id='word_1_707' title='bbox 2410 2319 2713 2391; x_wconf 88' lang='grc' dir='ltr'>ἀνθρώπων</span> <span class='ocrx_word' id='word_1_708' title='bbox 2746 2322 3000 2389; x_wconf 84' lang='grc' dir='ltr'>γεγόνασι</span> <span class='ocrx_word' id='word_1_709' title='bbox 3034 2323 3188 2389; x_wconf 88' lang='grc' dir='ltr'>γένος</span> <span class='ocrx_word' id='word_1_710' title='bbox 3208 2338 3224 2355; x_wconf 78' lang='grc' dir='ltr'><strong>ο</strong></span> <span class='ocrx_word' id='word_1_711' title='bbox 3254 2322 3495 2392; x_wconf 81' lang='grc' dir='ltr'>σήμερον</span> <span class='ocrx_word' id='word_1_712' title='bbox 3531 2323 3566 2391; x_wconf 80' lang='grc' dir='ltr'>ἡ</span> 
     </span>
    </p>
   </div>
   <div class='ocr_carea' id='block_1_91' title="bbox 1994 2402 3569 2477">
    <p class='ocr_par' dir='ltr' id='par_1_91' title="bbox 1994 2402 3569 2477">
     <span class='ocr_line' id='line_1_91' title="bbox 1994 2402 3569 2477; baseline 0.001 -22"><span class='ocrx_word' id='word_1_713' title='bbox 1994 2402 2185 2473; x_wconf 89' lang='grc' dir='ltr'>χρονία</span> <span class='ocrx_word' id='word_1_714' title='bbox 2211 2402 2380 2474; x_wconf 77' lang='grc' dir='ltr'>ἐχθρά</span> <span class='ocrx_word' id='word_1_715' title='bbox 2420 2403 2715 2473; x_wconf 86' lang='grc' dir='ltr'>κατελύθη,</span> <span class='ocrx_word' id='word_1_716' title='bbox 2746 2405 2837 2456; x_wconf 55' lang='grc' dir='ltr'>καὶ¹</span> <span class='ocrx_word' id='word_1_717' title='bbox 2881 2406 2910 2456; x_wconf 93' lang='lat'>6</span> <span class='ocrx_word' id='word_1_718' title='bbox 2965 2404 3172 2477; x_wconf 87' lang='grc' dir='ltr'>μακρὸς</span> <span class='ocrx_word' id='word_1_719' title='bbox 3198 2404 3428 2474; x_wconf 82' lang='grc' dir='ltr'>πόλεμος</span> <span class='ocrx_word' id='word_1_720' title='bbox 3472 2405 3569 2456; x_wconf 86' lang='grc' dir='ltr'>άν-</span> 
     </span>
    </p>
   </div>
   <div class='ocr_carea' id='block_1_92' title="bbox 1994 2485 3569 2559">
    <p class='ocr_par' dir='ltr' id='par_1_92' title="bbox 1994 2485 3569 2559">
     <span class='ocr_line' id='line_1_92' title="bbox 1994 2485 3569 2559; baseline 0.001 -21"><span class='ocrx_word' id='word_1_721' title='bbox 1994 2485 2163 2558; x_wconf 86' lang='grc' dir='ltr'>ῃρέθη</span> <span class='ocrx_word' id='word_1_722' title='bbox 2184 2502 2199 2518; x_wconf 71' lang='grc' dir='ltr'><strong><em>ο</em></strong></span> <span class='ocrx_word' id='word_1_723' title='bbox 2225 2487 2463 2558; x_wconf 87' lang='grc' dir='ltr'>σήμερον</span> <span class='ocrx_word' id='word_1_724' title='bbox 2498 2488 2686 2559; x_wconf 85' lang='grc' dir='ltr'>είρήνη</span> <span class='ocrx_word' id='word_1_725' title='bbox 2722 2486 2996 2558; x_wconf 79' lang='grc' dir='ltr'>θαυμασία</span> <span class='ocrx_word' id='word_1_726' title='bbox 3018 2505 3101 2553; x_wconf 86' lang='grc' dir='ltr'>τις</span> <span class='ocrx_word' id='word_1_727' title='bbox 3118 2487 3458 2557; x_wconf 79' lang='grc' dir='ltr'>ἐπανῆλθεν,ι</span> <span class='ocrx_word' id='word_1_728' title='bbox 3476 2488 3569 2541; x_wconf 82' lang='grc' dir='ltr'>οὑ-</span> 
     </span>
    </p>
   </div>
   <div class='ocr_carea' id='block_1_93' title="bbox 1995 2567 3572 2642">
    <p class='ocr_par' dir='ltr' id='par_1_93' title="bbox 1995 2567 3572 2642">
     <span class='ocr_line' id='line_1_93' title="bbox 1995 2567 3572 2642; baseline 0.003 -21"><span class='ocrx_word' id='word_1_729' title='bbox 1995 2568 2184 2623; x_wconf 87' lang='grc' dir='ltr'>δέποτε</span> <span class='ocrx_word' id='word_1_730' title='bbox 2213 2567 2364 2641; x_wconf 72' lang='grc'>[449]</span> <span class='ocrx_word' id='word_1_731' title='bbox 2396 2570 2825 2641; x_wconf 80' lang='grc' dir='ltr'>προσδοκηθεῖσα</span> <span class='ocrx_word' id='word_1_732' title='bbox 2866 2571 3148 2642; x_wconf 88' lang='grc' dir='ltr'>πρότερον.</span> <span class='ocrx_word' id='word_1_733' title='bbox 3201 2570 3297 2633; x_wconf 88' lang='grc' dir='ltr'>Τίς</span> <span class='ocrx_word' id='word_1_734' title='bbox 3345 2571 3455 2640; x_wconf 89' lang='grc' dir='ltr'>γὰρ</span> <span class='ocrx_word' id='word_1_735' title='bbox 3503 2570 3572 2625; x_wconf 80' lang='grc' dir='ltr'>ἂν</span> 
     </span>
    </p>
   </div>
   <div class='ocr_carea' id='block_1_94' title="bbox 2001 2651 3567 2723">
    <p class='ocr_par' dir='ltr' id='par_1_94' title="bbox 2001 2651 3567 2723">
     <span class='ocr_line' id='line_1_94' title="bbox 2001 2651 3567 2723; baseline 0.004 -20"><span class='ocrx_word' id='word_1_736' title='bbox 2001 2651 2228 2721; x_wconf 77' lang='grc' dir='ltr'>ἤλπισεν</span> <span class='ocrx_word' id='word_1_737' title='bbox 2250 2652 2333 2705; x_wconf 84' lang='grc' dir='ltr'>ὅτι</span> <span class='ocrx_word' id='word_1_738' title='bbox 2349 2651 2481 2715; x_wconf 82' lang='grc' dir='ltr'>Θεὸς</span> <span class='ocrx_word' id='word_1_739' title='bbox 2507 2652 2778 2723; x_wconf 78' lang='grc' dir='ltr'>ἀνθρώπῳ</span> <span class='ocrx_word' id='word_1_740' title='bbox 2829 2651 3285 2708; x_wconf 77' lang='grc' dir='ltr'>καταλλάττεσθαι</span> <span class='ocrx_word' id='word_1_741' title='bbox 3310 2652 3530 2723; x_wconf 72' lang='grc' dir='ltr'>ἔμελλεν</span> <span class='ocrx_word' id='word_1_742' title='bbox 3552 2671 3567 2720; x_wconf 90' lang='lat'><strong>;</strong></span> 
     </span>
    </p>
   </div>
   <div class='ocr_carea' id='block_1_95' title="bbox 1999 2735 3572 2809">
    <p class='ocr_par' dir='ltr' id='par_1_95' title="bbox 1999 2735 3572 2809">
     <span class='ocr_line' id='line_1_95' title="bbox 1999 2735 3572 2809; baseline 0.001 -21"><span class='ocrx_word' id='word_1_743' title='bbox 1999 2736 2097 2805; x_wconf 74' lang='grc' dir='ltr'>οὐχ</span> <span class='ocrx_word' id='word_1_744' title='bbox 2116 2736 2198 2789; x_wconf 83' lang='grc' dir='ltr'>ὅτι</span> <span class='ocrx_word' id='word_1_745' title='bbox 2224 2735 2590 2806; x_wconf 85' lang='grc' dir='ltr'>ἀπάνθρωπος</span> <span class='ocrx_word' id='word_1_746' title='bbox 2617 2738 2645 2789; x_wconf 89' lang='lat'>6</span> <span class='ocrx_word' id='word_1_747' title='bbox 2676 2735 2954 2806; x_wconf 85' lang='grc' dir='ltr'>Δεσπότης</span> <span class='ocrx_word' id='word_1_748' title='bbox 2971 2774 2986 2800; x_wconf 88' lang='grc'>,</span> <span class='ocrx_word' id='word_1_749' title='bbox 3019 2735 3134 2789; x_wconf 85' lang='grc' dir='ltr'>ἀλλ’</span> <span class='ocrx_word' id='word_1_750' title='bbox 3163 2736 3244 2790; x_wconf 81' lang='grc' dir='ltr'>ὅτι</span> <span class='ocrx_word' id='word_1_751' title='bbox 3277 2736 3517 2809; x_wconf 75' lang='grc' dir='ltr'>ῥάθυμος</span> <span class='ocrx_word' id='word_1_752' title='bbox 3541 2739 3572 2790; x_wconf 90' lang='lat'>6</span> 
     </span>
    </p>
   </div>
   <div class='ocr_carea' id='block_1_96' title="bbox 1995 2817 3575 2890">
    <p class='ocr_par' dir='ltr' id='par_1_96' title="bbox 1995 2817 3575 2890">
     <span class='ocr_line' id='line_1_96' title="bbox 1995 2817 3575 2890; baseline 0.003 -21"><span class='ocrx_word' id='word_1_753' title='bbox 1995 2818 2215 2888; x_wconf 83' lang='grc' dir='ltr'>οἰκέτης</span> <span class='ocrx_word' id='word_1_754' title='bbox 2236 2834 2249 2847; x_wconf 76' lang='grc' dir='ltr'><strong>ο</strong></span> <span class='ocrx_word' id='word_1_755' title='bbox 2286 2817 2383 2888; x_wconf 77' lang='grc' dir='ltr'>οὐχ</span> <span class='ocrx_word' id='word_1_756' title='bbox 2409 2819 2490 2871; x_wconf 80' lang='grc' dir='ltr'>ὅτι</span> <span class='ocrx_word' id='word_1_757' title='bbox 2527 2817 2676 2888; x_wconf 83' lang='grc' dir='ltr'>ὠμὸς</span> <span class='ocrx_word' id='word_1_758' title='bbox 2714 2820 2743 2871; x_wconf 90' lang='lat'>6</span> <span class='ocrx_word' id='word_1_759' title='bbox 2768 2818 2975 2889; x_wconf 85' lang='grc' dir='ltr'>Κύριος</span> <span class='ocrx_word' id='word_1_760' title='bbox 2999 2859 3014 2883; x_wconf 96' lang='grc'>,</span> <span class='ocrx_word' id='word_1_761' title='bbox 3041 2819 3153 2871; x_wconf 86' lang='grc' dir='ltr'>ἀλλ’</span> <span class='ocrx_word' id='word_1_762' title='bbox 3182 2819 3264 2872; x_wconf 82' lang='grc' dir='ltr'>ὅτι</span> <span class='ocrx_word' id='word_1_763' title='bbox 3302 2819 3575 2890; x_wconf 77' lang='grc' dir='ltr'>ἀγνώμων</span> 
     </span>
    </p>
   </div>
   <div class='ocr_carea' id='block_1_97' title="bbox 1995 2895 3575 2972">
    <p class='ocr_par' dir='ltr' id='par_1_97' title="bbox 1995 2895 3575 2972">
     <span class='ocr_line' id='line_1_97' title="bbox 1995 2895 3575 2972; baseline 0.001 -19"><span class='ocrx_word' id='word_1_764' title='bbox 1995 2903 2025 2953; x_wconf 88' lang='lat'>6</span> <span class='ocrx_word' id='word_1_765' title='bbox 2053 2899 2257 2964; x_wconf 88' lang='grc' dir='ltr'>δοῦλος.</span> <span class='ocrx_word' id='word_1_766' title='bbox 2294 2901 2482 2954; x_wconf 87' lang='grc' dir='ltr'>Βούλει</span> <span class='ocrx_word' id='word_1_767' title='bbox 2533 2900 2721 2972; x_wconf 89' lang='grc' dir='ltr'>μαθεῖν</span> <span class='ocrx_word' id='word_1_768' title='bbox 2753 2900 2871 2965; x_wconf 92' lang='grc' dir='ltr'>πῶς</span> <span class='ocrx_word' id='word_1_769' title='bbox 2917 2895 3312 2972; x_wconf 71' lang='grc' dir='ltr'>παρωξύναμῖεν</span> <span class='ocrx_word' id='word_1_770' title='bbox 3356 2903 3446 2956; x_wconf 77' lang='grc' dir='ltr'>τὸν</span> <span class='ocrx_word' id='word_1_771' title='bbox 3493 2920 3575 2972; x_wconf 85' lang='grc' dir='ltr'>φι-</span> 
     </span>
    </p>
   </div>
   <div class='ocr_carea' id='block_1_98' title="bbox 1996 2984 3665 3059">
    <p class='ocr_par' dir='ltr' id='par_1_98' title="bbox 1996 2984 3665 3059">
     <span class='ocr_line' id='line_1_98' title="bbox 1996 2984 3665 3059; baseline 0.004 -23"><span class='ocrx_word' id='word_1_772' title='bbox 1996 2984 2311 3057; x_wconf 81' lang='grc' dir='ltr'>λάνθρωπον</span> <span class='ocrx_word' id='word_1_773' title='bbox 2339 2985 2548 3049; x_wconf 90' lang='grc' dir='ltr'>τοῦτον,</span> <span class='ocrx_word' id='word_1_774' title='bbox 2583 2986 2674 3039; x_wconf 84' lang='grc' dir='ltr'>τὸν</span> <span class='ocrx_word' id='word_1_775' title='bbox 2702 2987 2906 3058; x_wconf 73' lang='grc' dir='ltr'>ἥμερον</span> <span class='ocrx_word' id='word_1_776' title='bbox 2938 2986 3093 3057; x_wconf 82' lang='grc' dir='ltr'>ἡμῶν</span> <span class='ocrx_word' id='word_1_777' title='bbox 3122 2988 3433 3059; x_wconf 86' lang='grc' dir='ltr'>Δεσπότην;</span> <span class='ocrx_word' id='word_1_778' title='bbox 3462 2989 3573 3041; x_wconf 88' lang='lat' dir='ltr'>Kal</span> <span class='ocrx_word' id='word_1_779' title='bbox 3662 3004 3665 3007; x_wconf 81' lang='lat'><em>‘</em></span> 
     </span>
    </p>
   </div>
   <div class='ocr_carea' id='block_1_99' title="bbox 1996 3066 3572 3146">
    <p class='ocr_par' dir='ltr' id='par_1_99' title="bbox 1996 3066 3572 3146">
     <span class='ocr_line' id='line_1_99' title="bbox 1996 3066 3572 3146; baseline 0.003 -26"><span class='ocrx_word' id='word_1_780' title='bbox 1996 3068 2105 3140; x_wconf 79' lang='grc' dir='ltr'>γὰρ</span> <span class='ocrx_word' id='word_1_781' title='bbox 2149 3069 2352 3123; x_wconf 88' lang='grc' dir='ltr'>δίκαιον</span> <span class='ocrx_word' id='word_1_782' title='bbox 2390 3069 2582 3140; x_wconf 86' lang='grc' dir='ltr'>μαθεῖν</span> <span class='ocrx_word' id='word_1_783' title='bbox 2625 3066 2732 3140; x_wconf 74' lang='grc' dir='ltr'>’τῆς</span> <span class='ocrx_word' id='word_1_784' title='bbox 2758 3070 3028 3141; x_wconf 87' lang='grc' dir='ltr'>προτέρας</span> <span class='ocrx_word' id='word_1_785' title='bbox 3058 3069 3214 3146; x_wconf 74' lang='grc' dir='ltr'>ἡμῶν</span> <span class='ocrx_word' id='word_1_786' title='bbox 3257 3071 3453 3141; x_wconf 79' lang='grc' dir='ltr'>ἔχθρας</span> <span class='ocrx_word' id='word_1_787' title='bbox 3475 3071 3572 3144; x_wconf 82' lang='grc' dir='ltr'>τὴν</span> 
     </span>
    </p>
   </div>
   <div class='ocr_carea' id='block_1_100' title="bbox 1999 3152 3572 3224">
    <p class='ocr_par' dir='ltr' id='par_1_100' title="bbox 1999 3152 3572 3224">
     <span class='ocr_line' id='line_1_100' title="bbox 1999 3152 3572 3224; baseline 0.002 -19"><span class='ocrx_word' id='word_1_788' title='bbox 1999 3152 2289 3220; x_wconf 83' lang='grc' dir='ltr'>ὑπόθεσιν,</span> <span class='ocrx_word' id='word_1_789' title='bbox 2341 3154 2427 3220; x_wconf 79' lang='grc' dir='ltr'>ἵν’,</span> <span class='ocrx_word' id='word_1_790' title='bbox 2481 3153 2609 3210; x_wconf 74' lang='grc' dir='ltr'>ὅταν</span> <span class='ocrx_word' id='word_1_791' title='bbox 2669 3153 2785 3224; x_wconf 76' lang='grc' dir='ltr'>ἴδῃς</span> <span class='ocrx_word' id='word_1_792' title='bbox 2840 3153 3168 3223; x_wconf 87' lang='grc' dir='ltr'>τιμηθέντας</span> <span class='ocrx_word' id='word_1_793' title='bbox 3227 3155 3412 3224; x_wconf 79' lang='grc' dir='ltr'>ἡμᾶς,</span> <span class='ocrx_word' id='word_1_794' title='bbox 3445 3157 3572 3222; x_wconf 80' lang='grc' dir='ltr'>τοὺς</span> 
     </span>
    </p>
   </div>
   <div class='ocr_carea' id='block_1_101' title="bbox 1999 3233 3575 3307">
    <p class='ocr_par' dir='ltr' id='par_1_101' title="bbox 1999 3233 3575 3307">
     <span class='ocr_line' id='line_1_101' title="bbox 1999 3233 3575 3307; baseline 0.003 -20"><span class='ocrx_word' id='word_1_795' title='bbox 1999 3234 2223 3305; x_wconf 80' lang='grc' dir='ltr'>ἐχθροὺς</span> <span class='ocrx_word' id='word_1_796' title='bbox 2258 3236 2352 3289; x_wconf 71' lang='grc' dir='ltr'>καὶ</span> <span class='ocrx_word' id='word_1_797' title='bbox 2385 3235 2674 3306; x_wconf 88' lang='grc' dir='ltr'>πολεμίους</span> <span class='ocrx_word' id='word_1_798' title='bbox 2695 3276 2711 3301; x_wconf 92' lang='grc'>,</span> <span class='ocrx_word' id='word_1_799' title='bbox 2747 3233 3037 3305; x_wconf 81' lang='grc' dir='ltr'>θαυμάσῃς</span> <span class='ocrx_word' id='word_1_800' title='bbox 3092 3236 3184 3288; x_wconf 90' lang='grc' dir='ltr'>τοῦ</span> <span class='ocrx_word' id='word_1_801' title='bbox 3243 3239 3575 3307; x_wconf 84' lang='grc' dir='ltr'>τιμήσαντος</span> 
     </span>
    </p>
   </div>
   <div class='ocr_carea' id='block_1_102' title="bbox 1996 3318 3577 3392">
    <p class='ocr_par' dir='ltr' id='par_1_102' title="bbox 1996 3318 3577 3392">
     <span class='ocr_line' id='line_1_102' title="bbox 1996 3318 3577 3392; baseline 0.001 -20"><span class='ocrx_word' id='word_1_802' title='bbox 1996 3320 2096 3390; x_wconf 83' lang='grc' dir='ltr'>τὴν</span> <span class='ocrx_word' id='word_1_803' title='bbox 2128 3318 2555 3390; x_wconf 86' lang='grc' dir='ltr'>φιλανθρωπίαν,</span> <span class='ocrx_word' id='word_1_804' title='bbox 2594 3321 2682 3372; x_wconf 85' lang='grc' dir='ltr'>ἵνα</span> <span class='ocrx_word' id='word_1_805' title='bbox 2709 3320 2782 3390; x_wconf 83' lang='grc' dir='ltr'>μὴ</span> <span class='ocrx_word' id='word_1_806' title='bbox 2811 3318 3038 3392; x_wconf 82' lang='grc' dir='ltr'>νομίσῃς</span> <span class='ocrx_word' id='word_1_807' title='bbox 3067 3319 3126 3384; x_wconf 80' lang='grc' dir='ltr'>ἐξ</span> <span class='ocrx_word' id='word_1_808' title='bbox 3150 3320 3362 3374; x_wconf 74' lang='grc' dir='ltr'>οἰκείων</span> <span class='ocrx_word' id='word_1_809' title='bbox 3386 3337 3577 3392; x_wconf 70' lang='grc' dir='ltr'>κατορο</span> 
     </span>
    </p>
   </div>
   <div class='ocr_carea' id='block_1_103' title="bbox 1999 3401 3575 3474">
    <p class='ocr_par' dir='ltr' id='par_1_103' title="bbox 1999 3401 3575 3474">
     <span class='ocr_line' id='line_1_103' title="bbox 1999 3401 3575 3474; baseline 0.003 -20"><span class='ocrx_word' id='word_1_810' title='bbox 1999 3401 2268 3472; x_wconf 88' lang='grc' dir='ltr'>θωμάτων</span> <span class='ocrx_word' id='word_1_811' title='bbox 2295 3402 2621 3474; x_wconf 84' lang='grc' dir='ltr'>γεγενῆσθαι</span> <span class='ocrx_word' id='word_1_812' title='bbox 2650 3403 2748 3474; x_wconf 82' lang='grc' dir='ltr'>τὴν</span> <span class='ocrx_word' id='word_1_813' title='bbox 2784 3402 3103 3474; x_wconf 83' lang='grc' dir='ltr'>μεταϐολὴν,</span> <span class='ocrx_word' id='word_1_814' title='bbox 3139 3404 3226 3456; x_wconf 79' lang='grc' dir='ltr'>ἵνα</span> <span class='ocrx_word' id='word_1_815' title='bbox 3261 3403 3446 3474; x_wconf 87' lang='grc' dir='ltr'>μαθὼν</span> <span class='ocrx_word' id='word_1_816' title='bbox 3473 3406 3575 3458; x_wconf 83' lang='grc' dir='ltr'>αὐ-</span> 
     </span>
    </p>
   </div>
   <div class='ocr_carea' id='block_1_104' title="bbox 1998 3485 3574 3559">
    <p class='ocr_par' dir='ltr' id='par_1_104' title="bbox 1998 3485 3574 3559">
     <span class='ocr_line' id='line_1_104' title="bbox 1998 3485 3574 3559; baseline 0.002 -21"><span class='ocrx_word' id='word_1_817' title='bbox 1998 3485 2092 3539; x_wconf 88' lang='grc' dir='ltr'>τοῦ</span> <span class='ocrx_word' id='word_1_818' title='bbox 2123 3486 2224 3555; x_wconf 85' lang='grc' dir='ltr'>τῆς</span> <span class='ocrx_word' id='word_1_819' title='bbox 2247 3487 2464 3558; x_wconf 88' lang='grc' dir='ltr'>χάριτος</span> <span class='ocrx_word' id='word_1_820' title='bbox 2491 3485 2588 3556; x_wconf 80' lang='grc' dir='ltr'>τὴν</span> <span class='ocrx_word' id='word_1_821' title='bbox 2619 3485 2944 3557; x_wconf 74' lang='grc' dir='ltr'>ὑπερϐολὴν,</span> <span class='ocrx_word' id='word_1_822' title='bbox 2981 3486 3054 3556; x_wconf 87' lang='grc' dir='ltr'>μὴ</span> <span class='ocrx_word' id='word_1_823' title='bbox 3077 3485 3261 3559; x_wconf 83' lang='grc' dir='ltr'>παύσῃ</span> <span class='ocrx_word' id='word_1_824' title='bbox 3284 3486 3574 3552; x_wconf 77' lang='grc' dir='ltr'>διαπαντὸς</span> 
     </span>
    </p>
   </div>
   <div class='ocr_carea' id='block_1_105' title="bbox 1999 3567 3570 3640">
    <p class='ocr_par' dir='ltr' id='par_1_105' title="bbox 1999 3567 3570 3640">
     <span class='ocr_line' id='line_1_105' title="bbox 1999 3567 3570 3640; baseline 0.001 -18"><span class='ocrx_word' id='word_1_825' title='bbox 1999 3568 2336 3639; x_wconf 81' lang='grc' dir='ltr'>εὐχαριστῶν</span> <span class='ocrx_word' id='word_1_826' title='bbox 2373 3568 2522 3639; x_wconf 81' lang='grc' dir='ltr'>αὐτῷ</span> <span class='ocrx_word' id='word_1_827' title='bbox 2572 3569 2711 3637; x_wconf 82' lang='grc' dir='ltr'>ὑπὲρ</span> <span class='ocrx_word' id='word_1_828' title='bbox 2753 3567 2848 3621; x_wconf 91' lang='grc' dir='ltr'>τοῦ</span> <span class='ocrx_word' id='word_1_829' title='bbox 2903 3569 3165 3638; x_wconf 84' lang='grc' dir='ltr'>μεγέθους</span> <span class='ocrx_word' id='word_1_830' title='bbox 3202 3569 3310 3622; x_wconf 87' lang='grc' dir='ltr'>τῶν</span> <span class='ocrx_word' id='word_1_831' title='bbox 3333 3569 3570 3640; x_wconf 85' lang='grc' dir='ltr'>δωρεῶν.</span> 
     </span>
    </p>
   </div>
   <div class='ocr_carea' id='block_1_106' title="bbox 1998 3650 3574 3724">
    <p class='ocr_par' dir='ltr' id='par_1_106' title="bbox 1998 3650 3574 3724">
     <span class='ocr_line' id='line_1_106' title="bbox 1998 3650 3574 3724; baseline 0.001 -20"><span class='ocrx_word' id='word_1_832' title='bbox 1998 3651 2187 3705; x_wconf 89' lang='grc' dir='ltr'>Βούλει</span> <span class='ocrx_word' id='word_1_833' title='bbox 2217 3650 2393 3706; x_wconf 82' lang='grc' dir='ltr'>τοίνυν</span> <span class='ocrx_word' id='word_1_834' title='bbox 2422 3650 2613 3721; x_wconf 79' lang='grc' dir='ltr'>μαθεῖν</span> <span class='ocrx_word' id='word_1_835' title='bbox 2639 3691 2654 3717; x_wconf 92' lang='grc'>,</span> <span class='ocrx_word' id='word_1_836' title='bbox 2690 3652 2807 3714; x_wconf 88' lang='grc' dir='ltr'>πῶς</span> <span class='ocrx_word' id='word_1_837' title='bbox 2853 3650 3250 3724; x_wconf 82' lang='grc' dir='ltr'>παρωξύναμεν</span> <span class='ocrx_word' id='word_1_838' title='bbox 3294 3652 3447 3723; x_wconf 76' lang='grc' dir='ltr'>ἡμῶν</span> <span class='ocrx_word' id='word_1_839' title='bbox 3481 3653 3574 3707; x_wconf 82' lang='grc' dir='ltr'>τὸν</span> 
     </span>
    </p>
   </div>
   <div class='ocr_carea' id='block_1_107' title="bbox 1997 3734 3571 3809">
    <p class='ocr_par' dir='ltr' id='par_1_107' title="bbox 1997 3734 3571 3809">
     <span class='ocr_line' id='line_1_107' title="bbox 1997 3734 3571 3809; baseline 0.003 -22"><span class='ocrx_word' id='word_1_840' title='bbox 1997 3734 2294 3805; x_wconf 85' lang='grc' dir='ltr'>Δεσπότην,</span> <span class='ocrx_word' id='word_1_841' title='bbox 2317 3734 2410 3788; x_wconf 83' lang='grc' dir='ltr'>τὸν</span> <span class='ocrx_word' id='word_1_842' title='bbox 2440 3734 2839 3805; x_wconf 81' lang='grc' dir='ltr'>φιλάνθρωπον,</span> <span class='ocrx_word' id='word_1_843' title='bbox 2865 3735 2957 3789; x_wconf 78' lang='grc' dir='ltr'>τὸν</span> <span class='ocrx_word' id='word_1_844' title='bbox 2991 3736 3219 3809; x_wconf 80' lang='grc' dir='ltr'>ἥμερον,</span> <span class='ocrx_word' id='word_1_845' title='bbox 3239 3736 3330 3789; x_wconf 79' lang='grc' dir='ltr'>τὸν</span> <span class='ocrx_word' id='word_1_846' title='bbox 3348 3736 3571 3805; x_wconf 84' lang='grc' dir='ltr'>ἀγαθὸν,</span> 
     </span>
    </p>
   </div>
   <div class='ocr_carea' id='block_1_108' title="bbox 1998 3812 3578 3890">
    <p class='ocr_par' dir='ltr' id='par_1_108' title="bbox 1998 3812 3578 3890">
     <span class='ocr_line' id='line_1_108' title="bbox 1998 3812 3578 3890; baseline 0.002 -19"><span class='ocrx_word' id='word_1_847' title='bbox 1998 3818 2091 3872; x_wconf 81' lang='grc' dir='ltr'>τὸν</span> <span class='ocrx_word' id='word_1_848' title='bbox 2122 3816 2299 3871; x_wconf 89' lang='grc' dir='ltr'>πάντα</span> <span class='ocrx_word' id='word_1_849' title='bbox 2343 3816 2484 3889; x_wconf 80' lang='grc' dir='ltr'>ὑπὲρ</span> <span class='ocrx_word' id='word_1_850' title='bbox 2509 3818 2608 3888; x_wconf 82' lang='grc' dir='ltr'>τῆς</span> <span class='ocrx_word' id='word_1_851' title='bbox 2643 3819 2918 3890; x_wconf 77' lang='grc' dir='ltr'>ἡμετέρας</span> <span class='ocrx_word' id='word_1_852' title='bbox 2950 3812 3222 3890; x_wconf 82' lang='grc' dir='ltr'>σωτηρίας</span> <span class='ocrx_word' id='word_1_853' title='bbox 3239 3819 3578 3890; x_wconf 79' lang='grc' dir='ltr'>οἰκονομοῦν-</span> 
     </span>
    </p>
   </div>
   <div class='ocr_carea' id='block_1_109' title="bbox 1999 3901 3573 3975">
    <p class='ocr_par' dir='ltr' id='par_1_109' title="bbox 1999 3901 3573 3975">
     <span class='ocr_line' id='line_1_109' title="bbox 1999 3901 3573 3975; baseline 0.001 -19"><span class='ocrx_word' id='word_1_854' title='bbox 1999 3918 2110 3966; x_wconf 86' lang='grc' dir='ltr'>τα;</span> <span class='ocrx_word' id='word_1_855' title='bbox 2168 3901 2555 3955; x_wconf 83' lang='grc' dir='ltr'>Ἐϐουλεύσατό</span> <span class='ocrx_word' id='word_1_856' title='bbox 2604 3918 2737 3954; x_wconf 91' lang='grc' dir='ltr'>ποτε</span> <span class='ocrx_word' id='word_1_857' title='bbox 2765 3904 2895 3973; x_wconf 76' lang='grc' dir='ltr'>περὶ</span> <span class='ocrx_word' id='word_1_858' title='bbox 2934 3902 3230 3965; x_wconf 84' lang='grc' dir='ltr'>παντελοῦς</span> <span class='ocrx_word' id='word_1_859' title='bbox 3265 3903 3573 3975; x_wconf 81' lang='grc' dir='ltr'>ἀφανισμοῦ</span> 
     </span>
    </p>
   </div>
   <div class='ocr_carea' id='block_1_110' title="bbox 1998 3983 3574 4056">
    <p class='ocr_par' dir='ltr' id='par_1_110' title="bbox 1998 3983 3574 4056">
     <span class='ocr_line' id='line_1_110' title="bbox 1998 3983 3574 4056; baseline 0.001 -18"><span class='ocrx_word' id='word_1_860' title='bbox 1998 3985 2094 4039; x_wconf 90' lang='grc' dir='ltr'>τοῦ</span> <span class='ocrx_word' id='word_1_861' title='bbox 2118 3985 2308 4054; x_wconf 88' lang='grc' dir='ltr'>γένους</span> <span class='ocrx_word' id='word_1_862' title='bbox 2339 3984 2518 4056; x_wconf 78' lang='grc' dir='ltr'>ἡμῶν,</span> <span class='ocrx_word' id='word_1_863' title='bbox 2546 3985 2639 4038; x_wconf 76' lang='grc' dir='ltr'>καὶ</span> <span class='ocrx_word' id='word_1_864' title='bbox 2665 3983 2838 4047; x_wconf 71' lang='grc' dir='ltr'>οὕτως</span> <span class='ocrx_word' id='word_1_865' title='bbox 2870 3985 3004 4054; x_wconf 72' lang='grc' dir='ltr'>ἡμῖν</span> <span class='ocrx_word' id='word_1_866' title='bbox 3026 3984 3271 4056; x_wconf 84' lang='grc' dir='ltr'>ὠργίσθη</span> <span class='ocrx_word' id='word_1_867' title='bbox 3290 4026 3306 4052; x_wconf 97' lang='grc'>,</span> <span class='ocrx_word' id='word_1_868' title='bbox 3336 3986 3412 4049; x_wconf 86' lang='grc' dir='ltr'>ὡς</span> <span class='ocrx_word' id='word_1_869' title='bbox 3428 3985 3574 4040; x_wconf 77' lang='grc' dir='ltr'>’ἀποο</span> 
     </span>
    </p>
   </div>
   <div class='ocr_carea' id='block_1_111' title="bbox 2000 4067 3574 4142">
    <p class='ocr_par' dir='ltr' id='par_1_111' title="bbox 2000 4067 3574 4142">
     <span class='ocr_line' id='line_1_111' title="bbox 2000 4067 3574 4142; baseline 0.001 -21"><span class='ocrx_word' id='word_1_870' title='bbox 2000 4068 2154 4123; x_wconf 83' lang='grc' dir='ltr'>λέσαι</span> <span class='ocrx_word' id='word_1_871' title='bbox 2190 4071 2337 4140; x_wconf 79' lang='grc' dir='ltr'>ἡμᾶς</span> <span class='ocrx_word' id='word_1_872' title='bbox 2367 4068 2506 4140; x_wconf 87' lang='grc' dir='ltr'>μετά</span> <span class='ocrx_word' id='word_1_873' title='bbox 2540 4067 2812 4137; x_wconf 88' lang='grc' dir='ltr'>γυναικῶν</span> <span class='ocrx_word' id='word_1_874' title='bbox 2843 4069 2939 4121; x_wconf 78' lang='grc' dir='ltr'>καὶ</span> <span class='ocrx_word' id='word_1_875' title='bbox 2994 4067 3202 4122; x_wconf 80' lang='grc' dir='ltr'>παίδων</span> <span class='ocrx_word' id='word_1_876' title='bbox 3247 4069 3338 4123; x_wconf 77' lang='grc' dir='ltr'>καὶ</span> <span class='ocrx_word' id='word_1_877' title='bbox 3369 4068 3574 4142; x_wconf 89' lang='grc' dir='ltr'>θηρίων</span> 
     </span>
    </p>
   </div>
   <div class='ocr_carea' id='block_1_112' title="bbox 2001 4150 3573 4224">
    <p class='ocr_par' dir='ltr' id='par_1_112' title="bbox 2001 4150 3573 4224">
     <span class='ocr_line' id='line_1_112' title="bbox 2001 4150 3573 4224; baseline -0.001 -16"><span class='ocrx_word' id='word_1_878' title='bbox 2001 4153 2098 4210; x_wconf 75' lang='grc' dir='ltr'>καὶ</span> <span class='ocrx_word' id='word_1_879' title='bbox 2128 4153 2340 4224; x_wconf 89' lang='grc' dir='ltr'>κτηνῶν</span> <span class='ocrx_word' id='word_1_880' title='bbox 2367 4154 2462 4205; x_wconf 80' lang='grc' dir='ltr'>καὶ</span> <span class='ocrx_word' id='word_1_881' title='bbox 2486 4150 2583 4221; x_wconf 86' lang='grc' dir='ltr'>τῆς</span> <span class='ocrx_word' id='word_1_882' title='bbox 2606 4151 2710 4221; x_wconf 78' lang='grc' dir='ltr'>γῆς</span> <span class='ocrx_word' id='word_1_883' title='bbox 2738 4151 2974 4222; x_wconf 87' lang='grc' dir='ltr'>ἀπάσης.</span> <span class='ocrx_word' id='word_1_884' title='bbox 3007 4152 3119 4204; x_wconf 86' lang='lat' dir='ltr'>Kal</span> <span class='ocrx_word' id='word_1_885' title='bbox 3145 4153 3195 4204; x_wconf 86' lang='grc' dir='ltr'>εί</span> <span class='ocrx_word' id='word_1_886' title='bbox 3234 4150 3433 4221; x_wconf 87' lang='grc' dir='ltr'>βούλει,</span> <span class='ocrx_word' id='word_1_887' title='bbox 3463 4152 3573 4221; x_wconf 89' lang='grc' dir='ltr'>ἐγώ</span> 
     </span>
    </p>
   </div>
   <div class='ocr_carea' id='block_1_113' title="bbox 2004 4233 3574 4308">
    <p class='ocr_par' dir='ltr' id='par_1_113' title="bbox 2004 4233 3574 4308">
     <span class='ocr_line' id='line_1_113' title="bbox 2004 4233 3574 4308; baseline -0.003 -16"><span class='ocrx_word' id='word_1_888' title='bbox 2004 4255 2065 4291; x_wconf 88' lang='grc' dir='ltr'>σε</span> <span class='ocrx_word' id='word_1_889' title='bbox 2095 4240 2305 4308; x_wconf 83' lang='grc' dir='ltr'>ποιήσω</span> <span class='ocrx_word' id='word_1_890' title='bbox 2329 4235 2425 4288; x_wconf 78' lang='grc' dir='ltr'>καὶ</span> <span class='ocrx_word' id='word_1_891' title='bbox 2452 4234 2550 4305; x_wconf 84' lang='grc' dir='ltr'>τῆς</span> <span class='ocrx_word' id='word_1_892' title='bbox 2577 4233 2900 4302; x_wconf 83' lang='grc' dir='ltr'>ἀποφάσεως</span> <span class='ocrx_word' id='word_1_893' title='bbox 2956 4233 3120 4304; x_wconf 78' lang='grc' dir='ltr'>αὐτῆς</span> <span class='ocrx_word' id='word_1_894' title='bbox 3148 4234 3377 4288; x_wconf 86' lang='grc' dir='ltr'>ἀκοῦσαι</span> <span class='ocrx_word' id='word_1_895' title='bbox 3401 4251 3417 4265; x_wconf 94' lang='grc'>·</span> <span class='ocrx_word' id='word_1_896' title='bbox 3459 4236 3574 4301; x_wconf 73' lang='grc' dir='ltr'>Ὲεο</span> 
     </span>
    </p>
   </div>
   <div class='ocr_carea' id='block_1_114' title="bbox 2000 4314 3573 4389">
    <p class='ocr_par' dir='ltr' id='par_1_114' title="bbox 2000 4314 3573 4389">
     <span class='ocr_line' id='line_1_114' title="bbox 2000 4314 3573 4389; baseline -0.002 -14"><span class='ocrx_word' id='word_1_897' title='bbox 2000 4322 2232 4389; x_wconf 71' lang='grc' dir='ltr'>αιείψω</span> <span class='ocrx_word' id='word_1_898' title='bbox 2250 4318 2380 4388; x_wconf 87' lang='grc' dir='ltr'>γὰρ,</span> <span class='ocrx_word' id='word_1_899' title='bbox 2410 4319 2564 4389; x_wconf 70' lang='grc' dir='ltr'>φησι,</span> <span class='ocrx_word' id='word_1_900' title='bbox 2587 4315 2698 4371; x_wconf 80' lang='grc' dir='ltr'>τὸν</span> <span class='ocrx_word' id='word_1_901' title='bbox 2710 4315 3048 4385; x_wconf 66' lang='grc' dir='ltr'>ἄνθρωπον,</span> <span class='ocrx_word' id='word_1_902' title='bbox 3068 4316 3141 4370; x_wconf 80' lang='grc' dir='ltr'>ὃν</span> <span class='ocrx_word' id='word_1_903' title='bbox 3158 4314 3435 4387; x_wconf 80' lang='grc' dir='ltr'>ἐποίησα,</span> <span class='ocrx_word' id='word_1_904' title='bbox 3455 4319 3573 4375; x_wconf 78' lang='grc' dir='ltr'>ἀπὸ</span> 
     </span>
    </p>
   </div>
   <div class='ocr_carea' id='block_1_115' title="bbox 2002 4398 3576 4474">
    <p class='ocr_par' dir='ltr' id='par_1_115' title="bbox 2002 4398 3576 4474">
     <span class='ocr_line' id='line_1_115' title="bbox 2002 4398 3576 4474; baseline -0.001 -14"><span class='ocrx_word' id='word_1_905' title='bbox 2002 4402 2327 4474; x_wconf 73' lang='grc' dir='ltr'>προσώπου</span> <span class='ocrx_word' id='word_1_906' title='bbox 2349 4400 2555 4468; x_wconf 80' lang='grc' dir='ltr'>πάσης</span> <span class='ocrx_word' id='word_1_907' title='bbox 2580 4398 2702 4469; x_wconf 49' lang='grc' dir='ltr'>,τῆς</span> <span class='ocrx_word' id='word_1_908' title='bbox 2726 4398 2840 4470; x_wconf 76' lang='grc' dir='ltr'>γῆς</span> <span class='ocrx_word' id='word_1_909' title='bbox 2858 4439 2874 4465; x_wconf 90' lang='grc'>,</span> <span class='ocrx_word' id='word_1_910' title='bbox 2910 4400 3009 4455; x_wconf 80' lang='grc' dir='ltr'>καὶ</span> <span class='ocrx_word' id='word_1_911' title='bbox 3034 4399 3107 4455; x_wconf 81' lang='grc' dir='ltr'>τὰ</span> <span class='ocrx_word' id='word_1_912' title='bbox 3138 4402 3332 4470; x_wconf 83' lang='grc' dir='ltr'>θηρία,</span> <span class='ocrx_word' id='word_1_913' title='bbox 3362 4403 3463 4457; x_wconf 78' lang='grc' dir='ltr'>καί</span> <span class='ocrx_word' id='word_1_914' title='bbox 3503 4404 3576 4459; x_wconf 80' lang='grc' dir='ltr'>τὰ</span> 
     </span>
    </p>
   </div>
   <div class='ocr_carea' id='block_1_116' title="bbox 2003 4484 3576 4556">
    <p class='ocr_par' dir='ltr' id='par_1_116' title="bbox 2003 4484 3576 4556">
     <span class='ocr_line' id='line_1_116' title="bbox 2003 4484 3576 4556; baseline 0 -14"><span class='ocrx_word' id='word_1_915' title='bbox 2003 4486 2191 4555; x_wconf 81' lang='grc' dir='ltr'>κτήνη</span> <span class='ocrx_word' id='word_1_916' title='bbox 2211 4526 2227 4550; x_wconf 88' lang='grc'>,</span> <span class='ocrx_word' id='word_1_917' title='bbox 2260 4485 2349 4540; x_wconf 84' lang='grc' dir='ltr'>ὅτι</span> <span class='ocrx_word' id='word_1_918' title='bbox 2375 4484 2770 4553; x_wconf 78' lang='grc' dir='ltr'>ἐνεθυμήθην,</span> <span class='ocrx_word' id='word_1_919' title='bbox 2802 4484 2891 4538; x_wconf 84' lang='grc' dir='ltr'>ὅτι</span> <span class='ocrx_word' id='word_1_920' title='bbox 2913 4485 3172 4552; x_wconf 77' lang='grc' dir='ltr'>ἐποίησα</span> <span class='ocrx_word' id='word_1_921' title='bbox 3207 4486 3317 4541; x_wconf 85' lang='grc' dir='ltr'>τὸν</span> <span class='ocrx_word' id='word_1_922' title='bbox 3354 4487 3576 4556; x_wconf 80' lang='grc' dir='ltr'>ἄνθρω-</span> 
     </span>
    </p>
   </div>
   <div class='ocr_carea' id='block_1_117' title="bbox 2003 4566 3573 4643">
    <p class='ocr_par' dir='ltr' id='par_1_117' title="bbox 2003 4566 3573 4643">
     <span class='ocr_line' id='line_1_117' title="bbox 2003 4566 3573 4643; baseline 0.001 -19"><span class='ocrx_word' id='word_1_923' title='bbox 2003 4585 2140 4625; x_wconf 82' lang='grc' dir='ltr'>πον.</span> <span class='ocrx_word' id='word_1_924' title='bbox 2171 4572 2281 4624; x_wconf 87' lang='lat' dir='ltr'>Kal</span> <span class='ocrx_word' id='word_1_925' title='bbox 2305 4569 2392 4622; x_wconf 77' lang='grc' dir='ltr'>ἵνα</span> <span class='ocrx_word' id='word_1_926' title='bbox 2432 4567 2613 4639; x_wconf 77' lang='grc' dir='ltr'>μάθῃς</span> <span class='ocrx_word' id='word_1_927' title='bbox 2639 4570 2721 4623; x_wconf 82' lang='grc' dir='ltr'>ὅτι</span> <span class='ocrx_word' id='word_1_928' title='bbox 2766 4567 2826 4621; x_wconf 76' lang='grc' dir='ltr'>οὐ</span> <span class='ocrx_word' id='word_1_929' title='bbox 2854 4568 2953 4638; x_wconf 79' lang='grc' dir='ltr'>τὴν</span> <span class='ocrx_word' id='word_1_930' title='bbox 2994 4566 3155 4638; x_wconf 89' lang='grc' dir='ltr'>φύσιν</span> <span class='ocrx_word' id='word_1_931' title='bbox 3188 4569 3345 4641; x_wconf 83' lang='grc' dir='ltr'>ήμῶν</span> <span class='ocrx_word' id='word_1_932' title='bbox 3371 4572 3573 4643; x_wconf 80' lang='grc' dir='ltr'>ἐμίσει,</span> 
     </span>
    </p>
   </div>
   <div class='ocr_carea' id='block_1_118' title="bbox 2002 4650 3576 4724">
    <p class='ocr_par' dir='ltr' id='par_1_118' title="bbox 2002 4650 3576 4724">
     <span class='ocr_line' id='line_1_118' title="bbox 2002 4650 3576 4724; baseline 0.001 -18"><span class='ocrx_word' id='word_1_933' title='bbox 2002 4653 2138 4708; x_wconf 85' lang='grc' dir='ltr'>ἀλλά</span> <span class='ocrx_word' id='word_1_934' title='bbox 2181 4653 2279 4724; x_wconf 83' lang='grc' dir='ltr'>τὴν</span> <span class='ocrx_word' id='word_1_935' title='bbox 2320 4650 2520 4706; x_wconf 87' lang='grc' dir='ltr'>κακίαν</span> <span class='ocrx_word' id='word_1_936' title='bbox 2558 4650 2959 4721; x_wconf 82' lang='grc' dir='ltr'>ἀπεστρέφετο,</span> <span class='ocrx_word' id='word_1_937' title='bbox 3006 4652 3036 4704; x_wconf 86' lang='grc' dir='ltr'>ὁ</span> <span class='ocrx_word' id='word_1_938' title='bbox 3078 4650 3285 4715; x_wconf 85' lang='grc' dir='ltr'>είπὼν,</span> <span class='ocrx_word' id='word_1_939' title='bbox 3330 4655 3411 4708; x_wconf 82' lang='grc' dir='ltr'>ὅτι</span> <span class='ocrx_word' id='word_1_940' title='bbox 3452 4657 3576 4722; x_wconf 78' lang='grc' dir='ltr'>Ἐξ-</span> 
     </span>
    </p>
   </div>
   <div class='ocr_carea' id='block_1_119' title="bbox 2002 4724 3576 4806">
    <p class='ocr_par' dir='ltr' id='par_1_119' title="bbox 2002 4724 3576 4806">
     <span class='ocr_line' id='line_1_119' title="bbox 2002 4724 3576 4806; baseline 0.001 -15"><span class='ocrx_word' id='word_1_941' title='bbox 2002 4737 2230 4806; x_wconf 70' lang='grc' dir='ltr'>αλείψω</span> <span class='ocrx_word' id='word_1_942' title='bbox 2250 4724 2360 4789; x_wconf 83' lang='grc' dir='ltr'>τὸν</span> <span class='ocrx_word' id='word_1_943' title='bbox 2383 4732 2717 4802; x_wconf 80' lang='grc' dir='ltr'>ἄνθρωπον,</span> <span class='ocrx_word' id='word_1_944' title='bbox 2735 4732 2806 4786; x_wconf 81' lang='grc' dir='ltr'>ὃν</span> <span class='ocrx_word' id='word_1_945' title='bbox 2820 4733 3096 4802; x_wconf 79' lang='grc' dir='ltr'>ἐποίησα,</span> <span class='ocrx_word' id='word_1_946' title='bbox 3113 4735 3232 4790; x_wconf 81' lang='grc' dir='ltr'>ἀπὸ</span> <span class='ocrx_word' id='word_1_947' title='bbox 3250 4738 3576 4805; x_wconf 81' lang='grc' dir='ltr'>προσώπου</span> 
     </span>
    </p>
   </div>
   <div class='ocr_carea' id='block_1_120' title="bbox 2002 4815 3577 4890">
    <p class='ocr_par' dir='ltr' id='par_1_120' title="bbox 2002 4815 3577 4890">
     <span class='ocr_line' id='line_1_120' title="bbox 2002 4815 3577 4890; baseline -0.008 -15"><span class='ocrx_word' id='word_1_948' title='bbox 2002 4819 2112 4889; x_wconf 81' lang='grc' dir='ltr'>τῆς</span> <span class='ocrx_word' id='word_1_949' title='bbox 2141 4818 2285 4890; x_wconf 72' lang='grc' dir='ltr'>γῆς,</span> <span class='ocrx_word' id='word_1_950' title='bbox 2319 4817 2467 4887; x_wconf 86' lang='grc' dir='ltr'>λέγει</span> <span class='ocrx_word' id='word_1_951' title='bbox 2498 4816 2577 4889; x_wconf 82' lang='grc' dir='ltr'>τῷ</span> <span class='ocrx_word' id='word_1_952' title='bbox 2614 4815 2912 4889; x_wconf 85' lang='grc' dir='ltr'>ἀνθρώπῳ·</span> <span class='ocrx_word' id='word_1_953' title='bbox 2952 4818 3167 4886; x_wconf 81' lang='grc' dir='ltr'>Καιρὸς</span> <span class='ocrx_word' id='word_1_954' title='bbox 3203 4821 3431 4888; x_wconf 77' lang='grc' dir='ltr'>παντὸς</span> <span class='ocrx_word' id='word_1_955' title='bbox 3468 4823 3577 4876; x_wconf 80' lang='grc' dir='ltr'>ἀν-</span> 
     </span>
    </p>
   </div>
   <div class='ocr_carea' id='block_1_121' title="bbox 2004 4896 3573 4975">
    <p class='ocr_par' dir='ltr' id='par_1_121' title="bbox 2004 4896 3573 4975">
     <span class='ocr_line' id='line_1_121' title="bbox 2004 4896 3573 4975; baseline 0 -19"><span class='ocrx_word' id='word_1_956' title='bbox 2004 4901 2239 4969; x_wconf 80' lang='grc' dir='ltr'>θρώπου</span> <span class='ocrx_word' id='word_1_957' title='bbox 2278 4896 2423 4968; x_wconf 74' lang='grc' dir='ltr'>ἧκεί</span> <span class='ocrx_word' id='word_1_958' title='bbox 2442 4903 2593 4969; x_wconf 83' lang='grc' dir='ltr'>πρός</span> <span class='ocrx_word' id='word_1_959' title='bbox 2624 4916 2722 4968; x_wconf 79' lang='grc' dir='ltr'>με.</span> <span class='ocrx_word' id='word_1_960' title='bbox 2763 4901 2826 4953; x_wconf 75' lang='lat' dir='ltr'><strong><em>El</em></strong></span> <span class='ocrx_word' id='word_1_961' title='bbox 2850 4901 2908 4954; x_wconf 85' lang='grc' dir='ltr'>δέ</span> <span class='ocrx_word' id='word_1_962' title='bbox 2933 4900 3024 4955; x_wconf 76' lang='grc' dir='ltr'>τὸν</span> <span class='ocrx_word' id='word_1_963' title='bbox 3061 4901 3343 4973; x_wconf 80' lang='grc' dir='ltr'>ἄνθρωπον</span> <span class='ocrx_word' id='word_1_964' title='bbox 3374 4903 3573 4975; x_wconf 90' lang='grc' dir='ltr'>ἐμίσει,</span> 
     </span>
    </p>
   </div>
   <div class='ocr_carea' id='block_1_122' title="bbox 1999 4982 3574 5057">
    <p class='ocr_par' dir='ltr' id='par_1_122' title="bbox 1999 4982 3574 5057">
     <span class='ocr_line' id='line_1_122' title="bbox 1999 4982 3574 5057; baseline 0.001 -20"><span class='ocrx_word' id='word_1_965' title='bbox 1999 4987 2102 5039; x_wconf 79' lang='grc' dir='ltr'>οὐκ</span> <span class='ocrx_word' id='word_1_966' title='bbox 2134 4982 2202 5037; x_wconf 81' lang='grc' dir='ltr'>ἂν</span> <span class='ocrx_word' id='word_1_967' title='bbox 2227 4982 2497 5054; x_wconf 83' lang='grc' dir='ltr'>ἀνθρώπῳ</span> <span class='ocrx_word' id='word_1_968' title='bbox 2528 4982 2799 5054; x_wconf 84' lang='grc' dir='ltr'>διελέχθη.</span> <span class='ocrx_word' id='word_1_969' title='bbox 2835 4983 2948 5037; x_wconf 87' lang='grc' dir='ltr'>Νῦν</span> <span class='ocrx_word' id='word_1_970' title='bbox 2991 4983 3049 5036; x_wconf 87' lang='grc' dir='ltr'>δὲ</span> <span class='ocrx_word' id='word_1_971' title='bbox 3078 4986 3209 5057; x_wconf 78' lang='grc' dir='ltr'>ὁρᾷς</span> <span class='ocrx_word' id='word_1_972' title='bbox 3251 4987 3413 5040; x_wconf 82' lang='grc' dir='ltr'>αὑτὸν</span> <span class='ocrx_word' id='word_1_973' title='bbox 3452 4986 3574 5040; x_wconf 74' lang='grc' dir='ltr'>οὔτε</span> 
     </span>
    </p>
   </div>
   <div class='ocr_carea' id='block_1_123' title="bbox 2007 5067 3575 5140">
    <p class='ocr_par' dir='ltr' id='par_1_123' title="bbox 2007 5067 3575 5140">
     <span class='ocr_line' id='line_1_123' title="bbox 2007 5067 3575 5140; baseline 0.003 -20"><span class='ocrx_word' id='word_1_974' title='bbox 2007 5068 2326 5139; x_wconf 79' lang='grc' dir='ltr'>βουλόμενον</span> <span class='ocrx_word' id='word_1_975' title='bbox 2345 5068 2590 5137; x_wconf 82' lang='grc' dir='ltr'>ποιῆσαι,</span> <span class='ocrx_word' id='word_1_976' title='bbox 2610 5067 2749 5137; x_wconf 81' lang='grc' dir='ltr'>ὅπερ</span> <span class='ocrx_word' id='word_1_977' title='bbox 2773 5067 3033 5139; x_wconf 80' lang='grc' dir='ltr'>ἠπείλησε</span> <span class='ocrx_word' id='word_1_978' title='bbox 3060 5072 3303 5140; x_wconf 78' lang='grc' dir='ltr'>ποιῆσαι,</span> <span class='ocrx_word' id='word_1_979' title='bbox 3328 5070 3466 5123; x_wconf 84' lang='grc' dir='ltr'>ἀλλὰ</span> <span class='ocrx_word' id='word_1_980' title='bbox 3481 5072 3575 5125; x_wconf 77' lang='grc' dir='ltr'>καὶ</span> 
     </span>
    </p>
   </div>
   <div class='ocr_carea' id='block_1_124' title="bbox 2004 5147 3576 5223">
    <p class='ocr_par' dir='ltr' id='par_1_124' title="bbox 2004 5147 3576 5223">
     <span class='ocr_line' id='line_1_124' title="bbox 2004 5147 3576 5223; baseline 0.003 -20"><span class='ocrx_word' id='word_1_981' title='bbox 2004 5147 2436 5219; x_wconf 88' lang='grc' dir='ltr'>ἀπολογούμενον</span> <span class='ocrx_word' id='word_1_982' title='bbox 2473 5149 2550 5220; x_wconf 83' lang='grc' dir='ltr'>τῷ</span> <span class='ocrx_word' id='word_1_983' title='bbox 2576 5149 2749 5220; x_wconf 88' lang='grc' dir='ltr'>δούλῳ</span> <span class='ocrx_word' id='word_1_984' title='bbox 2784 5151 2876 5203; x_wconf 82' lang='grc' dir='ltr'>τὸν</span> <span class='ocrx_word' id='word_1_985' title='bbox 2908 5150 3135 5221; x_wconf 84' lang='grc' dir='ltr'>Κύριον,</span> <span class='ocrx_word' id='word_1_986' title='bbox 3169 5152 3263 5204; x_wconf 78' lang='grc' dir='ltr'>καὶ</span> <span class='ocrx_word' id='word_1_987' title='bbox 3293 5152 3367 5216; x_wconf 83' lang='grc' dir='ltr'>ὡς</span> <span class='ocrx_word' id='word_1_988' title='bbox 3393 5155 3576 5223; x_wconf 86' lang='grc' dir='ltr'>ὁμοτί-</span> 
     </span>
    </p>
   </div>
   <div class='ocr_carea' id='block_1_125' title="bbox 2006 5231 3573 5308">
    <p class='ocr_par' dir='ltr' id='par_1_125' title="bbox 2006 5231 3573 5308">
     <span class='ocr_line' id='line_1_125' title="bbox 2006 5231 3573 5308; baseline 0.004 -26"><span class='ocrx_word' id='word_1_989' title='bbox 2006 5249 2094 5303; x_wconf 87' lang='grc' dir='ltr'>μῳ</span> <span class='ocrx_word' id='word_1_990' title='bbox 2120 5231 2258 5303; x_wconf 84' lang='grc' dir='ltr'>φίλῳ</span> <span class='ocrx_word' id='word_1_991' title='bbox 2288 5231 2670 5303; x_wconf 82' lang='grc' dir='ltr'>διαλεγόμενον</span> <span class='ocrx_word' id='word_1_992' title='bbox 2715 5233 2810 5286; x_wconf 83' lang='grc' dir='ltr'>καὶ</span> <span class='ocrx_word' id='word_1_993' title='bbox 2854 5232 3078 5301; x_wconf 87' lang='grc' dir='ltr'>λέγοντα</span> <span class='ocrx_word' id='word_1_994' title='bbox 3112 5233 3211 5297; x_wconf 72' lang='grc' dir='ltr'>τὰς</span> <span class='ocrx_word' id='word_1_995' title='bbox 3255 5235 3435 5299; x_wconf 79' lang='grc' dir='ltr'>αἰτίας</span> <span class='ocrx_word' id='word_1_996' title='bbox 3472 5237 3573 5308; x_wconf 84' lang='grc' dir='ltr'>τῆς</span> 
     </span>
    </p>
   </div>
   <div class='ocr_carea' id='block_1_126' title="bbox 2009 5315 3573 5389">
    <p class='ocr_par' dir='ltr' id='par_1_126' title="bbox 2009 5315 3573 5389">
     <span class='ocr_line' id='line_1_126' title="bbox 2009 5315 3573 5389; baseline 0.004 -21"><span class='ocrx_word' id='word_1_997' title='bbox 2009 5315 2309 5387; x_wconf 88' lang='grc' dir='ltr'>μελλούσης</span> <span class='ocrx_word' id='word_1_998' title='bbox 2335 5316 2610 5380; x_wconf 88' lang='grc' dir='ltr'>ἀπωλείας</span> <span class='ocrx_word' id='word_1_999' title='bbox 2640 5316 2887 5382; x_wconf 75' lang='grc' dir='ltr'>ἔσεσθαι,</span> <span class='ocrx_word' id='word_1_1000' title='bbox 2912 5318 3009 5387; x_wconf 83' lang='grc' dir='ltr'>οὐχ</span> <span class='ocrx_word' id='word_1_1001' title='bbox 3056 5318 3142 5371; x_wconf 83' lang='grc' dir='ltr'>ἵνα</span> <span class='ocrx_word' id='word_1_1002' title='bbox 3172 5316 3317 5389; x_wconf 85' lang='grc' dir='ltr'>μάθῃ</span> <span class='ocrx_word' id='word_1_1003' title='bbox 3351 5319 3450 5382; x_wconf 82' lang='grc' dir='ltr'>τάς</span> <span class='ocrx_word' id='word_1_1004' title='bbox 3489 5323 3573 5373; x_wconf 75' lang='lat' dir='ltr'><strong><em>al-</em></strong></span> 
     </span>
    </p>
   </div>
   <div class='ocr_carea' id='block_1_127' title="bbox 2004 5398 3570 5469">
    <p class='ocr_par' dir='ltr' id='par_1_127' title="bbox 2004 5398 3570 5469">
     <span class='ocr_line' id='line_1_127' title="bbox 2004 5398 3570 5469; baseline 0.004 -19"><span class='ocrx_word' id='word_1_1005' title='bbox 2004 5399 2124 5462; x_wconf 90' lang='grc' dir='ltr'>τίας</span> <span class='ocrx_word' id='word_1_1006' title='bbox 2158 5402 2188 5453; x_wconf 78' lang='lat'>6</span> <span class='ocrx_word' id='word_1_1007' title='bbox 2239 5398 2558 5469; x_wconf 77' lang='grc' dir='ltr'>ἄνθρωπος,</span> <span class='ocrx_word' id='word_1_1008' title='bbox 2585 5399 2701 5452; x_wconf 87' lang='grc' dir='ltr'>ἀλλ’</span> <span class='ocrx_word' id='word_1_1009' title='bbox 2737 5401 2823 5454; x_wconf 72' lang='grc' dir='ltr'>ἵνα</span> <span class='ocrx_word' id='word_1_1010' title='bbox 2854 5402 2965 5464; x_wconf 82' lang='grc' dir='ltr'>τοῖς</span> <span class='ocrx_word' id='word_1_1011' title='bbox 3002 5400 3182 5465; x_wconf 81' lang='grc' dir='ltr'>ἄλλοις</span> <span class='ocrx_word' id='word_1_1012' title='bbox 3238 5401 3440 5468; x_wconf 76' lang='grc' dir='ltr'>εἰπὼν,</span> <span class='ocrx_word' id='word_1_1013' title='bbox 3471 5418 3570 5456; x_wconf 89' lang='grc' dir='ltr'>σω-</span> 
     </span>
    </p>
   </div>
   <div class='ocr_carea' id='block_1_128' title="bbox 2006 5483 3571 5556">
    <p class='ocr_par' dir='ltr' id='par_1_128' title="bbox 2006 5483 3571 5556">
     <span class='ocr_line' id='line_1_128' title="bbox 2006 5483 3571 5556; baseline 0.004 -21"><span class='ocrx_word' id='word_1_1014' title='bbox 2006 5483 2396 5554; x_wconf 85' lang='grc' dir='ltr'>φρονεστέρους</span> <span class='ocrx_word' id='word_1_1015' title='bbox 2434 5484 2631 5547; x_wconf 80' lang='grc' dir='ltr'>αὐτοὺς</span> <span class='ocrx_word' id='word_1_1016' title='bbox 2653 5484 2974 5555; x_wconf 86' lang='grc' dir='ltr'>ἐργάσηται.</span> <span class='ocrx_word' id='word_1_1017' title='bbox 3021 5483 3159 5536; x_wconf 80' lang='grc' dir='ltr'>Ἀλλ’</span> <span class='ocrx_word' id='word_1_1018' title='bbox 3192 5484 3328 5556; x_wconf 84' lang='grc' dir='ltr'>ὅπερ</span> <span class='ocrx_word' id='word_1_1019' title='bbox 3367 5484 3571 5555; x_wconf 74' lang='grc' dir='ltr'>ἔλεγον,</span> 
     </span>
    </p>
   </div>
   <div class='ocr_carea' id='block_1_129' title="bbox 2004 5563 3603 5639">
    <p class='ocr_par' dir='ltr' id='par_1_129' title="bbox 2004 5563 3603 5639">
     <span class='ocr_line' id='line_1_129' title="bbox 2004 5563 3603 5639; baseline -0.018 -22"><span class='ocrx_word' id='word_1_1020' title='bbox 2004 5563 2147 5618; x_wconf 84' lang='grc' dir='ltr'>οῦτω</span> <span class='ocrx_word' id='word_1_1021' title='bbox 2174 5566 2359 5629; x_wconf 88' lang='grc' dir='ltr'>κακῶς</span> <span class='ocrx_word' id='word_1_1022' title='bbox 2387 5566 2544 5637; x_wconf 80' lang='grc' dir='ltr'>ἡμῶν</span> <span class='ocrx_word' id='word_1_1023' title='bbox 2584 5567 2822 5637; x_wconf 72' lang='grc' dir='ltr'>ἔπραττε</span> <span class='ocrx_word' id='word_1_1024' title='bbox 2855 5567 2916 5618; x_wconf 80' lang='grc' dir='ltr'>τὸ</span> <span class='ocrx_word' id='word_1_1025' title='bbox 2936 5566 3090 5634; x_wconf 83' lang='grc' dir='ltr'>γένος</span> <span class='ocrx_word' id='word_1_1026' title='bbox 3127 5566 3432 5639; x_wconf 67' lang='grc' dir='ltr'>ἔμπροσθεν</span> <span class='ocrx_word' id='word_1_1027' title='bbox 3455 5610 3470 5635; x_wconf 60' lang='lat'><strong>’</strong></span> <span class='ocrx_word' id='word_1_1028' title='bbox 3497 5570 3575 5634; x_wconf 58' lang='grc' dir='ltr'>ὡς</span> <span class='ocrx_word' id='word_1_1029' title='bbox 3600 5582 3603 5589; x_wconf 94' lang='grc'>.</span> 
     </span>
    </p>
   </div>
   <div class='ocr_carea' id='block_1_130' title="bbox 2006 5648 3575 5726">
    <p class='ocr_par' dir='ltr' id='par_1_130' title="bbox 2006 5648 3575 5726">
     <span class='ocr_line' id='line_1_130' title="bbox 2006 5648 3575 5726; baseline 0.004 -25"><span class='ocrx_word' id='word_1_1030' title='bbox 2006 5648 2343 5704; x_wconf 85' lang='grc' dir='ltr'>κινδυνεῦσαι</span> <span class='ocrx_word' id='word_1_1031' title='bbox 2378 5652 2470 5704; x_wconf 73' lang='grc' dir='ltr'>καὶ</span> <span class='ocrx_word' id='word_1_1032' title='bbox 2498 5650 2596 5721; x_wconf 87' lang='grc' dir='ltr'>τῆς</span> <span class='ocrx_word' id='word_1_1033' title='bbox 2620 5652 2722 5720; x_wconf 82' lang='grc' dir='ltr'>γῆς</span> <span class='ocrx_word' id='word_1_1034' title='bbox 2744 5649 2914 5719; x_wconf 76' lang='grc' dir='ltr'>αὐτῆς</span> <span class='ocrx_word' id='word_1_1035' title='bbox 2944 5651 3215 5706; x_wconf 86' lang='grc' dir='ltr'>ἐκπεσεῖν.</span> <span class='ocrx_word' id='word_1_1036' title='bbox 3256 5652 3395 5707; x_wconf 77' lang='grc' dir='ltr'>Ἀλλ’</span> <span class='ocrx_word' id='word_1_1037' title='bbox 3415 5656 3575 5726; x_wconf 77' lang='grc' dir='ltr'>ἡμεῖς</span> 
     </span>
    </p>
   </div>
   <div class='ocr_carea' id='block_1_131' title="bbox 2075 5799 3452 5867">
    <p class='ocr_par' dir='ltr' id='par_1_131' title="bbox 2075 5799 3452 5867">
     <span class='ocr_line' id='line_1_131' title="bbox 2075 5799 3452 5867; baseline 0.005 -18"><span class='ocrx_word' id='word_1_1038' title='bbox 2075 5808 2099 5837; x_wconf 70' lang='grc'><strong>⁸</strong></span> <span class='ocrx_word' id='word_1_1039' title='bbox 2118 5799 2241 5864; x_wconf 82' lang='lat' dir='ltr'><strong>Reg.</strong></span> <span class='ocrx_word' id='word_1_1040' title='bbox 2259 5801 2366 5863; x_wconf 79' lang='grc' dir='ltr'>περὶ</span> <span class='ocrx_word' id='word_1_1041' title='bbox 2396 5802 2492 5849; x_wconf 86' lang='grc' dir='ltr'>τῶν</span> <span class='ocrx_word' id='word_1_1042' title='bbox 2525 5801 2787 5863; x_wconf 73' lang='grc' dir='ltr'>μαρτύρων.</span> <span class='ocrx_word' id='word_1_1043' title='bbox 2817 5800 2947 5854; x_wconf 76' lang='lat' dir='ltr'>Edili</span> <span class='ocrx_word' id='word_1_1044' title='bbox 2969 5805 3074 5863; x_wconf 85' lang='grc' dir='ltr'>περὶ</span> <span class='ocrx_word' id='word_1_1045' title='bbox 3104 5807 3201 5855; x_wconf 88' lang='grc' dir='ltr'>τῶν</span> <span class='ocrx_word' id='word_1_1046' title='bbox 3222 5806 3452 5867; x_wconf 78' lang='grc' dir='ltr'>ἀγγέλων.</span> 
     </span>
    </p>
   </div>
  </div>
