3892 6294
398 352 507 408 “8

396 471 444 523 οί
471 466 570 538 τῆς
604 464 709 535 γῆς
740 461 948 527 ἀνάξιοι
998 461 1288 531 φανέντες,
1319 462 1558 534 τήμερον
1585 463 1664 524 είς
1707 456 1968 530 οὐρανοὺς

394 553 712 626 ἀνήχθημεν
729 568 744 583 ”
765 553 815 605 οί
847 550 981 622 μηδὲ
1003 550 1100 620 τῆς
1127 549 1277 602 κάτω
1299 551 1472 619 ἀρχῆς
1495 548 1644 611 ὀντες
1658 548 1817 611 ἄξιοι,
1833 545 1970 617 πρὸς

396 646 496 712 τὴν
529 642 805 715 βασιλείαν
832 639 1106 711 ἀνέϐημεν
1130 641 1230 717 τὴν
1263 639 1375 693 ἄνω
1394 676 1412 699 ,
1459 637 1810 707 ὑπερέϐημεν
1841 637 1968 698 τοὺς

395 732 660 802 οὐρανοὺς
682 771 697 794 ,
736 727 1114 799 ἐπελαϐόμεθα
1141 725 1236 780 τοῦ
1280 725 1470 797 θρόνου
1512 724 1607 776 τοῦ
1648 721 1924 793 βασιλικοῦ
1951 735 1966 750 '

398 819 492 875 καὶ
523 820 558 888 ἡ
588 816 780 887 φύσις,
804 815 874 868 δι’
901 817 968 884 ἢν
1011 814 1273 883 ἐφύλαττε
1297 814 1389 866 τὸν
1421 813 1744 883 παράδεισον
1767 811 1835 863 τὰ
1864 811 1969 863 Χε-

397 905 617 976 ρουϐὶμ,
647 903 785 974 αῦτη
807 903 994 959 ἐπάνω
1015 903 1124 956 τῶν
1146 900 1426 971 Χερουϐὶμ
1445 890 1680 970 κάθηται
1708 900 1964 969 σήμερον.

422 991 570 1044 ⁴Αλλά
603 989 724 1054 πῶς
761 989 920 1044 τοῦτο
973 990 1165 1058 γέγονε
1208 987 1271 1040 τὸ
1319 986 1631 1057 θαυμαστὸν
1659 986 1753 1040 καὶ
1783 986 1966 1055 μέγας

397 1082 513 1146 πῶς
546 1082 706 1151 ἡμεῖς
757 1080 807 1132 οί
841 1072 1372 1149 προσκεκροόικότες,
1409 1077 1457 1128 οί
1486 1075 1586 1145 τῆς
1629 1074 1732 1143 γῆς
1757 1072 1966 1140 ἀνάξιοι

395 1169 686 1237 φανέντες,
739 1167 832 1222 καὶ
875 1167 977 1234 τῆς
1017 1165 1192 1235 ἀρχῆς
1221 1164 1322 1231 τῆς
1355 1161 1597 1217 κάτωθεν
1645 1162 1968 1225 ἐκπεσόντες

394 1255 532 1326 πρὸς
559 1254 809 1309 τοσοῦτον
837 1252 970 1322 ὕψος
996 1251 1204 1322 ἀνήχθη
1214 1265 1348 1320 μεν;
1381 1248 1499 1313 πῶς
1525 1249 1553 1301 ὀ
1574 1247 1809 1318 πόλεμος
1836 1265 1968 1301 κατ-

393 1346 556 1417 ελύθη
576 1386 591 1409 ,
622 1343 748 1407 ,πῶς
773 1345 806 1414 ή
832 1341 969 1414 ὀργὴ
1011 1340 1284 1414 ἀνῃρέθη;
1319 1338 1478 1404 Πῶς;
1522 1336 1680 1391 τοῦτο
1708 1337 1815 1407 γάρ
1851 1337 1967 1389 ἐστι

400 1437 452 1489 τὸ
483 1435 813 1506 θαυμαστὸν,
852 1434 934 1486 ὅτι
960 1432 1084 1501 οὐχὶ
1110 1430 1218 1484 τῶν
1262 1430 1461 1492 ἀδίκως
1501 1426 1866 1500 ὀργιζομένων
1890 1427 1968 1498 τῷ

393 1523 539 1594 Θεῷ,
569 1522 682 1577 ἀλλ’
722 1519 884 1575 αὐτοῦ
923 1519 1017 1573 τοῦ
1058 1518 1280 1581 δικαίως
1307 1514 1743 1586 ἀγανακτοῦντος
1785 1532 1966 1586 παρα-

395 1608 718 1670 καλέσαντος
748 1607 896 1677 ἡμᾶς
914 1646 929 1671 ,
956 1602 1128 1666 οὓτως
1157 1604 1357 1674 εἰρήνη
1378 1602 1620 1672 γέγονεν.
1644 1602 1811 1669 ’Υπὲρ
1832 1605 1968 1669 Χρι-

392 1696 544 1751 στοῦ
594 1694 706 1766 γὰρ
754 1694 1163 1763 πρεσϐεύομεν
1183 1732 1200 1757 ,
1257 1690 1338 1756 ὡς
1374 1690 1481 1744 τοῦ
1510 1687 1658 1743 Θεοῦ
1704 1705 1968 1758 παρακα-

394 1782 650 1849 λοῦντος
681 1781 753 1835 δι’
788 1779 977 1849 ἡμῶν.
1004 1780 1068 1833 Τί
1102 1777 1291 1841 τοῦτο;
1325 1775 1475 1851 [450]
1501 1775 1661 1840 αὐτὸς
1691 1775 1963 1846 ὕϐρισται,

393 1874 488 1926 καὶ
534 1871 696 1935 αὐτὸς
728 1868 1069 1939 παρακαλεῖ;
1094 1867 1234 1921 Nai“
1279 1865 1410 1929 Θεὸς
1440 1864 1548 1938 γάρ
1576 1867 1723 1929 ἐστι,
1755 1866 1850 1918 καὶ
1879 1865 1968 1918 διά

393 1959 550 2014 τοῦτο
571 1958 647 2022 ὡς
668 1957 1047 2027 φιλάνθρωπος
1077 1955 1258 2026 πατὴρ
1292 1953 1617 2025 παρακαλεῖ.

464 2045 576 2101 Καὶ
607 2045 708 2116 ὅρα
729 2045 781 2098 τί
818 2043 1028 2113 γίνεται
1049 2058 1060 2071 ’
1084 2041 1326 2110 Μεσίτης
1351 2041 1381 2093 0
1408 2040 1503 2092 τοῦ
1529 2037 1968 2111 παρακαλοῦντος

395 2133 522 2197 Υἱὸς
537 2174 553 2198 ,
575 2134 677 2187 οὐκ
696 2132 979 2204 ἄνθρωπος
998 2170 1013 2194 ,
1035 2131 1157 2185 οὐδὲ
1186 2130 1413 2198 ἅγγελος
1427 2168 1443 2193 ,
1465 2129 1587 2184 οὐδέ
1609 2129 1966 2201 ἀρχάγγελος,

391 2225 511 2279 οὐδὲ
538 2223 646 2277 τῶν
691 2221 917 2277 οίκετῶν
964 2219 1158 2283 οὐδείς.
1191 2218 1303 2273 Καὶ
1351 2219 1404 2272 τί
1449 2222 1593 2273 ποιεῖ
1644 2220 1673 2271 0
1707 2220 1966 2290 μεσίτηςς

396 2313 595 2385 Ἔργον
620 2311 861 2382 μεσίτου.
891 2308 1159 2377 Καθάπερ
1192 2305 1303 2378 γάρ
1328 2305 1421 2359 δύο
1449 2305 1610 2360 τινῶν
1632 2307 1969 2377 ἀποστρεφο-

395 2399 575 2469 μένων
626 2395 887 2465 ἀλλήλους
918 2395 1012 2451 καὶ
1062 2393 1124 2447 οὐ
1175 2391 1510 2463 βουλομένων
1537 2393 1887 2462 διαλλαγῆναι
1916 2406 1966 2457 ι,

392 2485 579 2556 ἕτερός
606 2500 691 2547 τις
718 2481 884 2535 ἐλθὼν
903 2521 918 2546 ,
961 2480 1054 2534 καὶ
1084 2480 1248 2551 μέσον
1283 2480 1469 2535 ἑαυτὸν
1494 2480 1745 2550 ἐμϐαλὼν
1778 2481 1969 2536 ἐκατέ-

396 2589 508 2643 ρων
534 2571 651 2624 λύει
677 2570 777 2639 τὴν
804 2567 1001 2639 ἔχθραν
1021 2584 1034 2597 '
1074 2566 1218 2621 οὕτω
1243 2567 1339 2621 καὶ
1378 2568 1407 2620 0
1432 2565 1665 2639 Χριστὸς
1691 2568 1963 2640 ἐποίησεν.

408 2658 686 2733 Ὢργίζετο
735 2662 867 2731 ἡμῖν
896 2663 925 2713 0
972 2658 1144 2723 Θεὸς,
1185 2658 1643 2729 ἀπεστρεφόμεθα
1682 2660 1844 2730 ἡμεῖς
1874 2659 1966 2712 τὸν

394 2750 548 2815 Θεὸν,
577 2748 669 2802 τὸν
692 2747 1071 2820 φιλάνθρωπον
1102 2745 1376 2816 Δεσπότην
1396 2764 1410 2777 ·
1448 2745 1610 2816 μέσον
1632 2746 1836 2809 ,ἐαυτὸν
1869 2748 1969 2818 ἐμ-

394 2837 575 2892 ϐαλὼν
599 2839 628 2891 0
657 2836 888 2909 Χριστὸς
915 2835 1183 2907 ἑκατέραν
1205 2834 1304 2906 τὴν
1332 2834 1492 2904 φύσιν
1517 2835 1831 2906 κατήλλαξε.
1860 2832 1970 2888 Καὶ

394 2924 515 2988 πῶς
544 2925 704 2996 μέσον
731 2924 923 2978 ἐαυτὸν
956 2921 1173 2976 ἐνέϐαλε
1200 2940 1216 2988 ;
1251 2921 1364 2993 Τὴν
1392 2924 1662 2994 τιμωρξαν
1694 2924 1792 2995 τὴν
1821 2925 1971 2996 ὀφει-

394 3011 627 3084 λομένην
655 3013 787 3083 ήμίν
816 3009 968 3081 παρά
998 3008 1092 3062 τοῦ
1117 3008 1329 3079 Πατρὸς
1357 3009 1519 3074 αὐτὸς
1539 3011 1814 3078 ἐνεδέξατο
1836 3052 1851 3077 ,
1877 3013 1970 3067 καὶ

396 3101 495 3173 τὴν
543 3098 748 3153 ἐκεῖθεν
778 3098 1044 3170 τιμωρίαν
1083 3097 1177 3150 καὶ
1225 3096 1295 3149 τὰ
1350 3096 1583 3150 ἐνταῦθα
1635 3098 1807 3171 ὀνείδη
1866 3101 1970 3155 ὑπ-

396 3190 600 3259 έμεινε.
635 3187 820 3241 Βούλει
862 3184 1049 3257 μαθεῖν
1095 3182 1212 3248 πῶς
1246 3184 1481 3255 ἑκάτερα
1532 3186 1692 3251 αὐτὸς
1726 3187 1966 3256 ἐδέξατος

396 3277 653 3348 Χριστὸς
676 3269 835 3347 ἡμᾶς
863 3277 915 3341 δ,
942 3275 1127 3346 φησὶν,
1177 3273 1544 3342 ἐξηγόρασεν
1584 3275 1656 3330 ἐκ
1685 3274 1794 3345 τῆς
1831 3294 1968 3331 κατ-

395 3366 545 3434 άρας
584 3364 691 3421 τοῦ
720 3366 928 3436 νόμον,
974 3363 1296 3434 γενόμενος
1340 3362 1493 3432 ὑπὲρ
1528 3363 1698 3433 ἡμῶν
1722 3364 1964 3434 κατάρα.

398 3450 550 3519 Εἶδες
570 3454 687 3516 πῶς
712 3451 916 3507 ἀνωθεν
935 3451 1033 3522 τὴν
1066 3450 1370 3522 φερομένην
1405 3453 1674 3522 τιμωρίαν
1717 3452 1932 3517 ἐδέξατο
1950 3469 1967 3487 ⁸

394 3542 497 3613 ὅρα
520 3541 639 3605 πῶς
660 3541 756 3595 καὶ
780 3538 848 3595 τά
869 3537 1112 3592 κάτωθεν
1125 3539 1401 3614 φερόμενα
1423 3539 1598 3610 ὀνείδη
1630 3540 1919 3611 ὑπέμεινεν
1946 3558 1961 3573 ο

399 3633 465 3686 Ol
494 3627 819 3695 ὀνειδισμοὶ
845 3624 963 3683 τῶν
994 3624 1396 3685 ὀνειδιζόντων
1420 3641 1513 3688 σε,
1548 3627 1732 3697 φησιν,
1754 3629 1967 3684 ἐπέπο-

395 3732 514 3771 σον
541 3716 635 3768 ἐπ’
658 3713 782 3784 ἐμέ.
813 3711 965 3776 Εἶδες
991 3711 1109 3777 πῶς
1130 3712 1337 3767 διέλυσε
1361 3713 1460 3783 τὴν
1493 3713 1687 3784 ἔχθραν
1706 3755 1722 3781 ,
1763 3714 1880 3778 πῶς
1904 3715 1964 3769 οὐ

396 3803 661 3873 πρότερον
698 3800 910 3871 ἀπέστη
934 3801 1110 3855 πάντα
1141 3800 1309 3853 ποιῶν
1350 3801 1442 3855 καὶ
1463 3802 1686 3870 πάσχων
1713 3803 1809 3856 καὶ
1832 3820 1967 3874 πρα-

392 3889 801 3959 γματευόμενος
823 3926 839 3949 ,
861 3886 967 3952 ἕως
996 3886 1087 3941 τὸν
1125 3887 1383 3956 πολέμιον
1413 3888 1507 3941 καὶ
1538 3888 1730 3959 ἐχθρὸν
1763 3890 1965 3961 ἀνήγα-

391 3991 491 4042 γεν
520 3974 666 4045 αὐτῷ
703 3974 778 4044 τῷ
809 3973 947 4044 Θεῷ,
976 3975 1070 4028 καὶ
1117 3972 1268 4044 φίλον
1314 3974 1575 4045 ἐποίησε;
1617 3976 1726 4029 Καὶ
1763 3977 1963 4031 τούτων

391 4061 504 4114 τῶν
533 4061 753 4128 ἀγαθῶν
795 4060 1110 4132 ὑπόθεσιςή
1162 4064 1396 4133 σήμερον
1448 4063 1664 4133 ἡμέρα·
1715 4063 1964 4135 καθάπερ

393 4148 502 4222 γὰρ
523 4150 779 4221 ἀπαρχὴν
815 4154 913 4225 τῆς
963 4151 1176 4221 φύσεως
1225 4152 1383 4222 ήμῶν
1415 4152 1625 4214 λαϐὼν,
1657 4151 1830 4215 οὕτως
1866 4153 1962 4206 ἀν-

394 4240 569 4306 ήγαγε
597 4236 675 4307 τῷ
698 4239 961 4310 Δεσπότῃ.
990 4240 1099 4292 Καὶ
1118 4240 1255 4310 ὅπερ
1278 4239 1486 4307 γίνεται
1516 4239 1729 4294 ἐπὶτῶν
1764 4239 1963 4293 πεδίων

391 4324 502 4377 τῶν
534 4326 919 4395 σταχυηφόρων
941 4366 956 4390 ,
986 4326 1197 4394 ὀλίγους
1227 4343 1311 4392 τις
1346 4328 1585 4398 στάχυας
1624 4326 1833 4390 λαϐὼν,
1869 4328 1964 4381 καὶ

395 4412 588 4482 μικρὸν
616 4412 831 4483 δράγμα
860 4413 1090 4483 ποιήσας
1108 4454 1123 4480 ,
1157 4414 1252 4466 καὶ
1299 4414 1678 4485 προσενεγκὼν
1703 4415 1781 4487 τῷ
1821 4415 1961 4486 Θεῷ,

390 4499 477 4552 διά
505 4498 597 4552 τοῦ
632 4498 827 4571 μικροῦ
857 4500 1035 4552 πᾶσαν
1087 4501 1186 4570 τὴν
1222 4500 1461 4573 ἄρουραν
1506 4502 1718 4569 εὐλογεί
1741 4519 1756 4533 °
1805 4503 1964 4556 τοῦτο

392 4590 486 4641 καὶ
510 4591 541 4642 0
578 4590 810 4661 Χριστὸς
835 4588 1058 4659 ἐποίησε
1077 4630 1094 4656 ,
1123 4589 1189 4642 δι’
1228 4590 1442 4658 ἐκείνης
1478 4590 1576 4662 τῆς
1607 4593 1734 4662 μιᾶς
1764 4592 1963 4661 σαρκὸς

393 4677 610 4749 καὶτῆς
638 4680 888 4751 ἀπαρχῆς
912 4679 974 4731 τὸ
1013 4678 1168 4746 γένος
1202 4679 1263 4731 τὸ
1301 4680 1564 4751 ἡμέτερον
1609 4681 1962 4752 εὐλογηθῆναι

391 4754 664 4836 ἐποίησεν.
701 4766 858 4819 Ἀλλά
886 4766 974 4820 διά
1000 4767 1053 4825 τί
1096 4768 1158 4820 ού
1201 4767 1378 4822 πᾶσαν
1406 4766 1504 4838 τὴν
1537 4766 1695 4836 φύσιν
1737 4769 1963 4840 ἀνήνεγ-

392 4868 522 4919 κεν;
554 4853 674 4907 Ὀτι
701 4855 802 4907 οὐκ
829 4853 944 4907 ἔστι
964 4851 1120 4907 τοῦτο
1149 4853 1404 4925 ἀπαρχῆς
1438 4867 1460 4893 ε
1478 4896 1497 4918 ,
1532 4854 1626 4909 ἐὰν
1651 4854 1714 4908 τὸ
1735 4855 1853 4910 ὅλον
1879 4874 1961 4922 τις

392 4943 732 5015 προσενέγκῃ
751 4983 766 5007 ,
794 4942 912 4997 ἀλλ’
945 4942 1040 4999 ἐάν
1077 4959 1163 5006 τις
1192 4942 1388 5014 μικρὸν
1416 4945 1793 5015 προσενεγκὼν
1813 4987 1826 5008 ,
1870 4946 1961 5002 διά

388 5031 484 5087 τοῦ
515 5031 711 5103 μικροῦ
755 5032 817 5087 τὸ
847 5032 965 5086 ὅλον
1010 5032 1366 5103 εὐλογηθῖψαι
1408 5035 1821 5108 παρασκευάσῃ.
1849 5035 1961 5089 Καὶ

395 5120 501 5192 μὴν
528 5121 577 5174 εί
627 5121 848 5191 ἀπαρχὴ
873 5159 888 5186 ,
918 5121 1084 5192 φησὶν
1105 5162 1120 5185 ,
1152 5116 1251 5192 ἦν,
1299 5121 1467 5192 ἐχρῆν
1499 5123 1592 5176 τὸν
1618 5124 1832 5194 πρῶτον
1866 5125 1959 5179 ἄν-

390 5205 609 5279 θρωπον
649 5206 936 5277 γενόμενον
984 5208 1143 5261 αὑτὸν
1197 5208 1574 5281 ἀνενεχθῆναι·
1601 5212 1823 5283 ἀπαρχὴ
1852 5213 1960 5280 γάρ

388 5372 656 5495 ορέςὲἒίῖἱὲἱί
677 5374 988 5439 διαλεχθῆναι.
1006 5376 1149 5428 Hunc
1168 5379 1326 5429 locum
1346 5379 1493 5433 aﬂ'erl
1512 5377 1613 5428 Leo
1633 5392 1757 5441 papa
1788 5380 1840 5428 in
1861 5380 1959 5431 ﬁne

431 5495 489 5566 ,1³-
502 5496 623 5566 κοξζ.
796 5499 881 5548 τοῦ
904 5495 1120 5566 Σωτῆρος
1140 5501 1279 5566 αὑτὸς
1296 5501 1487 5566 ἐδέξατο
1504 5502 1585 5550 καὶ
1597 5501 1688 5566 ⁸’τιίις
1708 5502 1861 5566 ὑϐρεις
1879 5503 1959 5550 καὶ

387 5558 455 5624 τὰ
472 5558 1054 5624 ὀνείδη,νᾶγίποιησάμεθα’
1082 5564 1205 5611 κατά
1240 5561 1326 5624 τοῦ
1368 5560 1512 5620 Θεοῦ,
1557 5563 1698 5617 αὑτὸς
1719 5558 1955 5623 ὑπέμεινε.

390 5618 559 5688 Βούλει
584 5622 741 5688 μαθεῖν
782 5618 883 5688 fudi;
908 5618 1289 5688 ἑκάτεραηαύτός
1310 5618 1516 5688 ἐδέξατο,
1540 5624 1622 5672 καὶ
1660 5625 1745 5682 τήν
1787 5618 1958 5672 ἐκεῖθεν

387 5681 633 5791 “Win,
652 5683 732 5729 καὶ
749 5685 809 5731 τά
825 5686 1013 5757 ,ἐκεῖθεν
1031 5681 1185 5742 ὀνείδη
1199 5721 1213 5744 ,
1234 5685 1433 5747 Χριστὸς
1450 5688 1592 5745 ἡμᾶςο

543 5756 624 5791 εει.
651 5743 858 5791 ἀπαογη.

450 5741 475 5771 ⁸
500 5741 624 5805 Reg.
651 5743 858 5809 ἀπαρχὴ.

1097 346 1156 400 S.
1191 345 1477 404 JOANNIS
1517 343 2010 402 οηιιῑεοετριιι
2049 342 2373 406 ARCHIEP.
2418 347 2968 407 CONSTANTINOP.

3536 353 3640 407 M6

2072 461 2188 515 ἐστι
2212 463 2273 516 τὸ
2315 464 2531 534 πρῶτον
2570 467 2935 538 ἐκφερόμενον
2956 508 2972 532 ,
3001 467 3061 521 τὸ
3088 468 3300 540 πρῶτον
3328 469 3641 539 βλαστάνον.

2072 553 2185 607 Οὐκ
2212 552 2329 609 ἐστι
2350 554 2512 611 τοῦτο
2548 557 2770 628 ἀπαρχὴ
2794 597 2811 622 ,
2847 559 3127 628 ἀγαπητὴ
3165 558 3261 613 ἐάν
3291 560 3383 613 τὸν
3429 561 3642 631 πρῶτον
3663 619 3679 635 δ

2069 647 2525 717 προσενέγκωμεν
2582 650 2795 721 καρπὸν
2835 650 3078 722 ἐξίτηλον
3111 651 3240 706 ὅντα
3284 652 3379 706 καὶ
3419 654 3639 725 ἀσθενῆ,

2068 735 2183 789 ἀλλ’
2212 737 2305 791 ἐάν
2324 738 2416 793 τὸν
2442 739 2663 810 δόκιμον
2691 742 3165 814 προσενέγκωμεν.
3202 746 3353 798 Ἐπεὶ
3378 741 3471 799 οὖν
3504 749 3645 800 ἐκεῖ·

2069 843 2157 891 νος
2183 828 2212 879 0
2234 828 2444 901 καρπὸς
2473 829 2772 896 ὑπεύθυνος
2809 833 3080 905 ἁμαρτίας
3105 830 3173 906 ἦν
3195 877 3211 901 ,
3242 836 3328 889 διὰ
3355 837 3510 891 τοῦτο
3543 841 3645 892 οὐκ

2068 915 2336 988 ἀνηνέχθη
2357 958 2372 977 ,
2394 918 2443 972 εί
2477 919 2572 972 καὶ
2604 920 2818 992 πρῶτος
2852 923 3067 990 ἐγένετο
3087 941 3102 957 ο
3142 924 3257 977 ἀλλ’
3283 920 3437 990 οὗτος
3466 929 3645 997 ἀπηλέ

2066 1007 2334 1079 λαγμένος
2357 1012 2626 1082 ἁμαρτίας
2647 1029 2661 1043 ·
2700 1012 2787 1067 διὰ
2811 1012 2968 1068 τοῦτο
2988 1015 3081 1069 καὶ
3109 1016 3380 1087 ἀνηνέχθη
3398 1059 3413 1085 ,
3459 1020 3508 1072 εί
3548 1018 3645 1071 καὶ

2070 1098 2208 1171 μετά
2227 1099 2400 1153 ταῦτα
2428 1101 2640 1171 ἐγένετο
2659 1121 2672 1135 ·
2702 1102 2861 1157 τοῦτο
2886 1104 2994 1176 γὰρ
3025 1105 3247 1178 ἀπαρχή
3266 1106 3315 1161 δ.

2137 1188 2205 1259 γ’.
2242 1193 2352 1245 Καὶ
2379 1192 2465 1267 ἵνα
2499 1194 2705 1265 μάθῃς,
2740 1195 2824 1248 ὅτι
2857 1197 2979 1266 οὐχὶ
3014 1198 3043 1250 0
3081 1197 3295 1267 πρῶτος
3330 1196 3644 1268 βλαστάνων

2067 1281 2301 1352 καρπὸς,
2318 1282 2474 1336 τοῦτο
2494 1284 2739 1355 ἀπαρχὴ,
2765 1284 2878 1340 ἀλλ’
2897 1289 2925 1339 0
2939 1285 3155 1356 δόκιμος
3170 1287 3262 1340 καὶ
3280 1289 3522 1355 γενναῖος
3547 1287 3644 1340 καὶ

2068 1371 2148 1433 είς
2171 1369 2355 1441 ἀκμὴν
2386 1371 2537 1443 ἥκων
2576 1374 2675 1445 τὴν
2709 1374 3109 1444 προσήκουσαν,
3140 1373 3246 1427 ἀπὸ
3274 1372 3381 1427 τῶν
3409 1373 3641 1444 Γραφῶν

2071 1478 2152 1514 σοι
2178 1463 2397 1533 παρέξω
2422 1464 2519 1534 τὴν
2548 1465 2871 1536 μαρτυρίαν.
2911 1466 3045 1519 Ἐὰν
3082 1464 3385 1532 εἰσέλθῃς,
3418 1465 3583 1536 φησὶν
3611 1466 3642 1517 0

2067 1555 2307 1625 Μωῦσῆς
2336 1555 2475 1626 πρὸς
2506 1555 2596 1611 τὸν
2630 1555 2778 1620 λαὸν,
2808 1558 2897 1622 εις
2931 1555 3048 1622 τὴν
3078 1554 3194 1625 γῆν
3236 1555 3347 1624 τῆς
3392 1557 3645 1626 ἐπαγγε-

2067 1644 2227 1710 λίας,
2253 1642 2333 1713 ἣν
2363 1645 2578 1714 Κύριος
2603 1647 2636 1699 ὁ
2673 1647 2817 1712 Θεός
2851 1661 2968 1701 σου
2995 1645 3205 1700 δίδωσί
3240 1662 3360 1710 σοι,
3397 1647 3494 1700 καὶ
3526 1664 3641 1715 φυ-

2067 1739 2297 1807 τεύσῃς
2330 1737 2478 1810 [451]
2501 1738 2572 1792 ἐν
2604 1737 2760 1806 αὐτῇ
2798 1735 2921 1793 πᾶν
2948 1738 3139 1803 ξύλον
3163 1738 3379 1792 ποιοῦν
3410 1739 3643 1806 καρπὸν

2063 1826 2394 1897 βρώσιμον,
2427 1829 2559 1897 τρία
2586 1827 2691 1896 ἐτη
2709 1829 2789 1884 οὐ
2817 1828 3251 1898 περικαθαριεῖς
3279 1829 3388 1883 τὸν
3411 1828 3643 1897 καρπὸν

2066 1920 2254 1974 αὐτοῦ
2273 1936 2286 1949 ⁸
2304 1920 2385 1985 τῷ
2415 1919 2485 1972 δὲ
2515 1917 2769 1988 τετάρτῳ
2799 1918 2916 1974 ἔτει
2945 1922 2978 1973 ό
3005 1919 3232 1987 καρπὸς
3257 1920 3445 1975 αὐτοῦ
3471 1919 3642 1988 ἅγιος

2067 2009 2238 2065 ἔσται
2261 2008 2343 2076 τῷ
2374 2011 2587 2080 Κυρίῳ.
2624 2011 2733 2065 Καὶ
2764 2010 2868 2083 μὴν
2897 2012 2946 2064 εἰ
2974 2011 3195 2083 ἀπαρχὴ
3228 2008 3295 2082 ἦν
3336 2012 3397 2064 τὸ
3426 2008 3641 2084 πρῶτον

2067 2100 2453 2172 ἐκφερόμενον,
2485 2101 2576 2155 τὸν
2605 2102 2662 2154 ἐν
2703 2100 2781 2171 τῷ
2802 2098 3002 2172 πρώτῳ
3027 2100 3255 2171 ἐνιαυτῷ
3285 2103 3517 2173 καρπὸν,
3544 2103 3643 2155 αὑ-

2067 2191 2158 2247 τὸν
2231 2192 2339 2246 ἔδει
2381 2191 2565 2248 δοῦναι
2620 2191 2697 2264 τῷ
2744 2193 2965 2264 Κυρίῳ·
3028 2192 3143 2247 νυνὶ
3187 2194 3245 2248 δέ
3292 2211 3444 2266 φησι·
3507 2197 3642 2265 Τρία

2068 2283 2172 2351 ἐτη
2226 2285 2301 2338 οὐ
2333 2284 2765 2354 ωρικαθαρωῖς
2809 2284 2916 2339 τὸν
2964 2284 3198 2353 καρπὸν
3246 2285 3457 2351 αὐτοῦ,
3506 2287 3641 2342 ἀλλά

2068 2375 2300 2446 ἀφήσεις
2348 2375 2532 2441 αὐτὸν,
2571 2375 2704 2431 διότι
2735 2375 2976 2446 ἐξίτηλον
3004 2377 3062 2430 τὸ
3094 2377 3308 2449 δένδρον
3337 2379 3474 2441 ἐστὶ,
3506 2378 3641 2432 διότι

2070 2465 2325 2539 ἀσθενὴς,
2355 2466 2493 2521 διότι
2524 2466 2702 2537 ἄωρος
2735 2470 2769 2538 ή
2800 2470 2930 2541 γονή
2950 2485 2965 2500 ’
2993 2470 3022 2522 0
3050 2470 3108 2522 δὲ
3136 2469 3417 2540 τέταρτος,
3452 2470 3639 2539 φησὶν,

2072 2556 2226 2626 ἅγιος
2266 2556 2417 2610 ἐσται
2445 2557 2524 2628 τῷ
2556 2557 2764 2629 Κυρίῳ.
2794 2559 2904 2612 Καὶ
2942 2558 3135 2613 σκόπει
3186 2560 3378 2629 σοφίαν
3415 2560 3641 2631 νομοθέ-

2068 2667 2163 2703 του
2181 2667 2196 2683 ο
2234 2649 2359 2703 οὕτε
2388 2653 2580 2721 φαγεῖν
2603 2651 2763 2705 αὑτὸν
2786 2653 2990 2715 εἴασεν,
3026 2652 3113 2707 ίνα
3146 2652 3223 2724 μὴ
3242 2653 3348 2725 πρὸ
3373 2653 3468 2707 τοῦ
3505 2654 3638 2707 Θεοῦ

2069 2742 2231 2806 αὐτὸς
2262 2741 2402 2814 λάϐῃ
2449 2743 2541 2796 τὸν
2578 2744 2818 2814 καρπόν·
2850 2742 2974 2798 οὔτε
3022 2745 3450 2817 προσενεχθῆναι
3479 2745 3640 2800 αὑτὸν

2069 2832 2389 2903 ἐπέτρεψεν,
2435 2833 2521 2886 ῐνα
2576 2833 2652 2904 μὴ
2704 2835 2882 2904 ἄωρος
2927 2835 3263 2908 προσενεχθῇ
3314 2834 3394 2906 τῷ
3430 2837 3637 2908 Κυρίῳ.

2082 2922 2260 2989 Ἀλλὰ,
2297 2926 2467 2993 Ἀφες
2515 2924 2633 2995 μὲν,
2679 2928 2864 2995 φησὶν,
2913 2927 3102 3000 ἐπειδὴ
3135 2926 3351 3000 πρῶτόν
3379 2930 3529 2982 ἐστι’
3565 2931 3636 3000 μὴ

2070 3016 2439 3089 προσενέγκῃς
2466 3017 2546 3081 δέ,
2577 3018 2762 3089 ἐπειδὴ
2795 3018 3012 3086 ἀνάξιόν
3055 3021 3169 3073 ἐστι
3214 3019 3314 3090 τῆς
3340 3020 3507 3090 τιμῆς
3545 3021 3636 3075 τοῦ

2067 3108 2452 3181 λαμϐάνοντος.
2492 3109 2655 3180 Ὁρᾷς
2691 3110 2772 3163 ὅτι
2820 3110 2881 3162 οὐ
2914 3110 2978 3165 τὸ
3005 3110 3220 3183 πρῶτον
3251 3112 3636 3182 ἐκφερόμενον,

2066 3202 2201 3256 ἀλλά
2229 3202 2290 3256 τὸ
2318 3203 2558 3273 δόκιμον,
2585 3201 2744 3255 τοῦτό
2799 3202 2947 3259 ἐστιν
2984 3203 3249 3275 ἀωρχής
3307 3204 3419 3259 Καὶ
3464 3205 3639 3260 ταῦτα

2067 3295 2200 3365 ἡμῖν
2229 3292 2319 3349 διά
2358 3292 2460 3364 τὴν
2503 3292 2683 3365 σάρκα
2712 3294 2779 3364 ἢν
2811 3293 3187 3365 προσήνεγκεν
3225 3294 3459 3366 εἴρηται.
3523 3296 3638 3351 Ἀν-

2067 3389 2266 3456 ήνεγκε
2287 3386 2467 3441 τοίνυν
2482 3385 2579 3455 τὴν
2604 3383 2858 3455 ἀπαρχὴν
2883 3385 2980 3454 τῆς
2998 3383 3212 3453 φύσεως
3234 3386 3336 3457 τῆς
3364 3388 3638 3460 ἡμετέρας

2065 3474 2145 3544 τῷ
2167 3472 2343 3541 Πατρί
2362 3489 2378 3507 -
2409 3473 2505 3526 καὶ
2530 3472 2706 3536 οὑτως
2752 3472 3030 3544 ἐθαύμασε
3057 3472 3122 3527 τὸ
3160 3473 3333 3546 δῶρον
3363 3477 3392 3528 0
3426 3476 3634 3546 Πατὴρ,

2067 3566 2162 3620 καὶ
2210 3565 2298 3620 διά
2337 3565 2437 3637 τὴν
2468 3564 2625 3630 ἀξίαν
2673 3564 2766 3619 τοῦ
2825 3564 3305 3637 προσενέγκαντος,
3330 3566 3423 3620 καὶ
3463 3567 3552 3620 διά
3579 3568 3637 3620 τὸ

2065 3658 2293 3729 ἄμωμον
2336 3658 2432 3710 τοῦ
2467 3656 2936 3728 προσενεχθέντος,
2968 3654 3042 3718 ὡς
3071 3657 3300 3721 οίκείαις
3320 3657 3451 3711 αὑτὸ
3482 3657 3637 3723 δέξαρ

2067 3751 2191 3801 σθαι
2210 3747 2388 3819 χερσὶ,
2420 3748 2515 3800 καὶ
2543 3747 2714 3801 θεῖναι
2751 3746 2978 3816 πλησίον
3004 3747 3065 3800 τὸ
3086 3747 3276 3823 δῶρον,
3304 3751 3400 3804 καὶ
3427 3753 3601 3805 είπεῖν
3618 3767 3633 3783 ’

2065 3837 2263 3892 Κάθου
2293 3839 2362 3892 ὲκ
2402 3836 2620 3904 δεξιῶν
2643 3857 2780 3908 μου.
2819 3840 2965 3912 Πρὸς
3003 3841 3160 3896 ποίαν
3216 3843 3379 3911 φύσιν
3431 3839 3637 3899 εἷπενό

2063 3928 2217 3991 θεὸς,
2266 3928 2464 3984 Κάθου
2514 3929 2585 3982 ἐκ
2629 3927 2844 4003 δεξιῶν
2886 3948 3038 4000 μου;
3097 3933 3242 4004 Πρὸς
3280 3935 3494 4009 ἐκείνην
3539 3936 3637 4006 τὴν

2064 4019 2397 4084 ἀκούσασαν,
2427 4018 2521 4089 Γῆ
2547 4016 2621 4084 εἴ,
2661 4021 2759 4076 καὶ
2794 4024 2880 4087 εἰς
2907 4019 3022 4093 γῆν
3050 4023 3389 4094 ἀπελεύσῃ.
3421 4027 3495 4080 Οὐ
3527 4028 3635 4097 γὰρ

2062 4113 2222 4184 ἤρκει
2257 4112 2563 4183 ὑπερϐῆναι
2586 4114 2712 4178 τοὺς
2739 4114 3035 4185 οὐρανούς;
3070 4117 3129 4169 οὐ
3170 4116 3275 4188 γὰρ
3309 4119 3469 4189 ἧρκει
3499 4120 3635 4189 μετά

2062 4205 2308 4274 ἀγγέλων
2355 4205 2575 4274 στῆναι;
2623 4207 2724 4260 οὐκ
2754 4201 2824 4276 ἦν
2862 4207 3066 4276 άφατος
3111 4208 3207 4265 καὶ
3238 4208 3376 4279 αῦτη
3403 4212 3436 4280 ή
3467 4213 3634 4282 τιμή;

2076 4297 2214 4350 Ἀλλ’
2248 4297 2491 4369 ὑπερέϐη
2550 4297 2834 4365 ἀγγέλους,
2885 4299 3165 4369 παρῆλθεν
3236 4302 3634 4373 ἀρχαγγέλους.

2063 4387 2306 4458 ὑπερέϐη
2344 4388 2414 4441 τά
2438 4387 2740 4459 Χερουϐὶμ,
2785 4387 2952 4459 ἀνέϐη
2983 4391 3254 4462 ἀνώτερον
3298 4392 3406 4447 τῶν
3462 4395 3636 4465 Σερα-

2063 4477 2218 4549 φεὶμ,
2251 4478 2568 4550 παρέδραμε
2592 4477 2691 4542 τὰς
2725 4480 2921 4550 ἀρχὰς,
2953 4481 3013 4533 ού
3048 4482 3311 4554 πρότερον
3346 4483 3503 4554 ἔστη,
3531 4485 3637 4549 ἕως

2059 4564 2123 4625 οὗ
2148 4570 2244 4624 τοῦ
2276 4570 2468 4642 θρόνου
2505 4570 2801 4624 ἐπελάϐετο
2843 4571 2938 4625 τοῦ
2970 4573 3324 4627 Δεσποτικοῦ.
3358 4575 3475 4647 Οὐχ
3503 4579 3634 4647 ὁρᾷς

2061 4663 2211 4715 τουτὶ
2233 4661 2291 4715 τὸ
2327 4662 2493 4732 μέσον
2512 4660 2606 4714 τοῦ
2629 4661 2859 4734 ούρανοῦ
2893 4662 3030 4733 πρὸς
3067 4663 3166 4733 τὴν
3190 4665 3325 4734 γῆνς
3352 4667 3553 4736 μᾶλλον
3577 4669 3633 4721 δέ

2062 4753 2306 4807 κάτωθεν
2339 4753 2662 4825 ἀρξώμεθαο
2717 4756 2815 4827 οὐχ
2860 4756 3012 4827 όρᾷς,
3063 4756 3171 4809 ἀπὸ
3220 4759 3314 4812 τοῦ
3340 4758 3467 4830 ᾅδου
3498 4761 3635 4831 πρὸς

2061 4844 2161 4916 τὴν
2191 4844 2297 4915 γῆν
2326 4844 2389 4897 τὸ
2416 4845 2690 4921 διάστημα
2722 4846 2876 4912 ὅσον;
2911 4846 3017 4899 ἀπὸ
3047 4846 3148 4916 τῆς
3174 4848 3278 4918 γῆς
3303 4849 3464 4902 πάλιν
3497 4852 3634 4922 πρὸς

2061 4936 2152 4989 τὸν
2171 4936 2430 5009 οὺρανόν;
2460 4937 2570 4990 ἀπὸ
2604 4935 2699 4989 τοῦ
2736 4937 2967 5009 ούρανοῦ
3000 4937 3163 4993 πάλιν
3192 4940 3327 5010 πρὸς
3358 4941 3453 4994 τὸν
3472 4943 3636 5013 οὐρα-

2061 5024 2150 5078 νὸν
2184 5024 2276 5077 τὸν
2315 5024 2622 5097 ἀνώτερον;
2648 5025 2740 5079 ἀπ’
2770 5026 2977 5080 ἐκείνου
3010 5028 3148 5099 πρὸς
3185 5031 3315 5092 τοὺς
3345 5030 3629 5099 ἀγγέλους,

2063 5116 2199 5188 πρὸς
2250 5117 2377 5181 τοὺς
2423 5116 2820 5189 ἀρχαγγέλους,
2866 5117 3002 5189 πρὸς
3048 5118 3148 5182 τὰς
3194 5121 3309 5174 ἀνω
3345 5120 3629 5192 δυνάμεις,

2062 5209 2197 5279 πρὸς
2223 5208 2385 5262 αὐτὸν
2429 5209 2519 5261 τὸν
2550 5208 2737 5279 θρόνον
2763 5209 2855 5263 τὸν
2882 5208 3192 5279 βασιλικῶς
3218 5211 3389 5266 Τοῦτο
3419 5212 3542 5266 ὅλον
3574 5214 3633 5265 τὸ

2059 5300 2333 5371 διάστημα
2359 5302 2457 5356 καὶ
2487 5301 2546 5354 τὸ
2589 5300 2724 5369 ὕψος
2763 5302 2862 5370 τὴν
2893 5302 3055 5370 φύσιν
3083 5304 3182 5372 τὴν
3231 5303 3506 5374 ἡμετέραν
3548 5305 3631 5357 ἀν-

2061 5393 2254 5464 ήγαγε.
2293 5393 2467 5446 Βλέπε
2495 5392 2599 5445 ποῦ
2628 5394 2778 5447 κάτω
2800 5393 2996 5457 ἔκειτο,
3025 5395 3121 5449 καὶ
3150 5394 3251 5446 ποῦ
3283 5394 3474 5466 ἀνέϐη·
3508 5394 3629 5448 οὔτε

2120 5558 2148 5600 d
2177 5558 2260 5607 Sic
2289 5555 2453 5626 Regii,
2503 5564 2649 5667 signa
2693 5560 2759 5610 ita
2784 5572 2960 5633 sfnsus
3004 5562 3328 5632 quadratam
3362 5560 3511 5610 editis
3546 5574 3634 5610 SP-

2120 5636 2160 5667 3s
2193 5619 2367 5667 mutila
2406 5624 2501 5667 est.
2620 5622 2701 5667 καὶ
2738 5638 2923 5667 natura:
2951 5624 3148 5667 ἐγένετο-
3173 5626 3328 5667 Τουτο
3365 5624 3455 5667 γὰο
3478 5624 3625 5667 amo-

2058 5619 2367 5686 rigs__r_rl})li_la
2406 5624 2501 5686 esi,
2545 5619 2593 5686 si
2620 5622 2701 5686 καί
2725 5623 2923 5686 *πρῶτος
2951 5619 3148 5683 ἐγένετο.
3173 5621 3328 5686 Τοῦτο
3354 5624 3455 5686 Δγάρ
3478 5624 3625 5686 am-

2057 5684 2137 5746 χή.
2162 5681 2256 5731 Ubi
2275 5683 2439 5746 a‘iqua
2468 5681 2594 5728 haud
2619 5681 3158 5746 dubie'idesidefanlur.
3181 5684 3328 5734 Aliud
3353 5681 3479 5745 [egit
3507 5681 3624 5734 νυν.

2058 5744 2181 5804 inus,
2207 5744 2346 5805 cujus
2369 5746 2711 5804 Inlerpreialio
2735 5745 2796 5795 ad
2820 5752 3033 5796 nostram
3057 5746 3320 5796 lectionem
3343 5744 3564 5807 quidm.
