3892 6294
279 364 384 421 ιω

278 479 572 533 excideret.
604 476 865 532 Caeterum
896 489 993 531 nos
1020 473 1109 545 qui
1122 480 1265 529 terra
1296 472 1608 530 videbamur
1634 472 1852 542 indigni,

276 569 443 624 hodie
474 567 528 622 in
564 568 754 623 ctelum
798 565 989 620 sublati
1020 578 1200 618 sumus
1230 580 1242 616 :
1280 563 1370 632 qui
1397 578 1467 617 ne
1498 572 1707 619 terreno
1734 562 1849 631 qui-

274 659 402 715 dem
430 657 724 729 principatu
762 670 973 711 eramus
998 656 1163 725 digni,
1204 654 1271 709 ad
1314 668 1601 723 supernum
1640 654 1855 713 caeleste

271 766 501 818 regnum
531 748 884 808 ascendimus,
915 747 1075 801 ctelos
1104 746 1447 814 pervasimus,
1496 744 1742 801 thronum
1774 759 1856 802 re-

275 841 450 909 galem
484 848 645 907 atque
688 837 1021 896 Dominicum
1050 835 1528 906 apprehendimus;
1568 842 1621 889 et
1650 844 1853 897 natura,

277 940 495 999 propter
531 942 686 997 quam
719 926 1019 995 paradisum
1062 925 1346 980 servabant
1385 922 1692 987 Clterubim,
1744 923 1856 989 ipsa

280 1032 442 1087 supra
474 1016 756 1077 Cherubin)
806 1015 955 1073 sedet
999 1013 1177 1071 hodie.
1206 1015 1274 1067 At
1300 1027 1408 1082 quo
1436 1021 1588 1080 pacto
1625 1011 1855 1071 admira-

274 1108 383 1163 bile
410 1108 509 1167 hoc
531 1116 583 1167 et
609 1120 855 1174 magnum
886 1102 1111 1165 accidit?
1131 1117 1236 1172 quo
1254 1112 1405 1171 pacto
1429 1115 1527 1156 nos
1543 1101 1630 1170 qui
1657 1109 1855 1157 tantam

268 1198 611 1255 clementiam
642 1194 1051 1260 olfeuderamus,
1102 1202 1345 1262 terraque
1393 1192 1505 1260 ipsa
1548 1192 1859 1255 videbamur

268 1288 511 1357 indigni,
541 1302 605 1342 ac
662 1297 872 1341 terreno
907 1286 1051 1341 omni
1102 1284 1396 1353 principatu
1444 1290 1602 1351 atque
1657 1281 1858 1339 honore

272 1380 642 1441 excideramus
664 1419 680 1444 ,
711 1377 775 1437 ad
812 1384 1009 1435 tantam
1050 1375 1384 1433 altitudinem
1431 1388 1614 1435 sumus
1652 1372 1857 1427 evecti?

271 1486 381 1539 quo
410 1480 560 1538 pacto
584 1470 780 1530 bellum
800 1467 1124 1536 ,dissolutum
1153 1466 1272 1521 est?
1299 1479 1404 1535 quo
1443 1474 1594 1533 paeto
1634 1463 1708 1516 ira
1733 1462 1858 1516 sub-

272 1560 422 1613 lata?
450 1557 763 1626 Quomodo?
796 1573 916 1613 nam
958 1557 1095 1611 istud
1122 1556 1431 1610 admirabile
1453 1564 1557 1615 est,
1583 1570 1685 1608 nou
1712 1552 1855 1623 quod

278 1651 366 1716 iis,
405 1651 494 1720 qui
533 1650 720 1719 injuria
744 1640 1112 1703 irascebantur
1143 1648 1269 1710 Deo,
1293 1645 1386 1699 sed
1411 1644 1551 1714 quod
1574 1644 1690 1713 ipso
1722 1644 1852 1707 Deo,

272 1743 361 1810 qui
400 1742 521 1811 jure
566 1741 719 1799 nobis
758 1739 1145 1805 succensebat,
1199 1746 1516 1806 provocante
1565 1750 1661 1789 nos
1698 1745 1857 1804 atque

274 1834 546 1897 invitante,
578 1847 677 1901 pax
702 1830 836 1886 facta
862 1832 949 1885 sit.
975 1829 1080 1885 Pro
1102 1830 1298 1887 Christo
1317 1830 1445 1882 enim
1466 1828 1714 1897 legatione
1732 1830 1855 1896 fun-

271 1925 455 1991 gimur,
484 1922 653 1992 inquit
689 1919 1004 1987 Apostolus,
1036 1928 1289 1991 tamquam
1313 1917 1422 1972 Deo
1452 1918 1741 1971 exhortante
1769 1931 1857 1984 per

272 2014 450 2085 nos(2.
466 2014 581 2073 Car.
607 2016 657 2070 5.
673 2012 787 2081 20).
802 2012 937 2080 Quid
959 2011 1123 2073 istud?
1141 2011 1253 2080 ipse
1277 2018 1360 2065 est
1387 2009 1611 2064 violatus
1633 2007 1845 2077 injuria,

270 2116 325 2161 et
345 2108 459 2177 ipse
479 2106 544 2161 ad
573 2120 753 2174 pacem
777 2103 993 2158 invitat?
1018 2100 1092 2159 ιω
1112 2116 1240 2161 sane
1261 2119 1273 2154 :
1297 2102 1490 2171 quippe
1504 2100 1591 2170 qui
1607 2099 1743 2157 Deus
1761 2100 1849 2165 sit;

277 2206 436 2265 atque
474 2196 544 2249 ob
582 2194 633 2249 id
656 2204 711 2249 ut
738 2194 994 2263 benignus
1032 2200 1180 2261 pater
1207 2191 1448 2245 hortatur
1473 2199 1526 2243 et
1546 2188 1730 2242 allicit.

342 2287 571 2345 Christus
592 2286 837 2356 quomodo
868 2285 1128 2337 mediator.
1176 2313 1246 2323 -—
1280 2281 1385 2338 Sed
1413 2282 1534 2337 vide
1566 2281 1691 2349 quid
1730 2295 1853 2349 aga-

271 2390 361 2433 tur
395 2398 407 2431 :
454 2380 715 2433 mediator
761 2378 941 2447 utique
984 2384 1067 2431 est
1108 2374 1378 2431 invitantis
1417 2382 1471 2429 et
1521 2372 1851 2431 adhortantis

275 2470 461 2532 Filius,
495 2484 600 2523 non
629 2470 788 2521 homo
819 2480 996 2536 purus,
1021 2481 1125 2521 non
1139 2465 1389 2535 angelus,
1422 2478 1595 2533 neque
1621 2462 1850 2517 archan-

273 2560 443 2629 gelus,
461 2574 631 2627 neque
642 2557 955 2619 famulorum
976 2555 1131 2611 ullus.
1151 2555 1217 2609 Et
1236 2554 1360 2626 quid
1382 2552 1851 2607 eilicitmediator?

269 2648 414 2717 Opus
445 2646 769 2705 mediatoris.
800 2643 1255 2711 Quemadmodum
1285 2643 1425 2697 enim
1451 2641 1657 2697 duobus
1680 2656 1739 2696 se
1763 2642 1847 2701 iu-

269 2744 439 2796 vicem
464 2737 849 2803 aversantibus,
879 2746 935 2793 et
958 2736 1024 2789 ad
1058 2733 1395 2790 concordiam
1418 2746 1707 2801 pacemque
1735 2746 1851 2789 mu-

269 2842 417 2886 tuam
456 2829 646 2885 adduci
675 2827 973 2882 nolentibus
1001 2826 1019 2857 ί
1037 2865 1055 2889 ,
1086 2825 1272 2881 tertius
1299 2824 1558 2893 quispiam
1607 2822 1846 2887 veniens,

268 2933 322 2975 et
355 2936 413 2975 se
438 2919 671 2973 medium
707 2918 1070 2986 interponens,
1109 2918 1382 2984 utriusque
1417 2912 1741 2967 inimicitiam
1770 2912 1851 2968 di-

269 3010 364 3063 luit
392 3027 407 3063 :
439 3009 509 3063 ita
532 3018 587 3062 et
620 3006 864 3067 Christus
891 3006 1016 3079 egit.
1045 3004 1212 3059 Iratus
1250 3003 1510 3073 siquidem
1554 3002 1708 3060 nobis
1738 3010 1853 3057 erat

269 3099 430 3162 Deus,
455 3106 509 3152 et
552 3112 649 3153 nos
688 3096 852 3150 Deum
889 3094 1322 3167 benignissimum
1368 3093 1648 3146 Dominum
1694 3106 1850 3147 aver-

267 3188 560 3251 sabamur;
590 3186 822 3241 medium
860 3185 1018 3256 igitur
1069 3198 1127 3239 se
1173 3183 1418 3238 Christus
1474 3184 1836 3251 interponens,

268 3288 546 3348 utramque
591 3285 833 3332 naturam
888 3276 1269 3332 reconciliavit.
1309 3275 1414 3331 Sed
1452 3290 1558 3343 quo
1600 3284 1753 3344 pacto
1791 3288 1851 3330 se

268 3370 615 3424 mediatorem
658 3368 969 3423 constituit?
997 3366 1215 3423 Pmuam
1251 3382 1370 3437 qua:
1418 3367 1569 3421 nobis
1608 3382 1640 3420 a
1694 3366 1850 3420 Patre

271 3459 551 3528 iulligeuda
583 3467 719 3527 erat,
747 3458 797 3511 in
827 3473 886 3513 se
921 3457 1172 3531 suscepit,
1204 3456 1626 3529 suppliciumque
1644 3456 1849 3510 caelitus

270 3550 563 3604 immissum
586 3564 648 3604 ac
666 3549 1012 3605 contumelias
1040 3549 1093 3602 in
1116 3549 1216 3602 hoc
1238 3547 1434 3601 mundo
1453 3547 1722 3603 sustinuit.
1754 3546 1848 3601 Vis

270 3654 428 3693 nosse
447 3641 713 3707 quomodo
743 3651 962 3707 utraque
982 3639 1095 3707 ipse
1120 3638 1451 3707 susceperit?
1475 3636 1726 3702 Christus,
1752 3638 1841 3692 in-

271 3730 384 3798 quit
412 3726 720 3798 Apostolus,
738 3729 758 3757 ²
780 3744 872 3783 nos
903 3728 1107 3782 redemit
1132 3729 1194 3781 de
1217 3728 1481 3783 maledicto
1520 3727 1660 3799 legis,
1686 3732 1849 3797 factus

272 3838 365 3889 pro
394 3821 533 3877 nobis
571 3821 891 3874 maledictum
925 3819 1080 3892 (Gal.
1109 3822 1161 3876 ὅ.
1186 3821 1317 3890 15).
1344 3820 1530 3881 Vidisti
1557 3836 1663 3891 quo
1693 3830 1849 3891 pacto

276 3925 484 3979 poenam
529 3912 733 3967 ett-litus
767 3911 927 3965 latam
972 3911 1084 3979 ipse
1134 3912 1467 3979 susceperit?
1521 3913 1641 3967 vide
1689 3912 1846 3971 etiam

273 4001 537 4071 quomodo
580 4003 860 4071 opprobria
890 4003 941 4056 in
984 4004 1138 4058 terris
1180 4004 1527 4061 sustinuerit:
1562 4003 1847 4074 Opprobria

272 4094 681 4162 exprobrantium
702 4133 715 4156 ,
746 4092 934 4167 inquit,
962 4093 1067 4157 tibi,
1090 4093 1370 4147 ceciderunt
1393 4109 1545 4162 super
1574 4110 1653 4147 me
1674 4092 1846 4162 (Psal.

274 4184 360 4237 68.
392 4185 515 4254 10).
539 4185 722 4239 Cernis
750 4199 854 4252 quo
873 4192 1024 4251 pacto
1051 4184 1324 4239 diremerit
1351 4184 1679 4242 inimicitiam
1699 4185 1721 4238 ?
1741 4202 1845 4256 quo

274 4286 425 4341 pacm
455 4288 559 4326 non
603 4282 724 4327 ante
752 4274 1016 4327 destiterit
1053 4272 1267 4343 quidvis
1310 4289 1485 4342 agere,
1535 4276 1642 4344 pati
1691 4285 1849 4345 atque

273 4363 467 4428 moliri,
496 4378 651 4431 quam
678 4364 880 4417 hostem
911 4372 965 4418 et
995 4364 1263 4417 inimicum
1294 4378 1414 4417 cum
1443 4364 1552 4419 Deo
1580 4365 1849 4421 reduxerit

274 4455 322 4508 in
354 4456 599 4523 gratiam.
630 4455 697 4508 Et
739 4455 960 4509 istorum
993 4465 1257 4509 tantorum
1289 4456 1546 4511 bonorum
1585 4472 1741 4512 causa
1767 4467 1849 4512 est

274 4542 525 4599 ltodierua
552 4545 666 4599 dies
691 4564 704 4599 :
736 4546 1177 4615 quemadmodum
1196 4547 1335 4601 enim
1358 4547 1616 4616 primitias
1644 4558 1848 4603 natura:

275 4647 472 4691 nostra:
511 4637 816 4706 assumpsit,
851 4639 926 4691 sic
971 4638 1200 4692 restituit
1228 4638 1469 4691 Domino.
1508 4637 1575 4692 Et
1614 4639 1753 4709 quod
1780 4639 1849 4693 de

272 4729 474 4798 campis
528 4728 719 4782 accidit
763 4728 1025 4797 spicarum
1070 4728 1271 4797 plenis,
1301 4728 1388 4783 ubi
1418 4728 1536 4796 quis
1576 4744 1643 4784 ex
1669 4731 1849 4800 paucis

270 4822 432 4890 spicis
447 4819 682 4875 collectis
705 4835 924 4889 parvum
952 4820 1273 4888 manipulum
1291 4819 1596 4885 conﬁciens,
1624 4835 1850 4893 eumque

273 4913 381 4969 Deo
395 4912 647 4977 oll'erens,
673 4913 930 4981 paucitate
949 4912 1034 4966 illa
1058 4912 1149 4965 toti
1168 4926 1294 4964 arvo
1308 4911 1568 4965 benedicit
1589 4931 1601 4966 ε
1619 4912 1687 4967 ita
1702 4912 1852 4966 Chri-

269 5014 385 5058 stus
409 5002 554 5065 fecit,
581 5002 669 5071 qui
701 5018 793 5072 per
818 5017 973 5056 unam
997 5003 1137 5056 illam
1164 5016 1377 5056 carnem
1402 5011 1560 5072 atque
1590 5004 1849 5071 primitias

273 5104 438 5147 totum
466 5107 634 5163 genus
663 5103 902 5147 nostrum
931 5092 1349 5147 benedicendum
1371 5093 1594 5146 curavit.
1623 5092 1729 5148 Sed
1754 5109 1851 5151 cur

274 5202 378 5240 uon
426 5196 588 5243 totam
627 5194 869 5239 naturam
895 5184 1121 5238 obtulit?
1152 5183 1230 5238 Eo
1260 5182 1401 5253 quod
1430 5197 1535 5237 non
1562 5184 1630 5238 sit
1653 5184 1752 5239 hoc
1773 5187 1852 5239 of-

275 5280 413 5335 ferre
437 5278 693 5348 primitias
711 5316 727 5339 ,
761 5278 806 5329 si
851 5285 1017 5331 totum
1046 5277 1163 5345 quis
1183 5276 1369 5331 oﬂ'erat
1394 5294 1407 5329 :
1436 5276 1529 5331 sed
1559 5277 1604 5330 si
1631 5292 1848 5346 parvum

299 5395 353 5461 ut
394 5400 460 5441 ita
484 5390 617 5459 Regii
639 5388 816 5439 melius
831 5401 975 5451 quam
990 5387 1125 5446 Editi,
1147 5390 1230 5451 qui
1254 5388 1454 5449 habent,
1468 5386 1671 5450 colloqui
1693 5389 1852 5439 nolen-

273 5454 529 5583 M'mlleﬁu
557 5520 917 5583 Pmmﬂuflm
956 5521 1046 5578 ρνο
1065 5508 1197 5583 noti}
1219 5509 1397 5583 soluere
1416 5509 1655 5583 oportebat
1688 5510 1850 5560 Salva-

275 5572 497 5629 torcmin
518 5587 569 5624 se
584 5572 807 5634 suscepit,
824 5572 1119 5634 injuriasque
1142 5577 1188 5634 et
1210 5572 1530 5634 contumelias,
1545 5584 1748 5634 quarum
1768 5586 1852 5623 nos

275 5587 497 5629 torcm,sn
518 5587 569 5624 se
584 5587 693 5623 susc
773 5587 807 5630 t,
824 5587 1119 5634 uyunasque
1142 5587 1188 5619 et
1210 5587 1530 5629 coruumetws,
1545 5587 1748 5631 quarunt
1768 5587 1851 5623 nos

275 5638 506 5685 emersus
534 5587 1250 5696 Deuntefgeeramusreomipse
1271 5633 1507 5682 sustinuit.
1555 5633 1633 5696 ris
1665 5633 1851 5683 discere

277 5697 511 5758 quomodo
532 5692 731 5758 utraque
751 5692 1029 5758 susceperit,
1057 5699 1108 5758 et
1125 5692 1246 5742 hanc
1268 5706 1474 5756 poenam,
1498 5700 1544 5743 et
1582 5693 1668 5743 has
1687 5702 1851 5744 contu-

279 5754 442 5808 melias
460 5756 486 5807 ?
500 5756 732 5817 Christus,
756 5755 907 5817 inquit
930 5754 1185 5818 apostolus,
1212 5754 1308 5805 etc.

1246 358 1313 417 IN
1352 357 1817 419 ASCENSIONEM
1856 360 1919 419 D.
1961 357 2024 417 Ν.
2065 358 2229 415 JESU
2260 359 2549 425 CHRlS‘l’l.

3436 374 3540 428 446

1969 472 2166 542 aliquid
2195 475 2313 542 quis
2343 474 2590 540 oll'ercns,
2626 490 2718 544 per
2744 492 2981 545 parvum,
3018 490 3183 536 totum
3225 484 3543 538 benedicen—

1966 562 2092 623 dum
2119 572 2285 617 curet.
2318 565 2473 633 Atqui
2492 567 2533 619 si
2565 567 2807 634 primitim
2834 608 2849 633 ,
2876 569 3015 625 dicet
3038 572 3320 643 quispiam,
3340 586 3540 642 essent,

1966 653 2191 720 primum
2220 654 2388 723 ipsum
2413 654 2675 711 hominem
2699 668 3027 725 procreatum
3056 642 3231 716 ol'l'erri
3260 642 3490 731 oportuit
3521 682 3534 715 :

1965 744 2209 813 primitias
2252 745 2393 800 enim
2440 754 2584 811 sunt,
2616 763 2733 816 qua:
2767 750 2990 817 primum
3035 752 3320 819 tolluntur,
3353 765 3405 807 et
3434 759 3541 824 pri-

1966 847 2109 887 mum
2133 834 2449 901 germinant.
2482 834 2597 889 Non
2624 848 2746 891 sunt
2789 840 3030 907 primitizn
3053 844 3352 909 censendus,
3377 848 3542 899 caris-

1964 922 2117 987 sime,
2146 922 2189 981 si
2218 923 2444 991 pritnum
2494 926 2718 981 fructum
2747 929 3093 991 obtulerimus
3113 934 3300 991 exilem
3324 945 3379 989 et
3413 952 3543 989 eva-

1964 1020 2291 1079 nescentem,
2310 1014 2402 1068 sed
2432 1016 2474 1068 si
2506 1017 2725 1084 probum
2747 1028 2902 1089 atque
2922 1021 3210 1091 perfectum
3233 1024 3536 1087 olferamus.

1962 1101 2221 1167 Quoniam
2269 1104 2424 1173 igitur
2468 1106 2666 1162 fructus
2709 1110 2794 1163 ille
2825 1121 3041 1179 peccato
3092 1114 3348 1171 obnoxius
3400 1100 3536 1177 erat.

1962 1193 2083 1247 ideo
2110 1209 2213 1247 nou
2244 1196 2574 1263 estoblatus,
2606 1201 2762 1254 etiam
2793 1201 2836 1255 si
2873 1205 3072 1270 primus
3092 1214 3234 1265 esset
3262 1222 3276 1275 ;
3305 1216 3359 1265 at
3394 1206 3479 1260 hic
3508 1227 3538 1260 a

1963 1293 2180 1357 peccato
2211 1284 2345 1339 liber
2371 1297 2524 1351 erat;
2558 1288 2781 1358 ideoque
2811 1291 3021 1347 oblatus
3048 1304 3152 1361 est,
3198 1295 3322 1351 licet
3354 1308 3535 1366 pone-

1962 1374 2071 1429 rius
2094 1375 2355 1429 GXSlitCl‘ll
2379 1394 2392 1430 :
2418 1376 2498 1429 hze
2527 1379 2669 1431 enim
2694 1389 2817 1434 sunt
2844 1383 3111 1450 primitize.

2030 1464 2081 1518 5.
2108 1463 2174 1518 Et
2202 1473 2258 1518 ut
2281 1466 2473 1529 discas.
2506 1484 2611 1522 non
2644 1469 2867 1541 primum
2895 1478 3278 1541 germinantem
3307 1477 3532 1535 fructum

1958 1555 2220 1624 primitias
2245 1556 2367 1625 dici,
2416 1559 2509 1612 sed
2541 1560 2840 1627 probatum,
2883 1578 3224 1635 generosum,
3269 1577 3323 1622 et
3346 1570 3433 1636 qui
3465 1570 3531 1620 ad

1958 1645 2191 1712 vigorem
2239 1656 2597 1715 opportunum
2645 1650 3121 1723 perfectionemque
3163 1658 3457 1723 perveniat,
3504 1676 3535 1710 c

1960 1732 2247 1801 Scripturis
2296 1736 2386 1787 tibi
2416 1737 2722 1807 depromam
2756 1742 3113 1796 testimonium
3149 1759 3163 1796 :
3196 1745 3257 1798 Si
3282 1747 3533 1816 ingressus

1958 1826 2113 1895 fueris
2139 1827 2188 1878 in
2216 1836 2396 1885 terram
2419 1830 2781 1896 promissionis,
2804 1848 2952 1900 quam
2985 1832 3228 1888 Dominus
3256 1835 3392 1889 Deus
3422 1846 3535 1892 tuus

1958 1915 2045 1969 dat
2074 1916 2179 1981 tibi,
2216 1917 2423 1988 Moyses
2448 1919 2515 1972 ad
2544 1921 2795 1991 papulum
2840 1923 2934 1989 ait,
2974 1932 3020 1975 et
3048 1924 3352 1994 plantaveris
3385 1928 3438 1980 in
3475 1945 3532 1981 ea

1958 2022 2104 2063 Omne
2144 2007 2336 2075 lignum
2366 1998 2685 2079 pomiferum,
2719 2012 2909 2081 faciens
2952 2016 3174 2083 fructum
3219 2016 3287 2069 ad
3328 2032 3532 2070 vescen-

1957 2098 2098 2164 dum,
2136 2098 2291 2151 tribus
2318 2101 2464 2153 annis
2499 2117 2600 2153 non
2628 2103 2891 2155 mundabis
2933 2105 3155 2173 fructum
3181 2107 3289 2175 ejus
3311 2121 3330 2163 :
3350 2120 3532 2176 quarto

1956 2198 2120 2243 autem
2147 2204 2280 2243 anno
2307 2190 2499 2259 fructus
2518 2191 2628 2259 ejus
2654 2201 2854 2244 sanctus
2884 2194 2974 2245 erit
2994 2192 3212 2249 Domina
3236 2195 3416 2266 (Levit.
3441 2199 3528 2253 19.

1955 2276 2044 2335 ’25.
2062 2276 2179 2345 24).
2211 2278 2366 2350 Atqui
2385 2277 2428 2330 si
2446 2288 2623 2332 essent
2654 2281 2896 2348 primitim
2910 2283 3108 2350 primus
3120 2285 3207 2353 qui
3227 2286 3532 2355 producitur

1955 2364 2176 2431 fructus,
2196 2383 2313 2421 cum
2333 2368 2420 2439 qui
2438 2369 2608 2437 primo
2624 2384 2761 2423 auno
2777 2372 3089 2427 nascebatur
3104 2374 3279 2431 offerri
3310 2377 3532 2433 Domino

1954 2458 2251 2527 oportebat.
2278 2458 2426 2514 Nunc
2451 2471 2578 2514 vero
2604 2461 2676 2514 ait
2704 2480 2716 2514 :
2745 2460 2926 2516 Tribus
2968 2465 3115 2517 annis
3143 2482 3242 2518 non
3269 2466 3532 2521 mundabis

1954 2550 2172 2619 fructum
2215 2550 2324 2620 ejus
2350 2550 2482 2605 :sed
2524 2552 2787 2621 relinques
2835 2553 3015 2619 illum,
3070 2566 3345 2624 pr0ptcrea
3390 2559 3531 2627 quod

1952 2639 2172 2699 evanida
2199 2640 2372 2695 adhuc
2399 2650 2451 2694 et
2474 2641 2734 2696 imbecilla
2763 2652 2844 2697 est
2864 2644 3045 2710 arbor,
3086 2654 3139 2698 et
3162 2645 3363 2700 fructus
3389 2663 3529 2717 pra:-

1952 2744 2107 2783 cores
2134 2737 2189 2783 et
2215 2729 2502 2784 immaturi.
2547 2732 2744 2799 Quarto
2781 2743 2959 2788 autem
3004 2750 3164 2802 anno,
3198 2737 3382 2806 inquit,
3414 2738 3531 2792 fru-

1952 2828 2069 2891 ctus
2112 2818 2226 2889 ejus
2269 2829 2483 2874 sanctus
2527 2822 2629 2875 erit
2671 2822 2912 2877 Domino.
2954 2824 3021 2877 Et
3046 2825 3097 2878 in
3130 2826 3229 2880 hoc
3254 2842 3415 2882 cerne
3442 2844 3531 2881 sa-

1953 2910 2203 2979 pientiam
2244 2910 2580 2980 legislatoris,
2629 2913 2715 2980 qui
2758 2913 2849 2968 illo
2872 2915 3013 2969 vesci
3039 2930 3145 2969 non
3174 2918 3430 2986 permisit,
3464 2935 3530 2971 ne

1955 3010 2078 3055 ante
2106 3000 2268 3055 Deum
2300 3003 2576 3071 quisquam
2604 3002 2829 3058 fructum
2856 3016 3120 3061 sumeret:
3152 3023 3323 3077 neque
3351 3008 3530 3062 oli‘erri

1952 3090 2098 3145 illum
2142 3091 2429 3158 mandavit,
2478 3109 2546 3148 ne
2583 3094 2780 3148 crudus
2825 3104 2879 3149 et
2917 3096 3231 3152 immaturus
3280 3098 3532 3153 oll‘eratur

1956 3179 2198 3235 Domino.
2248 3181 2354 3235 Sed
2401 3182 2627 3247 dimitte,
2669 3183 2854 3253 inquit,
2898 3186 3019 3253 quia
3064 3187 3265 3255 primus
3311 3197 3431 3243 est:
3463 3206 3532 3244 ue

1953 3270 2143 3325 oll‘eras
2167 3280 2363 3338 autem,
2391 3273 2637 3341 quoniam
2659 3274 2904 3343 indignus
2920 3287 3001 3329 est
3027 3276 3228 3333 honore
3253 3289 3532 3347 acceptan-

1960 3363 2047 3416 tis.
2082 3362 2239 3419 Vides
2267 3379 2394 3433 ergo
2420 3380 2523 3418 non
2554 3367 2781 3433 primum
2811 3365 3059 3434 fructum,
3087 3370 3174 3438 qui
3204 3370 3528 3439 producitur,

1952 3451 2045 3506 sed
2075 3452 2269 3506 bonum
2315 3462 2475 3523 atque
2518 3456 2795 3526 probatum
2839 3458 3093 3525 primitias
3117 3460 3243 3514 dici.
3271 3459 3338 3514 Et
3365 3463 3476 3516 haec
3500 3479 3529 3515 a

1953 3544 2105 3598 nobis
2123 3552 2337 3615 propter
2362 3562 2596 3612 carnem,
2623 3565 2781 3621 quam
2806 3550 3013 3617 obtulit,
3040 3551 3178 3606 dicta
3205 3562 3345 3608 sunt.
3369 3552 3532 3609 Obtu-

1952 3633 2162 3703 litergo
2191 3637 2265 3707 (a)
2293 3637 2550 3706 primitias
2598 3652 2791 3694 nostra:
2838 3651 3037 3696 natura:
3085 3642 3245 3709 Patri,
3277 3653 3435 3713 atque
3460 3643 3530 3696 ita

1951 3725 2149 3781 donum
2175 3728 2411 3783 oblatum
2440 3730 2729 3786 admiratus
2754 3742 2836 3787 est
2860 3733 3035 3797 Pater,
3060 3744 3271 3803 propter
3301 3734 3529 3804 dignita-

1952 3824 2057 3870 tem
2087 3817 2355 3875 oll'erentis
2383 3821 2769 3892 puritatcmque
2812 3824 2976 3892 ipsius
3006 3824 3189 3886 oblati,
3222 3833 3278 3876 ut
3303 3826 3530 3894 propriis

1952 3907 2077 3961 illud
2127 3909 2367 3963 manibus
2413 3912 2696 3981 acceperit,
2741 3913 2947 3980 sibique
2994 3914 3289 3980 proximum
3329 3914 3529 3966 consti-

1952 4000 2128 4065 tuerit,
2160 4000 2341 4055 dicens
2365 4018 2379 4054 :
2412 4000 2545 4055 Sede
2565 4018 2596 4054 a
2621 4003 2810 4056 dextris
2827 4005 2947 4056 meis
2970 4002 3144 4072 (Psal.
3174 4004 3292 4058 109.
3318 4004 3396 4073 1).
3423 4002 3528 4058 Sed

1952 4087 2017 4142 ad
2046 4104 2200 4158 quam
2244 4089 2375 4144 dixit
2420 4099 2660 4145 naturam
2708 4091 2870 4156 Deus,
2917 4091 3049 4146 Sede
3097 4109 3128 4145 a
3155 4093 3343 4151 dextris
3370 4094 3532 4146 meis?

1951 4180 2310 4234 Clarissimum
2354 4190 2454 4245 est,
2503 4182 2569 4235 ad
2595 4197 2711 4236 eam
2756 4183 2855 4236 hoc
2884 4183 3102 4249 dictum,
3146 4200 3262 4253 quae
3292 4185 3527 4237 audivit.-

1956 4272 2109 4326 Terra
2143 4289 2195 4328 es
2216 4313 2231 4338 ,
2276 4283 2320 4326 et
2362 4274 2414 4326 in
2443 4282 2625 4325 terram
2666 4275 2920 4327 reverteris
2947 4274 3097 4343 (Gen.
3123 4276 3174 4330 5.
3205 4274 3314 4346 19).
3348 4275 3533 4330 Nonne

1953 4362 2081 4415 satis
2107 4371 2220 4416 erat
2246 4377 2497 4432 superare
2521 4363 2713 4417 cmlos?
2737 4378 2912 4418 nonne
2940 4363 3068 4418 satis
3093 4374 3207 4419 erat
3230 4380 3347 4418 cum
3372 4379 3530 4434 ange-

1955 4454 2021 4507 lis
2048 4455 2372 4509 cousistere?
2414 4470 2480 4508 an
2523 4470 2628 4509 non
2670 4465 2812 4510 esset
2835 4458 2993 4511 etiam
3025 4457 3110 4511 hic
3154 4457 3321 4512 honos
3347 4458 3530 4511 incll‘a-

1955 4543 2112 4596 bilis?
2157 4546 2226 4597 At
2268 4545 2504 4598 ascendit
2543 4560 2703 4614 super
2726 4547 2962 4615 angelos,
2993 4547 3279 4615 praeterivit
3305 4548 3532 4601 archan-

1954 4634 2120 4705 gelos,
2155 4635 2424 4702 superavit
2446 4634 2753 4699 Cherubim,
2784 4636 3022 4690 ascendit
3041 4651 3197 4706 supra
3228 4636 3530 4706 Serapbim,

1955 4735 2358 4795 praetergressus
2399 4734 2482 4780 est
2525 4726 2821 4783 Potestates
2851 4769 2867 4793 ,
2913 4744 3010 4783 nec
3079 4730 3227 4797 prius
3275 4729 3528 4794 substitit,

1954 4831 2109 4885 quam
2144 4816 2392 4869 thronum
2420 4817 2589 4887 ipsum
2621 4817 2831 4872 Domini
2859 4820 3285 4889 comprehendit.
3314 4817 3430 4873 Non
3456 4820 3534 4872 vi-

1953 4908 2048 4963 des
2077 4907 2200 4977 quid
2242 4907 2471 4962 medium
2496 4922 2526 4961 a
2556 4910 2687 4963 ctelo
2714 4908 2781 4963 ad
2823 4911 3056 4965 terram?
3084 4910 3179 4965 sed
3202 4910 3271 4963 ab
3298 4910 3406 4964 imo
3436 4924 3534 4979 ρο·-

1956 4998 2058 5053 tius
2076 5000 2387 5068 incipiamus
2407 5017 2420 5053 :
2437 5016 2540 5054 non
2562 5001 2709 5056 vides
2736 5001 2804 5056 ab
2826 4992 3030 5057 inferno
3056 5003 3121 5058 ad
3149 5011 3344 5057 terram
3373 5003 3535 5055 inter-

1957 5089 2149 5143 vallum
2176 5092 2465 5161 quantum?
2505 5108 2689 5147 rursus
2729 5108 2759 5148 a
2786 5102 2924 5148 terra
2953 5094 3005 5147 in
3044 5094 3267 5148 czelum?
3292 5108 3475 5147 rursus
3500 5107 3530 5144 a

1955 5181 2087 5234 caelo
2125 5181 2189 5235 ad
2235 5181 2423 5236 caelum
2466 5184 2759 5249 sublimius,
2802 5192 2858 5239 et
2897 5185 2964 5238 ab
3003 5184 3091 5238 illo
3117 5184 3182 5237 ad
3203 5183 3436 5250 angelos,
3467 5181 3534 5235 ad

1955 5271 2324 5340 anchangelos,
2369 5272 2434 5327 ad
2482 5288 2738 5342 supernas
2762 5274 3079 5339 Potestates,
3110 5273 3176 5327 ad
3207 5272 3376 5341 ipsum
3402 5287 3534 5341 quo-

1955 5376 2058 5431 que
2102 5362 2346 5416 thronum
2385 5365 2657 5433 regalem?
2684 5365 2853 5434 Supra
2881 5365 2981 5417 hoc
3007 5371 3175 5417 totum
3202 5362 3531 5416 intervallum

1956 5467 2019 5505 ac
2064 5454 2289 5521 spatium
2333 5463 2573 5508 naturam
2603 5463 2836 5508 nostram
2884 5454 3114 5510 sustulit.
3158 5453 3327 5506 Cerne
3370 5467 3528 5521 quam

1958 5543 2141 5598 humili
2171 5555 2293 5599 ante
2321 5546 2437 5600 loco
2480 5545 2565 5599 illa
2607 5555 2741 5611 erat,
2774 5554 2829 5601 et
2870 5560 3026 5614 quam
3055 5544 3161 5601 alte
3188 5545 3482 5599 ascenderit
3518 5562 3530 5598 :

2021 5698 2095 5763 (a)
2125 5704 2295 5763 locum
2322 5699 2481 5763 hunc.
2504 5698 2679 5750 obtulit
2710 5712 2839 5761 ergo,
2869 5705 2982 5759 etc.,
3030 5705 3124 5750 Leo
3165 5708 3284 5763 Papa
3310 5698 3452 5748 etl’ert
3474 5697 3532 5745 ad

1957 5758 2137 5808 calcem
2164 5760 2379 5822 epistolae
2408 5761 2511 5809 131.
