  <div class='ocr_page' id='page_1' title='image "/cluster/home/n/w/nwhite01/storage/ocr_20150623/50/mdp.39015066055818/043.png"; bbox 0 0 3892 6294; ppageno 0'>
   <div class='ocr_carea' id='block_1_1' title="bbox 368 434 505 490">
    <p class='ocr_par' dir='ltr' id='par_1_1' title="bbox 368 434 505 490">
     <span class='ocr_line' id='line_1_1' title="bbox 368 434 505 490; baseline -0.007 0"><span class='ocrx_word' id='word_1_1' title='bbox 368 434 505 490; x_wconf 69' lang='lat' dir='ltr'><strong>MT</strong></span> 
     </span>
    </p>
   </div>
   <div class='ocr_carea' id='block_1_2' title="bbox 372 532 1952 616">
    <p class='ocr_par' dir='ltr' id='par_1_2' title="bbox 372 532 1952 616">
     <span class='ocr_line' id='line_1_2' title="bbox 372 532 1952 616; baseline -0.013 -15"><span class='ocrx_word' id='word_1_2' title='bbox 372 559 546 616; x_wconf 89' lang='lat' dir='ltr'><strong>neque</strong></span> <span class='ocrx_word' id='word_1_3' title='bbox 591 543 733 599; x_wconf 90' lang='lat' dir='ltr'><strong>enim</strong></span> <span class='ocrx_word' id='word_1_4' title='bbox 764 538 1089 598; x_wconf 83' lang='lat' dir='ltr'><strong>descendere</strong></span> <span class='ocrx_word' id='word_1_5' title='bbox 1126 537 1363 592; x_wconf 90' lang='lat' dir='ltr'><strong>licuisset</strong></span> <span class='ocrx_word' id='word_1_6' title='bbox 1390 532 1626 598; x_wconf 86' lang='lat' dir='ltr'><strong>inferius,</strong></span> <span class='ocrx_word' id='word_1_7' title='bbox 1658 543 1815 599; x_wconf 90' lang='lat' dir='ltr'><strong>quam</strong></span> <span class='ocrx_word' id='word_1_8' title='bbox 1844 540 1952 597; x_wconf 93' lang='lat' dir='ltr'><strong>quo</strong></span> 
     </span>
    </p>
   </div>
   <div class='ocr_carea' id='block_1_3' title="bbox 375 622 1954 699">
    <p class='ocr_par' dir='ltr' id='par_1_3' title="bbox 375 622 1954 699">
     <span class='ocr_line' id='line_1_3' title="bbox 375 622 1954 699; baseline -0.013 -8"><span class='ocrx_word' id='word_1_9' title='bbox 375 635 726 691; x_wconf 89' lang='lat' dir='ltr'><strong>descenderat</strong></span> <span class='ocrx_word' id='word_1_10' title='bbox 753 632 933 699; x_wconf 87' lang='lat' dir='ltr'><strong>homo,</strong></span> <span class='ocrx_word' id='word_1_11' title='bbox 966 644 1138 698; x_wconf 84' lang='lat' dir='ltr'><strong>neque</strong></span> <span class='ocrx_word' id='word_1_12' title='bbox 1156 625 1443 683; x_wconf 92' lang='lat' dir='ltr'><strong>ascendere</strong></span> <span class='ocrx_word' id='word_1_13' title='bbox 1469 622 1765 685; x_wconf 87' lang='lat' dir='ltr'><strong>sublimius,</strong></span> <span class='ocrx_word' id='word_1_14' title='bbox 1793 632 1954 689; x_wconf 87' lang='lat' dir='ltr'><strong>quam</strong></span> 
     </span>
    </p>
   </div>
   <div class='ocr_carea' id='block_1_4' title="bbox 374 712 1958 796">
    <p class='ocr_par' dir='ltr' id='par_1_4' title="bbox 374 712 1958 796">
     <span class='ocr_line' id='line_1_4' title="bbox 374 712 1958 796; baseline -0.01 -18"><span class='ocrx_word' id='word_1_15' title='bbox 374 742 482 796; x_wconf 90' lang='lat' dir='ltr'><strong>quo</strong></span> <span class='ocrx_word' id='word_1_16' title='bbox 516 741 638 780; x_wconf 87' lang='lat' dir='ltr'><strong>eum</strong></span> <span class='ocrx_word' id='word_1_17' title='bbox 682 736 865 778; x_wconf 83' lang='lat' dir='ltr'><strong>rursus</strong></span> <span class='ocrx_word' id='word_1_18' title='bbox 910 727 1161 775; x_wconf 74' lang='lat' dir='ltr'><strong>evexerat</strong></span> <span class='ocrx_word' id='word_1_19' title='bbox 1204 716 1477 772; x_wconf 67' lang='lat' dir='ltr'><strong>Christus.</strong></span> <span class='ocrx_word' id='word_1_20' title='bbox 1509 715 1681 781; x_wconf 85' lang='lat' dir='ltr'><strong>Atque</strong></span> <span class='ocrx_word' id='word_1_21' title='bbox 1706 712 1806 765; x_wconf 89' lang='lat' dir='ltr'><strong>ista</strong></span> <span class='ocrx_word' id='word_1_22' title='bbox 1835 723 1958 779; x_wconf 83' lang='lat' dir='ltr'><strong>per-</strong></span> 
     </span>
    </p>
   </div>
   <div class='ocr_carea' id='block_1_5' title="bbox 377 800 1955 886">
    <p class='ocr_par' dir='ltr' id='par_1_5' title="bbox 377 800 1955 886">
     <span class='ocr_line' id='line_1_5' title="bbox 377 800 1955 886; baseline -0.012 -15"><span class='ocrx_word' id='word_1_23' title='bbox 377 816 559 886; x_wconf 85' lang='lat' dir='ltr'><strong>spicue</strong></span> <span class='ocrx_word' id='word_1_24' title='bbox 601 813 793 869; x_wconf 88' lang='lat' dir='ltr'><strong>Paulus</strong></span> <span class='ocrx_word' id='word_1_25' title='bbox 822 811 1066 866; x_wconf 89' lang='lat' dir='ltr'><strong>dicebat:</strong></span> <span class='ocrx_word' id='word_1_26' title='bbox 1100 808 1199 874; x_wconf 86' lang='lat' dir='ltr'><strong>Qui</strong></span> <span class='ocrx_word' id='word_1_27' title='bbox 1239 804 1512 869; x_wconf 72' lang='lat' dir='ltr'><strong>descendit,</strong></span> <span class='ocrx_word' id='word_1_28' title='bbox 1551 803 1660 873; x_wconf 86' lang='lat' dir='ltr'><strong>ipse</strong></span> <span class='ocrx_word' id='word_1_29' title='bbox 1698 800 1880 870; x_wconf 85' lang='lat' dir='ltr'><strong>estqui</strong></span> <span class='ocrx_word' id='word_1_30' title='bbox 1908 808 1955 853; x_wconf 82' lang='lat' dir='ltr'><strong>et</strong></span> 
     </span>
    </p>
   </div>
   <div class='ocr_carea' id='block_1_6' title="bbox 316 891 1957 975">
    <p class='ocr_par' dir='ltr' id='par_1_6' title="bbox 316 891 1957 975">
     <span class='ocr_line' id='line_1_6' title="bbox 316 891 1957 975; baseline -0.01 -15"><span class='ocrx_word' id='word_1_31' title='bbox 316 891 339 907; x_wconf 56' lang='grc'><strong><em>’</em></strong></span> <span class='ocrx_word' id='word_1_32' title='bbox 377 906 602 961; x_wconf 85' lang='lat' dir='ltr'><strong>ascendit</strong></span> <span class='ocrx_word' id='word_1_33' title='bbox 626 902 837 975; x_wconf 87' lang='lat' dir='ltr'><strong>(Ephes.</strong></span> <span class='ocrx_word' id='word_1_34' title='bbox 863 901 1045 969; x_wconf 71' lang='lat'><strong>4.10).</strong></span> <span class='ocrx_word' id='word_1_35' title='bbox 1070 900 1256 967; x_wconf 86' lang='lat' dir='ltr'><strong>thuo</strong></span> <span class='ocrx_word' id='word_1_36' title='bbox 1275 894 1579 951; x_wconf 87' lang='lat' dir='ltr'><strong>descendit?</strong></span> <span class='ocrx_word' id='word_1_37' title='bbox 1605 891 1672 946; x_wconf 86' lang='lat' dir='ltr'><strong>In</strong></span> <span class='ocrx_word' id='word_1_38' title='bbox 1694 891 1957 963; x_wconf 76' lang='lat' dir='ltr'><strong>inferiores</strong></span> 
     </span>
    </p>
   </div>
   <div class='ocr_carea' id='block_1_7' title="bbox 380 982 1957 1067">
    <p class='ocr_par' dir='ltr' id='par_1_7' title="bbox 380 982 1957 1067">
     <span class='ocr_line' id='line_1_7' title="bbox 380 982 1957 1067; baseline -0.009 -17"><span class='ocrx_word' id='word_1_39' title='bbox 380 1006 549 1067; x_wconf 83' lang='lat' dir='ltr'><strong>partes</strong></span> <span class='ocrx_word' id='word_1_40' title='bbox 586 1003 733 1048; x_wconf 70' lang='lat' dir='ltr'><strong>terrm</strong></span> <span class='ocrx_word' id='word_1_41' title='bbox 775 991 883 1061; x_wconf 87' lang='lat' dir='ltr'><strong>(lb.</strong></span> <span class='ocrx_word' id='word_1_42' title='bbox 916 1008 964 1046; x_wconf 81' lang='grc' dir='ltr'><strong>υ.</strong></span> <span class='ocrx_word' id='word_1_43' title='bbox 994 989 1048 1061; x_wconf 89' lang='lat'><strong>9)</strong></span> <span class='ocrx_word' id='word_1_44' title='bbox 1074 1006 1088 1054; x_wconf 90' lang='lat'><strong>;</strong></span> <span class='ocrx_word' id='word_1_45' title='bbox 1118 987 1355 1043; x_wconf 85' lang='lat' dir='ltr'><strong>ascendit</strong></span> <span class='ocrx_word' id='word_1_46' title='bbox 1379 982 1554 1040; x_wconf 76' lang='lat' dir='ltr'><strong>autem</strong></span> <span class='ocrx_word' id='word_1_47' title='bbox 1585 998 1742 1053; x_wconf 81' lang='lat' dir='ltr'><strong>supra</strong></span> <span class='ocrx_word' id='word_1_48' title='bbox 1770 995 1957 1036; x_wconf 89' lang='lat' dir='ltr'><strong>omnes</strong></span> 
     </span>
    </p>
   </div>
   <div class='ocr_carea' id='block_1_8' title="bbox 375 1074 1956 1153">
    <p class='ocr_par' dir='ltr' id='par_1_8' title="bbox 375 1074 1956 1153">
     <span class='ocr_line' id='line_1_8' title="bbox 375 1074 1956 1153; baseline -0.009 -14"><span class='ocrx_word' id='word_1_49' title='bbox 375 1086 562 1141; x_wconf 59' lang='lat' dir='ltr'><strong>caelos.</strong></span> <span class='ocrx_word' id='word_1_50' title='bbox 591 1083 747 1138; x_wconf 85' lang='lat' dir='ltr'><strong>Disce</strong></span> <span class='ocrx_word' id='word_1_51' title='bbox 767 1084 886 1153; x_wconf 90' lang='lat' dir='ltr'><strong>quis</strong></span> <span class='ocrx_word' id='word_1_52' title='bbox 908 1079 1225 1141; x_wconf 83' lang='lat' dir='ltr'><strong>ascenderit,</strong></span> <span class='ocrx_word' id='word_1_53' title='bbox 1249 1087 1302 1131; x_wconf 92' lang='lat' dir='ltr'><strong>et</strong></span> <span class='ocrx_word' id='word_1_54' title='bbox 1326 1074 1627 1145; x_wconf 88' lang='lat' dir='ltr'><strong>cujusmodi</strong></span> <span class='ocrx_word' id='word_1_55' title='bbox 1658 1083 1864 1137; x_wconf 89' lang='lat' dir='ltr'><strong>natura,</strong></span> <span class='ocrx_word' id='word_1_56' title='bbox 1893 1086 1956 1126; x_wconf 90' lang='lat' dir='ltr'><strong>ac</strong></span> 
     </span>
    </p>
   </div>
   <div class='ocr_carea' id='block_1_9' title="bbox 379 1162 1954 1243">
    <p class='ocr_par' dir='ltr' id='par_1_9' title="bbox 379 1162 1954 1243">
     <span class='ocr_line' id='line_1_9' title="bbox 379 1162 1954 1243; baseline -0.01 -14"><span class='ocrx_word' id='word_1_57' title='bbox 379 1172 823 1243; x_wconf 86' lang='lat' dir='ltr'><strong>quemadmodum</strong></span> <span class='ocrx_word' id='word_1_58' title='bbox 866 1178 1021 1226; x_wconf 87' lang='lat' dir='ltr'><strong>antea</strong></span> <span class='ocrx_word' id='word_1_59' title='bbox 1063 1183 1181 1223; x_wconf 91' lang='lat' dir='ltr'><strong>sese</strong></span> <span class='ocrx_word' id='word_1_60' title='bbox 1228 1167 1490 1221; x_wconf 85' lang='lat' dir='ltr'><strong>haberet:</strong></span> <span class='ocrx_word' id='word_1_61' title='bbox 1541 1164 1771 1235; x_wconf 86' lang='lat' dir='ltr'><strong>libenter</strong></span> <span class='ocrx_word' id='word_1_62' title='bbox 1811 1162 1954 1216; x_wconf 90' lang='lat' dir='ltr'><strong>enim</strong></span> 
     </span>
    </p>
   </div>
   <div class='ocr_carea' id='block_1_10' title="bbox 379 1252 1957 1331">
    <p class='ocr_par' dir='ltr' id='par_1_10' title="bbox 379 1252 1957 1331">
     <span class='ocr_line' id='line_1_10' title="bbox 379 1252 1957 1331; baseline -0.006 -11"><span class='ocrx_word' id='word_1_63' title='bbox 379 1279 568 1320; x_wconf 82' lang='lat' dir='ltr'><strong>versor</strong></span> <span class='ocrx_word' id='word_1_64' title='bbox 592 1265 733 1319; x_wconf 91' lang='lat' dir='ltr'><strong>circa</strong></span> <span class='ocrx_word' id='word_1_65' title='bbox 762 1263 1019 1317; x_wconf 79' lang='lat' dir='ltr'><strong>vilitatem</strong></span> <span class='ocrx_word' id='word_1_66' title='bbox 1045 1260 1257 1331; x_wconf 80' lang='lat' dir='ltr'><strong>generis</strong></span> <span class='ocrx_word' id='word_1_67' title='bbox 1282 1258 1468 1321; x_wconf 88' lang='lat' dir='ltr'><strong>nostri,</strong></span> <span class='ocrx_word' id='word_1_68' title='bbox 1512 1267 1570 1310; x_wconf 88' lang='lat' dir='ltr'><strong>ut</strong></span> <span class='ocrx_word' id='word_1_69' title='bbox 1609 1252 1957 1311; x_wconf 84' lang='lat' dir='ltr'><strong>excellentius</strong></span> 
     </span>
    </p>
   </div>
   <div class='ocr_carea' id='block_1_11' title="bbox 380 1347 1955 1425">
    <p class='ocr_par' dir='ltr' id='par_1_11' title="bbox 380 1347 1955 1425">
     <span class='ocr_line' id='line_1_11' title="bbox 380 1347 1955 1425; baseline -0.006 -17"><span class='ocrx_word' id='word_1_70' title='bbox 380 1355 658 1420; x_wconf 79' lang='lat' dir='ltr'><strong>honorem,</strong></span> <span class='ocrx_word' id='word_1_71' title='bbox 689 1354 775 1425; x_wconf 89' lang='lat' dir='ltr'><strong>qui</strong></span> <span class='ocrx_word' id='word_1_72' title='bbox 805 1369 836 1407; x_wconf 90' lang='lat' dir='ltr'><strong>a</strong></span> <span class='ocrx_word' id='word_1_73' title='bbox 867 1353 1188 1422; x_wconf 79' lang='lat' dir='ltr'><strong>benignitate</strong></span> <span class='ocrx_word' id='word_1_74' title='bbox 1221 1350 1427 1404; x_wconf 87' lang='lat' dir='ltr'><strong>Domini</strong></span> <span class='ocrx_word' id='word_1_75' title='bbox 1455 1348 1519 1403; x_wconf 89' lang='lat' dir='ltr'><strong>ad</strong></span> <span class='ocrx_word' id='word_1_76' title='bbox 1546 1362 1644 1402; x_wconf 90' lang='lat' dir='ltr'><strong>nos</strong></span> <span class='ocrx_word' id='word_1_77' title='bbox 1668 1347 1955 1412; x_wconf 84' lang='lat' dir='ltr'><strong>derivatur,</strong></span> 
     </span>
    </p>
   </div>
   <div class='ocr_carea' id='block_1_12' title="bbox 379 1438 1957 1515">
    <p class='ocr_par' dir='ltr' id='par_1_12' title="bbox 379 1438 1957 1515">
     <span class='ocr_line' id='line_1_12' title="bbox 379 1438 1957 1515; baseline -0.006 -15"><span class='ocrx_word' id='word_1_78' title='bbox 379 1444 695 1515; x_wconf 87' lang='lat' dir='ltr'><strong>perdiscam.</strong></span> <span class='ocrx_word' id='word_1_79' title='bbox 725 1444 890 1499; x_wconf 90' lang='lat' dir='ltr'><strong>Terra</strong></span> <span class='ocrx_word' id='word_1_80' title='bbox 916 1453 969 1498; x_wconf 91' lang='lat' dir='ltr'><strong>et</strong></span> <span class='ocrx_word' id='word_1_81' title='bbox 1011 1443 1146 1498; x_wconf 90' lang='lat' dir='ltr'><strong>cinis</strong></span> <span class='ocrx_word' id='word_1_82' title='bbox 1186 1456 1398 1497; x_wconf 88' lang='lat' dir='ltr'><strong>eramus</strong></span> <span class='ocrx_word' id='word_1_83' title='bbox 1440 1454 1536 1494; x_wconf 91' lang='lat' dir='ltr'><strong>nos</strong></span> <span class='ocrx_word' id='word_1_84' title='bbox 1562 1457 1575 1493; x_wconf 90' lang='lat'><strong>:</strong></span> <span class='ocrx_word' id='word_1_85' title='bbox 1602 1439 1695 1493; x_wconf 89' lang='lat' dir='ltr'><strong>sed</strong></span> <span class='ocrx_word' id='word_1_86' title='bbox 1724 1438 1957 1497; x_wconf 85' lang='lat' dir='ltr'><strong>nondum</strong></span> 
     </span>
    </p>
   </div>
   <div class='ocr_carea' id='block_1_13' title="bbox 380 1528 1958 1605">
    <p class='ocr_par' dir='ltr' id='par_1_13' title="bbox 380 1528 1958 1605">
     <span class='ocr_line' id='line_1_13' title="bbox 380 1528 1958 1605; baseline -0.006 -15"><span class='ocrx_word' id='word_1_87' title='bbox 380 1535 485 1591; x_wconf 90' lang='lat' dir='ltr'><strong>hoc</strong></span> <span class='ocrx_word' id='word_1_88' title='bbox 508 1537 700 1605; x_wconf 83' lang='lat' dir='ltr'><strong>culpa:</strong></span> <span class='ocrx_word' id='word_1_89' title='bbox 730 1544 933 1588; x_wconf 60' lang='lat' dir='ltr'><strong>naturae</strong></span> <span class='ocrx_word' id='word_1_90' title='bbox 959 1534 1101 1588; x_wconf 90' lang='lat' dir='ltr'><strong>enim</strong></span> <span class='ocrx_word' id='word_1_91' title='bbox 1139 1532 1416 1586; x_wconf 82' lang='lat' dir='ltr'><strong>inﬁrmitas</strong></span> <span class='ocrx_word' id='word_1_92' title='bbox 1449 1539 1582 1585; x_wconf 91' lang='lat' dir='ltr'><strong>erat.</strong></span> <span class='ocrx_word' id='word_1_93' title='bbox 1623 1528 1958 1583; x_wconf 85' lang='lat' dir='ltr'><strong>irrationabi-</strong></span> 
     </span>
    </p>
   </div>
   <div class='ocr_carea' id='block_1_14' title="bbox 380 1619 1958 1692">
    <p class='ocr_par' dir='ltr' id='par_1_14' title="bbox 380 1619 1958 1692">
     <span class='ocr_line' id='line_1_14' title="bbox 380 1619 1958 1692; baseline -0.006 -12"><span class='ocrx_word' id='word_1_94' title='bbox 380 1625 522 1680; x_wconf 91' lang='lat' dir='ltr'><strong>libus</strong></span> <span class='ocrx_word' id='word_1_95' title='bbox 545 1624 667 1678; x_wconf 87' lang='lat' dir='ltr'><strong>facti</strong></span> <span class='ocrx_word' id='word_1_96' title='bbox 693 1638 880 1680; x_wconf 89' lang='lat' dir='ltr'><strong>sumus</strong></span> <span class='ocrx_word' id='word_1_97' title='bbox 905 1623 1295 1692; x_wconf 87' lang='lat' dir='ltr'><strong>insipientiores</strong></span> <span class='ocrx_word' id='word_1_98' title='bbox 1331 1639 1344 1676; x_wconf 92' lang='lat'><strong>:</strong></span> <span class='ocrx_word' id='word_1_99' title='bbox 1371 1619 1703 1689; x_wconf 87' lang='lat' dir='ltr'><strong>Comparatus</strong></span> <span class='ocrx_word' id='word_1_100' title='bbox 1723 1629 1793 1672; x_wconf 87' lang='lat' dir='ltr'><strong>est</strong></span> <span class='ocrx_word' id='word_1_101' title='bbox 1817 1619 1958 1672; x_wconf 89' lang='lat' dir='ltr'><strong>enim</strong></span> 
     </span>
    </p>
   </div>
   <div class='ocr_carea' id='block_1_15' title="bbox 380 1707 1961 1785">
    <p class='ocr_par' dir='ltr' id='par_1_15' title="bbox 380 1707 1961 1785">
     <span class='ocr_line' id='line_1_15' title="bbox 380 1707 1961 1785; baseline -0.004 -17"><span class='ocrx_word' id='word_1_102' title='bbox 380 1716 619 1782; x_wconf 80' lang='lat' dir='ltr'><strong>iumentis</strong></span> <span class='ocrx_word' id='word_1_103' title='bbox 663 1714 1007 1785; x_wconf 76' lang='lat' dir='ltr'><strong>insipientibus</strong></span> <span class='ocrx_word' id='word_1_104' title='bbox 1044 1714 1211 1777; x_wconf 82' lang='lat' dir='ltr'><strong>homo,</strong></span> <span class='ocrx_word' id='word_1_105' title='bbox 1256 1722 1302 1766; x_wconf 89' lang='lat' dir='ltr'><strong>et</strong></span> <span class='ocrx_word' id='word_1_106' title='bbox 1338 1711 1514 1764; x_wconf 79' lang='lat' dir='ltr'><strong>similis</strong></span> <span class='ocrx_word' id='word_1_107' title='bbox 1555 1714 1717 1781; x_wconf 82' lang='lat' dir='ltr'><strong>factus</strong></span> <span class='ocrx_word' id='word_1_108' title='bbox 1759 1718 1831 1762; x_wconf 85' lang='lat' dir='ltr'><strong>est</strong></span> <span class='ocrx_word' id='word_1_109' title='bbox 1856 1707 1961 1761; x_wconf 90' lang='lat' dir='ltr'><strong>illis</strong></span> 
     </span>
    </p>
   </div>
   <div class='ocr_carea' id='block_1_16' title="bbox 382 1799 1961 1877">
    <p class='ocr_par' dir='ltr' id='par_1_16' title="bbox 382 1799 1961 1877">
     <span class='ocr_line' id='line_1_16' title="bbox 382 1799 1961 1877; baseline -0.004 -17"><span class='ocrx_word' id='word_1_110' title='bbox 382 1806 554 1877; x_wconf 87' lang='lat' dir='ltr'><strong>(Psal.</strong></span> <span class='ocrx_word' id='word_1_111' title='bbox 606 1805 697 1861; x_wconf 80' lang='grc'><strong>48.</strong></span> <span class='ocrx_word' id='word_1_112' title='bbox 740 1805 861 1875; x_wconf 77' lang='lat' dir='ltr'><strong>2f).</strong></span> <span class='ocrx_word' id='word_1_113' title='bbox 918 1804 1287 1859; x_wconf 82' lang='lat' dir='ltr'><strong>Animantibus</strong></span> <span class='ocrx_word' id='word_1_114' title='bbox 1351 1812 1528 1855; x_wconf 88' lang='lat' dir='ltr'><strong>autem</strong></span> <span class='ocrx_word' id='word_1_115' title='bbox 1572 1799 1961 1854; x_wconf 85' lang='lat' dir='ltr'><strong>irrationalibus</strong></span> 
     </span>
    </p>
   </div>
   <div class='ocr_carea' id='block_1_17' title="bbox 383 1889 1961 1960">
    <p class='ocr_par' dir='ltr' id='par_1_17' title="bbox 383 1889 1961 1960">
     <span class='ocr_line' id='line_1_17' title="bbox 383 1889 1961 1960; baseline -0.006 -9"><span class='ocrx_word' id='word_1_116' title='bbox 383 1895 499 1950; x_wconf 84' lang='lat' dir='ltr'><strong>fieri</strong></span> <span class='ocrx_word' id='word_1_117' title='bbox 528 1895 720 1951; x_wconf 86' lang='lat' dir='ltr'><strong>similis</strong></span> <span class='ocrx_word' id='word_1_118' title='bbox 747 1894 849 1948; x_wconf 90' lang='lat' dir='ltr'><strong>hoc</strong></span> <span class='ocrx_word' id='word_1_119' title='bbox 876 1903 959 1949; x_wconf 89' lang='lat' dir='ltr'><strong>est</strong></span> <span class='ocrx_word' id='word_1_120' title='bbox 999 1892 1232 1947; x_wconf 83' lang='lat' dir='ltr'><strong>deterior</strong></span> <span class='ocrx_word' id='word_1_121' title='bbox 1261 1891 1381 1945; x_wconf 90' lang='lat' dir='ltr'><strong>illis.</strong></span> <span class='ocrx_word' id='word_1_122' title='bbox 1425 1889 1695 1960; x_wconf 88' lang='lat' dir='ltr'><strong>Siquidem</strong></span> <span class='ocrx_word' id='word_1_123' title='bbox 1742 1889 1961 1942; x_wconf 82' lang='lat' dir='ltr'><strong>rationis</strong></span> 
     </span>
    </p>
   </div>
   <div class='ocr_carea' id='block_1_18' title="bbox 381 1979 1958 2056">
    <p class='ocr_par' dir='ltr' id='par_1_18' title="bbox 381 1979 1958 2056">
     <span class='ocr_line' id='line_1_18' title="bbox 381 1979 1958 2056; baseline -0.005 -16"><span class='ocrx_word' id='word_1_124' title='bbox 381 1997 654 2056; x_wconf 81' lang='lat' dir='ltr'><strong>expertem</strong></span> <span class='ocrx_word' id='word_1_125' title='bbox 676 2000 794 2040; x_wconf 89' lang='lat' dir='ltr'><strong>esse</strong></span> <span class='ocrx_word' id='word_1_126' title='bbox 818 1995 1028 2051; x_wconf 89' lang='lat' dir='ltr'><strong>natura,</strong></span> <span class='ocrx_word' id='word_1_127' title='bbox 1050 1994 1104 2038; x_wconf 91' lang='lat' dir='ltr'><strong>et</strong></span> <span class='ocrx_word' id='word_1_128' title='bbox 1124 1984 1203 2037; x_wconf 88' lang='lat' dir='ltr'><strong>sic</strong></span> <span class='ocrx_word' id='word_1_129' title='bbox 1226 1996 1556 2052; x_wconf 83' lang='lat' dir='ltr'><strong>permanere,</strong></span> <span class='ocrx_word' id='word_1_130' title='bbox 1585 1979 1825 2033; x_wconf 85' lang='lat' dir='ltr'><strong>naturale</strong></span> <span class='ocrx_word' id='word_1_131' title='bbox 1848 1987 1958 2033; x_wconf 88' lang='lat' dir='ltr'><strong>est:</strong></span> 
     </span>
    </p>
   </div>
   <div class='ocr_carea' id='block_1_19' title="bbox 381 2068 1964 2131">
    <p class='ocr_par' dir='ltr' id='par_1_19' title="bbox 381 2068 1964 2131">
     <span class='ocr_line' id='line_1_19' title="bbox 381 2068 1964 2131; baseline -0.006 0"><span class='ocrx_word' id='word_1_132' title='bbox 381 2077 481 2131; x_wconf 88' lang='lat' dir='ltr'><strong>sed</strong></span> <span class='ocrx_word' id='word_1_133' title='bbox 508 2084 685 2129; x_wconf 88' lang='lat' dir='ltr'><strong>mente</strong></span> <span class='ocrx_word' id='word_1_134' title='bbox 714 2089 777 2129; x_wconf 92' lang='lat' dir='ltr'><strong>ac</strong></span> <span class='ocrx_word' id='word_1_135' title='bbox 814 2073 1019 2128; x_wconf 85' lang='lat' dir='ltr'><strong>ratione</strong></span> <span class='ocrx_word' id='word_1_136' title='bbox 1048 2082 1264 2127; x_wconf 89' lang='lat' dir='ltr'><strong>ornatos</strong></span> <span class='ocrx_word' id='word_1_137' title='bbox 1305 2072 1358 2126; x_wconf 87' lang='lat' dir='ltr'><strong>in</strong></span> <span class='ocrx_word' id='word_1_138' title='bbox 1390 2071 1531 2124; x_wconf 88' lang='lat' dir='ltr'><strong>illam</strong></span> <span class='ocrx_word' id='word_1_139' title='bbox 1558 2070 1840 2124; x_wconf 75' lang='lat' dir='ltr'><strong>:mientiam</strong></span> <span class='ocrx_word' id='word_1_140' title='bbox 1868 2068 1964 2123; x_wconf 85' lang='lat' dir='ltr'><strong>de-</strong></span> 
     </span>
    </p>
   </div>
   <div class='ocr_carea' id='block_1_20' title="bbox 383 2159 1962 2234">
    <p class='ocr_par' dir='ltr' id='par_1_20' title="bbox 383 2159 1962 2234">
     <span class='ocr_line' id='line_1_20' title="bbox 383 2159 1962 2234; baseline -0.004 -13"><span class='ocrx_word' id='word_1_141' title='bbox 383 2168 510 2234; x_wconf 85' lang='lat' dir='ltr'><strong>labi,</strong></span> <span class='ocrx_word' id='word_1_142' title='bbox 555 2167 840 2221; x_wconf 85' lang='lat' dir='ltr'><strong>voluntatis</strong></span> <span class='ocrx_word' id='word_1_143' title='bbox 886 2173 968 2220; x_wconf 90' lang='lat' dir='ltr'><strong>est</strong></span> <span class='ocrx_word' id='word_1_144' title='bbox 1009 2166 1181 2233; x_wconf 90' lang='lat' dir='ltr'><strong>culpa.</strong></span> <span class='ocrx_word' id='word_1_145' title='bbox 1215 2164 1543 2233; x_wconf 83' lang='lat' dir='ltr'><strong>Itaquecum</strong></span> <span class='ocrx_word' id='word_1_146' title='bbox 1567 2161 1797 2215; x_wconf 87' lang='lat' dir='ltr'><strong>audieris</strong></span> <span class='ocrx_word' id='word_1_147' title='bbox 1819 2159 1962 2230; x_wconf 92' lang='lat' dir='ltr'><strong>quod</strong></span> 
     </span>
    </p>
   </div>
   <div class='ocr_carea' id='block_1_21' title="bbox 381 2250 1965 2324">
    <p class='ocr_par' dir='ltr' id='par_1_21' title="bbox 381 2250 1965 2324">
     <span class='ocr_line' id='line_1_21' title="bbox 381 2250 1965 2324; baseline -0.004 -13"><span class='ocrx_word' id='word_1_148' title='bbox 381 2258 567 2312; x_wconf 88' lang='lat' dir='ltr'><strong>similis</strong></span> <span class='ocrx_word' id='word_1_149' title='bbox 592 2256 762 2311; x_wconf 89' lang='lat' dir='ltr'><strong>factus</strong></span> <span class='ocrx_word' id='word_1_150' title='bbox 787 2258 856 2311; x_wconf 87' lang='lat' dir='ltr'><strong>sit</strong></span> <span class='ocrx_word' id='word_1_151' title='bbox 881 2255 1101 2309; x_wconf 88' lang='lat' dir='ltr'><strong>rationis</strong></span> <span class='ocrx_word' id='word_1_152' title='bbox 1124 2253 1451 2324; x_wconf 82' lang='lat' dir='ltr'><strong>expertibus,</strong></span> <span class='ocrx_word' id='word_1_153' title='bbox 1479 2266 1545 2306; x_wconf 91' lang='lat' dir='ltr'><strong>ne</strong></span> <span class='ocrx_word' id='word_1_154' title='bbox 1570 2250 1842 2305; x_wconf 88' lang='lat' dir='ltr'><strong>arbitreris</strong></span> <span class='ocrx_word' id='word_1_155' title='bbox 1862 2251 1965 2305; x_wconf 85' lang='lat' dir='ltr'><strong>hoc</strong></span> 
     </span>
    </p>
   </div>
   <div class='ocr_carea' id='block_1_22' title="bbox 380 2342 1963 2415">
    <p class='ocr_par' dir='ltr' id='par_1_22' title="bbox 380 2342 1963 2415">
     <span class='ocr_line' id='line_1_22' title="bbox 380 2342 1963 2415; baseline -0.005 -12"><span class='ocrx_word' id='word_1_156' title='bbox 380 2349 579 2415; x_wconf 87' lang='lat' dir='ltr'><strong>dicere,</strong></span> <span class='ocrx_word' id='word_1_157' title='bbox 627 2356 684 2402; x_wconf 94' lang='lat' dir='ltr'><strong>ut</strong></span> <span class='ocrx_word' id='word_1_158' title='bbox 724 2348 970 2402; x_wconf 85' lang='lat' dir='ltr'><strong>ostendat</strong></span> <span class='ocrx_word' id='word_1_159' title='bbox 1012 2347 1254 2400; x_wconf 88' lang='lat' dir='ltr'><strong>homines</strong></span> <span class='ocrx_word' id='word_1_160' title='bbox 1280 2359 1400 2399; x_wconf 89' lang='lat' dir='ltr'><strong>esse</strong></span> <span class='ocrx_word' id='word_1_161' title='bbox 1442 2343 1631 2398; x_wconf 90' lang='lat' dir='ltr'><strong>belluis</strong></span> <span class='ocrx_word' id='word_1_162' title='bbox 1659 2356 1833 2412; x_wconf 82' lang='lat' dir='ltr'><strong>pares,</strong></span> <span class='ocrx_word' id='word_1_163' title='bbox 1869 2342 1963 2396; x_wconf 92' lang='lat' dir='ltr'><strong>sed</strong></span> 
     </span>
    </p>
   </div>
   <div class='ocr_carea' id='block_1_23' title="bbox 382 2432 1962 2508">
    <p class='ocr_par' dir='ltr' id='par_1_23' title="bbox 382 2432 1962 2508">
     <span class='ocr_line' id='line_1_23' title="bbox 382 2432 1962 2508; baseline -0.006 -14"><span class='ocrx_word' id='word_1_164' title='bbox 382 2440 487 2494; x_wconf 86' lang='lat' dir='ltr'><strong>illis</strong></span> <span class='ocrx_word' id='word_1_165' title='bbox 514 2437 721 2508; x_wconf 83' lang='lat' dir='ltr'><strong>pejores</strong></span> <span class='ocrx_word' id='word_1_166' title='bbox 760 2437 1040 2494; x_wconf 89' lang='lat' dir='ltr'><strong>ostendere</strong></span> <span class='ocrx_word' id='word_1_167' title='bbox 1083 2436 1336 2491; x_wconf 88' lang='lat' dir='ltr'><strong>voluisse.</strong></span> <span class='ocrx_word' id='word_1_168' title='bbox 1385 2434 1594 2489; x_wconf 85' lang='lat' dir='ltr'><strong>Etenim</strong></span> <span class='ocrx_word' id='word_1_169' title='bbox 1622 2432 1841 2487; x_wconf 83' lang='lat' dir='ltr'><strong>rationis</strong></span> <span class='ocrx_word' id='word_1_170' title='bbox 1866 2446 1962 2487; x_wconf 85' lang='lat' dir='ltr'><strong>ex-</strong></span> 
     </span>
    </p>
   </div>
   <div class='ocr_carea' id='block_1_24' title="bbox 383 2521 1966 2601">
    <p class='ocr_par' dir='ltr' id='par_1_24' title="bbox 383 2521 1966 2601">
     <span class='ocr_line' id='line_1_24' title="bbox 383 2521 1966 2601; baseline -0.007 -14"><span class='ocrx_word' id='word_1_171' title='bbox 383 2532 624 2601; x_wconf 90' lang='lat' dir='ltr'><strong>pertibus</strong></span> <span class='ocrx_word' id='word_1_172' title='bbox 663 2530 928 2585; x_wconf 72' lang='lat' dir='ltr'><strong>evasimus</strong></span> <span class='ocrx_word' id='word_1_173' title='bbox 971 2530 1178 2598; x_wconf 83' lang='lat' dir='ltr'><strong>pejores</strong></span> <span class='ocrx_word' id='word_1_174' title='bbox 1221 2536 1275 2582; x_wconf 92' lang='lat' dir='ltr'><strong>et</strong></span> <span class='ocrx_word' id='word_1_175' title='bbox 1301 2526 1610 2581; x_wconf 87' lang='lat' dir='ltr'><strong>insulsiores</strong></span> <span class='ocrx_word' id='word_1_176' title='bbox 1637 2542 1652 2578; x_wconf 89' lang='lat'><strong>:</strong></span> <span class='ocrx_word' id='word_1_177' title='bbox 1680 2537 1787 2578; x_wconf 92' lang='lat' dir='ltr'><strong>non</strong></span> <span class='ocrx_word' id='word_1_178' title='bbox 1823 2521 1966 2592; x_wconf 91' lang='lat' dir='ltr'><strong>quod</strong></span> 
     </span>
    </p>
   </div>
   <div class='ocr_carea' id='block_1_25' title="bbox 386 2614 1966 2690">
    <p class='ocr_par' dir='ltr' id='par_1_25' title="bbox 386 2614 1966 2690">
     <span class='ocr_line' id='line_1_25' title="bbox 386 2614 1966 2690; baseline -0.006 -14"><span class='ocrx_word' id='word_1_179' title='bbox 386 2632 442 2677; x_wconf 91' lang='lat' dir='ltr'><strong>ut</strong></span> <span class='ocrx_word' id='word_1_180' title='bbox 471 2623 714 2677; x_wconf 82' lang='lat' dir='ltr'><strong>homines</strong></span> <span class='ocrx_word' id='word_1_181' title='bbox 739 2620 864 2675; x_wconf 89' lang='lat' dir='ltr'><strong>illuc</strong></span> <span class='ocrx_word' id='word_1_182' title='bbox 889 2620 1089 2690; x_wconf 86' lang='lat' dir='ltr'><strong>delapsi</strong></span> <span class='ocrx_word' id='word_1_183' title='bbox 1118 2621 1303 2684; x_wconf 87' lang='lat' dir='ltr'><strong>simus,</strong></span> <span class='ocrx_word' id='word_1_184' title='bbox 1334 2628 1389 2671; x_wconf 91' lang='lat' dir='ltr'><strong>at</strong></span> <span class='ocrx_word' id='word_1_185' title='bbox 1413 2616 1552 2687; x_wconf 88' lang='lat' dir='ltr'><strong>quod</strong></span> <span class='ocrx_word' id='word_1_186' title='bbox 1573 2614 1734 2670; x_wconf 89' lang='lat' dir='ltr'><strong>etiam</strong></span> <span class='ocrx_word' id='word_1_187' title='bbox 1761 2614 1827 2669; x_wconf 90' lang='lat' dir='ltr'><strong>ad</strong></span> <span class='ocrx_word' id='word_1_188' title='bbox 1853 2629 1966 2668; x_wconf 89' lang='lat' dir='ltr'><strong>ma-</strong></span> 
     </span>
    </p>
   </div>
   <div class='ocr_carea' id='block_1_26' title="bbox 383 2703 1965 2784">
    <p class='ocr_par' dir='ltr' id='par_1_26' title="bbox 383 2703 1965 2784">
     <span class='ocr_line' id='line_1_26' title="bbox 383 2703 1965 2784; baseline -0.007 -15"><span class='ocrx_word' id='word_1_189' title='bbox 383 2714 552 2784; x_wconf 92' lang='lat' dir='ltr'><strong>jorem</strong></span> <span class='ocrx_word' id='word_1_190' title='bbox 595 2710 1017 2782; x_wconf 88' lang='lat' dir='ltr'><strong>ingratitudinem</strong></span> <span class='ocrx_word' id='word_1_191' title='bbox 1062 2710 1466 2780; x_wconf 82' lang='lat' dir='ltr'><strong>prosilierimus.</strong></span> <span class='ocrx_word' id='word_1_192' title='bbox 1516 2706 1584 2761; x_wconf 85' lang='lat' dir='ltr'><strong>Et</strong></span> <span class='ocrx_word' id='word_1_193' title='bbox 1627 2706 1727 2761; x_wconf 92' lang='lat' dir='ltr'><strong>hoc</strong></span> <span class='ocrx_word' id='word_1_194' title='bbox 1761 2703 1965 2777; x_wconf 75' lang='lat' dir='ltr'><strong>patefa-</strong></span> 
     </span>
    </p>
   </div>
   <div class='ocr_carea' id='block_1_27' title="bbox 384 2800 1967 2872">
    <p class='ocr_par' dir='ltr' id='par_1_27' title="bbox 384 2800 1967 2872">
     <span class='ocr_line' id='line_1_27' title="bbox 384 2800 1967 2872; baseline -0.005 -13"><span class='ocrx_word' id='word_1_195' title='bbox 384 2804 532 2860; x_wconf 87' lang='lat' dir='ltr'><strong>ciens</strong></span> <span class='ocrx_word' id='word_1_196' title='bbox 560 2804 720 2859; x_wconf 87' lang='lat' dir='ltr'><strong>lsaias</strong></span> <span class='ocrx_word' id='word_1_197' title='bbox 743 2803 948 2858; x_wconf 90' lang='lat' dir='ltr'><strong>dicebat</strong></span> <span class='ocrx_word' id='word_1_198' title='bbox 971 2821 983 2858; x_wconf 91' lang='lat'>:</span> <span class='ocrx_word' id='word_1_199' title='bbox 1007 2800 1248 2872; x_wconf 74' lang='lat' dir='ltr'><strong>Cognovit</strong></span> <span class='ocrx_word' id='word_1_200' title='bbox 1274 2801 1361 2854; x_wconf 86' lang='lat' dir='ltr'><strong>bos</strong></span> <span class='ocrx_word' id='word_1_201' title='bbox 1381 2815 1711 2870; x_wconf 81' lang='lat' dir='ltr'><strong>possessorem</strong></span> <span class='ocrx_word' id='word_1_202' title='bbox 1731 2815 1895 2863; x_wconf 87' lang='lat' dir='ltr'><strong>suum,</strong></span> <span class='ocrx_word' id='word_1_203' title='bbox 1919 2807 1967 2852; x_wconf 87' lang='lat' dir='ltr'><strong>et</strong></span> 
     </span>
    </p>
   </div>
   <div class='ocr_carea' id='block_1_28' title="bbox 385 2890 1966 2965">
    <p class='ocr_par' dir='ltr' id='par_1_28' title="bbox 385 2890 1966 2965">
     <span class='ocr_line' id='line_1_28' title="bbox 385 2890 1966 2965; baseline -0.004 -15"><span class='ocrx_word' id='word_1_204' title='bbox 385 2896 559 2950; x_wconf 86' lang='lat' dir='ltr'><strong>asinus</strong></span> <span class='ocrx_word' id='word_1_205' title='bbox 593 2910 814 2965; x_wconf 64' lang='lat' dir='ltr'><strong>praisepe</strong></span> <span class='ocrx_word' id='word_1_206' title='bbox 845 2894 1035 2947; x_wconf 79' lang='lat' dir='ltr'><strong>domini</strong></span> <span class='ocrx_word' id='word_1_207' title='bbox 1072 2894 1189 2958; x_wconf 85' lang='lat' dir='ltr'><strong>sui;</strong></span> <span class='ocrx_word' id='word_1_208' title='bbox 1226 2890 1393 2946; x_wconf 83' lang='lat' dir='ltr'><strong>Israel</strong></span> <span class='ocrx_word' id='word_1_209' title='bbox 1428 2900 1594 2944; x_wconf 88' lang='lat' dir='ltr'><strong>autem</strong></span> <span class='ocrx_word' id='word_1_210' title='bbox 1630 2905 1710 2944; x_wconf 87' lang='lat' dir='ltr'><strong>me</strong></span> <span class='ocrx_word' id='word_1_211' title='bbox 1736 2905 1836 2942; x_wconf 85' lang='lat' dir='ltr'><strong>non</strong></span> <span class='ocrx_word' id='word_1_212' title='bbox 1876 2904 1966 2943; x_wconf 87' lang='lat' dir='ltr'><strong>co-</strong></span> 
     </span>
    </p>
   </div>
   <div class='ocr_carea' id='block_1_29' title="bbox 387 2981 1969 3059">
    <p class='ocr_par' dir='ltr' id='par_1_29' title="bbox 387 2981 1969 3059">
     <span class='ocr_line' id='line_1_29' title="bbox 387 2981 1969 3059; baseline -0.005 -18"><span class='ocrx_word' id='word_1_213' title='bbox 387 2987 555 3059; x_wconf 79' lang='lat' dir='ltr'><strong>gnovit</strong></span> <span class='ocrx_word' id='word_1_214' title='bbox 583 2985 735 3057; x_wconf 88' lang='lat' dir='ltr'><strong>(lsai.</strong></span> <span class='ocrx_word' id='word_1_215' title='bbox 760 2986 811 3040; x_wconf 84' lang='grc'><strong>1.</strong></span> <span class='ocrx_word' id='word_1_216' title='bbox 842 2985 917 3056; x_wconf 78' lang='grc'><strong>5).</strong></span> <span class='ocrx_word' id='word_1_217' title='bbox 960 2984 1224 3039; x_wconf 69' lang='lat' dir='ltr'><strong>Cat-terum</strong></span> <span class='ocrx_word' id='word_1_218' title='bbox 1266 2998 1370 3035; x_wconf 83' lang='lat' dir='ltr'><strong>mm</strong></span> <span class='ocrx_word' id='word_1_219' title='bbox 1398 2981 1782 3035; x_wconf 82' lang='lat' dir='ltr'><strong>confundatnur</strong></span> <span class='ocrx_word' id='word_1_220' title='bbox 1808 2993 1969 3049; x_wconf 87' lang='lat' dir='ltr'><strong>super</strong></span> 
     </span>
    </p>
   </div>
   <div class='ocr_carea' id='block_1_30' title="bbox 390 3070 1969 3150">
    <p class='ocr_par' dir='ltr' id='par_1_30' title="bbox 390 3070 1969 3150">
     <span class='ocr_line' id='line_1_30' title="bbox 390 3070 1969 3150; baseline -0.004 -20"><span class='ocrx_word' id='word_1_221' title='bbox 390 3078 654 3150; x_wconf 83' lang='lat' dir='ltr'><strong>prioribus</strong></span> <span class='ocrx_word' id='word_1_222' title='bbox 679 3096 691 3132; x_wconf 94' lang='lat'>:</span> <span class='ocrx_word' id='word_1_223' title='bbox 726 3076 823 3133; x_wconf 83' lang='lat' dir='ltr'><strong>Ubi</strong></span> <span class='ocrx_word' id='word_1_224' title='bbox 850 3077 991 3132; x_wconf 91' lang='lat' dir='ltr'><strong>enim</strong></span> <span class='ocrx_word' id='word_1_225' title='bbox 1020 3074 1289 3128; x_wconf 80' lang='lat' dir='ltr'><strong>abundavit</strong></span> <span class='ocrx_word' id='word_1_226' title='bbox 1314 3072 1570 3137; x_wconf 85' lang='lat' dir='ltr'><strong>delictum,</strong></span> <span class='ocrx_word' id='word_1_227' title='bbox 1599 3070 1969 3140; x_wconf 84' lang='lat' dir='ltr'><strong>superabunda-</strong></span> 
     </span>
    </p>
   </div>
   <div class='ocr_carea' id='block_1_31' title="bbox 388 3162 1970 3242">
    <p class='ocr_par' dir='ltr' id='par_1_31' title="bbox 388 3162 1970 3242">
     <span class='ocr_line' id='line_1_31' title="bbox 388 3162 1970 3242; baseline -0.005 -17"><span class='ocrx_word' id='word_1_228' title='bbox 388 3174 457 3225; x_wconf 79' lang='lat' dir='ltr'><strong>vit</strong></span> <span class='ocrx_word' id='word_1_229' title='bbox 484 3180 531 3225; x_wconf 88' lang='lat' dir='ltr'><strong>et</strong></span> <span class='ocrx_word' id='word_1_230' title='bbox 570 3171 734 3242; x_wconf 88' lang='lat' dir='ltr'><strong>gratia</strong></span> <span class='ocrx_word' id='word_1_231' title='bbox 760 3168 932 3240; x_wconf 81' lang='lat' dir='ltr'><strong>(llam.</strong></span> <span class='ocrx_word' id='word_1_232' title='bbox 963 3168 1017 3222; x_wconf 87' lang='lat'><strong>5.</strong></span> <span class='ocrx_word' id='word_1_233' title='bbox 1043 3165 1161 3237; x_wconf 78' lang='lat'><strong>‘20).</strong></span> <span class='ocrx_word' id='word_1_234' title='bbox 1203 3163 1386 3219; x_wconf 81' lang='lat' dir='ltr'><strong>Vidisti</strong></span> <span class='ocrx_word' id='word_1_235' title='bbox 1426 3162 1690 3232; x_wconf 90' lang='lat' dir='ltr'><strong>quomodo</strong></span> <span class='ocrx_word' id='word_1_236' title='bbox 1718 3162 1970 3232; x_wconf 83' lang='lat' dir='ltr'><strong>jumentis</strong></span> 
     </span>
    </p>
   </div>
   <div class='ocr_carea' id='block_1_32' title="bbox 389 3255 1970 3332">
    <p class='ocr_par' dir='ltr' id='par_1_32' title="bbox 389 3255 1970 3332">
     <span class='ocr_line' id='line_1_32' title="bbox 389 3255 1970 3332; baseline -0.004 -14"><span class='ocrx_word' id='word_1_237' title='bbox 389 3262 778 3332; x_wconf 86' lang='lat' dir='ltr'><strong>insipientiores</strong></span> <span class='ocrx_word' id='word_1_238' title='bbox 822 3274 1074 3315; x_wconf 88' lang='lat' dir='ltr'><strong>eramus:</strong></span> <span class='ocrx_word' id='word_1_239' title='bbox 1104 3258 1254 3327; x_wconf 89' lang='lat' dir='ltr'><strong>cupis</strong></span> <span class='ocrx_word' id='word_1_240' title='bbox 1295 3266 1350 3310; x_wconf 87' lang='lat' dir='ltr'><strong>et</strong></span> <span class='ocrx_word' id='word_1_241' title='bbox 1377 3256 1674 3311; x_wconf 88' lang='lat' dir='ltr'><strong>volucribus</strong></span> <span class='ocrx_word' id='word_1_242' title='bbox 1716 3255 1845 3325; x_wconf 92' lang='lat' dir='ltr'><strong>ipsis</strong></span> <span class='ocrx_word' id='word_1_243' title='bbox 1870 3270 1970 3311; x_wconf 91' lang='lat' dir='ltr'><strong>nos</strong></span> 
     </span>
    </p>
   </div>
   <div class='ocr_carea' id='block_1_33' title="bbox 391 3345 1971 3420">
    <p class='ocr_par' dir='ltr' id='par_1_33' title="bbox 391 3345 1971 3420">
     <span class='ocr_line' id='line_1_33' title="bbox 391 3345 1971 3420; baseline -0.005 -12"><span class='ocrx_word' id='word_1_244' title='bbox 391 3353 864 3409; x_wconf 88' lang='lat' dir='ltr'><strong>irrationabiliores</strong></span> <span class='ocrx_word' id='word_1_245' title='bbox 895 3348 1172 3420; x_wconf 85' lang='lat' dir='ltr'><strong>aspicere?</strong></span> <span class='ocrx_word' id='word_1_246' title='bbox 1203 3345 1410 3414; x_wconf 85' lang='lat' dir='ltr'><strong>Turtur,</strong></span> <span class='ocrx_word' id='word_1_247' title='bbox 1443 3357 1490 3399; x_wconf 88' lang='lat' dir='ltr'><strong>et</strong></span> <span class='ocrx_word' id='word_1_248' title='bbox 1515 3346 1752 3411; x_wconf 82' lang='lat' dir='ltr'><strong>hirundo,</strong></span> <span class='ocrx_word' id='word_1_249' title='bbox 1782 3356 1828 3400; x_wconf 83' lang='lat' dir='ltr'><strong>et</strong></span> <span class='ocrx_word' id='word_1_250' title='bbox 1854 3363 1971 3416; x_wconf 86' lang='lat' dir='ltr'><strong>pas-</strong></span> 
     </span>
    </p>
   </div>
   <div class='ocr_carea' id='block_1_34' title="bbox 390 3438 1972 3514">
    <p class='ocr_par' dir='ltr' id='par_1_34' title="bbox 390 3438 1972 3514">
     <span class='ocr_line' id='line_1_34' title="bbox 390 3438 1972 3514; baseline -0.003 -17"><span class='ocrx_word' id='word_1_251' title='bbox 390 3459 524 3497; x_wconf 86' lang='lat' dir='ltr'><strong>seres</strong></span> <span class='ocrx_word' id='word_1_252' title='bbox 549 3445 659 3514; x_wconf 88' lang='lat' dir='ltr'><strong>agri</strong></span> <span class='ocrx_word' id='word_1_253' title='bbox 700 3452 1035 3510; x_wconf 79' lang='lat' dir='ltr'><strong>cognouerunt</strong></span> <span class='ocrx_word' id='word_1_254' title='bbox 1074 3450 1269 3508; x_wconf 82' lang='lat' dir='ltr'><strong>tempus</strong></span> <span class='ocrx_word' id='word_1_255' title='bbox 1314 3439 1553 3491; x_wconf 80' lang='lat' dir='ltr'><strong>adventus</strong></span> <span class='ocrx_word' id='word_1_256' title='bbox 1599 3439 1718 3491; x_wconf 86' lang='lat' dir='ltr'><strong>sui:</strong></span> <span class='ocrx_word' id='word_1_257' title='bbox 1756 3438 1972 3508; x_wconf 81' lang='lat' dir='ltr'><strong>populus</strong></span> 
     </span>
    </p>
   </div>
   <div class='ocr_carea' id='block_1_35' title="bbox 392 3528 1970 3600">
    <p class='ocr_par' dir='ltr' id='par_1_35' title="bbox 392 3528 1970 3600">
     <span class='ocr_line' id='line_1_35' title="bbox 392 3528 1970 3600; baseline -0.003 -14"><span class='ocrx_word' id='word_1_258' title='bbox 392 3544 560 3586; x_wconf 89' lang='lat' dir='ltr'><strong>autem</strong></span> <span class='ocrx_word' id='word_1_259' title='bbox 603 3547 744 3586; x_wconf 84' lang='lat' dir='ltr'><strong>meus</strong></span> <span class='ocrx_word' id='word_1_260' title='bbox 782 3547 882 3584; x_wconf 90' lang='lat' dir='ltr'><strong>non</strong></span> <span class='ocrx_word' id='word_1_261' title='bbox 923 3532 1152 3600; x_wconf 89' lang='lat' dir='ltr'><strong>cognovit</strong></span> <span class='ocrx_word' id='word_1_262' title='bbox 1189 3529 1392 3599; x_wconf 85' lang='lat' dir='ltr'><strong>judicia</strong></span> <span class='ocrx_word' id='word_1_263' title='bbox 1437 3545 1548 3581; x_wconf 87' lang='lat' dir='ltr'><strong>mea</strong></span> <span class='ocrx_word' id='word_1_264' title='bbox 1589 3528 1724 3600; x_wconf 84' lang='lat' dir='ltr'><strong>(Jer.</strong></span> <span class='ocrx_word' id='word_1_265' title='bbox 1770 3528 1825 3583; x_wconf 89' lang='lat'><strong>8.</strong></span> <span class='ocrx_word' id='word_1_266' title='bbox 1868 3529 1970 3600; x_wconf 84' lang='grc'>7).</span> 
     </span>
    </p>
   </div>
   <div class='ocr_carea' id='block_1_36' title="bbox 394 3620 1974 3688">
    <p class='ocr_par' dir='ltr' id='par_1_36' title="bbox 394 3620 1974 3688">
     <span class='ocr_line' id='line_1_36' title="bbox 394 3620 1974 3688; baseline -0.003 -9"><span class='ocrx_word' id='word_1_267' title='bbox 394 3622 537 3678; x_wconf 86' lang='lat' dir='ltr'><strong>Ecce</strong></span> <span class='ocrx_word' id='word_1_268' title='bbox 578 3630 634 3677; x_wconf 94' lang='lat' dir='ltr'><strong>et</strong></span> <span class='ocrx_word' id='word_1_269' title='bbox 677 3621 842 3675; x_wconf 87' lang='lat' dir='ltr'><strong>asinis</strong></span> <span class='ocrx_word' id='word_1_270' title='bbox 879 3628 935 3675; x_wconf 89' lang='lat' dir='ltr'><strong>et</strong></span> <span class='ocrx_word' id='word_1_271' title='bbox 979 3622 1169 3688; x_wconf 85' lang='lat' dir='ltr'><strong>bobus,</strong></span> <span class='ocrx_word' id='word_1_272' title='bbox 1196 3634 1321 3675; x_wconf 89' lang='lat' dir='ltr'><strong>ecce</strong></span> <span class='ocrx_word' id='word_1_273' title='bbox 1348 3628 1401 3674; x_wconf 90' lang='lat' dir='ltr'><strong>et</strong></span> <span class='ocrx_word' id='word_1_274' title='bbox 1420 3620 1741 3686; x_wconf 88' lang='lat' dir='ltr'><strong>volucribus,</strong></span> <span class='ocrx_word' id='word_1_275' title='bbox 1770 3628 1974 3675; x_wconf 91' lang='lat' dir='ltr'><strong>turture</strong></span> 
     </span>
    </p>
   </div>
   <div class='ocr_carea' id='block_1_37' title="bbox 395 3710 1974 3784">
    <p class='ocr_par' dir='ltr' id='par_1_37' title="bbox 395 3710 1974 3784">
     <span class='ocr_line' id='line_1_37' title="bbox 395 3710 1974 3784; baseline -0.001 -16"><span class='ocrx_word' id='word_1_276' title='bbox 395 3723 555 3784; x_wconf 89' lang='lat' dir='ltr'><strong>atque</strong></span> <span class='ocrx_word' id='word_1_277' title='bbox 598 3711 879 3767; x_wconf 90' lang='lat' dir='ltr'><strong>hirundine</strong></span> <span class='ocrx_word' id='word_1_278' title='bbox 924 3726 1023 3766; x_wconf 86' lang='lat' dir='ltr'><strong>nos</strong></span> <span class='ocrx_word' id='word_1_279' title='bbox 1063 3712 1453 3781; x_wconf 89' lang='lat' dir='ltr'><strong>insipientiores</strong></span> <span class='ocrx_word' id='word_1_280' title='bbox 1503 3711 1848 3766; x_wconf 89' lang='lat' dir='ltr'><strong>ostendimur.</strong></span> <span class='ocrx_word' id='word_1_281' title='bbox 1882 3710 1974 3767; x_wconf 82' lang='lat' dir='ltr'><strong>Vis</strong></span> 
     </span>
    </p>
   </div>
   <div class='ocr_carea' id='block_1_38' title="bbox 399 3799 1976 3871">
    <p class='ocr_par' dir='ltr' id='par_1_38' title="bbox 399 3799 1976 3871">
     <span class='ocr_line' id='line_1_38' title="bbox 399 3799 1976 3871; baseline -0.001 -13"><span class='ocrx_word' id='word_1_282' title='bbox 399 3805 608 3858; x_wconf 88' lang='lat' dir='ltr'><strong>discere</strong></span> <span class='ocrx_word' id='word_1_283' title='bbox 653 3812 707 3857; x_wconf 91' lang='lat' dir='ltr'><strong>et</strong></span> <span class='ocrx_word' id='word_1_284' title='bbox 751 3801 908 3856; x_wconf 92' lang='lat' dir='ltr'><strong>aliam</strong></span> <span class='ocrx_word' id='word_1_285' title='bbox 938 3810 1172 3856; x_wconf 90' lang='lat' dir='ltr'><strong>nostram</strong></span> <span class='ocrx_word' id='word_1_286' title='bbox 1200 3801 1593 3871; x_wconf 81' lang='lat' dir='ltr'><strong>insipientiam?</strong></span> <span class='ocrx_word' id='word_1_287' title='bbox 1621 3800 1703 3856; x_wconf 86' lang='lat' dir='ltr'><strong>Ad</strong></span> <span class='ocrx_word' id='word_1_288' title='bbox 1728 3799 1976 3856; x_wconf 81' lang='lat' dir='ltr'><strong>formicas</strong></span> 
     </span>
    </p>
   </div>
   <div class='ocr_carea' id='block_1_39' title="bbox 398 3890 1977 3965">
    <p class='ocr_par' dir='ltr' id='par_1_39' title="bbox 398 3890 1977 3965">
     <span class='ocr_line' id='line_1_39' title="bbox 398 3890 1977 3965; baseline -0.002 -16"><span class='ocrx_word' id='word_1_289' title='bbox 398 3910 612 3965; x_wconf 84' lang='lat' dir='ltr'><strong>quoque</strong></span> <span class='ocrx_word' id='word_1_290' title='bbox 626 3909 742 3961; x_wconf 89' lang='lat' dir='ltr'><strong>nos,</strong></span> <span class='ocrx_word' id='word_1_291' title='bbox 764 3904 817 3947; x_wconf 91' lang='lat' dir='ltr'><strong>ut</strong></span> <span class='ocrx_word' id='word_1_292' title='bbox 837 3894 905 3947; x_wconf 89' lang='lat' dir='ltr'><strong>ab</strong></span> <span class='ocrx_word' id='word_1_293' title='bbox 926 3893 989 3946; x_wconf 91' lang='lat' dir='ltr'><strong>iis</strong></span> <span class='ocrx_word' id='word_1_294' title='bbox 1003 3893 1290 3957; x_wconf 89' lang='lat' dir='ltr'><strong>discamus,</strong></span> <span class='ocrx_word' id='word_1_295' title='bbox 1319 3892 1557 3957; x_wconf 88' lang='lat' dir='ltr'><strong>remittit;</strong></span> <span class='ocrx_word' id='word_1_296' title='bbox 1576 3892 1646 3946; x_wconf 90' lang='lat' dir='ltr'><strong>ita</strong></span> <span class='ocrx_word' id='word_1_297' title='bbox 1682 3890 1977 3946; x_wconf 79' lang='lat' dir='ltr'><strong>naturalem</strong></span> 
     </span>
    </p>
   </div>
   <div class='ocr_carea' id='block_1_40' title="bbox 401 3981 1975 4054">
    <p class='ocr_par' dir='ltr' id='par_1_40' title="bbox 401 3981 1975 4054">
     <span class='ocr_line' id='line_1_40' title="bbox 401 3981 1975 4054; baseline -0.002 -14"><span class='ocrx_word' id='word_1_298' title='bbox 401 3996 633 4040; x_wconf 87' lang='lat' dir='ltr'><strong>mentem</strong></span> <span class='ocrx_word' id='word_1_299' title='bbox 653 3983 1029 4038; x_wconf 86' lang='lat' dir='ltr'><strong>amiseramus:</strong></span> <span class='ocrx_word' id='word_1_300' title='bbox 1065 3981 1204 4036; x_wconf 85' lang='lat' dir='ltr'><strong>Vade</strong></span> <span class='ocrx_word' id='word_1_301' title='bbox 1229 3983 1369 4036; x_wconf 91' lang='lat' dir='ltr'><strong>enim</strong></span> <span class='ocrx_word' id='word_1_302' title='bbox 1396 3982 1463 4035; x_wconf 87' lang='lat' dir='ltr'><strong>ad</strong></span> <span class='ocrx_word' id='word_1_303' title='bbox 1489 3982 1771 4054; x_wconf 79' lang='lat' dir='ltr'><strong>formicam,</strong></span> <span class='ocrx_word' id='word_1_304' title='bbox 1787 3983 1975 4053; x_wconf 91' lang='lat' dir='ltr'><strong>inquit,</strong></span> 
     </span>
    </p>
   </div>
   <div class='ocr_carea' id='block_1_41' title="bbox 398 4072 1979 4146">
    <p class='ocr_par' dir='ltr' id='par_1_41' title="bbox 398 4072 1979 4146">
     <span class='ocr_line' id='line_1_41' title="bbox 398 4072 1979 4146; baseline -0.001 -15"><span class='ocrx_word' id='word_1_305' title='bbox 398 4086 445 4131; x_wconf 85' lang='lat' dir='ltr'><strong>et</strong></span> <span class='ocrx_word' id='word_1_306' title='bbox 463 4075 733 4130; x_wconf 82' lang='lat' dir='ltr'><strong>considera</strong></span> <span class='ocrx_word' id='word_1_307' title='bbox 751 4076 857 4129; x_wconf 75' lang='lat' dir='ltr'><strong>vias</strong></span> <span class='ocrx_word' id='word_1_308' title='bbox 874 4076 985 4146; x_wconf 85' lang='lat' dir='ltr'><strong>ejus</strong></span> <span class='ocrx_word' id='word_1_309' title='bbox 999 4073 1179 4146; x_wconf 82' lang='lat' dir='ltr'><strong>(Prov.</strong></span> <span class='ocrx_word' id='word_1_310' title='bbox 1197 4075 1249 4129; x_wconf 88' lang='lat'><strong>6.</strong></span> <span class='ocrx_word' id='word_1_311' title='bbox 1266 4072 1343 4144; x_wconf 82' lang='lat'><strong>6).</strong></span> <span class='ocrx_word' id='word_1_312' title='bbox 1366 4072 1624 4129; x_wconf 69' lang='lat' dir='ltr'><strong>Formica:</strong></span> <span class='ocrx_word' id='word_1_313' title='bbox 1646 4074 1765 4127; x_wconf 89' lang='lat' dir='ltr'><strong>facti</strong></span> <span class='ocrx_word' id='word_1_314' title='bbox 1794 4087 1979 4129; x_wconf 88' lang='lat' dir='ltr'><strong>sumus</strong></span> 
     </span>
    </p>
   </div>
   <div class='ocr_carea' id='block_1_42' title="bbox 402 4167 1979 4240">
    <p class='ocr_par' dir='ltr' id='par_1_42' title="bbox 402 4167 1979 4240">
     <span class='ocr_line' id='line_1_42' title="bbox 402 4167 1979 4240; baseline -0.002 -15"><span class='ocrx_word' id='word_1_315' title='bbox 402 4169 667 4239; x_wconf 87' lang='lat' dir='ltr'><strong>discipuli,</strong></span> <span class='ocrx_word' id='word_1_316' title='bbox 681 4183 778 4223; x_wconf 90' lang='lat' dir='ltr'><strong>nos</strong></span> <span class='ocrx_word' id='word_1_317' title='bbox 797 4168 883 4240; x_wconf 91' lang='lat' dir='ltr'><strong>qui</strong></span> <span class='ocrx_word' id='word_1_318' title='bbox 910 4167 974 4223; x_wconf 91' lang='lat' dir='ltr'><strong>ad</strong></span> <span class='ocrx_word' id='word_1_319' title='bbox 989 4169 1268 4239; x_wconf 81' lang='lat' dir='ltr'><strong>imaginem</strong></span> <span class='ocrx_word' id='word_1_320' title='bbox 1288 4167 1379 4222; x_wconf 91' lang='lat' dir='ltr'><strong>Dei</strong></span> <span class='ocrx_word' id='word_1_321' title='bbox 1402 4167 1521 4222; x_wconf 83' lang='lat' dir='ltr'><strong>facti</strong></span> <span class='ocrx_word' id='word_1_322' title='bbox 1541 4181 1753 4222; x_wconf 88' lang='lat' dir='ltr'><strong>eramus</strong></span> <span class='ocrx_word' id='word_1_323' title='bbox 1769 4186 1783 4222; x_wconf 90' lang='lat'><strong>:</strong></span> <span class='ocrx_word' id='word_1_324' title='bbox 1799 4175 1851 4220; x_wconf 90' lang='lat' dir='ltr'><strong>at</strong></span> <span class='ocrx_word' id='word_1_325' title='bbox 1871 4183 1979 4222; x_wconf 91' lang='lat' dir='ltr'><strong>non</strong></span> 
     </span>
    </p>
   </div>
   <div class='ocr_carea' id='block_1_43' title="bbox 404 4258 1980 4332">
    <p class='ocr_par' dir='ltr' id='par_1_43' title="bbox 404 4258 1980 4332">
     <span class='ocr_line' id='line_1_43' title="bbox 404 4258 1980 4332; baseline -0.003 -16"><span class='ocrx_word' id='word_1_326' title='bbox 404 4262 604 4332; x_wconf 87' lang='lat' dir='ltr'><strong>quinos</strong></span> <span class='ocrx_word' id='word_1_327' title='bbox 624 4261 769 4327; x_wconf 83' lang='lat' dir='ltr'><strong>fecit,</strong></span> <span class='ocrx_word' id='word_1_328' title='bbox 798 4271 880 4317; x_wconf 89' lang='lat' dir='ltr'><strong>est</strong></span> <span class='ocrx_word' id='word_1_329' title='bbox 898 4272 1101 4325; x_wconf 89' lang='lat' dir='ltr'><strong>auctor,</strong></span> <span class='ocrx_word' id='word_1_330' title='bbox 1115 4259 1210 4315; x_wconf 88' lang='lat' dir='ltr'><strong>sed</strong></span> <span class='ocrx_word' id='word_1_331' title='bbox 1231 4273 1328 4314; x_wconf 90' lang='lat' dir='ltr'><strong>nos</strong></span> <span class='ocrx_word' id='word_1_332' title='bbox 1346 4259 1443 4330; x_wconf 89' lang='lat' dir='ltr'><strong>ipsi</strong></span> <span class='ocrx_word' id='word_1_333' title='bbox 1465 4260 1555 4330; x_wconf 92' lang='lat' dir='ltr'><strong>qui</strong></span> <span class='ocrx_word' id='word_1_334' title='bbox 1571 4259 1849 4328; x_wconf 82' lang='lat' dir='ltr'><strong>imaginem</strong></span> <span class='ocrx_word' id='word_1_335' title='bbox 1864 4258 1980 4327; x_wconf 87' lang='lat' dir='ltr'><strong>ejus</strong></span> 
     </span>
    </p>
   </div>
   <div class='ocr_carea' id='block_1_44' title="bbox 402 4351 1980 4423">
    <p class='ocr_par' dir='ltr' id='par_1_44' title="bbox 402 4351 1980 4423">
     <span class='ocr_line' id='line_1_44' title="bbox 402 4351 1980 4423; baseline -0.004 -12"><span class='ocrx_word' id='word_1_336' title='bbox 402 4356 635 4411; x_wconf 91' lang='lat' dir='ltr'><strong>retinere</strong></span> <span class='ocrx_word' id='word_1_337' title='bbox 661 4356 948 4410; x_wconf 84' lang='lat' dir='ltr'><strong>noluimus.</strong></span> <span class='ocrx_word' id='word_1_338' title='bbox 983 4355 1050 4408; x_wconf 87' lang='lat' dir='ltr'><strong>Et</strong></span> <span class='ocrx_word' id='word_1_339' title='bbox 1076 4353 1201 4423; x_wconf 90' lang='lat' dir='ltr'><strong>quid</strong></span> <span class='ocrx_word' id='word_1_340' title='bbox 1225 4353 1345 4408; x_wconf 85' lang='lat' dir='ltr'><strong>dico</strong></span> <span class='ocrx_word' id='word_1_341' title='bbox 1374 4353 1645 4407; x_wconf 80' lang='lat' dir='ltr'><strong>formicis?</strong></span> <span class='ocrx_word' id='word_1_342' title='bbox 1672 4354 1779 4406; x_wconf 91' lang='lat' dir='ltr'><strong>imo</strong></span> <span class='ocrx_word' id='word_1_343' title='bbox 1804 4351 1980 4421; x_wconf 86' lang='lat' dir='ltr'><strong>lapidi-</strong></span> 
     </span>
    </p>
   </div>
   <div class='ocr_carea' id='block_1_45' title="bbox 403 4443 1983 4517">
    <p class='ocr_par' dir='ltr' id='par_1_45' title="bbox 403 4443 1983 4517">
     <span class='ocr_line' id='line_1_45' title="bbox 403 4443 1983 4517; baseline -0.003 -15"><span class='ocrx_word' id='word_1_344' title='bbox 403 4448 504 4503; x_wconf 89' lang='lat' dir='ltr'><strong>bus</strong></span> <span class='ocrx_word' id='word_1_345' title='bbox 524 4447 655 4517; x_wconf 89' lang='lat' dir='ltr'><strong>ipsis</strong></span> <span class='ocrx_word' id='word_1_346' title='bbox 700 4445 1018 4515; x_wconf 90' lang='lat' dir='ltr'><strong>stupidiores</strong></span> <span class='ocrx_word' id='word_1_347' title='bbox 1039 4445 1321 4499; x_wconf 89' lang='lat' dir='ltr'><strong>evasimus.</strong></span> <span class='ocrx_word' id='word_1_348' title='bbox 1354 4443 1515 4497; x_wconf 80' lang='lat' dir='ltr'><strong>Visne</strong></span> <span class='ocrx_word' id='word_1_349' title='bbox 1556 4443 1746 4498; x_wconf 87' lang='lat' dir='ltr'><strong>horum</strong></span> <span class='ocrx_word' id='word_1_350' title='bbox 1773 4457 1983 4513; x_wconf 88' lang='lat' dir='ltr'><strong>quoque</strong></span> 
     </span>
    </p>
   </div>
   <div class='ocr_carea' id='block_1_46' title="bbox 405 4534 1984 4609">
    <p class='ocr_par' dir='ltr' id='par_1_46' title="bbox 405 4534 1984 4609">
     <span class='ocr_line' id='line_1_46' title="bbox 405 4534 1984 4609; baseline -0.003 -17"><span class='ocrx_word' id='word_1_351' title='bbox 405 4537 668 4609; x_wconf 85' lang='lat' dir='ltr'><strong>proferam</strong></span> <span class='ocrx_word' id='word_1_352' title='bbox 693 4535 1089 4591; x_wconf 83' lang='lat' dir='ltr'><strong>testimonium?</strong></span> <span class='ocrx_word' id='word_1_353' title='bbox 1116 4534 1299 4588; x_wconf 84' lang='lat' dir='ltr'><strong>Audite</strong></span> <span class='ocrx_word' id='word_1_354' title='bbox 1316 4535 1565 4589; x_wconf 73' lang='lat' dir='ltr'><strong>convalles</strong></span> <span class='ocrx_word' id='word_1_355' title='bbox 1589 4545 1635 4588; x_wconf 89' lang='lat' dir='ltr'><strong>et</strong></span> <span class='ocrx_word' id='word_1_356' title='bbox 1656 4536 1984 4605; x_wconf 75' lang='lat' dir='ltr'><strong>fundamenta</strong></span> 
     </span>
    </p>
   </div>
   <div class='ocr_carea' id='block_1_47' title="bbox 406 4625 1985 4700">
    <p class='ocr_par' dir='ltr' id='par_1_47' title="bbox 406 4625 1985 4700">
     <span class='ocr_line' id='line_1_47' title="bbox 406 4625 1985 4700; baseline -0.004 -17"><span class='ocrx_word' id='word_1_357' title='bbox 406 4641 587 4695; x_wconf 66' lang='lat' dir='ltr'><strong>terra;</strong></span> <span class='ocrx_word' id='word_1_358' title='bbox 623 4630 741 4700; x_wconf 85' lang='lat' dir='ltr'><strong>quia</strong></span> <span class='ocrx_word' id='word_1_359' title='bbox 760 4628 1012 4698; x_wconf 85' lang='lat' dir='ltr'><strong>judicium</strong></span> <span class='ocrx_word' id='word_1_360' title='bbox 1047 4625 1263 4681; x_wconf 89' lang='lat' dir='ltr'><strong>Domino</strong></span> <span class='ocrx_word' id='word_1_361' title='bbox 1286 4627 1523 4679; x_wconf 84' lang='lat' dir='ltr'><strong>adversus</strong></span> <span class='ocrx_word' id='word_1_362' title='bbox 1557 4627 1799 4696; x_wconf 85' lang='lat' dir='ltr'><strong>papulum</strong></span> <span class='ocrx_word' id='word_1_363' title='bbox 1837 4641 1985 4678; x_wconf 86' lang='lat' dir='ltr'><strong>suum</strong></span> 
     </span>
    </p>
   </div>
   <div class='ocr_carea' id='block_1_48' title="bbox 406 4714 1985 4791">
    <p class='ocr_par' dir='ltr' id='par_1_48' title="bbox 406 4714 1985 4791">
     <span class='ocr_line' id='line_1_48' title="bbox 406 4714 1985 4791; baseline -0.001 -19"><span class='ocrx_word' id='word_1_364' title='bbox 406 4719 595 4790; x_wconf 78' lang='lat' dir='ltr'><strong>(Miclt.</strong></span> <span class='ocrx_word' id='word_1_365' title='bbox 635 4719 688 4775; x_wconf 88' lang='lat'><strong>6.</strong></span> <span class='ocrx_word' id='word_1_366' title='bbox 734 4718 814 4791; x_wconf 80' lang='lat'><strong>2).</strong></span> <span class='ocrx_word' id='word_1_367' title='bbox 841 4717 973 4772; x_wconf 86' lang='lat' dir='ltr'><strong>Cum</strong></span> <span class='ocrx_word' id='word_1_368' title='bbox 1018 4716 1322 4771; x_wconf 86' lang='lat' dir='ltr'><strong>horninibus</strong></span> <span class='ocrx_word' id='word_1_369' title='bbox 1364 4714 1619 4786; x_wconf 90' lang='lat' dir='ltr'><strong>judicium</strong></span> <span class='ocrx_word' id='word_1_370' title='bbox 1657 4728 1899 4778; x_wconf 79' lang='lat' dir='ltr'><strong>exerces,</strong></span> <span class='ocrx_word' id='word_1_371' title='bbox 1930 4723 1985 4770; x_wconf 90' lang='lat' dir='ltr'><strong>et</strong></span> 
     </span>
    </p>
   </div>
   <div class='ocr_carea' id='block_1_49' title="bbox 407 4806 1986 4874">
    <p class='ocr_par' dir='ltr' id='par_1_49' title="bbox 407 4806 1986 4874">
     <span class='ocr_line' id='line_1_49' title="bbox 407 4806 1986 4874; baseline -0.001 -12"><span class='ocrx_word' id='word_1_372' title='bbox 407 4826 565 4866; x_wconf 85' lang='lat' dir='ltr'><strong>vocas</strong></span> <span class='ocrx_word' id='word_1_373' title='bbox 611 4812 950 4865; x_wconf 89' lang='lat' dir='ltr'><strong>fundamenta</strong></span> <span class='ocrx_word' id='word_1_374' title='bbox 1002 4808 1196 4863; x_wconf 80' lang='lat' dir='ltr'><strong>terrae?</strong></span> <span class='ocrx_word' id='word_1_375' title='bbox 1239 4806 1349 4860; x_wconf 93' lang='lat' dir='ltr'><strong>lmo</strong></span> <span class='ocrx_word' id='word_1_376' title='bbox 1389 4821 1517 4860; x_wconf 89' lang='lat' dir='ltr'><strong>vero</strong></span> <span class='ocrx_word' id='word_1_377' title='bbox 1545 4806 1754 4874; x_wconf 90' lang='lat' dir='ltr'><strong>inquit:</strong></span> <span class='ocrx_word' id='word_1_378' title='bbox 1782 4820 1901 4859; x_wconf 90' lang='lat' dir='ltr'><strong>nam</strong></span> <span class='ocrx_word' id='word_1_379' title='bbox 1930 4817 1986 4861; x_wconf 86' lang='lat' dir='ltr'><strong>et</strong></span> 
     </span>
    </p>
   </div>
   <div class='ocr_carea' id='block_1_50' title="bbox 408 4898 1983 4966">
    <p class='ocr_par' dir='ltr' id='par_1_50' title="bbox 408 4898 1983 4966">
     <span class='ocr_line' id='line_1_50' title="bbox 408 4898 1983 4966; baseline -0.003 -8"><span class='ocrx_word' id='word_1_380' title='bbox 408 4915 565 4960; x_wconf 76' lang='lat' dir='ltr'><strong>terra:</strong></span> <span class='ocrx_word' id='word_1_381' title='bbox 608 4902 965 4958; x_wconf 80' lang='lat' dir='ltr'><strong>fundamentis</strong></span> <span class='ocrx_word' id='word_1_382' title='bbox 1008 4901 1308 4956; x_wconf 90' lang='lat' dir='ltr'><strong>stolidiores</strong></span> <span class='ocrx_word' id='word_1_383' title='bbox 1347 4907 1472 4954; x_wconf 88' lang='lat' dir='ltr'><strong>sunt</strong></span> <span class='ocrx_word' id='word_1_384' title='bbox 1513 4898 1776 4953; x_wconf 90' lang='lat' dir='ltr'><strong>homines.</strong></span> <span class='ocrx_word' id='word_1_385' title='bbox 1816 4899 1983 4966; x_wconf 84' lang='lat' dir='ltr'><strong>Quem</strong></span> 
     </span>
    </p>
   </div>
   <div class='ocr_carea' id='block_1_51' title="bbox 408 4991 1985 5068">
    <p class='ocr_par' dir='ltr' id='par_1_51' title="bbox 408 4991 1985 5068">
     <span class='ocr_line' id='line_1_51' title="bbox 408 4991 1985 5068; baseline -0.005 -14"><span class='ocrx_word' id='word_1_386' title='bbox 408 5013 538 5068; x_wconf 89' lang='lat' dir='ltr'><strong>ergo</strong></span> <span class='ocrx_word' id='word_1_387' title='bbox 577 4997 750 5051; x_wconf 90' lang='lat' dir='ltr'><strong>adhuc</strong></span> <span class='ocrx_word' id='word_1_388' title='bbox 801 4996 995 5066; x_wconf 73' lang='lat' dir='ltr'><strong>qumris</strong></span> <span class='ocrx_word' id='word_1_389' title='bbox 1026 4997 1077 5048; x_wconf 92' lang='lat' dir='ltr'><strong>in</strong></span> <span class='ocrx_word' id='word_1_390' title='bbox 1107 4995 1169 5048; x_wconf 90' lang='lat' dir='ltr'><strong>iis</strong></span> <span class='ocrx_word' id='word_1_391' title='bbox 1195 5007 1476 5049; x_wconf 85' lang='lat' dir='ltr'><strong>excessum</strong></span> <span class='ocrx_word' id='word_1_392' title='bbox 1518 4991 1750 5057; x_wconf 71' lang='lat' dir='ltr'><strong>malitias,</strong></span> <span class='ocrx_word' id='word_1_393' title='bbox 1776 4992 1985 5062; x_wconf 91' lang='lat' dir='ltr'><strong>quando</strong></span> 
     </span>
    </p>
   </div>
   <div class='ocr_carea' id='block_1_52' title="bbox 407 5084 1986 5157">
    <p class='ocr_par' dir='ltr' id='par_1_52' title="bbox 407 5084 1986 5157">
     <span class='ocr_line' id='line_1_52' title="bbox 407 5084 1986 5157; baseline -0.003 -13"><span class='ocrx_word' id='word_1_394' title='bbox 407 5102 463 5145; x_wconf 90' lang='lat' dir='ltr'><strong>ct</strong></span> <span class='ocrx_word' id='word_1_395' title='bbox 489 5089 652 5143; x_wconf 89' lang='lat' dir='ltr'><strong>asinis</strong></span> <span class='ocrx_word' id='word_1_396' title='bbox 694 5087 1032 5157; x_wconf 89' lang='lat' dir='ltr'><strong>stupidiores,</strong></span> <span class='ocrx_word' id='word_1_397' title='bbox 1079 5095 1133 5140; x_wconf 91' lang='lat' dir='ltr'><strong>et</strong></span> <span class='ocrx_word' id='word_1_398' title='bbox 1174 5085 1345 5140; x_wconf 87' lang='lat' dir='ltr'><strong>bobus</strong></span> <span class='ocrx_word' id='word_1_399' title='bbox 1389 5084 1886 5150; x_wconf 84' lang='lat' dir='ltr'><strong>irrationabiliores,</strong></span> <span class='ocrx_word' id='word_1_400' title='bbox 1930 5093 1986 5139; x_wconf 92' lang='lat' dir='ltr'><strong>ct</strong></span> 
     </span>
    </p>
   </div>
   <div class='ocr_carea' id='block_1_53' title="bbox 409 5164 1985 5247">
    <p class='ocr_par' dir='ltr' id='par_1_53' title="bbox 409 5164 1985 5247">
     <span class='ocr_line' id='line_1_53' title="bbox 409 5164 1985 5247; baseline -0.003 -13"><span class='ocrx_word' id='word_1_401' title='bbox 409 5179 693 5235; x_wconf 89' lang='lat' dir='ltr'><strong>hirundine</strong></span> <span class='ocrx_word' id='word_1_402' title='bbox 715 5191 779 5231; x_wconf 86' lang='lat' dir='ltr'><strong>ac</strong></span> <span class='ocrx_word' id='word_1_403' title='bbox 805 5185 1006 5232; x_wconf 86' lang='lat' dir='ltr'><strong>turture</strong></span> <span class='ocrx_word' id='word_1_404' title='bbox 1047 5177 1378 5247; x_wconf 88' lang='lat' dir='ltr'><strong>ingratiores,</strong></span> <span class='ocrx_word' id='word_1_405' title='bbox 1419 5185 1470 5230; x_wconf 91' lang='lat' dir='ltr'><strong>et</strong></span> <span class='ocrx_word' id='word_1_406' title='bbox 1496 5174 1728 5229; x_wconf 83' lang='lat' dir='ltr'><strong>formicis</strong></span> <span class='ocrx_word' id='word_1_407' title='bbox 1763 5164 1985 5230; x_wconf 77' lang='lat' dir='ltr'><strong>demen-</strong></span> 
     </span>
    </p>
   </div>
   <div class='ocr_carea' id='block_1_54' title="bbox 408 5267 1985 5340">
    <p class='ocr_par' dir='ltr' id='par_1_54' title="bbox 408 5267 1985 5340">
     <span class='ocr_line' id='line_1_54' title="bbox 408 5267 1985 5340; baseline -0.003 -15"><span class='ocrx_word' id='word_1_408' title='bbox 408 5273 593 5337; x_wconf 89' lang='lat' dir='ltr'><strong>tiores,</strong></span> <span class='ocrx_word' id='word_1_409' title='bbox 622 5271 852 5340; x_wconf 88' lang='lat' dir='ltr'><strong>ipsisque</strong></span> <span class='ocrx_word' id='word_1_410' title='bbox 874 5268 1133 5338; x_wconf 86' lang='lat' dir='ltr'><strong>lapidibus</strong></span> <span class='ocrx_word' id='word_1_411' title='bbox 1174 5267 1511 5339; x_wconf 86' lang='lat' dir='ltr'><strong>stupidiores,</strong></span> <span class='ocrx_word' id='word_1_412' title='bbox 1539 5269 1664 5336; x_wconf 88' lang='lat' dir='ltr'><strong>quin</strong></span> <span class='ocrx_word' id='word_1_413' title='bbox 1690 5277 1743 5323; x_wconf 90' lang='lat' dir='ltr'><strong>et</strong></span> <span class='ocrx_word' id='word_1_414' title='bbox 1768 5283 1985 5338; x_wconf 80' lang='lat' dir='ltr'><strong>serpen-</strong></span> 
     </span>
    </p>
   </div>
   <div class='ocr_carea' id='block_1_55' title="bbox 409 5357 1985 5427">
    <p class='ocr_par' dir='ltr' id='par_1_55' title="bbox 409 5357 1985 5427">
     <span class='ocr_line' id='line_1_55' title="bbox 409 5357 1985 5427; baseline -0.001 -13"><span class='ocrx_word' id='word_1_415' title='bbox 409 5373 538 5414; x_wconf 83' lang='lat' dir='ltr'><strong>tium</strong></span> <span class='ocrx_word' id='word_1_416' title='bbox 566 5360 765 5415; x_wconf 78' lang='lat' dir='ltr'><strong>similes</strong></span> <span class='ocrx_word' id='word_1_417' title='bbox 792 5360 1100 5414; x_wconf 78' lang='lat' dir='ltr'><strong>videamur?</strong></span> <span class='ocrx_word' id='word_1_418' title='bbox 1140 5357 1311 5412; x_wconf 80' lang='lat' dir='ltr'><strong>Furor</strong></span> <span class='ocrx_word' id='word_1_419' title='bbox 1337 5360 1477 5413; x_wconf 90' lang='lat' dir='ltr'><strong>enim</strong></span> <span class='ocrx_word' id='word_1_420' title='bbox 1516 5360 1637 5424; x_wconf 86' lang='lat' dir='ltr'><strong>illis,</strong></span> <span class='ocrx_word' id='word_1_421' title='bbox 1679 5359 1864 5427; x_wconf 89' lang='lat' dir='ltr'><strong>inquit,</strong></span> <span class='ocrx_word' id='word_1_422' title='bbox 1902 5375 1985 5412; x_wconf 84' lang='lat' dir='ltr'><strong>sc-</strong></span> 
     </span>
    </p>
   </div>
   <div class='ocr_carea' id='block_1_56' title="bbox 406 5451 1984 5522">
    <p class='ocr_par' dir='ltr' id='par_1_56' title="bbox 406 5451 1984 5522">
     <span class='ocr_line' id='line_1_56' title="bbox 406 5451 1984 5522; baseline -0.001 -18"><span class='ocrx_word' id='word_1_423' title='bbox 406 5452 628 5505; x_wconf 82' lang='lat' dir='ltr'><strong>cundum</strong></span> <span class='ocrx_word' id='word_1_424' title='bbox 655 5453 1037 5506; x_wconf 86' lang='lat' dir='ltr'><strong>similitudinem</strong></span> <span class='ocrx_word' id='word_1_425' title='bbox 1069 5452 1308 5522; x_wconf 84' lang='lat' dir='ltr'><strong>serpentis</strong></span> <span class='ocrx_word' id='word_1_426' title='bbox 1332 5466 1607 5504; x_wconf 87' lang='lat' dir='ltr'><strong>:venenum</strong></span> <span class='ocrx_word' id='word_1_427' title='bbox 1634 5451 1868 5520; x_wconf 85' lang='lat' dir='ltr'><strong>aspidum</strong></span> <span class='ocrx_word' id='word_1_428' title='bbox 1895 5451 1984 5504; x_wconf 87' lang='lat' dir='ltr'><strong>sub</strong></span> 
     </span>
    </p>
   </div>
   <div class='ocr_carea' id='block_1_57' title="bbox 409 5544 1985 5615">
    <p class='ocr_par' dir='ltr' id='par_1_57' title="bbox 409 5544 1985 5615">
     <span class='ocr_line' id='line_1_57' title="bbox 409 5544 1985 5615; baseline 0.001 -18"><span class='ocrx_word' id='word_1_429' title='bbox 409 5544 554 5598; x_wconf 79' lang='lat' dir='ltr'><strong>labiis</strong></span> <span class='ocrx_word' id='word_1_430' title='bbox 579 5561 750 5599; x_wconf 81' lang='lat' dir='ltr'><strong>eorum</strong></span> <span class='ocrx_word' id='word_1_431' title='bbox 791 5544 960 5615; x_wconf 71' lang='lat' dir='ltr'><strong>(Psali</strong></span> <span class='ocrx_word' id='word_1_432' title='bbox 998 5546 1087 5600; x_wconf 84' lang='lat'><strong>57.</strong></span> <span class='ocrx_word' id='word_1_433' title='bbox 1113 5546 1167 5598; x_wconf 82' lang='grc'><strong>4.</strong></span> <span class='ocrx_word' id='word_1_434' title='bbox 1211 5554 1256 5597; x_wconf 88' lang='lat' dir='ltr'><strong>et</strong></span> <span class='ocrx_word' id='word_1_435' title='bbox 1288 5546 1373 5599; x_wconf 73' lang='grc'><strong>15.</strong></span> <span class='ocrx_word' id='word_1_436' title='bbox 1398 5544 1475 5615; x_wconf 77' lang='grc'><strong>3).</strong></span> <span class='ocrx_word' id='word_1_437' title='bbox 1523 5544 1658 5611; x_wconf 85' lang='lat' dir='ltr'><strong>Quid</strong></span> <span class='ocrx_word' id='word_1_438' title='bbox 1701 5554 1875 5599; x_wconf 88' lang='lat' dir='ltr'><strong>autem</strong></span> <span class='ocrx_word' id='word_1_439' title='bbox 1904 5552 1985 5599; x_wconf 90' lang='lat' dir='ltr'><strong>est</strong></span> 
     </span>
    </p>
   </div>
   <div class='ocr_carea' id='block_1_58' title="bbox 409 5636 1982 5707">
    <p class='ocr_par' dir='ltr' id='par_1_58' title="bbox 409 5636 1982 5707">
     <span class='ocr_line' id='line_1_58' title="bbox 409 5636 1982 5707; baseline 0 -18"><span class='ocrx_word' id='word_1_440' title='bbox 409 5651 543 5707; x_wconf 87' lang='lat' dir='ltr'><strong>opus</strong></span> <span class='ocrx_word' id='word_1_441' title='bbox 566 5639 785 5692; x_wconf 86' lang='lat' dir='ltr'><strong>rationis</strong></span> <span class='ocrx_word' id='word_1_442' title='bbox 809 5639 1104 5707; x_wconf 74' lang='lat' dir='ltr'><strong>expertinm</strong></span> <span class='ocrx_word' id='word_1_443' title='bbox 1148 5645 1417 5706; x_wconf 89' lang='lat' dir='ltr'><strong>stuporem</strong></span> <span class='ocrx_word' id='word_1_444' title='bbox 1446 5646 1605 5705; x_wconf 88' lang='lat' dir='ltr'><strong>atque</strong></span> <span class='ocrx_word' id='word_1_445' title='bbox 1643 5636 1982 5690; x_wconf 84' lang='lat' dir='ltr'><strong>stoliditatem</strong></span> 
     </span>
    </p>
   </div>
   <div class='ocr_carea' id='block_1_59' title="bbox 409 5726 1983 5799">
    <p class='ocr_par' dir='ltr' id='par_1_59' title="bbox 409 5726 1983 5799">
     <span class='ocr_line' id='line_1_59' title="bbox 409 5726 1983 5799; baseline -0.001 -15"><span class='ocrx_word' id='word_1_446' title='bbox 409 5730 845 5795; x_wconf 76' lang='lat' dir='ltr'><strong>commemorare,</strong></span> <span class='ocrx_word' id='word_1_447' title='bbox 876 5729 1088 5799; x_wconf 86' lang='lat' dir='ltr'><strong>quando</strong></span> <span class='ocrx_word' id='word_1_448' title='bbox 1116 5738 1170 5783; x_wconf 89' lang='lat' dir='ltr'><strong>et</strong></span> <span class='ocrx_word' id='word_1_449' title='bbox 1214 5728 1378 5797; x_wconf 86' lang='lat' dir='ltr'><strong>ipsius</strong></span> <span class='ocrx_word' id='word_1_450' title='bbox 1406 5727 1601 5781; x_wconf 88' lang='lat' dir='ltr'><strong>diaboli</strong></span> <span class='ocrx_word' id='word_1_451' title='bbox 1631 5726 1874 5781; x_wconf 87' lang='lat' dir='ltr'><strong>videmur</strong></span> <span class='ocrx_word' id='word_1_452' title='bbox 1893 5728 1983 5782; x_wconf 81' lang='lat' dir='ltr'><strong>lilii</strong></span> 
     </span>
    </p>
   </div>
   <div class='ocr_carea' id='block_1_60' title="bbox 410 5815 1976 5891">
    <p class='ocr_par' dir='ltr' id='par_1_60' title="bbox 410 5815 1976 5891">
     <span class='ocr_line' id='line_1_60' title="bbox 410 5815 1976 5891; baseline -0.001 -15"><span class='ocrx_word' id='word_1_453' title='bbox 410 5818 570 5877; x_wconf 79' lang='lat' dir='ltr'><strong>dicti?</strong></span> <span class='ocrx_word' id='word_1_454' title='bbox 606 5818 707 5875; x_wconf 82' lang='lat' dir='ltr'><strong>Vos</strong></span> <span class='ocrx_word' id='word_1_455' title='bbox 726 5819 889 5888; x_wconf 86' lang='lat' dir='ltr'><strong>enim,</strong></span> <span class='ocrx_word' id='word_1_456' title='bbox 913 5819 1102 5891; x_wconf 86' lang='lat' dir='ltr'><strong>inquit,</strong></span> <span class='ocrx_word' id='word_1_457' title='bbox 1120 5819 1216 5890; x_wconf 76' lang='lat' dir='ltr'><strong>ﬁlii</strong></span> <span class='ocrx_word' id='word_1_458' title='bbox 1244 5817 1432 5874; x_wconf 86' lang='lat' dir='ltr'><strong>diaboli</strong></span> <span class='ocrx_word' id='word_1_459' title='bbox 1450 5817 1564 5873; x_wconf 88' lang='lat' dir='ltr'><strong>estis</strong></span> <span class='ocrx_word' id='word_1_460' title='bbox 1588 5815 1767 5889; x_wconf 80' lang='lat' dir='ltr'><strong>(lacn.</strong></span> <span class='ocrx_word' id='word_1_461' title='bbox 1790 5818 1842 5875; x_wconf 90' lang='lat'><strong>8.</strong></span> <span class='ocrx_word' id='word_1_462' title='bbox 1862 5819 1976 5891; x_wconf 75' lang='grc'><strong>44).</strong></span> 
     </span>
    </p>
   </div>
   <div class='ocr_carea' id='block_1_61' title="bbox 1057 356 2867 483">
    <p class='ocr_par' dir='ltr' id='par_1_61' title="bbox 1057 356 2867 483">
     <span class='ocr_line' id='line_1_61' title="bbox 1057 356 2867 483; baseline -0.01 -1"><span class='ocrx_word' id='word_1_463' title='bbox 1057 426 1115 483; x_wconf 83' lang='lat' dir='ltr'><strong>S.</strong></span> <span class='ocrx_word' id='word_1_464' title='bbox 1153 415 1427 481; x_wconf 70' lang='lat' dir='ltr'><strong>JUANNIS</strong></span> <span class='ocrx_word' id='word_1_465' title='bbox 1461 411 1933 477; x_wconf 75' lang='lat' dir='ltr'><strong>CHRYSOSTOMI</strong></span> <span class='ocrx_word' id='word_1_466' title='bbox 1973 408 2292 466; x_wconf 77' lang='lat' dir='ltr'><strong>ARCHIEP.</strong></span> <span class='ocrx_word' id='word_1_467' title='bbox 2332 356 2867 467; x_wconf 61' lang='lat' dir='ltr'><strong>CONSTANTINOP:</strong></span> 
     </span>
    </p>
   </div>
   <div class='ocr_carea' id='block_1_62' title="bbox 2684 240 2716 253">
    <p class='ocr_par' dir='ltr' id='par_1_62' title="bbox 2684 240 2716 253">
     <span class='ocr_line' id='line_1_62' title="bbox 2684 240 2716 253; baseline 0 -3"><span class='ocrx_word' id='word_1_468' title='bbox 2684 240 2716 253; x_wconf 47' lang='grc' dir='ltr'>κ</span> 
     </span>
    </p>
   </div>
   <div class='ocr_carea' id='block_1_63' title="bbox 3521 414 3639 472">
    <p class='ocr_par' dir='ltr' id='par_1_63' title="bbox 3521 414 3639 472">
     <span class='ocr_line' id='line_1_63' title="bbox 3521 414 3639 472; baseline -0.034 0"><span class='ocrx_word' id='word_1_469' title='bbox 3521 414 3639 472; x_wconf 76' lang='grc'><strong>448</strong></span> 
     </span>
    </p>
   </div>
   <div class='ocr_carea' id='block_1_64' title="bbox 2132 520 3648 595">
    <p class='ocr_par' dir='ltr' id='par_1_64' title="bbox 2132 520 3648 595">
     <span class='ocr_line' id='line_1_64' title="bbox 2132 520 3648 595; baseline -0.005 -17"><span class='ocrx_word' id='word_1_470' title='bbox 2132 523 2186 578; x_wconf 92' lang='grc'><strong>4.</strong></span> <span class='ocrx_word' id='word_1_471' title='bbox 2229 521 2603 578; x_wconf 88' lang='lat' dir='ltr'><strong>Verumtamen</strong></span> <span class='ocrx_word' id='word_1_472' title='bbox 2632 535 2729 576; x_wconf 92' lang='lat' dir='ltr'><strong>nos</strong></span> <span class='ocrx_word' id='word_1_473' title='bbox 2747 520 2939 590; x_wconf 88' lang='lat' dir='ltr'><strong>stupidi</strong></span> <span class='ocrx_word' id='word_1_474' title='bbox 2958 530 3116 592; x_wconf 90' lang='lat' dir='ltr'><strong>atque</strong></span> <span class='ocrx_word' id='word_1_475' title='bbox 3142 522 3354 593; x_wconf 79' lang='lat' dir='ltr'><strong>ingrati,</strong></span> <span class='ocrx_word' id='word_1_476' title='bbox 3377 524 3648 595; x_wconf 78' lang='lat' dir='ltr'><strong>insipicu.</strong></span> 
     </span>
    </p>
   </div>
   <div class='ocr_carea' id='block_1_65' title="bbox 2063 610 3647 682">
    <p class='ocr_par' dir='ltr' id='par_1_65' title="bbox 2063 610 3647 682">
     <span class='ocr_line' id='line_1_65' title="bbox 2063 610 3647 682; baseline 0.003 -16"><span class='ocrx_word' id='word_1_477' title='bbox 2063 623 2163 678; x_wconf 88' lang='lat' dir='ltr'><strong>tes,</strong></span> <span class='ocrx_word' id='word_1_478' title='bbox 2185 622 2238 668; x_wconf 92' lang='lat' dir='ltr'><strong>et</strong></span> <span class='ocrx_word' id='word_1_479' title='bbox 2263 611 2524 682; x_wconf 88' lang='lat' dir='ltr'><strong>lapidibus</strong></span> <span class='ocrx_word' id='word_1_480' title='bbox 2566 612 2695 682; x_wconf 88' lang='lat' dir='ltr'><strong>ipsis</strong></span> <span class='ocrx_word' id='word_1_481' title='bbox 2739 610 3175 678; x_wconf 84' lang='lat' dir='ltr'><strong>insensibiliurcs,</strong></span> <span class='ocrx_word' id='word_1_482' title='bbox 3197 613 3288 682; x_wconf 91' lang='lat' dir='ltr'><strong>qui</strong></span> <span class='ocrx_word' id='word_1_483' title='bbox 3316 615 3521 670; x_wconf 89' lang='lat' dir='ltr'><strong>cunctis</strong></span> <span class='ocrx_word' id='word_1_484' title='bbox 3559 615 3647 670; x_wconf 87' lang='lat' dir='ltr'><strong>in-</strong></span> 
     </span>
    </p>
   </div>
   <div class='ocr_carea' id='block_1_66' title="bbox 2057 703 3651 777">
    <p class='ocr_par' dir='ltr' id='par_1_66' title="bbox 2057 703 3651 777">
     <span class='ocr_line' id='line_1_66' title="bbox 2057 703 3651 777; baseline 0.001 -19"><span class='ocrx_word' id='word_1_485' title='bbox 2057 703 2281 760; x_wconf 80' lang='lat' dir='ltr'><strong>feriores</strong></span> <span class='ocrx_word' id='word_1_486' title='bbox 2319 718 2532 759; x_wconf 85' lang='lat' dir='ltr'><strong>eramus</strong></span> <span class='ocrx_word' id='word_1_487' title='bbox 2555 744 2570 769; x_wconf 92' lang='lat'><strong>,</strong></span> <span class='ocrx_word' id='word_1_488' title='bbox 2614 703 2960 773; x_wconf 90' lang='lat' dir='ltr'><strong>abjeetissimi</strong></span> <span class='ocrx_word' id='word_1_489' title='bbox 3000 712 3161 774; x_wconf 89' lang='lat' dir='ltr'><strong>atque</strong></span> <span class='ocrx_word' id='word_1_490' title='bbox 3213 705 3455 760; x_wconf 88' lang='lat' dir='ltr'><strong>vilissimi</strong></span> <span class='ocrx_word' id='word_1_491' title='bbox 3487 723 3500 758; x_wconf 89' lang='lat'><strong>:</strong></span> <span class='ocrx_word' id='word_1_492' title='bbox 3536 723 3651 777; x_wconf 83' lang='lat' dir='ltr'><strong>quo</strong></span> 
     </span>
    </p>
   </div>
   <div class='ocr_carea' id='block_1_67' title="bbox 2060 795 3649 870">
    <p class='ocr_par' dir='ltr' id='par_1_67' title="bbox 2060 795 3649 870">
     <span class='ocr_line' id='line_1_67' title="bbox 2060 795 3649 870; baseline 0.003 -20"><span class='ocrx_word' id='word_1_493' title='bbox 2060 806 2216 866; x_wconf 88' lang='lat' dir='ltr'><strong>pacto</strong></span> <span class='ocrx_word' id='word_1_494' title='bbox 2265 796 2437 852; x_wconf 89' lang='lat' dir='ltr'><strong>dicam</strong></span> <span class='ocrx_word' id='word_1_495' title='bbox 2470 796 2569 870; x_wconf 88' lang='lat' dir='ltr'><strong>(a),</strong></span> <span class='ocrx_word' id='word_1_496' title='bbox 2611 805 2702 850; x_wconf 91' lang='lat' dir='ltr'><strong>aut</strong></span> <span class='ocrx_word' id='word_1_497' title='bbox 2753 795 2880 867; x_wconf 91' lang='lat' dir='ltr'><strong>quid</strong></span> <span class='ocrx_word' id='word_1_498' title='bbox 2920 795 3159 867; x_wconf 89' lang='lat' dir='ltr'><strong>eloquar,</strong></span> <span class='ocrx_word' id='word_1_499' title='bbox 3187 798 3457 867; x_wconf 92' lang='lat' dir='ltr'><strong>quomodo</strong></span> <span class='ocrx_word' id='word_1_500' title='bbox 3503 800 3649 854; x_wconf 83' lang='lat' dir='ltr'><strong>istud</strong></span> 
     </span>
    </p>
   </div>
   <div class='ocr_carea' id='block_1_68' title="bbox 2063 889 3652 961">
    <p class='ocr_par' dir='ltr' id='par_1_68' title="bbox 2063 889 3652 961">
     <span class='ocr_line' id='line_1_68' title="bbox 2063 889 3652 961; baseline 0.003 -19"><span class='ocrx_word' id='word_1_501' title='bbox 2063 891 2282 945; x_wconf 89' lang='lat' dir='ltr'><strong>verbum</strong></span> <span class='ocrx_word' id='word_1_502' title='bbox 2333 890 2593 946; x_wconf 74' lang='lat' dir='ltr'><strong>efferam?</strong></span> <span class='ocrx_word' id='word_1_503' title='bbox 2622 889 2886 945; x_wconf 74' lang='lat' dir='ltr'><strong>Vilissima</strong></span> <span class='ocrx_word' id='word_1_504' title='bbox 2912 889 3001 944; x_wconf 91' lang='lat' dir='ltr'><strong>illa</strong></span> <span class='ocrx_word' id='word_1_505' title='bbox 3040 899 3221 943; x_wconf 87' lang='lat' dir='ltr'><strong>nostra</strong></span> <span class='ocrx_word' id='word_1_506' title='bbox 3272 899 3496 958; x_wconf 87' lang='lat' dir='ltr'><strong>natura,</strong></span> <span class='ocrx_word' id='word_1_507' title='bbox 3522 906 3652 961; x_wconf 70' lang='lat' dir='ltr'><strong>quae</strong></span> 
     </span>
    </p>
   </div>
   <div class='ocr_carea' id='block_1_69' title="bbox 2059 978 3655 1050">
    <p class='ocr_par' dir='ltr' id='par_1_69' title="bbox 2059 978 3655 1050">
     <span class='ocr_line' id='line_1_69' title="bbox 2059 978 3655 1050; baseline 0.002 -17"><span class='ocrx_word' id='word_1_508' title='bbox 2059 981 2266 1034; x_wconf 89' lang='lat' dir='ltr'><strong>cunctis</strong></span> <span class='ocrx_word' id='word_1_509' title='bbox 2291 980 2625 1050; x_wconf 89' lang='lat' dir='ltr'><strong>insipientior</strong></span> <span class='ocrx_word' id='word_1_510' title='bbox 2647 990 2778 1044; x_wconf 91' lang='lat' dir='ltr'><strong>erat,</strong></span> <span class='ocrx_word' id='word_1_511' title='bbox 2799 981 3004 1034; x_wconf 90' lang='lat' dir='ltr'><strong>cunctis</strong></span> <span class='ocrx_word' id='word_1_512' title='bbox 3031 989 3112 1034; x_wconf 90' lang='lat' dir='ltr'><strong>est</strong></span> <span class='ocrx_word' id='word_1_513' title='bbox 3135 979 3293 1034; x_wconf 91' lang='lat' dir='ltr'><strong>hodie</strong></span> <span class='ocrx_word' id='word_1_514' title='bbox 3313 978 3453 1036; x_wconf 87' lang='lat' dir='ltr'><strong>facta</strong></span> <span class='ocrx_word' id='word_1_515' title='bbox 3480 982 3655 1039; x_wconf 85' lang='lat' dir='ltr'><strong>subli-</strong></span> 
     </span>
    </p>
   </div>
   <div class='ocr_carea' id='block_1_70' title="bbox 2061 1071 3649 1142">
    <p class='ocr_par' dir='ltr' id='par_1_70' title="bbox 2061 1071 3649 1142">
     <span class='ocr_line' id='line_1_70' title="bbox 2061 1071 3649 1142; baseline 0.003 -18"><span class='ocrx_word' id='word_1_516' title='bbox 2061 1072 2217 1125; x_wconf 87' lang='lat' dir='ltr'><strong>mior.</strong></span> <span class='ocrx_word' id='word_1_517' title='bbox 2244 1071 2411 1127; x_wconf 83' lang='lat' dir='ltr'><strong>Hodie</strong></span> <span class='ocrx_word' id='word_1_518' title='bbox 2446 1083 2824 1141; x_wconf 87' lang='lat' dir='ltr'><strong>recuperarunt</strong></span> <span class='ocrx_word' id='word_1_519' title='bbox 2863 1071 3055 1141; x_wconf 87' lang='lat' dir='ltr'><strong>angeli,</strong></span> <span class='ocrx_word' id='word_1_520' title='bbox 3085 1071 3226 1142; x_wconf 89' lang='lat' dir='ltr'><strong>quod</strong></span> <span class='ocrx_word' id='word_1_521' title='bbox 3270 1072 3471 1127; x_wconf 93' lang='lat' dir='ltr'><strong>dudum</strong></span> <span class='ocrx_word' id='word_1_522' title='bbox 3498 1073 3649 1129; x_wconf 87' lang='lat' dir='ltr'><strong>desi-</strong></span> 
     </span>
    </p>
   </div>
   <div class='ocr_carea' id='block_1_71' title="bbox 2060 1161 3652 1233">
    <p class='ocr_par' dir='ltr' id='par_1_71' title="bbox 2060 1161 3652 1233">
     <span class='ocr_line' id='line_1_71' title="bbox 2060 1161 3652 1233; baseline 0.002 -17"><span class='ocrx_word' id='word_1_523' title='bbox 2060 1161 2421 1217; x_wconf 87' lang='lat' dir='ltr'><strong>deraverant:</strong></span> <span class='ocrx_word' id='word_1_524' title='bbox 2453 1161 2611 1217; x_wconf 91' lang='lat' dir='ltr'><strong>hodie</strong></span> <span class='ocrx_word' id='word_1_525' title='bbox 2653 1172 2972 1232; x_wconf 85' lang='lat' dir='ltr'><strong>aspexerunt</strong></span> <span class='ocrx_word' id='word_1_526' title='bbox 3006 1163 3343 1232; x_wconf 82' lang='lat' dir='ltr'><strong>archangeli,</strong></span> <span class='ocrx_word' id='word_1_527' title='bbox 3367 1162 3508 1233; x_wconf 87' lang='lat' dir='ltr'><strong>quod</strong></span> <span class='ocrx_word' id='word_1_528' title='bbox 3554 1163 3652 1219; x_wconf 81' lang='lat' dir='ltr'><strong>diu</strong></span> 
     </span>
    </p>
   </div>
   <div class='ocr_carea' id='block_1_72' title="bbox 2060 1252 3653 1324">
    <p class='ocr_par' dir='ltr' id='par_1_72' title="bbox 2060 1252 3653 1324">
     <span class='ocr_line' id='line_1_72' title="bbox 2060 1252 3653 1324; baseline 0.002 -17"><span class='ocrx_word' id='word_1_529' title='bbox 2060 1254 2441 1323; x_wconf 88' lang='lat' dir='ltr'><strong>concupierant</strong></span> <span class='ocrx_word' id='word_1_530' title='bbox 2463 1268 2477 1305; x_wconf 89' lang='lat'>:</span> <span class='ocrx_word' id='word_1_531' title='bbox 2496 1252 2655 1308; x_wconf 88' lang='lat' dir='ltr'><strong>hodie</strong></span> <span class='ocrx_word' id='word_1_532' title='bbox 2670 1262 2902 1307; x_wconf 91' lang='lat' dir='ltr'><strong>nostram</strong></span> <span class='ocrx_word' id='word_1_533' title='bbox 2926 1262 3165 1307; x_wconf 89' lang='lat' dir='ltr'><strong>naturam</strong></span> <span class='ocrx_word' id='word_1_534' title='bbox 3188 1254 3255 1309; x_wconf 92' lang='lat' dir='ltr'><strong>de</strong></span> <span class='ocrx_word' id='word_1_535' title='bbox 3272 1254 3464 1308; x_wconf 92' lang='lat' dir='ltr'><strong>throno</strong></span> <span class='ocrx_word' id='word_1_536' title='bbox 3483 1256 3653 1324; x_wconf 77' lang='lat' dir='ltr'><strong>regali</strong></span> 
     </span>
    </p>
   </div>
   <div class='ocr_carea' id='block_1_73' title="bbox 2061 1342 3652 1415">
    <p class='ocr_par' dir='ltr' id='par_1_73' title="bbox 2061 1342 3652 1415">
     <span class='ocr_line' id='line_1_73' title="bbox 2061 1342 3652 1415; baseline 0.002 -18"><span class='ocrx_word' id='word_1_537' title='bbox 2061 1342 2282 1413; x_wconf 79' lang='lat' dir='ltr'><strong>fulgoris</strong></span> <span class='ocrx_word' id='word_1_538' title='bbox 2312 1344 2478 1398; x_wconf 87' lang='lat' dir='ltr'><strong>instar</strong></span> <span class='ocrx_word' id='word_1_539' title='bbox 2506 1343 2933 1413; x_wconf 85' lang='lat' dir='ltr'><strong>resplendentem</strong></span> <span class='ocrx_word' id='word_1_540' title='bbox 2956 1345 3123 1415; x_wconf 89' lang='lat' dir='ltr'><strong>gloria</strong></span> <span class='ocrx_word' id='word_1_541' title='bbox 3165 1353 3220 1399; x_wconf 90' lang='lat' dir='ltr'><strong>et</strong></span> <span class='ocrx_word' id='word_1_542' title='bbox 3257 1345 3652 1414; x_wconf 90' lang='lat' dir='ltr'><strong>pulchritudine</strong></span> 
     </span>
    </p>
   </div>
   <div class='ocr_carea' id='block_1_74' title="bbox 2063 1435 3652 1492">
    <p class='ocr_par' dir='ltr' id='par_1_74' title="bbox 2063 1435 3652 1492">
     <span class='ocr_line' id='line_1_74' title="bbox 2063 1435 3652 1492; baseline 0.001 -2"><span class='ocrx_word' id='word_1_543' title='bbox 2063 1436 2350 1491; x_wconf 86' lang='lat' dir='ltr'><strong>immortali</strong></span> <span class='ocrx_word' id='word_1_544' title='bbox 2376 1436 2643 1491; x_wconf 88' lang='lat' dir='ltr'><strong>viderunt.</strong></span> <span class='ocrx_word' id='word_1_545' title='bbox 2671 1435 2729 1490; x_wconf 92' lang='lat' dir='ltr'><strong>ld</strong></span> <span class='ocrx_word' id='word_1_546' title='bbox 2750 1436 2890 1490; x_wconf 88' lang='lat' dir='ltr'><strong>enim</strong></span> <span class='ocrx_word' id='word_1_547' title='bbox 2921 1437 3087 1490; x_wconf 90' lang='lat' dir='ltr'><strong>multo</strong></span> <span class='ocrx_word' id='word_1_548' title='bbox 3118 1445 3243 1491; x_wconf 86' lang='lat' dir='ltr'><strong>ante</strong></span> <span class='ocrx_word' id='word_1_549' title='bbox 3272 1437 3652 1492; x_wconf 80' lang='lat' dir='ltr'><strong>desiderabant</strong></span> 
     </span>
    </p>
   </div>
   <div class='ocr_carea' id='block_1_75' title="bbox 2063 1525 3653 1596">
    <p class='ocr_par' dir='ltr' id='par_1_75' title="bbox 2063 1525 3653 1596">
     <span class='ocr_line' id='line_1_75' title="bbox 2063 1525 3653 1596; baseline 0.002 -16"><span class='ocrx_word' id='word_1_550' title='bbox 2063 1527 2257 1596; x_wconf 79' lang='lat' dir='ltr'><strong>angeli,</strong></span> <span class='ocrx_word' id='word_1_551' title='bbox 2285 1535 2340 1581; x_wconf 90' lang='lat' dir='ltr'><strong>et</strong></span> <span class='ocrx_word' id='word_1_552' title='bbox 2379 1527 2825 1596; x_wconf 82' lang='lat' dir='ltr'><strong>concupiscebam</strong></span> <span class='ocrx_word' id='word_1_553' title='bbox 2861 1527 3188 1595; x_wconf 83' lang='lat' dir='ltr'><strong>archangeli.</strong></span> <span class='ocrx_word' id='word_1_554' title='bbox 3219 1525 3349 1581; x_wconf 77' lang='lat' dir='ltr'><strong>Nam</strong></span> <span class='ocrx_word' id='word_1_555' title='bbox 3389 1528 3511 1583; x_wconf 89' lang='lat' dir='ltr'><strong>licet</strong></span> <span class='ocrx_word' id='word_1_556' title='bbox 3553 1543 3653 1583; x_wconf 85' lang='lat' dir='ltr'><strong>eos</strong></span> 
     </span>
    </p>
   </div>
   <div class='ocr_carea' id='block_1_76' title="bbox 2064 1617 3651 1687">
    <p class='ocr_par' dir='ltr' id='par_1_76' title="bbox 2064 1617 3651 1687">
     <span class='ocr_line' id='line_1_76' title="bbox 2064 1617 3651 1687; baseline 0.001 -16"><span class='ocrx_word' id='word_1_557' title='bbox 2064 1628 2249 1671; x_wconf 86' lang='lat' dir='ltr'><strong>natura</strong></span> <span class='ocrx_word' id='word_1_558' title='bbox 2272 1617 2499 1673; x_wconf 89' lang='lat' dir='ltr'><strong>humana</strong></span> <span class='ocrx_word' id='word_1_559' title='bbox 2524 1632 2782 1672; x_wconf 88' lang='lat' dir='ltr'><strong>concesso</strong></span> <span class='ocrx_word' id='word_1_560' title='bbox 2807 1618 2906 1672; x_wconf 90' lang='lat' dir='ltr'><strong>sibi</strong></span> <span class='ocrx_word' id='word_1_561' title='bbox 2937 1617 3140 1673; x_wconf 90' lang='lat' dir='ltr'><strong>honore</strong></span> <span class='ocrx_word' id='word_1_562' title='bbox 3164 1630 3477 1687; x_wconf 88' lang='lat' dir='ltr'><strong>superaret,</strong></span> <span class='ocrx_word' id='word_1_563' title='bbox 3508 1628 3651 1673; x_wconf 89' lang='lat' dir='ltr'><strong>atta—</strong></span> 
     </span>
    </p>
   </div>
   <div class='ocr_carea' id='block_1_77' title="bbox 2065 1709 3650 1780">
    <p class='ocr_par' dir='ltr' id='par_1_77' title="bbox 2065 1709 3650 1780">
     <span class='ocr_line' id='line_1_77' title="bbox 2065 1709 3650 1780; baseline 0.002 -18"><span class='ocrx_word' id='word_1_564' title='bbox 2065 1725 2185 1763; x_wconf 89' lang='lat' dir='ltr'><strong>men</strong></span> <span class='ocrx_word' id='word_1_565' title='bbox 2208 1710 2276 1764; x_wconf 92' lang='lat' dir='ltr'><strong>de</strong></span> <span class='ocrx_word' id='word_1_566' title='bbox 2297 1711 2448 1764; x_wconf 88' lang='lat' dir='ltr'><strong>bonis</strong></span> <span class='ocrx_word' id='word_1_567' title='bbox 2475 1709 2670 1763; x_wconf 85' lang='lat' dir='ltr'><strong>nostris</strong></span> <span class='ocrx_word' id='word_1_568' title='bbox 2699 1709 3032 1779; x_wconf 87' lang='lat' dir='ltr'><strong>gaudebant:</strong></span> <span class='ocrx_word' id='word_1_569' title='bbox 3064 1725 3187 1764; x_wconf 90' lang='lat' dir='ltr'><strong>nam</strong></span> <span class='ocrx_word' id='word_1_570' title='bbox 3214 1719 3268 1764; x_wconf 93' lang='lat' dir='ltr'><strong>et</strong></span> <span class='ocrx_word' id='word_1_571' title='bbox 3287 1711 3498 1780; x_wconf 86' lang='lat' dir='ltr'><strong>quando</strong></span> <span class='ocrx_word' id='word_1_572' title='bbox 3522 1726 3650 1765; x_wconf 88' lang='lat' dir='ltr'><strong>cru-</strong></span> 
     </span>
    </p>
   </div>
   <div class='ocr_carea' id='block_1_78' title="bbox 2064 1801 3653 1867">
    <p class='ocr_par' dir='ltr' id='par_1_78' title="bbox 2064 1801 3653 1867">
     <span class='ocr_line' id='line_1_78' title="bbox 2064 1801 3653 1867; baseline 0.001 -12"><span class='ocrx_word' id='word_1_573' title='bbox 2064 1801 2358 1867; x_wconf 87' lang='lat' dir='ltr'><strong>ciabamur,</strong></span> <span class='ocrx_word' id='word_1_574' title='bbox 2407 1801 2695 1864; x_wconf 84' lang='lat' dir='ltr'><strong>dolebant;</strong></span> <span class='ocrx_word' id='word_1_575' title='bbox 2731 1811 2785 1855; x_wconf 93' lang='lat' dir='ltr'><strong>et</strong></span> <span class='ocrx_word' id='word_1_576' title='bbox 2822 1802 2946 1856; x_wconf 90' lang='lat' dir='ltr'><strong>licet</strong></span> <span class='ocrx_word' id='word_1_577' title='bbox 2978 1802 3266 1856; x_wconf 83' lang='lat' dir='ltr'><strong>Cherubim</strong></span> <span class='ocrx_word' id='word_1_578' title='bbox 3318 1802 3653 1858; x_wconf 92' lang='lat' dir='ltr'><strong>custodirent</strong></span> 
     </span>
    </p>
   </div>
   <div class='ocr_carea' id='block_1_79' title="bbox 2065 1893 3650 1962">
    <p class='ocr_par' dir='ltr' id='par_1_79' title="bbox 2065 1893 3650 1962">
     <span class='ocr_line' id='line_1_79' title="bbox 2065 1893 3650 1962; baseline 0.004 -17"><span class='ocrx_word' id='word_1_579' title='bbox 2065 1893 2365 1962; x_wconf 89' lang='lat' dir='ltr'><strong>paradisum</strong></span> <span class='ocrx_word' id='word_1_580' title='bbox 2387 1932 2402 1958; x_wconf 93' lang='lat'><strong>,</strong></span> <span class='ocrx_word' id='word_1_581' title='bbox 2435 1893 2603 1947; x_wconf 82' lang='lat' dir='ltr'><strong>vicem</strong></span> <span class='ocrx_word' id='word_1_582' title='bbox 2629 1903 2803 1950; x_wconf 89' lang='lat' dir='ltr'><strong>tamen</strong></span> <span class='ocrx_word' id='word_1_583' title='bbox 2835 1903 3069 1948; x_wconf 89' lang='lat' dir='ltr'><strong>nostram</strong></span> <span class='ocrx_word' id='word_1_584' title='bbox 3114 1894 3386 1950; x_wconf 90' lang='lat' dir='ltr'><strong>dolebant.</strong></span> <span class='ocrx_word' id='word_1_585' title='bbox 3420 1896 3487 1950; x_wconf 83' lang='lat' dir='ltr'><strong>Et</strong></span> <span class='ocrx_word' id='word_1_586' title='bbox 3514 1898 3650 1952; x_wconf 88' lang='lat' dir='ltr'><strong>sicut</strong></span> 
     </span>
    </p>
   </div>
   <div class='ocr_carea' id='block_1_80' title="bbox 2066 1984 3648 2056">
    <p class='ocr_par' dir='ltr' id='par_1_80' title="bbox 2066 1984 3648 2056">
     <span class='ocr_line' id='line_1_80' title="bbox 2066 1984 3648 2056; baseline 0.003 -19"><span class='ocrx_word' id='word_1_587' title='bbox 2066 1984 2326 2049; x_wconf 88' lang='lat' dir='ltr'><strong>minister,</strong></span> <span class='ocrx_word' id='word_1_588' title='bbox 2350 1999 2664 2040; x_wconf 81' lang='lat' dir='ltr'><strong>conservum</strong></span> <span class='ocrx_word' id='word_1_589' title='bbox 2696 2000 2764 2040; x_wconf 86' lang='lat' dir='ltr'><strong>ex</strong></span> <span class='ocrx_word' id='word_1_590' title='bbox 2807 1985 3055 2041; x_wconf 84' lang='lat' dir='ltr'><strong>mandato</strong></span> <span class='ocrx_word' id='word_1_591' title='bbox 3100 1986 3301 2041; x_wconf 88' lang='lat' dir='ltr'><strong>domini</strong></span> <span class='ocrx_word' id='word_1_592' title='bbox 3346 1987 3648 2056; x_wconf 88' lang='lat' dir='ltr'><strong>apprehen-</strong></span> 
     </span>
    </p>
   </div>
   <div class='ocr_carea' id='block_1_81' title="bbox 2073 2075 3651 2146">
    <p class='ocr_par' dir='ltr' id='par_1_81' title="bbox 2073 2075 3651 2146">
     <span class='ocr_line' id='line_1_81' title="bbox 2073 2075 3651 2146; baseline 0.003 -17"><span class='ocrx_word' id='word_1_593' title='bbox 2073 2089 2190 2129; x_wconf 90' lang='lat' dir='ltr'><strong>sum</strong></span> <span class='ocrx_word' id='word_1_594' title='bbox 2212 2084 2266 2129; x_wconf 84' lang='lat' dir='ltr'><strong>et</strong></span> <span class='ocrx_word' id='word_1_595' title='bbox 2291 2075 2490 2129; x_wconf 87' lang='lat' dir='ltr'><strong>carceri</strong></span> <span class='ocrx_word' id='word_1_596' title='bbox 2515 2076 2785 2140; x_wconf 87' lang='lat' dir='ltr'><strong>traditum,</strong></span> <span class='ocrx_word' id='word_1_597' title='bbox 2815 2077 3048 2131; x_wconf 86' lang='lat' dir='ltr'><strong>custodit</strong></span> <span class='ocrx_word' id='word_1_598' title='bbox 3086 2077 3300 2146; x_wconf 87' lang='lat' dir='ltr'><strong>quidem</strong></span> <span class='ocrx_word' id='word_1_599' title='bbox 3318 2118 3334 2143; x_wconf 92' lang='lat'><strong>,</strong></span> <span class='ocrx_word' id='word_1_600' title='bbox 3362 2081 3651 2134; x_wconf 88' lang='lat' dir='ltr'><strong>commise-</strong></span> 
     </span>
    </p>
   </div>
   <div class='ocr_carea' id='block_1_82' title="bbox 2066 2166 3648 2239">
    <p class='ocr_par' dir='ltr' id='par_1_82' title="bbox 2066 2166 3648 2239">
     <span class='ocr_line' id='line_1_82' title="bbox 2066 2166 3648 2239; baseline 0.003 -19"><span class='ocrx_word' id='word_1_601' title='bbox 2066 2166 2271 2220; x_wconf 88' lang='lat' dir='ltr'><strong>ratione</strong></span> <span class='ocrx_word' id='word_1_602' title='bbox 2294 2176 2465 2220; x_wconf 87' lang='lat' dir='ltr'><strong>tamen</strong></span> <span class='ocrx_word' id='word_1_603' title='bbox 2487 2167 2729 2221; x_wconf 85' lang='lat' dir='ltr'><strong>conservi</strong></span> <span class='ocrx_word' id='word_1_604' title='bbox 2751 2166 2959 2231; x_wconf 89' lang='lat' dir='ltr'><strong>ductus,</strong></span> <span class='ocrx_word' id='word_1_605' title='bbox 2981 2182 3142 2237; x_wconf 89' lang='lat' dir='ltr'><strong>super</strong></span> <span class='ocrx_word' id='word_1_606' title='bbox 3164 2169 3252 2222; x_wconf 93' lang='lat' dir='ltr'><strong>illo</strong></span> <span class='ocrx_word' id='word_1_607' title='bbox 3272 2168 3415 2239; x_wconf 90' lang='lat' dir='ltr'><strong>quod</strong></span> <span class='ocrx_word' id='word_1_608' title='bbox 3436 2169 3648 2236; x_wconf 87' lang='lat' dir='ltr'><strong>accidit,</strong></span> 
     </span>
    </p>
   </div>
   <div class='ocr_carea' id='block_1_83' title="bbox 2065 2254 3650 2331">
    <p class='ocr_par' dir='ltr' id='par_1_83' title="bbox 2065 2254 3650 2331">
     <span class='ocr_line' id='line_1_83' title="bbox 2065 2254 3650 2331; baseline 0.004 -23"><span class='ocrx_word' id='word_1_609' title='bbox 2065 2254 2210 2309; x_wconf 87' lang='lat' dir='ltr'><strong>dolet</strong></span> <span class='ocrx_word' id='word_1_610' title='bbox 2234 2264 2288 2309; x_wconf 91' lang='lat' dir='ltr'><strong>et</strong></span> <span class='ocrx_word' id='word_1_611' title='bbox 2317 2255 2527 2325; x_wconf 88' lang='lat' dir='ltr'><strong>angitur</strong></span> <span class='ocrx_word' id='word_1_612' title='bbox 2558 2273 2569 2307; x_wconf 92' lang='lat'><strong>:</strong></span> <span class='ocrx_word' id='word_1_613' title='bbox 2604 2257 2674 2310; x_wconf 88' lang='lat' dir='ltr'><strong>ita</strong></span> <span class='ocrx_word' id='word_1_614' title='bbox 2711 2265 2767 2311; x_wconf 94' lang='lat' dir='ltr'><strong>et</strong></span> <span class='ocrx_word' id='word_1_615' title='bbox 2808 2256 3095 2312; x_wconf 89' lang='lat' dir='ltr'><strong>Cherubim</strong></span> <span class='ocrx_word' id='word_1_616' title='bbox 3146 2271 3491 2329; x_wconf 89' lang='lat' dir='ltr'><strong>susceperant</strong></span> <span class='ocrx_word' id='word_1_617' title='bbox 3532 2262 3650 2331; x_wconf 90' lang='lat' dir='ltr'><strong>qui-</strong></span> 
     </span>
    </p>
   </div>
   <div class='ocr_carea' id='block_1_84' title="bbox 2067 2346 3651 2416">
    <p class='ocr_par' dir='ltr' id='par_1_84' title="bbox 2067 2346 3651 2416">
     <span class='ocr_line' id='line_1_84' title="bbox 2067 2346 3651 2416; baseline 0.005 -17"><span class='ocrx_word' id='word_1_618' title='bbox 2067 2346 2186 2400; x_wconf 91' lang='lat' dir='ltr'><strong>dem</strong></span> <span class='ocrx_word' id='word_1_619' title='bbox 2214 2346 2617 2401; x_wconf 82' lang='lat' dir='ltr'><strong>custodieudum</strong></span> <span class='ocrx_word' id='word_1_620' title='bbox 2662 2347 2985 2416; x_wconf 91' lang='lat' dir='ltr'><strong>paradisum,</strong></span> <span class='ocrx_word' id='word_1_621' title='bbox 3017 2365 3080 2404; x_wconf 89' lang='lat' dir='ltr'><strong>ac</strong></span> <span class='ocrx_word' id='word_1_622' title='bbox 3106 2348 3173 2404; x_wconf 91' lang='lat' dir='ltr'><strong>de</strong></span> <span class='ocrx_word' id='word_1_623' title='bbox 3211 2351 3451 2405; x_wconf 87' lang='lat' dir='ltr'><strong>custodia</strong></span> <span class='ocrx_word' id='word_1_624' title='bbox 3499 2352 3651 2407; x_wconf 88' lang='lat' dir='ltr'><strong>dole-</strong></span> 
     </span>
    </p>
   </div>
   <div class='ocr_carea' id='block_1_85' title="bbox 2068 2435 3655 2507">
    <p class='ocr_par' dir='ltr' id='par_1_85' title="bbox 2068 2435 3655 2507">
     <span class='ocr_line' id='line_1_85' title="bbox 2068 2435 3655 2507; baseline 0.005 -17"><span class='ocrx_word' id='word_1_625' title='bbox 2068 2435 2213 2491; x_wconf 91' lang='lat' dir='ltr'><strong>bant.</strong></span> <span class='ocrx_word' id='word_1_626' title='bbox 2240 2438 2308 2492; x_wconf 89' lang='lat' dir='ltr'><strong>Et</strong></span> <span class='ocrx_word' id='word_1_627' title='bbox 2333 2445 2388 2491; x_wconf 91' lang='lat' dir='ltr'><strong>ut</strong></span> <span class='ocrx_word' id='word_1_628' title='bbox 2413 2437 2584 2492; x_wconf 88' lang='lat' dir='ltr'><strong>discas</strong></span> <span class='ocrx_word' id='word_1_629' title='bbox 2614 2440 2755 2507; x_wconf 90' lang='lat' dir='ltr'><strong>quod</strong></span> <span class='ocrx_word' id='word_1_630' title='bbox 2784 2439 3070 2507; x_wconf 89' lang='lat' dir='ltr'><strong>doluerint,</strong></span> <span class='ocrx_word' id='word_1_631' title='bbox 3097 2440 3166 2494; x_wconf 89' lang='lat' dir='ltr'><strong>ab</strong></span> <span class='ocrx_word' id='word_1_632' title='bbox 3189 2442 3496 2498; x_wconf 91' lang='lat' dir='ltr'><strong>hominibus</strong></span> <span class='ocrx_word' id='word_1_633' title='bbox 3523 2444 3655 2499; x_wconf 93' lang='lat' dir='ltr'><strong>illud</strong></span> 
     </span>
    </p>
   </div>
   <div class='ocr_carea' id='block_1_86' title="bbox 2072 2526 3658 2597">
    <p class='ocr_par' dir='ltr' id='par_1_86' title="bbox 2072 2526 3658 2597">
     <span class='ocr_line' id='line_1_86' title="bbox 2072 2526 3658 2597; baseline 0.007 -18"><span class='ocrx_word' id='word_1_634' title='bbox 2072 2526 2170 2581; x_wconf 90' lang='lat' dir='ltr'><strong>tibi</strong></span> <span class='ocrx_word' id='word_1_635' title='bbox 2200 2529 2535 2597; x_wconf 89' lang='lat' dir='ltr'><strong>perspicuum</strong></span> <span class='ocrx_word' id='word_1_636' title='bbox 2562 2529 2800 2583; x_wconf 89' lang='lat' dir='ltr'><strong>reddam.</strong></span> <span class='ocrx_word' id='word_1_637' title='bbox 2833 2529 3058 2597; x_wconf 85' lang='lat' dir='ltr'><strong>Quando</strong></span> <span class='ocrx_word' id='word_1_638' title='bbox 3078 2531 3219 2586; x_wconf 88' lang='lat' dir='ltr'><strong>enim</strong></span> <span class='ocrx_word' id='word_1_639' title='bbox 3254 2532 3498 2589; x_wconf 90' lang='lat' dir='ltr'><strong>homines</strong></span> <span class='ocrx_word' id='word_1_640' title='bbox 3525 2550 3658 2590; x_wconf 89' lang='lat' dir='ltr'><strong>con-</strong></span> 
     </span>
    </p>
   </div>
   <div class='ocr_carea' id='block_1_87' title="bbox 2069 2618 3656 2690">
    <p class='ocr_par' dir='ltr' id='par_1_87' title="bbox 2069 2618 3656 2690">
     <span class='ocr_line' id='line_1_87' title="bbox 2069 2618 3656 2690; baseline 0.005 -19"><span class='ocrx_word' id='word_1_641' title='bbox 2069 2618 2238 2671; x_wconf 88' lang='lat' dir='ltr'><strong>servis</strong></span> <span class='ocrx_word' id='word_1_642' title='bbox 2266 2618 2495 2686; x_wconf 80' lang='lat' dir='ltr'><strong>conipati</strong></span> <span class='ocrx_word' id='word_1_643' title='bbox 2519 2618 2665 2674; x_wconf 89' lang='lat' dir='ltr'><strong>vides</strong></span> <span class='ocrx_word' id='word_1_644' title='bbox 2686 2659 2700 2683; x_wconf 92' lang='lat'><strong>,</strong></span> <span class='ocrx_word' id='word_1_645' title='bbox 2725 2619 2835 2686; x_wconf 87' lang='lat' dir='ltr'><strong>jam</strong></span> <span class='ocrx_word' id='word_1_646' title='bbox 2867 2635 2971 2674; x_wconf 92' lang='lat' dir='ltr'><strong>non</strong></span> <span class='ocrx_word' id='word_1_647' title='bbox 2999 2622 3225 2690; x_wconf 88' lang='lat' dir='ltr'><strong>amplius</strong></span> <span class='ocrx_word' id='word_1_648' title='bbox 3256 2621 3531 2678; x_wconf 90' lang='lat' dir='ltr'><strong>dubitandi</strong></span> <span class='ocrx_word' id='word_1_649' title='bbox 3562 2624 3656 2679; x_wconf 85' lang='lat' dir='ltr'><strong>tibi</strong></span> 
     </span>
    </p>
   </div>
   <div class='ocr_carea' id='block_1_88' title="bbox 2077 2707 3658 2778">
    <p class='ocr_par' dir='ltr' id='par_1_88' title="bbox 2077 2707 3658 2778">
     <span class='ocr_line' id='line_1_88' title="bbox 2077 2707 3658 2778; baseline 0.006 -17"><span class='ocrx_word' id='word_1_650' title='bbox 2077 2707 2228 2762; x_wconf 88' lang='lat' dir='ltr'><strong>locus</strong></span> <span class='ocrx_word' id='word_1_651' title='bbox 2256 2708 2572 2778; x_wconf 89' lang='lat' dir='ltr'><strong>relinquitur</strong></span> <span class='ocrx_word' id='word_1_652' title='bbox 2594 2709 2663 2763; x_wconf 91' lang='lat' dir='ltr'><strong>de</strong></span> <span class='ocrx_word' id='word_1_653' title='bbox 2687 2708 2973 2764; x_wconf 89' lang='lat' dir='ltr'><strong>Cherubim</strong></span> <span class='ocrx_word' id='word_1_654' title='bbox 3001 2726 3015 2764; x_wconf 91' lang='lat'><strong>:</strong></span> <span class='ocrx_word' id='word_1_655' title='bbox 3041 2711 3209 2765; x_wconf 90' lang='lat' dir='ltr'><strong>multo</strong></span> <span class='ocrx_word' id='word_1_656' title='bbox 3234 2712 3374 2766; x_wconf 89' lang='lat' dir='ltr'><strong>enim</strong></span> <span class='ocrx_word' id='word_1_657' title='bbox 3390 2723 3526 2768; x_wconf 68' lang='lat' dir='ltr'><strong>‘sunt</strong></span> <span class='ocrx_word' id='word_1_658' title='bbox 3553 2713 3658 2770; x_wconf 68' lang='lat' dir='ltr'><strong>illae</strong></span> 
     </span>
    </p>
   </div>
   <div class='ocr_carea' id='block_1_89' title="bbox 2071 2799 3658 2874">
    <p class='ocr_par' dir='ltr' id='par_1_89' title="bbox 2071 2799 3658 2874">
     <span class='ocr_line' id='line_1_89' title="bbox 2071 2799 3658 2874; baseline 0.004 -22"><span class='ocrx_word' id='word_1_659' title='bbox 2071 2806 2361 2867; x_wconf 84' lang='lat' dir='ltr'><strong>potestates</strong></span> <span class='ocrx_word' id='word_1_660' title='bbox 2436 2799 2850 2868; x_wconf 87' lang='lat' dir='ltr'><strong>indulgentiores</strong></span> <span class='ocrx_word' id='word_1_661' title='bbox 2917 2800 3241 2856; x_wconf 87' lang='lat' dir='ltr'><strong>hominibus.</strong></span> <span class='ocrx_word' id='word_1_662' title='bbox 3296 2803 3427 2871; x_wconf 88' lang='lat' dir='ltr'><strong>Quis</strong></span> <span class='ocrx_word' id='word_1_663' title='bbox 3496 2804 3658 2874; x_wconf 85' lang='lat' dir='ltr'><strong>igitur</strong></span> 
     </span>
    </p>
   </div>
   <div class='ocr_carea' id='block_1_90' title="bbox 2070 2888 3657 2963">
    <p class='ocr_par' dir='ltr' id='par_1_90' title="bbox 2070 2888 3657 2963">
     <span class='ocr_line' id='line_1_90' title="bbox 2070 2888 3657 2963; baseline 0.005 -20"><span class='ocrx_word' id='word_1_664' title='bbox 2070 2889 2333 2957; x_wconf 89' lang='lat' dir='ltr'><strong>justorum</strong></span> <span class='ocrx_word' id='word_1_665' title='bbox 2365 2904 2469 2944; x_wconf 91' lang='lat' dir='ltr'><strong>non</strong></span> <span class='ocrx_word' id='word_1_666' title='bbox 2488 2888 2677 2954; x_wconf 90' lang='lat' dir='ltr'><strong>doluit,</strong></span> <span class='ocrx_word' id='word_1_667' title='bbox 2709 2905 2829 2944; x_wconf 88' lang='lat' dir='ltr'><strong>cum</strong></span> <span class='ocrx_word' id='word_1_668' title='bbox 2856 2889 2999 2961; x_wconf 90' lang='lat' dir='ltr'><strong>juste</strong></span> <span class='ocrx_word' id='word_1_669' title='bbox 3024 2892 3339 2961; x_wconf 78' lang='lat' dir='ltr'><strong>punirentur</strong></span> <span class='ocrx_word' id='word_1_670' title='bbox 3376 2895 3657 2963; x_wconf 87' lang='lat' dir='ltr'><strong>homines,</strong></span> 
     </span>
    </p>
   </div>
   <div class='ocr_carea' id='block_1_91' title="bbox 2072 2980 3657 3052">
    <p class='ocr_par' dir='ltr' id='par_1_91' title="bbox 2072 2980 3657 3052">
     <span class='ocr_line' id='line_1_91' title="bbox 2072 2980 3657 3052; baseline 0.003 -17"><span class='ocrx_word' id='word_1_671' title='bbox 2072 2980 2231 3035; x_wconf 88' lang='lat' dir='ltr'><strong>etiam</strong></span> <span class='ocrx_word' id='word_1_672' title='bbox 2261 2991 2382 3050; x_wconf 91' lang='lat' dir='ltr'><strong>post</strong></span> <span class='ocrx_word' id='word_1_673' title='bbox 2401 2989 2649 3036; x_wconf 88' lang='lat' dir='ltr'><strong>sexcenta</strong></span> <span class='ocrx_word' id='word_1_674' title='bbox 2677 2981 2943 3052; x_wconf 85' lang='lat' dir='ltr'><strong>peccata?</strong></span> <span class='ocrx_word' id='word_1_675' title='bbox 2991 2982 3103 3037; x_wconf 92' lang='lat' dir='ltr'><strong>lloc</strong></span> <span class='ocrx_word' id='word_1_676' title='bbox 3126 2984 3270 3037; x_wconf 89' lang='lat' dir='ltr'><strong>enim</strong></span> <span class='ocrx_word' id='word_1_677' title='bbox 3305 2993 3387 3039; x_wconf 90' lang='lat' dir='ltr'><strong>est</strong></span> <span class='ocrx_word' id='word_1_678' title='bbox 3424 2985 3657 3041; x_wconf 85' lang='lat' dir='ltr'><strong>admira-</strong></span> 
     </span>
    </p>
   </div>
   <div class='ocr_carea' id='block_1_92' title="bbox 2072 3072 3656 3148">
    <p class='ocr_par' dir='ltr' id='par_1_92' title="bbox 2072 3072 3656 3148">
     <span class='ocr_line' id='line_1_92' title="bbox 2072 3072 3656 3148; baseline 0.004 -20"><span class='ocrx_word' id='word_1_679' title='bbox 2072 3074 2218 3129; x_wconf 92' lang='lat' dir='ltr'><strong>tione</strong></span> <span class='ocrx_word' id='word_1_680' title='bbox 2237 3073 2626 3144; x_wconf 85' lang='lat' dir='ltr'><strong>dignissimum,</strong></span> <span class='ocrx_word' id='word_1_681' title='bbox 2644 3073 2786 3143; x_wconf 91' lang='lat' dir='ltr'><strong>quod</strong></span> <span class='ocrx_word' id='word_1_682' title='bbox 2805 3089 2924 3129; x_wconf 90' lang='lat' dir='ltr'><strong>cum</strong></span> <span class='ocrx_word' id='word_1_683' title='bbox 2955 3074 3163 3129; x_wconf 91' lang='lat' dir='ltr'><strong>illorum</strong></span> <span class='ocrx_word' id='word_1_684' title='bbox 3188 3076 3389 3132; x_wconf 89' lang='lat' dir='ltr'><strong>scelera</strong></span> <span class='ocrx_word' id='word_1_685' title='bbox 3404 3072 3656 3148; x_wconf 69' lang='lat' dir='ltr'><strong>nossent,</strong></span> 
     </span>
    </p>
   </div>
   <div class='ocr_carea' id='block_1_93' title="bbox 2074 3164 3660 3235">
    <p class='ocr_par' dir='ltr' id='par_1_93' title="bbox 2074 3164 3660 3235">
     <span class='ocr_line' id='line_1_93' title="bbox 2074 3164 3660 3235; baseline 0.004 -17"><span class='ocrx_word' id='word_1_686' title='bbox 2074 3174 2234 3235; x_wconf 89' lang='lat' dir='ltr'><strong>atque</strong></span> <span class='ocrx_word' id='word_1_687' title='bbox 2251 3165 2609 3233; x_wconf 88' lang='lat' dir='ltr'><strong>intelligerent</strong></span> <span class='ocrx_word' id='word_1_688' title='bbox 2634 3164 2755 3219; x_wconf 88' lang='lat' dir='ltr'><strong>illos</strong></span> <span class='ocrx_word' id='word_1_689' title='bbox 2784 3164 2837 3218; x_wconf 93' lang='lat' dir='ltr'><strong>in</strong></span> <span class='ocrx_word' id='word_1_690' title='bbox 2869 3165 3149 3219; x_wconf 91' lang='lat' dir='ltr'><strong>Dominum</strong></span> <span class='ocrx_word' id='word_1_691' title='bbox 3179 3165 3488 3231; x_wconf 82' lang='lat' dir='ltr'><strong>offendisse,</strong></span> <span class='ocrx_word' id='word_1_692' title='bbox 3505 3183 3574 3224; x_wconf 91' lang='lat' dir='ltr'><strong>ex</strong></span> <span class='ocrx_word' id='word_1_693' title='bbox 3595 3185 3660 3225; x_wconf 81' lang='lat' dir='ltr'><strong>ea</strong></span> 
     </span>
    </p>
   </div>
   <div class='ocr_carea' id='block_1_94' title="bbox 2076 3256 3661 3332">
    <p class='ocr_par' dir='ltr' id='par_1_94' title="bbox 2076 3256 3661 3332">
     <span class='ocr_line' id='line_1_94' title="bbox 2076 3256 3661 3332; baseline 0.003 -22"><span class='ocrx_word' id='word_1_694' title='bbox 2076 3265 2254 3311; x_wconf 89' lang='lat' dir='ltr'><strong>tamen</strong></span> <span class='ocrx_word' id='word_1_695' title='bbox 2300 3271 2360 3310; x_wconf 89' lang='lat' dir='ltr'><strong>re</strong></span> <span class='ocrx_word' id='word_1_696' title='bbox 2398 3256 2636 3311; x_wconf 90' lang='lat' dir='ltr'><strong>dolorem</strong></span> <span class='ocrx_word' id='word_1_697' title='bbox 2663 3257 2842 3311; x_wconf 88' lang='lat' dir='ltr'><strong>animo</strong></span> <span class='ocrx_word' id='word_1_698' title='bbox 2892 3257 3188 3326; x_wconf 84' lang='lat' dir='ltr'><strong>capiebant.</strong></span> <span class='ocrx_word' id='word_1_699' title='bbox 3218 3257 3413 3329; x_wconf 88' lang='lat' dir='ltr'><strong>Utique</strong></span> <span class='ocrx_word' id='word_1_700' title='bbox 3451 3259 3661 3332; x_wconf 85' lang='lat' dir='ltr'><strong>Moyses</strong></span> 
     </span>
    </p>
   </div>
   <div class='ocr_carea' id='block_1_95' title="bbox 2075 3346 3657 3418">
    <p class='ocr_par' dir='ltr' id='par_1_95' title="bbox 2075 3346 3657 3418">
     <span class='ocr_line' id='line_1_95' title="bbox 2075 3346 3657 3418; baseline 0.003 -17"><span class='ocrx_word' id='word_1_701' title='bbox 2075 3357 2196 3418; x_wconf 90' lang='lat' dir='ltr'><strong>post</strong></span> <span class='ocrx_word' id='word_1_702' title='bbox 2221 3347 2396 3416; x_wconf 91' lang='lat' dir='ltr'><strong>populi</strong></span> <span class='ocrx_word' id='word_1_703' title='bbox 2428 3346 2776 3401; x_wconf 85' lang='lat' dir='ltr'><strong>idololatriam</strong></span> <span class='ocrx_word' id='word_1_704' title='bbox 2798 3346 3007 3403; x_wconf 89' lang='lat' dir='ltr'><strong>dicebat</strong></span> <span class='ocrx_word' id='word_1_705' title='bbox 3038 3364 3051 3399; x_wconf 90' lang='lat'><strong><em>:</em></strong></span> <span class='ocrx_word' id='word_1_706' title='bbox 3085 3347 3186 3401; x_wconf 84' lang='lat' dir='ltr'><strong>Aut</strong></span> <span class='ocrx_word' id='word_1_707' title='bbox 3214 3349 3410 3403; x_wconf 85' lang='lat' dir='ltr'><strong>dimitte</strong></span> <span class='ocrx_word' id='word_1_708' title='bbox 3428 3351 3500 3403; x_wconf 88' lang='lat' dir='ltr'><strong>cis</strong></span> <span class='ocrx_word' id='word_1_709' title='bbox 3525 3352 3657 3405; x_wconf 82' lang='lat' dir='ltr'><strong>hanc</strong></span> 
     </span>
    </p>
   </div>
   <div class='ocr_carea' id='block_1_96' title="bbox 2075 3436 3661 3509">
    <p class='ocr_par' dir='ltr' id='par_1_96' title="bbox 2075 3436 3661 3509">
     <span class='ocr_line' id='line_1_96' title="bbox 2075 3436 3661 3509; baseline 0.002 -19"><span class='ocrx_word' id='word_1_710' title='bbox 2075 3454 2259 3492; x_wconf 71' lang='lat' dir='ltr'><strong>noxam</strong></span> <span class='ocrx_word' id='word_1_711' title='bbox 2282 3452 2301 3491; x_wconf 91' lang='lat'><strong><em>:</em></strong></span> <span class='ocrx_word' id='word_1_712' title='bbox 2330 3438 2406 3491; x_wconf 85' lang='lat' dir='ltr'><strong>sin</strong></span> <span class='ocrx_word' id='word_1_713' title='bbox 2437 3453 2583 3502; x_wconf 80' lang='lat' dir='ltr'><strong>vero,</strong></span> <span class='ocrx_word' id='word_1_714' title='bbox 2621 3436 2732 3489; x_wconf 82' lang='lat' dir='ltr'><strong>dele</strong></span> <span class='ocrx_word' id='word_1_715' title='bbox 2760 3438 2911 3490; x_wconf 89' lang='lat' dir='ltr'><strong>etiam</strong></span> <span class='ocrx_word' id='word_1_716' title='bbox 2945 3453 3025 3490; x_wconf 89' lang='lat' dir='ltr'><strong>me</strong></span> <span class='ocrx_word' id='word_1_717' title='bbox 3063 3440 3125 3492; x_wconf 88' lang='lat' dir='ltr'><strong>de</strong></span> <span class='ocrx_word' id='word_1_718' title='bbox 3170 3439 3316 3505; x_wconf 90' lang='lat' dir='ltr'><strong>libro,</strong></span> <span class='ocrx_word' id='word_1_719' title='bbox 3339 3456 3487 3509; x_wconf 81' lang='lat' dir='ltr'><strong>quem</strong></span> <span class='ocrx_word' id='word_1_720' title='bbox 3531 3441 3661 3494; x_wconf 75' lang='grc' dir='ltr'><strong>δεή-</strong></span> 
     </span>
    </p>
   </div>
   <div class='ocr_carea' id='block_1_97' title="bbox 2077 3525 3662 3598">
    <p class='ocr_par' dir='ltr' id='par_1_97' title="bbox 2077 3525 3662 3598">
     <span class='ocr_line' id='line_1_97' title="bbox 2077 3525 3662 3598; baseline 0.004 -19"><span class='ocrx_word' id='word_1_721' title='bbox 2077 3528 2219 3598; x_wconf 85' lang='lat' dir='ltr'><strong>psisti</strong></span> <span class='ocrx_word' id='word_1_722' title='bbox 2250 3525 2441 3596; x_wconf 74' lang='lat' dir='ltr'><strong>(Exod.</strong></span> <span class='ocrx_word' id='word_1_723' title='bbox 2471 3526 2559 3583; x_wconf 73' lang='lat'><strong>&#39;52.</strong></span> <span class='ocrx_word' id='word_1_724' title='bbox 2588 3528 2675 3582; x_wconf 82' lang='lat' dir='ltr'><strong>5l.</strong></span> <span class='ocrx_word' id='word_1_725' title='bbox 2699 3526 2829 3597; x_wconf 76' lang='grc'>52).</span> <span class='ocrx_word' id='word_1_726' title='bbox 2858 3527 2995 3594; x_wconf 79' lang='lat' dir='ltr'><strong>Quid</strong></span> <span class='ocrx_word' id='word_1_727' title='bbox 3031 3529 3130 3583; x_wconf 88' lang='lat' dir='ltr'><strong>sibi</strong></span> <span class='ocrx_word' id='word_1_728' title='bbox 3159 3528 3268 3583; x_wconf 83' lang='lat' dir='ltr'><strong>vult</strong></span> <span class='ocrx_word' id='word_1_729' title='bbox 3308 3529 3484 3583; x_wconf 84' lang='lat' dir='ltr'><strong>istud?</strong></span> <span class='ocrx_word' id='word_1_730' title='bbox 3512 3532 3662 3585; x_wconf 88' lang='lat' dir='ltr'><strong>vides</strong></span> 
     </span>
    </p>
   </div>
   <div class='ocr_carea' id='block_1_98' title="bbox 2078 3609 3662 3687">
    <p class='ocr_par' dir='ltr' id='par_1_98' title="bbox 2078 3609 3662 3687">
     <span class='ocr_line' id='line_1_98' title="bbox 2078 3609 3662 3687; baseline 0.002 -15"><span class='ocrx_word' id='word_1_731' title='bbox 2078 3618 2402 3687; x_wconf 84' lang='lat' dir='ltr'><strong>impietatem</strong></span> <span class='ocrx_word' id='word_1_732' title='bbox 2444 3618 2740 3684; x_wconf 91' lang='lat' dir='ltr'><strong>hominum,</strong></span> <span class='ocrx_word' id='word_1_733' title='bbox 2766 3627 2822 3673; x_wconf 89' lang='lat' dir='ltr'><strong>et</strong></span> <span class='ocrx_word' id='word_1_734' title='bbox 2864 3609 3074 3673; x_wconf 70' lang='lat' dir='ltr'><strong>illoruin</strong></span> <span class='ocrx_word' id='word_1_735' title='bbox 3117 3619 3267 3674; x_wconf 90' lang='lat' dir='ltr'><strong>doles</strong></span> <span class='ocrx_word' id='word_1_736' title='bbox 3302 3620 3662 3677; x_wconf 81' lang='lat' dir='ltr'><strong>al‘llictiones?</strong></span> 
     </span>
    </p>
   </div>
   <div class='ocr_carea' id='block_1_99' title="bbox 2078 3709 3660 3782">
    <p class='ocr_par' dir='ltr' id='par_1_99' title="bbox 2078 3709 3660 3782">
     <span class='ocr_line' id='line_1_99' title="bbox 2078 3709 3660 3782; baseline 0.003 -18"><span class='ocrx_word' id='word_1_737' title='bbox 2078 3709 2399 3780; x_wconf 90' lang='lat' dir='ltr'><strong>Propterea,</strong></span> <span class='ocrx_word' id='word_1_738' title='bbox 2426 3709 2631 3780; x_wconf 89' lang='lat' dir='ltr'><strong>inquit,</strong></span> <span class='ocrx_word' id='word_1_739' title='bbox 2671 3710 2847 3775; x_wconf 85' lang='lat' dir='ltr'><strong>doleo,</strong></span> <span class='ocrx_word' id='word_1_740' title='bbox 2873 3719 2985 3764; x_wconf 89' lang='lat' dir='ltr'><strong>tum</strong></span> <span class='ocrx_word' id='word_1_741' title='bbox 3027 3711 3149 3780; x_wconf 91' lang='lat' dir='ltr'><strong>quia</strong></span> <span class='ocrx_word' id='word_1_742' title='bbox 3199 3713 3509 3782; x_wconf 89' lang='lat' dir='ltr'><strong>puniuntur,</strong></span> <span class='ocrx_word' id='word_1_743' title='bbox 3552 3723 3660 3768; x_wconf 88' lang='lat' dir='ltr'><strong>tum</strong></span> 
     </span>
    </p>
   </div>
   <div class='ocr_carea' id='block_1_100' title="bbox 2080 3802 3660 3873">
    <p class='ocr_par' dir='ltr' id='par_1_100' title="bbox 2080 3802 3660 3873">
     <span class='ocr_line' id='line_1_100' title="bbox 2080 3802 3660 3873; baseline 0.003 -17"><span class='ocrx_word' id='word_1_744' title='bbox 2080 3803 2203 3872; x_wconf 92' lang='lat' dir='ltr'><strong>quia</strong></span> <span class='ocrx_word' id='word_1_745' title='bbox 2223 3802 2395 3872; x_wconf 90' lang='lat' dir='ltr'><strong>justas</strong></span> <span class='ocrx_word' id='word_1_746' title='bbox 2420 3802 2658 3871; x_wconf 65' lang='lat' dir='ltr'><strong>praebent</strong></span> <span class='ocrx_word' id='word_1_747' title='bbox 2685 3816 2795 3857; x_wconf 70' lang='lat' dir='ltr'><strong>sua:</strong></span> <span class='ocrx_word' id='word_1_748' title='bbox 2831 3802 3122 3873; x_wconf 89' lang='lat' dir='ltr'><strong>punitionis</strong></span> <span class='ocrx_word' id='word_1_749' title='bbox 3156 3819 3366 3859; x_wconf 88' lang='lat' dir='ltr'><strong>causas.</strong></span> <span class='ocrx_word' id='word_1_750' title='bbox 3416 3805 3660 3862; x_wconf 84' lang='lat' dir='ltr'><strong>Ezechiel</strong></span> 
     </span>
    </p>
   </div>
   <div class='ocr_carea' id='block_1_101' title="bbox 2079 3894 3658 3968">
    <p class='ocr_par' dir='ltr' id='par_1_101' title="bbox 2079 3894 3658 3968">
     <span class='ocr_line' id='line_1_101' title="bbox 2079 3894 3658 3968; baseline 0.003 -21"><span class='ocrx_word' id='word_1_751' title='bbox 2079 3908 2292 3963; x_wconf 91' lang='lat' dir='ltr'><strong>quoque</strong></span> <span class='ocrx_word' id='word_1_752' title='bbox 2330 3894 2593 3963; x_wconf 90' lang='lat' dir='ltr'><strong>aspiciens</strong></span> <span class='ocrx_word' id='word_1_753' title='bbox 2647 3894 2890 3964; x_wconf 88' lang='lat' dir='ltr'><strong>angelum</strong></span> <span class='ocrx_word' id='word_1_754' title='bbox 2941 3895 3328 3965; x_wconf 89' lang='lat' dir='ltr'><strong>percutientem</strong></span> <span class='ocrx_word' id='word_1_755' title='bbox 3383 3900 3658 3968; x_wconf 89' lang='lat' dir='ltr'><strong>populum,</strong></span> 
     </span>
    </p>
   </div>
   <div class='ocr_carea' id='block_1_102' title="bbox 2082 3986 3662 4057">
    <p class='ocr_par' dir='ltr' id='par_1_102' title="bbox 2082 3986 3662 4057">
     <span class='ocr_line' id='line_1_102' title="bbox 2082 3986 3662 4057; baseline 0.003 -18"><span class='ocrx_word' id='word_1_756' title='bbox 2082 4000 2272 4056; x_wconf 89' lang='lat' dir='ltr'><strong>magna</strong></span> <span class='ocrx_word' id='word_1_757' title='bbox 2297 3986 2601 4041; x_wconf 86' lang='lat' dir='ltr'><strong>exclamans</strong></span> <span class='ocrx_word' id='word_1_758' title='bbox 2627 4001 2760 4041; x_wconf 88' lang='lat' dir='ltr'><strong>voce</strong></span> <span class='ocrx_word' id='word_1_759' title='bbox 2778 4002 2898 4042; x_wconf 89' lang='lat' dir='ltr'><strong>cum</strong></span> <span class='ocrx_word' id='word_1_760' title='bbox 2939 3987 2987 4057; x_wconf 91' lang='lat' dir='ltr'><strong>ej</strong></span> <span class='ocrx_word' id='word_1_761' title='bbox 2997 3988 3139 4041; x_wconf 87' lang='lat' dir='ltr'><strong>ulatu</strong></span> <span class='ocrx_word' id='word_1_762' title='bbox 3160 3987 3292 4043; x_wconf 89' lang='lat' dir='ltr'><strong>dixit</strong></span> <span class='ocrx_word' id='word_1_763' title='bbox 3318 4007 3331 4041; x_wconf 90' lang='lat'><strong>:</strong></span> <span class='ocrx_word' id='word_1_764' title='bbox 3364 3987 3480 4046; x_wconf 81' lang='lat' dir='ltr'><strong>Heu</strong></span> <span class='ocrx_word' id='word_1_765' title='bbox 3501 3991 3626 4043; x_wconf 81' lang='lat' dir='ltr'><strong>mihi</strong></span> <span class='ocrx_word' id='word_1_766' title='bbox 3645 4031 3662 4055; x_wconf 91' lang='lat'><strong>,</strong></span> 
     </span>
    </p>
   </div>
   <div class='ocr_carea' id='block_1_103' title="bbox 2081 4076 3664 4150">
    <p class='ocr_par' dir='ltr' id='par_1_103' title="bbox 2081 4076 3664 4150">
     <span class='ocr_line' id='line_1_103' title="bbox 2081 4076 3664 4150; baseline 0.003 -19"><span class='ocrx_word' id='word_1_767' title='bbox 2081 4076 2298 4131; x_wconf 83' lang='lat' dir='ltr'><strong>Domine</strong></span> <span class='ocrx_word' id='word_1_768' title='bbox 2327 4076 2463 4131; x_wconf 89' lang='lat' dir='ltr'><strong>Deus</strong></span> <span class='ocrx_word' id='word_1_769' title='bbox 2491 4092 2510 4133; x_wconf 88' lang='lat'><strong><em>:</em></strong></span> <span class='ocrx_word' id='word_1_770' title='bbox 2535 4079 3011 4132; x_wconf 86' lang='lat' dir='ltr'><strong>consummationem</strong></span> <span class='ocrx_word' id='word_1_771' title='bbox 3052 4089 3107 4132; x_wconf 89' lang='lat' dir='ltr'><strong>tu</strong></span> <span class='ocrx_word' id='word_1_772' title='bbox 3147 4080 3274 4149; x_wconf 84' lang='lat' dir='ltr'><strong>facis</strong></span> <span class='ocrx_word' id='word_1_773' title='bbox 3329 4079 3664 4150; x_wconf 83' lang='lat' dir='ltr'><strong>reliquiarum</strong></span> 
     </span>
    </p>
   </div>
   <div class='ocr_carea' id='block_1_104' title="bbox 2082 4165 3664 4240">
    <p class='ocr_par' dir='ltr' id='par_1_104' title="bbox 2082 4165 3664 4240">
     <span class='ocr_line' id='line_1_104' title="bbox 2082 4165 3664 4240; baseline 0.001 -17"><span class='ocrx_word' id='word_1_774' title='bbox 2082 4167 2249 4223; x_wconf 80' lang='lat' dir='ltr'><strong>Israel</strong></span> <span class='ocrx_word' id='word_1_775' title='bbox 2277 4165 2489 4240; x_wconf 73' lang='lat' dir='ltr'><strong>(Ezech.</strong></span> <span class='ocrx_word' id='word_1_776' title='bbox 2516 4166 2569 4222; x_wconf 87' lang='lat'><strong>9.</strong></span> <span class='ocrx_word' id='word_1_777' title='bbox 2597 4167 2698 4238; x_wconf 88' lang='lat'><strong>8)?</strong></span> <span class='ocrx_word' id='word_1_778' title='bbox 2726 4168 2793 4223; x_wconf 85' lang='lat' dir='ltr'><strong>Et</strong></span> <span class='ocrx_word' id='word_1_779' title='bbox 2823 4169 3085 4226; x_wconf 84' lang='lat' dir='ltr'><strong>Jeremias</strong></span> <span class='ocrx_word' id='word_1_780' title='bbox 3119 4186 3132 4222; x_wconf 88' lang='lat'><strong>:</strong></span> <span class='ocrx_word' id='word_1_781' title='bbox 3164 4169 3373 4240; x_wconf 88' lang='lat' dir='ltr'><strong>Corripe</strong></span> <span class='ocrx_word' id='word_1_782' title='bbox 3395 4186 3486 4224; x_wconf 89' lang='lat' dir='ltr'><strong>nos</strong></span> <span class='ocrx_word' id='word_1_783' title='bbox 3509 4212 3525 4236; x_wconf 93' lang='lat'><strong>,</strong></span> <span class='ocrx_word' id='word_1_784' title='bbox 3557 4170 3664 4225; x_wconf 89' lang='lat' dir='ltr'><strong>Do-</strong></span> 
     </span>
    </p>
   </div>
   <div class='ocr_carea' id='block_1_105' title="bbox 2083 4260 3664 4333">
    <p class='ocr_par' dir='ltr' id='par_1_105' title="bbox 2083 4260 3664 4333">
     <span class='ocr_line' id='line_1_105' title="bbox 2083 4260 3664 4333; baseline 0.004 -19"><span class='ocrx_word' id='word_1_785' title='bbox 2083 4261 2236 4326; x_wconf 88' lang='lat' dir='ltr'><strong>mine,</strong></span> <span class='ocrx_word' id='word_1_786' title='bbox 2267 4271 2602 4316; x_wconf 81' lang='lat' dir='ltr'><strong>uerumtamen</strong></span> <span class='ocrx_word' id='word_1_787' title='bbox 2644 4261 2698 4315; x_wconf 88' lang='lat' dir='ltr'><strong>in</strong></span> <span class='ocrx_word' id='word_1_788' title='bbox 2716 4260 2933 4333; x_wconf 89' lang='lat' dir='ltr'><strong>judicio,</strong></span> <span class='ocrx_word' id='word_1_789' title='bbox 2961 4274 3006 4315; x_wconf 90' lang='lat' dir='ltr'><strong>et</strong></span> <span class='ocrx_word' id='word_1_790' title='bbox 3031 4278 3131 4315; x_wconf 85' lang='lat' dir='ltr'><strong>non</strong></span> <span class='ocrx_word' id='word_1_791' title='bbox 3171 4262 3225 4316; x_wconf 86' lang='lat' dir='ltr'><strong>in</strong></span> <span class='ocrx_word' id='word_1_792' title='bbox 3253 4263 3427 4332; x_wconf 85' lang='lat' dir='ltr'><strong>furore</strong></span> <span class='ocrx_word' id='word_1_793' title='bbox 3454 4274 3574 4326; x_wconf 87' lang='lat' dir='ltr'><strong>tuo,</strong></span> <span class='ocrx_word' id='word_1_794' title='bbox 3602 4280 3664 4320; x_wconf 85' lang='lat' dir='ltr'><strong>ne</strong></span> 
     </span>
    </p>
   </div>
   <div class='ocr_carea' id='block_1_106' title="bbox 2084 4350 3662 4425">
    <p class='ocr_par' dir='ltr' id='par_1_106' title="bbox 2084 4350 3662 4425">
     <span class='ocr_line' id='line_1_106' title="bbox 2084 4350 3662 4425; baseline 0.003 -19"><span class='ocrx_word' id='word_1_795' title='bbox 2084 4368 2175 4406; x_wconf 86' lang='lat' dir='ltr'><strong>nos</strong></span> <span class='ocrx_word' id='word_1_796' title='bbox 2205 4352 2530 4424; x_wconf 86' lang='lat' dir='ltr'><strong>paucissimos</strong></span> <span class='ocrx_word' id='word_1_797' title='bbox 2555 4351 2714 4420; x_wconf 80' lang='lat' dir='ltr'><strong>facias</strong></span> <span class='ocrx_word' id='word_1_798' title='bbox 2743 4351 2761 4419; x_wconf 97' lang='lat'><strong>(</strong></span> <span class='ocrx_word' id='word_1_799' title='bbox 2777 4350 2889 4405; x_wconf 80' lang='lat' dir='ltr'><strong>Jer.</strong></span> <span class='ocrx_word' id='word_1_800' title='bbox 2918 4353 3004 4407; x_wconf 84' lang='lat' dir='ltr'><strong>iO.</strong></span> <span class='ocrx_word' id='word_1_801' title='bbox 3024 4352 3095 4407; x_wconf 73' lang='grc'><strong>24</strong></span> <span class='ocrx_word' id='word_1_802' title='bbox 3119 4353 3158 4423; x_wconf 90' lang='grc'>).</span> <span class='ocrx_word' id='word_1_803' title='bbox 3196 4353 3336 4424; x_wconf 84' lang='lat' dir='ltr'><strong>Ergo</strong></span> <span class='ocrx_word' id='word_1_804' title='bbox 3354 4354 3398 4408; x_wconf 92' lang='lat' dir='ltr'><strong>si</strong></span> <span class='ocrx_word' id='word_1_805' title='bbox 3417 4354 3623 4425; x_wconf 79' lang='lat' dir='ltr'><strong>Moyses</strong></span> <span class='ocrx_word' id='word_1_806' title='bbox 3646 4397 3662 4421; x_wconf 91' lang='lat'><strong>,</strong></span> 
     </span>
    </p>
   </div>
   <div class='ocr_carea' id='block_1_107' title="bbox 2086 4443 3662 4513">
    <p class='ocr_par' dir='ltr' id='par_1_107' title="bbox 2086 4443 3662 4513">
     <span class='ocr_line' id='line_1_107' title="bbox 2086 4443 3662 4513; baseline 0.001 -14"><span class='ocrx_word' id='word_1_807' title='bbox 2086 4443 2353 4510; x_wconf 85' lang='lat' dir='ltr'><strong>Ezechiel,</strong></span> <span class='ocrx_word' id='word_1_808' title='bbox 2381 4453 2539 4513; x_wconf 91' lang='lat' dir='ltr'><strong>atque</strong></span> <span class='ocrx_word' id='word_1_809' title='bbox 2557 4443 2815 4499; x_wconf 84' lang='lat' dir='ltr'><strong>Jeremias</strong></span> <span class='ocrx_word' id='word_1_810' title='bbox 2844 4458 3006 4511; x_wconf 89' lang='lat' dir='ltr'><strong>super</strong></span> <span class='ocrx_word' id='word_1_811' title='bbox 3045 4444 3159 4498; x_wconf 90' lang='lat' dir='ltr'><strong>istis</strong></span> <span class='ocrx_word' id='word_1_812' title='bbox 3190 4446 3380 4501; x_wconf 90' lang='lat' dir='ltr'><strong>tristati</strong></span> <span class='ocrx_word' id='word_1_813' title='bbox 3420 4445 3526 4499; x_wconf 91' lang='lat' dir='ltr'><strong>sint</strong></span> <span class='ocrx_word' id='word_1_814' title='bbox 3554 4462 3568 4499; x_wconf 89' lang='lat'><strong>:</strong></span> <span class='ocrx_word' id='word_1_815' title='bbox 3597 4460 3662 4500; x_wconf 81' lang='lat' dir='ltr'><strong>an</strong></span> 
     </span>
    </p>
   </div>
   <div class='ocr_carea' id='block_1_108' title="bbox 2086 4535 3665 4607">
    <p class='ocr_par' dir='ltr' id='par_1_108' title="bbox 2086 4535 3665 4607">
     <span class='ocr_line' id='line_1_108' title="bbox 2086 4535 3665 4607; baseline 0.002 -17"><span class='ocrx_word' id='word_1_816' title='bbox 2086 4546 2377 4607; x_wconf 84' lang='lat' dir='ltr'><strong>potestates</strong></span> <span class='ocrx_word' id='word_1_817' title='bbox 2407 4536 2512 4590; x_wconf 70' lang='lat' dir='ltr'><strong>illae</strong></span> <span class='ocrx_word' id='word_1_818' title='bbox 2550 4535 2678 4589; x_wconf 93' lang='lat' dir='ltr'><strong>nihil</strong></span> <span class='ocrx_word' id='word_1_819' title='bbox 2722 4536 2918 4590; x_wconf 90' lang='lat' dir='ltr'><strong>nostris</strong></span> <span class='ocrx_word' id='word_1_820' title='bbox 2969 4538 3319 4591; x_wconf 82' lang='lat' dir='ltr'><strong>movebantur</strong></span> <span class='ocrx_word' id='word_1_821' title='bbox 3369 4537 3570 4592; x_wconf 88' lang='lat' dir='ltr'><strong>malis?</strong></span> <span class='ocrx_word' id='word_1_822' title='bbox 3598 4540 3665 4593; x_wconf 78' lang='lat' dir='ltr'><strong>At</strong></span> 
     </span>
    </p>
   </div>
   <div class='ocr_carea' id='block_1_109' title="bbox 2086 4626 3663 4700">
    <p class='ocr_par' dir='ltr' id='par_1_109' title="bbox 2086 4626 3663 4700">
     <span class='ocr_line' id='line_1_109' title="bbox 2086 4626 3663 4700; baseline 0.003 -21"><span class='ocrx_word' id='word_1_823' title='bbox 2086 4644 2189 4700; x_wconf 88' lang='lat' dir='ltr'><strong>qna</strong></span> <span class='ocrx_word' id='word_1_824' title='bbox 2212 4631 2414 4685; x_wconf 86' lang='lat' dir='ltr'><strong>ratione</strong></span> <span class='ocrx_word' id='word_1_825' title='bbox 2435 4629 2485 4683; x_wconf 92' lang='lat' dir='ltr'><strong>id</strong></span> <span class='ocrx_word' id='word_1_826' title='bbox 2514 4636 2655 4684; x_wconf 83' lang='lat' dir='ltr'><strong>esset</strong></span> <span class='ocrx_word' id='word_1_827' title='bbox 2677 4627 2779 4682; x_wconf 90' lang='lat' dir='ltr'><strong>ulla</strong></span> <span class='ocrx_word' id='word_1_828' title='bbox 2794 4641 2860 4682; x_wconf 90' lang='lat' dir='ltr'><strong>ex</strong></span> <span class='ocrx_word' id='word_1_829' title='bbox 2881 4634 3029 4697; x_wconf 91' lang='lat' dir='ltr'><strong>parte</strong></span> <span class='ocrx_word' id='word_1_830' title='bbox 3047 4626 3339 4683; x_wconf 84' lang='lat' dir='ltr'><strong>credibile?</strong></span> <span class='ocrx_word' id='word_1_831' title='bbox 3356 4627 3508 4694; x_wconf 88' lang='lat' dir='ltr'><strong>Quod</strong></span> <span class='ocrx_word' id='word_1_832' title='bbox 3524 4628 3663 4683; x_wconf 88' lang='lat' dir='ltr'><strong>enim</strong></span> 
     </span>
    </p>
   </div>
   <div class='ocr_carea' id='block_1_110' title="bbox 2087 4717 3663 4790">
    <p class='ocr_par' dir='ltr' id='par_1_110' title="bbox 2087 4717 3663 4790">
     <span class='ocr_line' id='line_1_110' title="bbox 2087 4717 3663 4790; baseline -0.001 -15"><span class='ocrx_word' id='word_1_833' title='bbox 2087 4736 2174 4775; x_wconf 85' lang='lat' dir='ltr'><strong>res</strong></span> <span class='ocrx_word' id='word_1_834' title='bbox 2202 4729 2410 4776; x_wconf 88' lang='lat' dir='ltr'><strong>nostras</strong></span> <span class='ocrx_word' id='word_1_835' title='bbox 2438 4736 2532 4790; x_wconf 91' lang='lat' dir='ltr'><strong>pro</strong></span> <span class='ocrx_word' id='word_1_836' title='bbox 2552 4720 2663 4774; x_wconf 92' lang='lat' dir='ltr'><strong>suis</strong></span> <span class='ocrx_word' id='word_1_837' title='bbox 2689 4719 2915 4783; x_wconf 90' lang='lat' dir='ltr'><strong>ducant,</strong></span> <span class='ocrx_word' id='word_1_838' title='bbox 2946 4717 3092 4773; x_wconf 86' lang='lat' dir='ltr'><strong>disce</strong></span> <span class='ocrx_word' id='word_1_839' title='bbox 3117 4728 3370 4787; x_wconf 89' lang='lat' dir='ltr'><strong>quantum</strong></span> <span class='ocrx_word' id='word_1_840' title='bbox 3414 4720 3663 4789; x_wconf 80' lang='lat' dir='ltr'><strong>gaudium</strong></span> 
     </span>
    </p>
   </div>
   <div class='ocr_carea' id='block_1_111' title="bbox 2088 4813 3667 4884">
    <p class='ocr_par' dir='ltr' id='par_1_111' title="bbox 2088 4813 3667 4884">
     <span class='ocr_line' id='line_1_111' title="bbox 2088 4813 3667 4884; baseline -0.001 -15"><span class='ocrx_word' id='word_1_841' title='bbox 2088 4815 2450 4884; x_wconf 86' lang='lat' dir='ltr'><strong>conceperint,</strong></span> <span class='ocrx_word' id='word_1_842' title='bbox 2477 4813 2718 4868; x_wconf 87' lang='lat' dir='ltr'><strong>videntes</strong></span> <span class='ocrx_word' id='word_1_843' title='bbox 2757 4813 2912 4867; x_wconf 90' lang='lat' dir='ltr'><strong>nobis</strong></span> <span class='ocrx_word' id='word_1_844' title='bbox 2945 4813 3286 4867; x_wconf 88' lang='lat' dir='ltr'><strong>conciliatum</strong></span> <span class='ocrx_word' id='word_1_845' title='bbox 3338 4829 3457 4869; x_wconf 83' lang='lat' dir='ltr'><strong>esse</strong></span> <span class='ocrx_word' id='word_1_846' title='bbox 3488 4814 3667 4867; x_wconf 90' lang='lat' dir='ltr'><strong>Domi-</strong></span> 
     </span>
    </p>
   </div>
   <div class='ocr_carea' id='block_1_112' title="bbox 2089 4904 3667 4968">
    <p class='ocr_par' dir='ltr' id='par_1_112' title="bbox 2089 4904 3667 4968">
     <span class='ocr_line' id='line_1_112' title="bbox 2089 4904 3667 4968; baseline 0 -9"><span class='ocrx_word' id='word_1_847' title='bbox 2089 4920 2237 4959; x_wconf 89' lang='lat' dir='ltr'><strong>num.</strong></span> <span class='ocrx_word' id='word_1_848' title='bbox 2270 4904 2322 4960; x_wconf 90' lang='lat' dir='ltr'><strong>Si</strong></span> <span class='ocrx_word' id='word_1_849' title='bbox 2348 4905 2489 4960; x_wconf 90' lang='lat' dir='ltr'><strong>enim</strong></span> <span class='ocrx_word' id='word_1_850' title='bbox 2508 4914 2664 4959; x_wconf 87' lang='lat' dir='ltr'><strong>antea</strong></span> <span class='ocrx_word' id='word_1_851' title='bbox 2692 4920 2799 4958; x_wconf 93' lang='lat' dir='ltr'><strong>non</strong></span> <span class='ocrx_word' id='word_1_852' title='bbox 2828 4904 3142 4968; x_wconf 86' lang='lat' dir='ltr'><strong>doluissent,</strong></span> <span class='ocrx_word' id='word_1_853' title='bbox 3177 4919 3282 4959; x_wconf 91' lang='lat' dir='ltr'><strong>non</strong></span> <span class='ocrx_word' id='word_1_854' title='bbox 3309 4920 3437 4959; x_wconf 88' lang='lat' dir='ltr'><strong>sane</strong></span> <span class='ocrx_word' id='word_1_855' title='bbox 3476 4920 3538 4960; x_wconf 92' lang='lat' dir='ltr'><strong>ea</strong></span> <span class='ocrx_word' id='word_1_856' title='bbox 3579 4920 3667 4959; x_wconf 86' lang='lat' dir='ltr'><strong>es-</strong></span> 
     </span>
    </p>
   </div>
   <div class='ocr_carea' id='block_1_113' title="bbox 2089 4996 3666 5079">
    <p class='ocr_par' dir='ltr' id='par_1_113' title="bbox 2089 4996 3666 5079">
     <span class='ocr_line' id='line_1_113' title="bbox 2089 4996 3666 5079; baseline 0 -28"><span class='ocrx_word' id='word_1_857' title='bbox 2089 5008 2209 5051; x_wconf 85' lang='lat' dir='ltr'><strong>sent</strong></span> <span class='ocrx_word' id='word_1_858' title='bbox 2238 5007 2416 5067; x_wconf 83' lang='lat' dir='ltr'><strong>postea</strong></span> <span class='ocrx_word' id='word_1_859' title='bbox 2462 4996 2658 5079; x_wconf 55' lang='lat' dir='ltr'><strong>laetitia:</strong></span> <span class='ocrx_word' id='word_1_860' title='bbox 2702 4999 2969 5067; x_wconf 91' lang='lat' dir='ltr'><strong>voluptate</strong></span> <span class='ocrx_word' id='word_1_861' title='bbox 3017 4997 3266 5067; x_wconf 79' lang='lat' dir='ltr'><strong>perfusae.</strong></span> <span class='ocrx_word' id='word_1_862' title='bbox 3299 4997 3447 5064; x_wconf 88' lang='lat' dir='ltr'><strong>Quod</strong></span> <span class='ocrx_word' id='word_1_863' title='bbox 3491 5007 3666 5052; x_wconf 83' lang='lat' dir='ltr'><strong>autem</strong></span> 
     </span>
    </p>
   </div>
   <div class='ocr_carea' id='block_1_114' title="bbox 2088 5088 3666 5158">
    <p class='ocr_par' dir='ltr' id='par_1_114' title="bbox 2088 5088 3666 5158">
     <span class='ocr_line' id='line_1_114' title="bbox 2088 5088 3666 5158; baseline 0.003 -19"><span class='ocrx_word' id='word_1_864' title='bbox 2088 5089 2282 5158; x_wconf 62' lang='lat' dir='ltr'><strong>gavisae</strong></span> <span class='ocrx_word' id='word_1_865' title='bbox 2324 5088 2450 5153; x_wconf 88' lang='lat' dir='ltr'><strong>sint,</strong></span> <span class='ocrx_word' id='word_1_866' title='bbox 2476 5097 2619 5156; x_wconf 89' lang='lat' dir='ltr'><strong>patet</strong></span> <span class='ocrx_word' id='word_1_867' title='bbox 2659 5104 2726 5143; x_wconf 85' lang='lat' dir='ltr'><strong>ex</strong></span> <span class='ocrx_word' id='word_1_868' title='bbox 2754 5089 2818 5142; x_wconf 90' lang='lat' dir='ltr'><strong>iis</strong></span> <span class='ocrx_word' id='word_1_869' title='bbox 2846 5103 2962 5157; x_wconf 77' lang='lat' dir='ltr'><strong>quae</strong></span> <span class='ocrx_word' id='word_1_870' title='bbox 3006 5098 3060 5143; x_wconf 90' lang='lat' dir='ltr'><strong>et</strong></span> <span class='ocrx_word' id='word_1_871' title='bbox 3085 5088 3327 5143; x_wconf 89' lang='lat' dir='ltr'><strong>Christus</strong></span> <span class='ocrx_word' id='word_1_872' title='bbox 3353 5090 3467 5158; x_wconf 89' lang='lat' dir='ltr'><strong>ipse</strong></span> <span class='ocrx_word' id='word_1_873' title='bbox 3497 5088 3666 5153; x_wconf 70' lang='lat' dir='ltr'><strong>dixiti</strong></span> 
     </span>
    </p>
   </div>
   <div class='ocr_carea' id='block_1_115' title="bbox 2094 5179 3670 5249">
    <p class='ocr_par' dir='ltr' id='par_1_115' title="bbox 2094 5179 3670 5249">
     <span class='ocr_line' id='line_1_115' title="bbox 2094 5179 3670 5249; baseline 0.001 -17"><span class='ocrx_word' id='word_1_874' title='bbox 2094 5180 2343 5245; x_wconf 87' lang='lat' dir='ltr'><strong>Quoniam</strong></span> <span class='ocrx_word' id='word_1_875' title='bbox 2362 5179 2607 5249; x_wconf 84' lang='lat' dir='ltr'><strong>gaudium</strong></span> <span class='ocrx_word' id='word_1_876' title='bbox 2648 5180 2741 5232; x_wconf 83' lang='lat' dir='ltr'><strong>erit</strong></span> <span class='ocrx_word' id='word_1_877' title='bbox 2777 5180 2830 5232; x_wconf 89' lang='lat' dir='ltr'><strong>in</strong></span> <span class='ocrx_word' id='word_1_878' title='bbox 2856 5179 2979 5233; x_wconf 72' lang='lat' dir='ltr'><strong>cado</strong></span> <span class='ocrx_word' id='word_1_879' title='bbox 2999 5221 3013 5244; x_wconf 96' lang='lat'><strong>,</strong></span> <span class='ocrx_word' id='word_1_880' title='bbox 3042 5189 3095 5233; x_wconf 92' lang='lat' dir='ltr'><strong>et</strong></span> <span class='ocrx_word' id='word_1_881' title='bbox 3138 5179 3191 5232; x_wconf 92' lang='lat' dir='ltr'><strong>in</strong></span> <span class='ocrx_word' id='word_1_882' title='bbox 3225 5192 3364 5234; x_wconf 90' lang='lat' dir='ltr'><strong>terra</strong></span> <span class='ocrx_word' id='word_1_883' title='bbox 3390 5195 3543 5248; x_wconf 82' lang='lat' dir='ltr'><strong>super</strong></span> <span class='ocrx_word' id='word_1_884' title='bbox 3571 5196 3670 5234; x_wconf 89' lang='lat' dir='ltr'><strong>uno</strong></span> 
     </span>
    </p>
   </div>
   <div class='ocr_carea' id='block_1_116' title="bbox 2091 5268 3670 5340">
    <p class='ocr_par' dir='ltr' id='par_1_116' title="bbox 2091 5268 3670 5340">
     <span class='ocr_line' id='line_1_116' title="bbox 2091 5268 3670 5340; baseline 0.001 -16"><span class='ocrx_word' id='word_1_885' title='bbox 2091 5280 2351 5338; x_wconf 84' lang='lat' dir='ltr'><strong>peccatore</strong></span> <span class='ocrx_word' id='word_1_886' title='bbox 2404 5269 2745 5338; x_wconf 67' lang='lat' dir='ltr'><strong>paenitentiam</strong></span> <span class='ocrx_word' id='word_1_887' title='bbox 2784 5279 2959 5339; x_wconf 88' lang='lat' dir='ltr'><strong>agente</strong></span> <span class='ocrx_word' id='word_1_888' title='bbox 2985 5268 3132 5340; x_wconf 89' lang='lat' dir='ltr'><strong>(Luc.</strong></span> <span class='ocrx_word' id='word_1_889' title='bbox 3172 5269 3254 5324; x_wconf 82' lang='grc'><strong>15.</strong></span> <span class='ocrx_word' id='word_1_890' title='bbox 3284 5270 3360 5339; x_wconf 87' lang='lat'><strong>7).</strong></span> <span class='ocrx_word' id='word_1_891' title='bbox 3408 5269 3579 5325; x_wconf 87' lang='lat' dir='ltr'><strong>Porro</strong></span> <span class='ocrx_word' id='word_1_892' title='bbox 3625 5270 3670 5326; x_wconf 83' lang='lat' dir='ltr'><strong>si</strong></span> 
     </span>
    </p>
   </div>
   <div class='ocr_carea' id='block_1_117' title="bbox 2091 5361 3670 5433">
    <p class='ocr_par' dir='ltr' id='par_1_117' title="bbox 2091 5361 3670 5433">
     <span class='ocr_line' id='line_1_117' title="bbox 2091 5361 3670 5433; baseline 0.003 -19"><span class='ocrx_word' id='word_1_893' title='bbox 2091 5376 2250 5415; x_wconf 90' lang='lat' dir='ltr'><strong>unum</strong></span> <span class='ocrx_word' id='word_1_894' title='bbox 2293 5370 2629 5431; x_wconf 87' lang='lat' dir='ltr'><strong>peccatorum</strong></span> <span class='ocrx_word' id='word_1_895' title='bbox 2677 5370 3073 5415; x_wconf 90' lang='lat' dir='ltr'><strong>convertentem</strong></span> <span class='ocrx_word' id='word_1_896' title='bbox 3121 5375 3179 5415; x_wconf 90' lang='lat' dir='ltr'><strong>se</strong></span> <span class='ocrx_word' id='word_1_897' title='bbox 3209 5361 3450 5417; x_wconf 89' lang='lat' dir='ltr'><strong>videntes</strong></span> <span class='ocrx_word' id='word_1_898' title='bbox 3499 5363 3670 5433; x_wconf 85' lang='lat' dir='ltr'><strong>angeli</strong></span> 
     </span>
    </p>
   </div>
   <div class='ocr_carea' id='block_1_118' title="bbox 2088 5450 3670 5522">
    <p class='ocr_par' dir='ltr' id='par_1_118' title="bbox 2088 5450 3670 5522">
     <span class='ocr_line' id='line_1_118' title="bbox 2088 5450 3670 5522; baseline 0.001 -18"><span class='ocrx_word' id='word_1_899' title='bbox 2088 5451 2321 5521; x_wconf 88' lang='lat' dir='ltr'><strong>gaudent</strong></span> <span class='ocrx_word' id='word_1_900' title='bbox 2350 5469 2363 5504; x_wconf 93' lang='lat'><strong>:</strong></span> <span class='ocrx_word' id='word_1_901' title='bbox 2389 5450 2656 5522; x_wconf 90' lang='lat' dir='ltr'><strong>quomodo</strong></span> <span class='ocrx_word' id='word_1_902' title='bbox 2715 5450 2873 5507; x_wconf 90' lang='lat' dir='ltr'><strong>hodie</strong></span> <span class='ocrx_word' id='word_1_903' title='bbox 2916 5466 3011 5520; x_wconf 90' lang='lat' dir='ltr'><strong>per</strong></span> <span class='ocrx_word' id='word_1_904' title='bbox 3061 5452 3321 5520; x_wconf 87' lang='lat' dir='ltr'><strong>primitias</strong></span> <span class='ocrx_word' id='word_1_905' title='bbox 3365 5454 3670 5508; x_wconf 84' lang='lat' dir='ltr'><strong>universam</strong></span> 
     </span>
    </p>
   </div>
   <div class='ocr_carea' id='block_1_119' title="bbox 2089 5540 3670 5614">
    <p class='ocr_par' dir='ltr' id='par_1_119' title="bbox 2089 5540 3670 5614">
     <span class='ocr_line' id='line_1_119' title="bbox 2089 5540 3670 5614; baseline 0 -16"><span class='ocrx_word' id='word_1_906' title='bbox 2089 5556 2333 5598; x_wconf 87' lang='lat' dir='ltr'><strong>naturam</strong></span> <span class='ocrx_word' id='word_1_907' title='bbox 2361 5540 2645 5598; x_wconf 89' lang='lat' dir='ltr'><strong>humanam</strong></span> <span class='ocrx_word' id='word_1_908' title='bbox 2689 5544 3005 5614; x_wconf 89' lang='lat' dir='ltr'><strong>aspicientes</strong></span> <span class='ocrx_word' id='word_1_909' title='bbox 3032 5543 3084 5597; x_wconf 89' lang='lat' dir='ltr'><strong>in</strong></span> <span class='ocrx_word' id='word_1_910' title='bbox 3106 5544 3293 5599; x_wconf 84' lang='lat' dir='ltr'><strong>caelum</strong></span> <span class='ocrx_word' id='word_1_911' title='bbox 3324 5545 3670 5611; x_wconf 85' lang='lat' dir='ltr'><strong>illatam,non</strong></span> 
     </span>
    </p>
   </div>
   <div class='ocr_carea' id='block_1_120' title="bbox 2090 5633 3723 5705">
    <p class='ocr_par' dir='ltr' id='par_1_120' title="bbox 2090 5633 3723 5705">
     <span class='ocr_line' id='line_1_120' title="bbox 2090 5633 3723 5705; baseline 0 -15"><span class='ocrx_word' id='word_1_912' title='bbox 2090 5636 2321 5691; x_wconf 87' lang='lat' dir='ltr'><strong>maximo</strong></span> <span class='ocrx_word' id='word_1_913' title='bbox 2356 5635 2548 5705; x_wconf 89' lang='lat' dir='ltr'><strong>gaudio</strong></span> <span class='ocrx_word' id='word_1_914' title='bbox 2586 5635 2694 5690; x_wconf 81' lang='lat' dir='ltr'><strong>sint</strong></span> <span class='ocrx_word' id='word_1_915' title='bbox 2742 5633 3110 5691; x_wconf 78' lang='lat' dir='ltr'><strong>alfecti?Audi</strong></span> <span class='ocrx_word' id='word_1_916' title='bbox 3160 5634 3318 5705; x_wconf 87' lang='lat' dir='ltr'><strong>igitur</strong></span> <span class='ocrx_word' id='word_1_917' title='bbox 3359 5644 3413 5688; x_wconf 87' lang='lat' dir='ltr'><strong>et</strong></span> <span class='ocrx_word' id='word_1_918' title='bbox 3455 5634 3672 5690; x_wconf 88' lang='lat' dir='ltr'><strong>aliunde</strong></span> <span class='ocrx_word' id='word_1_919' title='bbox 3716 5662 3723 5671; x_wconf 87' lang='grc'><strong>·</strong></span> 
     </span>
    </p>
   </div>
   <div class='ocr_carea' id='block_1_121' title="bbox 2157 5757 3671 5830">
    <p class='ocr_par' dir='ltr' id='par_1_121' title="bbox 2157 5757 3671 5830">
     <span class='ocr_line' id='line_1_121' title="bbox 2157 5757 3671 5830; baseline 0.002 -14"><span class='ocrx_word' id='word_1_920' title='bbox 2157 5766 2231 5829; x_wconf 88' lang='lat' dir='ltr'><strong>(a)</strong></span> <span class='ocrx_word' id='word_1_921' title='bbox 2265 5773 2396 5830; x_wconf 69' lang='lat' dir='ltr'><strong>[tunc</strong></span> <span class='ocrx_word' id='word_1_922' title='bbox 2419 5767 2563 5815; x_wconf 88' lang='lat' dir='ltr'><strong>etiam</strong></span> <span class='ocrx_word' id='word_1_923' title='bbox 2580 5764 2764 5830; x_wconf 73' lang='lat' dir='ltr'><strong>locum,</strong></span> <span class='ocrx_word' id='word_1_924' title='bbox 2787 5778 2879 5826; x_wconf 89' lang='lat' dir='ltr'><strong>quo</strong></span> <span class='ocrx_word' id='word_1_925' title='bbox 2898 5770 3038 5830; x_wconf 85' lang='lat' dir='ltr'><strong>pacto</strong></span> <span class='ocrx_word' id='word_1_926' title='bbox 3052 5757 3231 5826; x_wconf 74' lang='lat' dir='ltr'><strong>dicain,</strong></span> <span class='ocrx_word' id='word_1_927' title='bbox 3270 5773 3386 5826; x_wconf 90' lang='lat' dir='ltr'><strong>etc.,</strong></span> <span class='ocrx_word' id='word_1_928' title='bbox 3411 5764 3548 5817; x_wconf 65' lang='lat' dir='ltr'><strong>affert</strong></span> <span class='ocrx_word' id='word_1_929' title='bbox 3578 5772 3671 5819; x_wconf 86' lang='lat' dir='ltr'><strong>Leo</strong></span> 
     </span>
    </p>
   </div>
   <div class='ocr_carea' id='block_1_122' title="bbox 2087 5826 2789 5893">
    <p class='ocr_par' dir='ltr' id='par_1_122' title="bbox 2087 5826 2789 5893">
     <span class='ocr_line' id='line_1_122' title="bbox 2087 5826 2789 5893; baseline -0.006 -12"><span class='ocrx_word' id='word_1_930' title='bbox 2087 5826 2289 5893; x_wconf 68' lang='lat' dir='ltr'><strong>rapa&#39;ad</strong></span> <span class='ocrx_word' id='word_1_931' title='bbox 2307 5827 2488 5881; x_wconf 61' lang='lat' dir='ltr'><strong>uicem</strong></span> <span class='ocrx_word' id='word_1_932' title='bbox 2511 5829 2654 5892; x_wconf 81' lang='lat' dir='ltr'><strong>Epist.</strong></span> <span class='ocrx_word' id='word_1_933' title='bbox 2682 5826 2789 5877; x_wconf 70' lang='grc'><strong>154.</strong></span> 
     </span>
    </p>
   </div>
  </div>
