3908 6300
509 374 615 431 M9

509 498 648 568 λαγῇ
665 495 784 548 ’ὅτε
813 492 922 563 7&9
950 488 1142 560 ἐτέχθη
1171 485 1419 558 ὁΚύριος
1443 483 1600 555 ήμῶν
1618 481 1681 536 τὸ
1706 479 1847 535 κατά
1879 475 2080 548 σάρκα,

513 591 712 653 ἰδόντες
731 590 812 643 ὅτι
835 583 1147 655 κατηλλάγη
1171 578 1356 634 λοιπὸν
1387 579 1500 641 τοῖς
1531 573 1859 647 ἀνθρώποις·
1889 572 1949 624 οὐ
1975 570 2085 640 7&9

509 681 597 742 ἂν,
628 683 675 734 εἰ
705 680 777 751 μὴ
828 675 1166 748 κατηλλάγη,
1197 670 1446 725 τοσοῦτον
1492 666 1696 736 κατέϐη
1717 682 1731 696 ·
1762 663 1960 727 ἰδόντες
1991 658 2086 717 οὖν

509 772 688 836 τοῦτο,
721 769 879 840 χορὸν
912 767 1241 838 στησάμενοι
1272 764 1364 817 ἐπὶ
1393 762 1494 833 τῆς
1518 763 1619 832 γῆς
1648 759 1815 814 ἐϐόων
1845 759 1940 814 καὶ
1971 755 2086 810 ἕλε-

511 881 606 933 γον
634 880 649 894 ·
685 863 842 926 Δόξα
866 861 936 915 ἐν
959 860 1246 929 ὑψίστοις
1277 854 1419 922 Θεῷ,
1458 854 1558 909 καί
1584 851 1684 907 ἐπὶ
1711 850 1826 922 γῆς
1853 851 2082 918 εἰρήνη,

509 958 580 1012 ὲν
605 955 941 1024 ἀνθρώποις
959 952 1222 1008 εὐδοκία.
1249 950 1357 1003 Καὶ
1379 949 1467 1002 ῖνα
1495 947 1691 1018 μάθῃς,
1719 947 1801 999 ὃτι
1825 943 1912 997 διὰ
1931 943 2086 997 τοῦτο

508 1045 791 1112 δοξάζουσι
821 1043 911 1097 τὸν
929 1042 1080 1104 Θεὸν,
1112 1039 1299 1110 ἐπειδὴ
1325 1037 1598 1091 ἀπέλαϐεν
1627 1039 1660 1107 ή
1677 1035 1750 1106 γῆ
1777 1034 1847 1088 τὰ
1879 1033 2082 1102 άγαθά,

507 1138 788 1207 ἐπήγαγον
819 1135 913 1189 καὶ
936 1135 1034 1204 τὴν
1065 1133 1263 1195 αἰτίαν,
1310 1129 1440 1184 Ἐπί
1487 1127 1602 1198 γῆς
1644 1125 1852 1196 είρήνη
1911 1124 2082 1198 [454],

506 1228 779 1296 λέγοντες,
805 1225 874 1280 ἐν
897 1222 1229 1293 ἀνθρώποις
1257 1222 1521 1278 εὐδοκία.
1552 1222 1664 1282 τοῖς
1697 1217 2086 1288 ἐκπεπολεμω-

509 1321 712 1394 μένοις,
741 1324 853 1385 τοῖς
874 1319 1204 1390 ἀγνώμοσιν.
1232 1312 1382 1378 Εἶδες
1411 1314 1526 1378 πῶς
1546 1313 1828 1378 δοξάζουσι
1844 1313 1932 1366 τὸν
1953 1311 2086 1366 Θεὸν

505 1414 600 1467 ἀπὶ
642 1415 754 1476 τοῖς
809 1411 1110 1483 ἀλλοτρίοις
1158 1409 1383 1479 ἀγαθοῖς
1402 1448 1417 1472 ,
1475 1407 1673 1479 μᾶλλον
1719 1407 1777 1460 δέ
1829 1405 1923 1459 ἐπὶ
1973 1408 2084 1470 τοῖς

511 1504 696 1567 ἰδίοις’
733 1504 801 1556 τά
829 1503 939 1574 7&9
983 1501 1227 1572 ἡμέτερα
1261 1497 1462 1568 ἀγαθὰ,
1516 1497 1724 1552 ἑαυτῶν
1769 1497 2081 1568 νομίζουσιν

503 1589 677 1649 εἰναι·
719 1594 898 1665 βούλει
933 1591 1146 1664 μαθεῖν,
1178 1592 1260 1644 ὅτι
1288 1591 1382 1644 καὶ
1436 1589 1722 1661 μέλλοντες
1761 1591 1894 1661 ὁρᾷν
1921 1589 2082 1642 αὐτὸν

505 1686 902 1750 ἀναϐαίνοντα,
944 1685 1162 1756 ἔχαιρον
1207 1683 1301 1737 καὶ
1343 1682 1645 1754 ἐσκίρτων;
1677 1682 1944 1736 ΙἈκουσον
1989 1681 2081 1734 τοῦ

507 1776 744 1850 Χριστοῦ
773 1777 1043 1845 λέγοντος,
1074 1776 1155 1828 ὅτι
1177 1773 1456 1828 ἀνέϐαινον
1485 1772 1580 1827 καὶ
1614 1771 1932 1826 κατέϐαινον
1959 1788 2083 1823 συν-

507 1871 670 1942 εχῶς.
700 1869 871 1923 Τοῦτο
899 1869 956 1923 δὲ
985 1866 1391 1939 ἐπιθυμούντων
1423 1865 1572 1919 ἐστιν
1605 1864 1731 1918 ἰδεῖν
1762 1863 1823 1917 τὸ
1845 1863 2082 1934 παράδο-

509 1962 598 2028 ξον
647 1961 844 2032 θέαμα.
897 1961 1009 2015 Καὶ
1059 1958 1224 2012 πόθεν
1266 1957 1446 2028 δῆλον,
1501 1957 1585 2010 ὅτι
1627 1955 1932 2015 ἀνέϐαινον,
1987 1954 2082 2009 καὶ

509 2053 877 2118 κατέϐαινον;
948 2051 1122 2106 Αὐτοῦ
1183 2050 1416 2105 ἄκουσον
1474 2048 1724 2118 λέγοντος
1758 2063 1773 2078 ο
1841 2047 2081 2115 Ἀπάρτι

506 2145 735 2215 ὄψεσθε
766 2144 908 2210 τοὺς
961 2141 1257 2212 οὐρανοὺς
1305 2140 1741 2212 ἀνεῳγμένους,
1787 2139 1887 2194 καὶ
1940 2140 2082 2206 τοὺς

505 2237 797 2307 ἀγγέλους
823 2234 926 2290 τοῦ
949 2234 1095 2291 Θεοῦ
1115 2234 1548 2300 ἀναϐαίνοντας
1569 2234 1667 2288 καί
1698 2234 2082 2287 καταϐαίνον-

503 2347 614 2395 τας
637 2329 733 2381 ἐπὶ
757 2327 864 2381 τὸν
906 2325 1045 2379 Υίὸν
1065 2325 1171 2379 τοῦ
1198 2325 1512 2393 ἀνθρώπου
1531 2343 1544 2355 ·
1573 2324 1813 2378 τοιοῦτον
1839 2325 1947 2394 7&9
1972 2324 2082 2377 τῶν

503 2417 757 2490 ἐρώντων
787 2419 847 2472 τὸ
867 2417 987 2482 ἔθος
1006 2436 1019 2448 ·
1059 2418 1180 2472 οὐδὲ
1202 2417 1292 2469 τὸν
1312 2418 1502 2488 καιρὸν
1541 2417 1922 2487 ἀναμένουσιν,
1946 2415 2083 2470 ἀλλά

508 2510 953 2583 προλαμϐάνουσι
976 2509 1077 2581 τὴν
1111 2509 1448 2580 προθεσμίαν
1478 2511 1543 2581 τῇ
1584 2508 1762 2580 ήδονῇ.
1791 2509 1891 2562 Διά
1923 2507 2081 2562 τοῦτο

506 2602 943 2668 καταϐαίνουσιν,
995 2601 1336 2673 ἐπειγόμενοι
1396 2601 1455 2655 τὺ
1513 2601 1698 2655 καινὸν
1753 2601 1844 2654 καὶ
1905 2601 2083 2674 παρά-

506 2695 656 2760 δοξον
711 2697 885 2750 ἐκεῖνο
941 2695 1067 2750 ἰδεῖν
1123 2696 1300 2766 θέαμα
1321 2737 1336 2762 ,
1396 2696 1678 2768 ἄνθρωπον
1738 2697 1795 2750 ἐν
1867 2695 2083 2769 οὐρανῷ

503 2788 744 2858 φανέντα
769 2806 782 2819 ·
833 2789 922 2842 διὰ
970 2789 1126 2842 τοῦτο
1180 2789 1458 2860 πανταχοῦ
1506 2790 1724 2859 ἄγγελοι
1753 2829 1769 2856 ,
1847 2791 1940 2844 καὶ
1993 2791 2080 2844 ὅτε

505 2881 768 2946 ἐτίκτετο,
799 2883 892 2935 καὶ
931 2883 1021 2936 ὅτε
1067 2881 1342 2946 ἀνίστατο,
1375 2882 1469 2936 καὶ
1502 2882 1740 2954 σήμερον
1774 2882 1865 2936 ὅτε
1890 2882 2079 2955 ἀνέϐη.

515 2973 673 3028 Ἰδοὺ
711 2974 818 3046 7&9
843 2974 974 3038 δύο,
1015 2973 1198 3046 φησὶν,
1219 2975 1289 3028 ἐν
1320 2974 1530 3042 ἐσθῆτι
1567 2974 1832 3045 λαμπρᾷ,
1873 2973 1960 3028 διὰ
1989 2975 2081 3028 τοῦ

507 3066 784 3136 σχήματος
814 3065 912 3136 τήν
945 3065 1134 3138 ήδονὴν
1164 3065 1451 3137 δηλοῦντες
1468 3082 1480 3095 °
1507 3066 1600 3118 καὶ
1626 3061 1778 3119 εἷπον
1805 3067 1940 3137 πρὸς
1958 3066 2083 3130 τοὺς

509 3159 754 3230 μαθητάς
774 3177 787 3192 ο
823 3160 1070 3229 ’Ἄνδρες
1097 3159 1430 3235 Γαλιλαῖοι,
1465 3161 1524 3214 τί
1551 3158 1845 3227 ἑστήκατε
1862 3177 1881 3226 ;
1904 3156 2083 3228 οὗτος

499 3254 537 3305 ό
581 3251 821 3318 Ἰησοῦς
855 3254 887 3305 ό
916 3251 1283 3320 ἀναληφθεὶς
1313 3251 1412 3321 ἀφ’
1453 3250 1620 3320 ὑμῶν
1649 3253 1737 3318 είς
1762 3253 1871 3306 τὸν
1902 3254 2081 3320 pipa-

503 3341 631 3405 νὸν,
660 3343 846 3408 οὕτως
873 3343 1208 3406 ἐλεύσεται,
1250 3342 1322 3396 ὃν
1360 3343 1583 3411 τρόπον
1615 3342 1947 3397 ἐθεάσασθε
1970 3344 2079 3396 αὑ-

499 3434 611 3487 τὸν
632 3435 1035 3502 πορευόμενον
1060 3436 1147 3499 εἰς
1174 3434 1280 3487 τόν
1309 3435 1587 3503 οὐρανόν.

572 3572 634 3628 ε’.
663 3575 929 3629 Ἐνταῦοά
959 3593 1049 3646 μοι
1083 3575 1222 3647 μετά
1242 3575 1528 3647 ἀκριϐείας
1551 3578 1865 3650 προσέχετε.
1897 3580 1962 3634 Τί
1987 3581 2081 3651 δή-

504 3683 636 3719 ποτε
663 3665 837 3720 ταῦτα
864 3665 1081 3734 λέγουσι
1107 3685 1120 3731 ;
1153 3667 1227 3739 μὴ
1256 3668 1364 3738 γὰρ
1389 3669 1489 3722 οὐκ
1521 3665 1664 3740 εἶχον
1689 3671 2000 3744 ὀφθαλμοὺς
2030 3676 2080 3730 οἰ

501 3757 782 3829 -μαθηταίς
816 3758 890 3830 μὴ
914 3759 1020 3830 γὰρ
1042 3761 1138 3830 οὐχ
1167 3759 1354 3832 ἐώρων
1371 3761 1432 3815 τὸ
1459 3763 1740 3833 γινόμενον
1761 3783 1776 3831 ;
1803 3766 1903 3820 οὐκ
1927 3763 2080 3823 εἶπεν

495 3855 532 3907 ’ό
557 3852 962 3925 εὐαγγελιστής,
1008 3853 1090 3907 ὅτι
1121 3853 1424 3925 βλεπόντων
1451 3856 1628 3909 αὐτῶν
1650 3857 1896 3932 ἐπήρθη;
1928 3859 2081 3926 Τίνος

503 3944 597 4004 οὖν
651 3947 836 4003 ἕνεκεν
889 3951 1298 4022 παρεστήκασιν
1369 3951 1419 4006 οἰ
1468 3952 1686 4022 ἄγγελοι
1736 3955 2080 4021 διδάσκοντες

503 4038 720 4104 αὐτοὺς,
751 4039 833 4094 ὅτι
879 4041 956 4103 είς
989 4040 1081 4093 τὸν
1119 4040 1347 4112 οὐρανὸν
1372 4040 1578 4112 ἀνέϐη;
1610 4041 1710 4096 Διά
1751 4043 1844 4096 δύο
1879 4045 2080 4110 ταύτας

504 4131 702 4196 αἰτίας,
740 4133 867 4202 μίαν
905 4133 1027 4203 μὲν,
1079 4133 1264 4206 ἐπειδὴ
1313 4133 1511 4204 ήλγουν
1559 4137 1646 4190 ἀεὶ
1695 4136 1788 4189 ἐπὶ⁸
1830 4140 1895 4208 τῇ
1949 4139 2080 4192 ἀναο

501 4225 740 4294 χωρήσει
772 4224 866 4277 τοῦ
918 4225 1150 4296 Χριστοῦ
1172 4242 1186 4257 ο
1219 4227 1302 4280 ὅτι
1338 4217 1446 4299 7&9
1478 4227 1676 4298 ήλγουν
1697 4267 1712 4291 ,
1767 4229 1999 4283 ἄκουσον
2027 4230 2080 4282 τί

503 4317 640 4387 πρὸς
661 4316 854 4380 αὐτούς
881 4333 1042 4385 φησιν
1067 4332 1080 4345 ·
1120 4317 1330 4383 Οὐδείς
1345 4336 1424 4388 με
1442 4317 1628 4388 ἐρωτᾷ
1653 4320 1723 4384 ἐξ
1752 4319 1938 4390 ὑμῶν,
1957 4321 2080 4376 Ποῦ

501 4409 788 4477 ὐπάγεις;
811 4408 948 4460 ἀλλ’
978 4409 1068 4460 ὄτι
1107 4408 1293 4463 ταῦτα
1328 4405 1522 4477 εἷπον,
1567 4412 1605 4480 ἠ
1637 4413 1801 4479 λύπη
1849 4414 2080 4479 πεπλή-

503 4513 699 4566 ρωσεν
717 4497 884 4566 ὑμῶν
901 4497 1016 4565 τὴν
1032 4499 1304 4566 καρδίαν.
1329 4501 1390 4553 Εἰ
1413 4501 1520 4572 7&9
1543 4501 1730 4570 φίλους
1749 4502 1964 4573 ἔχοντες
1987 4505 2079 4558 καὶ

506 4594 788 4661 συγγενεῖς
829 4590 1183 4662 χωριζόμενοι
1237 4593 1440 4645 τούτων
1489 4594 1550 4646 οὐ
1587 4593 1847 4665 φέρομεν,
1877 4596 1994 4660 πῶς
2027 4599 2077 4650 οί

505 4685 747 4758 μαθηταὶ
769 4685 858 4738 τὸν
894 4686 1141 4757 Σωτῆρα,
1167 4685 1257 4738 τὸν
1293 4684 1632 4753 διδάσκαλον,
1663 4685 1754 4740 τὸν
1783 4687 2078 4758 κηδεμόνα,

501 4778 592 4830 τὸν
639 4777 1036 4848 φιλάνθρωπον,
1087 4777 1177 4830 τὸν
1227 4777 1454 4847 ήιιερον,
1487 4776 1579 4830 τὸν
1617 4775 1820 4847 ἀγαθὸν
1846 4779 2080 4850 ὁρῶντες

502 4868 864 4940 χωριζόμενον
902 4866 1101 4933 αὐτῶν,
1133 4867 1251 4932 πῶς
1274 4869 1374 4921 οὐκ
1406 4867 1472 4922 ἂν
1505 4868 1786 4940 ήλγησανς
1836 4870 1953 4935 πῶς
1981 4873 2080 4925 οὐκ

505 4964 570 5014 ἂν
616 4960 1009 5032 ὠδυνήθησαν;
1044 4961 1143 5015 Διά
1170 4961 1328 5014 10610
1375 4963 1608 5034 ἕστηκεν
1643 4967 1672 5018 0
1705 4964 1936 5035 ἄγγελος
1980 4967 2079 5038 τὴν

502 5056 612 5111 ἀπὸ
655 5055 752 5124 τῆς
788 5054 974 5108 ἀνόδου
1004 5053 1295 5124 γινομένην
1329 5053 1506 5126 λύπην
1546 5055 1636 5109 διὰ
1679 5055 1781 5126 τῆς
1819 5058 2077 5112 ἐπανόδου

500 5147 665 5201 πάλιν
714 5145 1226 5216 παραμυθούμενος.
1261 5139 1449 5210 Οὗτος
1477 5144 1603 5215 7&9,
1643 5147 1830 5218 φησὶν,
1877 5151 1912 5202 ό
1967 5149 2080 5215 ’1η-

503 5239 656 5306 σούς
706 5243 738 5293 ό
772 5236 1140 5307 ἀναληφθεὶς
1170 5238 1268 5306 ἀφ’
1301 5236 1470 5306 ὑμῶν
1508 5242 1598 5306 είς
1626 5239 1732 5293 τὸν
1781 5242 2076 5309 οὐρανὸν,

502 5333 690 5399 οὕτως
715 5332 1047 5386 ἐλεύσεται.
1086 5331 1414 5402 Ἦλγήσατε,
1438 5333 1620 5402 φησὶν,
1651 5333 1731 5386 ὅτι
1761 5333 2033 5395 ἀνελήφθη
2061 5350 2076 5396 ;

515 5423 676 5476 Ἀλλά
727 5423 922 5494 μηκέτι
975 5422 1222 5490 ἀλγεῖτεο
1270 5423 1364 5475 καὶ
1413 5422 1521 5493 γὰρ
1555 5421 1836 5476 ἐλεύσεται
1890 5425 2074 5479 πάλιν.

505 5518 621 5570 Ἵνα
647 5517 754 5587 7&9
790 5516 864 5586 μὴ
900 5517 1216 5584 ποιήσωσιν,
1260 5514 1395 5586 ὅπερ
1421 5514 1672 5585 ἐποίησεν
1705 5518 1732 5568 0
1780 5515 2080 5579 Ἐλισσαῖος

433 5649 442 5655 .
506 5606 628 5660 ἰδὼν
643 5607 732 5660 τὸν
761 5607 1076 5661 διδάσκαλον
1101 5606 1632 5677 ἀναλαμϐανόμενον,
1668 5608 1758 5660 καὶ
1781 5608 2080 5681 διαρρήξας

502 5701 594 5752 τὸν
628 5699 944 5769 χιτωνίσκον
965 5717 978 5730 ·
1008 5698 1130 5752 οὐδὲ
1163 5699 1272 5770 7&9
1302 5694 1415 5768 εἶχέ
1464 5717 1583 5753 τινα
1615 5699 1945 5770 παρεστῶτα
1982 5702 2076 5752 καὶ

499 5792 746 5860 λέγοντα,
777 5793 859 5847 ὃτι
895 5791 1054 5847 πάλιν
1080 5789 1196 5857 ἥξει
1253 5790 1471 5855 Ἠλίας·
1502 5792 1590 5846 ἵνα
1637 5787 1728 5845 οὖν
1775 5793 1855 5858 ,μὴ
1910 5791 2071 5844 τοῦτο

1141 368 1198 424 S.
1239 363 1525 424 JOANNIS
1560 357 2056 419 CHRYSOSTOMI
2096 355 2414 418 ARCHIEP.
2457 364 3009 425 CONSTANTINOP.

3661 365 3775 423 £50

2191 481 2490 552 ποιήσωσιν
2515 476 2681 548 οὗτοι,
2703 483 2793 538 διά
2810 485 2967 538 τοῦτο
2992 484 3042 538 οἱ
3069 483 3288 554 ἄγγελοι
3305 483 3778 555 παριστήκεισαν

2187 573 2669 646 παραμυθούμενοι
2698 575 2798 647 τὴν
2845 577 3105 649 ἀθυμίαν.
3155 577 3268 630 Καὶ
3324 577 3422 647 μία
3479 577 3579 648 μὲν
3620 574 3772 646 αὕτη

2187 666 2336 720 αἰτία
2361 667 2461 738 τῆς
2485 668 2598 722 τῶν
2625 669 2872 738 ἀγγέλων
2915 671 3218 743 παρουσίας
3237 686 3250 699 ⁸
3281 669 3512 741 δευτέρα
3545 670 3603 724 δὲ
3630 669 3775 723 1&6-

2185 777 2285 831 της
2320 760 2421 814 οὐκ
2449 761 2708 825 ἐλάττων,
2733 762 2800 815 δι’
2827 763 2896 833 ἢν
2926 765 3106 816 αἰτίαν
3154 764 3249 817 καὶ
3296 761 3661 835 προσέθηκεν,
3700 763 3772 818 Ὁ

2186 852 2574 923 ἀναληφθείς.
2603 857 2701 920 Τίς
2743 852 2835 910 οὖν
2863 859 3010 911 ἐστιν
3047 856 3219 928 αὓτης
3255 856 3350 921 Εἰς
3398 857 3490 910 τὸν
3533 855 3774 928 οὐρανὸν

2185 948 2605 1020 ἀνελαμϐάνετο.
2639 951 2780 1004 Πολὺ
2808 951 2866 1004 δὲ
2890 951 2951 1004 τὸ
2977 950 3124 1021 [4551
3152 950 3426 1020 διάστημα
3444 945 3533 1020 ἧν,
3549 947 3642 1002 καὶ
3664 949 3774 1003 οὐκ

2185 1039 2346 1112 ἢρκει
2375 1041 2408 1111 ή
2439 1040 2667 1112 δύναμις
2691 1043 2790 1112 τῆς
2813 1042 3090 1112 ἡμετέρας
3111 1041 3288 1110 ὅψεως
3313 1040 3477 1110 σῶμα
3515 1039 3772 1111 ἀναλαμ-

2185 1132 2483 1204 ϐανόμενον
2517 1133 2644 1186 ἰδεῖν
2686 1133 2852 1205 μέχρι
2876 1133 2986 1186 τῶν
3019 1133 3268 1205 οὐρανῶν
3291 1149 3306 1162 ο
3340 1131 3479 1185 ἀλλά
3511 1131 3772 1204 καθάπερ

2186 1225 2432 1280 πετεινὺν
2460 1227 2540 1290 είς
2578 1225 2713 1297 ὕψος
2763 1227 3077 1298 ἰπτάμενον,
3116 1228 3335 1297 ὅσῳπερ
3387 1224 3454 1278 ἂν
3501 1227 3583 1288 εἰς
3630 1223 3773 1293 ὕψος

2185 1317 2382 1391 ἀνέλθῃ
2409 1358 2423 1380 ,
2496 1319 2736 1388 τοσούτῳ
2786 1317 2986 1389 μᾶλλον
3046 1315 3461 1388 ἀποκρύπτεται
3513 1314 3622 1368 ἀπὸ
3665 1315 3770 1384 τῆς

2183 1411 2462 1483 ἡμετέρας
2515 1411 2692 1480 ὅψεως
2723 1426 2739 1442 ο
2795 1409 2941 1463 οὕτω
2989 1408 3054 1481 δὴ
3106 1409 3200 1462 καὶ
3252 1407 3314 1461 τὺ
3368 1405 3527 1477 σῶμα
3585 1407 3769 1460 ἐκεῖνο

2183 1502 2402 1574 ὅσῳπερ
2420 1501 2486 1556 ἂν
2511 1504 2590 1566 είς
2609 1502 2741 1570 ὕψος
2757 1502 2929 1573 ἀνῄει,
2960 1501 3197 1571 τοσούτῳ
3217 1499 3416 1571 μᾶλλον
3440 1499 3767 1571 ἐκρύπτετο,

2184 1597 2283 1651 οὐκ
2316 1596 2594 1667 ἀρκούσης
2639 1595 2741 1664 τῆς
2793 1593 3076 1656 ἀσθενείας
3113 1593 3222 1646 τῶν
3259 1591 3558 1662 ὀφθαλμῶν
3621 1609 3768 1664 παρ⁸

2184 1688 2544 1760 ἀκολουθῆσαι
2582 1687 2660 1759 τῷ
2694 1687 2859 1757 μήκει
2888 1685 2983 1739 106
3013 1685 3402 1756 διαστήματος.
3453 1684 3552 1737 Διά
3606 1682 3772 1739 τοῦτο

2186 1782 2655 1852 παρειστήκεισαν
2684 1779 2732 1831 οί
2761 1777 3006 1847 ἄγγελοι,
3036 1776 3384 1838 διδάσκοντες
3415 1774 3516 1847 τὴν
3563 1776 3645 1838 εἰς
3670 1773 3769 1829 τὸν

2183 1873 2410 1943 οὐρανὸν
2457 1871 2663 1935 ἄνοδον,
2718 1871 2805 1924 ἵνα
2853 1870 2928 1942 μὴ
2975 1869 3272 1940 νομίσωσιν
3320 1869 3400 1922 ὅτι
3437 1868 3513 1932 ὡς
3561 1868 3643 1931 εἰς
3671 1867 3769 1922 τὸν

2182 1961 2409 2034 οὐρανὸν
2441 1961 2608 2033 ἀνέϐη
2649 1959 2725 2023 ὡς
2772 1959 2979 2024 Ἠλίας,
3015 1958 3131 2012 ἀλλ’
3169 1959 3253 2012 ὅτι
3299 1960 3378 2020 εἰς
3404 1957 3496 2010 τὸν
3534 1956 3769 2028 οὐρανὸν

2182 2051 2348 2121 ἀνέϐη
2372 2066 2386 2079 ο
2426 2049 2513 2103 διά
2535 2049 2694 2103 10610
2733 2065 2920 2118 φησιν,
2966 2047 3022 2100 '0
3060 2048 3432 2116 ἀναληφθεὶς
3463 2049 3563 2116 ἀφ’
3595 2047 3770 2115 ὑμῶν

2181 2143 2268 2206 εις
2295 2142 2403 2196 τὸν
2433 2142 2709 2210 οὐρανόν.
2734 2141 2870 2194 Οὐδέ
2893 2139 3000 2211 7&9
3021 2139 3087 2194 ἂν
3103 2139 3287 2204 ἁπλῶς
3311 2140 3468 2193 10610
3492 2139 3768 2211 προσέθη-

2183 2252 2296 2288 κεν.
2341 2234 2528 2298 Ἦλίας
2567 2235 2666 2306 μὲν
2696 2231 2790 2289 οὐν
2817 2235 2892 2297 ὡς
2941 2235 3022 2297 εἰς
3062 2233 3154 2287 τὸν
3193 2233 3421 2304 οὐρανὸν
3461 2233 3766 2306 ἀνελήφθη,

2183 2327 2368 2391 δοῦλος
2405 2329 2514 2399 7&9
2533 2323 2601 2401 ἦν
2625 2345 2638 2358 ·
2669 2330 2697 2382 0
2727 2327 2783 2381 δέ
2823 2326 3033 2397 Ἰησοῦς
3059 2329 3140 2391 εἰς
3161 2327 3253 2380 τὸν
3275 2327 3524 2397 οὐρανὸν,
3554 2328 3766 2381 Δεσπό·

2183 2437 2284 2492 της
2319 2420 2426 2491 γάρ
2470 2417 2571 2490 ἦν’
2612 2421 2819 2484 ἐκεῖνος
2867 2422 2925 2473 ἐν
2974 2420 3180 2491 ἀρματι
3217 2420 3446 2492 πυρίνῳ,
3497 2415 3653 2484 οὗτος
3705 2422 3766 2474 ἐν

2183 2513 2400 2585 νεφέλῃ.
2433 2515 2560 2567 Ὅτε
2586 2515 2683 2585 μὲν
2711 2514 2818 2585 γὰρ
2838 2513 2929 2567 τὸν
2947 2513 3133 2567 δοῦλον
3161 2513 3267 2566 ἔδει
3298 2513 3586 2585 κληθῆναι,
3608 2515 3766 2585 ἅρμα

2183 2605 2461 2675 ἐπέμπετο
2486 2620 2501 2636 ο
2529 2605 2655 2658 ὃταν
2681 2605 2737 2658 δὲ
2771 2605 2864 2657 τὸν
2911 2604 3060 2669 Υἰὸν,
3097 2603 3286 2676 θρόνος
3322 2603 3633 2674 βασιλικός·
3667 2607 3765 2660 κα)⁵

2182 2697 2303 2768 οὐχί
2337 2695 2522 2761 ἀπλῶς
2547 2695 2822 2766 βασιλικὸς
2845 2695 3054 2768 θρόνος,
3078 2695 3194 2750 ἀλλ’
3222 2695 3385 2760 αὐτὸς
3415 2699 3443 2749 0
3469 2696 3763 2766 πατρικός.

2183 2789 2292 2844 Καὶ
2316 2790 2425 2862 γὰρ
2456 2789 2585 2861 περὶ
2633 2789 2730 2843 τοῦ
2775 2789 2991 2862 Πατρός
3026 2805 3190 2861 φησιν
3231 2791 3259 2842 0
3305 2789 3558 2852 Ἡσαΐας,
3613 2789 3764 2844 Ἰδοὺ

2182 2885 2400 2952 Κύριος
2426 2881 2672 2951 κάθηται
2712 2883 2811 2937 ἐπί
2849 2881 3113 2951 νεφέλης
3133 2883 3387 2950 κούφης.
3437 2881 3591 2934 Ἐπεὶ
3615 2877 3710 2937 οὖν
3735 2883 3765 2935 0

2183 2975 2372 3048 Πατὴρ
2397 2977 2491 3028 ἐπὶ
2534 2976 2764 3048 νεφέλης
2802 2975 3058 3048 κάθηται,
3089 2976 3177 3030 διὰ
3201 2975 3360 3029 τοῦτο
3414 2976 3506 3030 καὶ
3533 2973 3613 3046 τῷ
3646 2972 3761 3045 Υίῷ

2182 3066 2281 3137 τὴν
2328 3066 2558 3137 νεφέλην
2608 3065 2841 3136 έπεμψε.
2896 3067 3006 3120 Καὶ
3056 3068 3084 3120 0
3138 3066 3237 3138 μὲν
3300 3066 3486 3128 Ἦλίας
3523 3064 3764 3120 ἀνελθὼν

2182 3156 2363 3227 ἀφῆκε
2419 3155 2673 3227 μηλωτὴν
2718 3155 2810 3210 ἐπὶ
2863 3155 2954 3209 τὸν
3003 3157 3343 3211 Ἐλισσαῖον·
3382 3159 3410 3211 0
3456 3157 3516 3210 δὲ
3552 3156 3767 3228 Ἰησοῦς

2183 3247 2390 3312 ἀναϐάς
2412 3248 2591 3319 ἀφῆκε
2617 3247 2936 3320 χαρίσματα
2962 3249 3054 3302 ἐπὶ
3076 3250 3203 3313 τούς
3237 3248 3510 3321 μαθητὰς,
3536 3249 3638 3320 οὐχ
3662 3250 3766 3304 ἐνα

2186 3343 2474 3414 προφήτην
2530 3341 2817 3407 ποιοῦντα,
2879 3340 3016 3395 ἀλλά
3076 3342 3305 3413 μυρίους
3358 3341 3703 3408 Ἑλισσαίους
3745 3357 3762 3374 ν

2186 3430 2388 3501 μᾶλλον
2413 3430 2469 3483 δὲ
2498 3431 2707 3485 ἐκείνου
2748 3429 2929 3502 πολλῷ
2958 3430 3176 3501 μείζους
3200 3433 3293 3485 καὶ
3321 3432 3760 3505 λαμπροτέρους.

2183 3523 2569 3593 Διαναστῶμεν
2590 3522 2792 3586 τοίνυν,
2821 3523 3118 3594 ἀγαπητοὶ,
3150 3525 3245 3577 καὶ
3277 3525 3414 3595 πρὸς
3435 3525 3531 3595 τὴν
3566 3526 3764 3580 ἐπάνο-

2182 3613 2272 3668 δον
2327 3614 2545 3685 έκείνην
2602 3614 2907 3686 βλέψωμεν.
2946 3614 3052 3668 Καὶ
3100 3617 3207 3687 γάρ
3239 3617 3267 3668 0
3299 3615 3507 3681 Παῦλός
3557 3635 3760 3688 φησιν,

2181 3707 2376 3775 Αὐτὸς
2430 3706 2828 3774 καταϐήσεται
2879 3710 2980 3763 ἀπ’
3027 3708 3287 3776 οὐρανοῦ
3338 3713 3370 3764 ό
3421 3710 3636 3778 Κύριος
3689 3712 3760 3764 ἐν

2183 3802 2568 3870 κελεύσματι,
2611 3800 2682 3855 ἐν
2705 3799 2876 3870 φωνῇ
2908 3801 3281 3871 ἀρχαγγέλου
3300 3817 3315 3833 ⁸
3360 3802 3458 3856 καί
3493 3802 3665 3871 ἡμεῖς
3703 3805 3760 3858 οι

2183 3893 2395 3961 ζῶντες
2416 3934 2432 3954 ,
2490 3899 2545 3950 οι
2595 3896 3106 3965 περιλειπόμενοι,
3175 3895 3642 3966 ἁρπαγησόμεθα
3690 3897 3763 3951 ἐν

2182 3987 2465 4057 νεφέλαις
2495 3988 2583 4054 είς
2605 3985 2951 4057 ἀπάντησιν
2971 3986 3077 4041 τοῦ
3091 3988 3312 4057 Kvplov
3345 3991 3431 4054 είς
3450 3988 3616 4056 ἀέρα,
3643 3989 3758 4042 ἀλλ’

2181 4085 2242 4139 οὐ
2279 4084 2499 4148 πάντες.
2531 4083 2656 4138 Ὅτι
2682 4083 2790 4155 7&9
2823 4084 2884 4137 οὐ
2912 4085 3112 4148 πάντες
3148 4084 3608 4156 ἁρπαγησόμεθα,
3639 4084 3762 4140 ἀλλ’

2182 4178 2232 4230 οἰ
2279 4175 2378 4246 μὲν
2429 4175 2701 4246 μενοῦσιν,
2754 4177 2804 4229 οἰ
2854 4175 2910 4229 δὲ
2943 4177 3378 4248 ἀρπαγήσονται,
3422 4177 3653 4232 ἄκουσον
3706 4179 3760 4232 τί

2183 4286 2346 4338 φησιν
2397 4270 2426 4322 0
2467 4267 2724 4341 Χριστόςο
2757 4270 2908 4322 Πότε
2963 4266 3390 4336 εὑρεθήσονται
3425 4267 3536 4322 δύο
3577 4268 3648 4322 ἐν
3678 4267 3760 4333 τῷ

2175 4362 2409 4432 μύλωνι
2430 4359 2771 4426 ἀλήθουσαι
2789 4375 2804 4389 ο
2816 4358 2926 4428 μία
2958 4358 3501 4428 παραλαμϐάνεται,
3531 4359 3628 4414 καί
3645 4362 3759 4430 μία

2181 4452 2415 4520 ἀφίεται
2436 4465 2450 4478 ·
2481 4449 2580 4503 καί
2630 4449 2739 4503 δύο
2770 4448 3016 4504 ἔσονται
3068 4449 3166 4503 ἐπὶ
3199 4451 3414 4518 κλίνης
3449 4449 3590 4520 μιᾶς
3615 4467 3628 4481 ’
3670 4450 3759 4520 εἷς

2181 4540 2724 4612 παραλαμϐάνεται,
2759 4541 2856 4595 καὶ
2895 4535 2982 4607 εἷς
3018 4541 3272 4610 ἀφίεται.
3309 4541 3374 4594 Τί
3420 4541 3668 4612 βούλεται
3696 4545 3760 4597 τὸ

2181 4640 2410 4707 αἴνιγμα
2456 4635 2650 4701 10610;
2683 4636 2734 4688 τί
2766 4635 3012 4705 βούλεται
3064 4635 3125 4687 τὸ
3156 4635 3451 4706 μυστήριον
3489 4635 3648 4689 τοῦτο
3695 4638 3758 4690 τὸ

2181 4726 2641 4799 ἀπόρρητον;Διά
2662 4725 2754 4780 106
2795 4726 2964 4798 μύλου
2995 4728 3120 4790 τοὺς
3145 4728 3202 4780 ἐν
3231 4728 3390 4797 πενίᾳ
3421 4725 3630 4792 ζῶντας
3661 4731 3762 4782 καὶ

2181 4819 2524 4892 ταλαιπωρίᾳ
2547 4820 2754 4884 πάντας
2782 4821 2916 4890 ἡμῖν
2940 4818 3174 4889 ἐδήλωσε
3191 4836 3205 4851 ·
3240 4818 3332 4872 διά
3369 4819 3424 4872 δὲ
3446 4820 3546 4890 τῆς
3568 4820 3759 4892 κλίνης

2181 4915 2278 4970 καὶ
2304 4915 2403 4987 τῆς
2441 4916 2804 4978 ἀναπαύσεως
2831 4915 2959 4977 τοὺς
2995 4916 3053 4968 ἐν
3079 4914 3295 4986 πλούτῳ
3326 4917 3422 4969 καί
3442 4917 3575 4988 τιμῇ
3617 4918 3762 4969 πάν-

2179 5033 2279 5080 τας
2333 5014 2572 5087 ῂνίξατο.
2636 5013 2745 5066 Καὶ
2798 5011 3118 5081 βουλόμενος
3151 5009 3320 5079 δεῖξαι
3374 5011 3457 5064 ὅτι
3510 5010 3606 5065 καὶ
3650 5013 3762 5066 ἀπὸ

2182 5113 2432 5183 πενήτων
2481 5109 2745 5173 σώζονται
2777 5106 2874 5160 καὶ
2906 5105 3263 5172 ἀτώλλυνται,
3318 5100 3502 5174 εἶπεν,
3534 5107 3619 5160 ὅτι
3663 5111 3763 5162 καὶ

2180 5208 2289 5262 τῶν
2341 5210 2400 5261 ἐν
2450 5207 2527 5278 τῷ
2568 5205 2771 5278 μύλωνι
2806 5203 2904 5276 μία
2938 5203 3452 5277 παραλαμϐάνεται,
3510 5205 3606 5258 καὶ
3659 5207 3762 5276 μία

2181 5304 2400 5374 ἀφίεται
2424 5319 2439 5333 ο
2476 5303 2572 5356 καὶ
2599 5302 2708 5354 τῶν
2741 5304 2800 5355 ἐν
2832 5304 2897 5372 τῇ
2933 5301 3087 5372 κλίνη
3131 5295 3211 5363 εἷς
3244 5299 3762 5372 παραλαμϐάνεται,

2182 5406 2276 5458 καὶ
2305 5401 2383 5466 εἷς
2412 5401 2636 5470 ἀφίεται
2655 5416 2670 5430 ‘
2698 5399 2872 5472 δηλῶν
2898 5401 2980 5453 ὃτι
3010 5400 3058 5452 οί
3107 5399 3205 5468 μὲν
3236 5398 3546 5470 ἀμαρτωλοί
3574 5400 3765 5468 ἀφίεν-

2180 5517 2269 5553 ται
2296 5497 2530 5552 ἐνταῦθα
2558 5497 2654 5551 καὶ
2685 5497 2907 5568 μένουσι
2936 5497 3032 5568 τὴν
3059 5496 3330 5568 τιμωρίαν
3349 5512 3362 5526 ·
3400 5496 3460 5560 οἰ,
3475 5496 3532 5549 δὲ
3559 5496 3763 5550 δίκαιοι

2183 5596 2516 5670 ἀρπάζονται
2544 5597 2625 5658 εἰς
2651 5595 2750 5659 τὰς
2773 5595 3018 5664 νεφέλας.
3053 5594 3319 5665 Καθάπερ
3355 5592 3466 5664 γὰρ
3494 5593 3761 5664 βασιλέως

2182 5696 2262 5758 εἰς
2311 5693 2463 5747 πόλιν
2511 5693 2928 5755 εἰσελαύνοντος,
2982 5691 3031 5744 οἰ
3077 5691 3175 5762 μὲν
3230 5693 3288 5744 ἐν
3335 5689 3611 5761 ἀξιώμασι
3665 5695 3762 5747 καὶ

2184 5793 2402 5860 ἀρχαῖς,
2429 5792 2523 5846 καὶ
2557 5790 2756 5861 πολλὴν
2788 5791 2922 5861 πρὸς
2955 5788 3117 5843 αὐτὸν
3159 5789 3474 5860 παρρησίαν
3506 5788 3760 5860 ἔχοντες,
