3892 6294
127 349 237 408 ωε)

124 473 381 532 supernae
411 451 578 512 turhze
606 453 840 510 laetitiam
870 466 1030 522 super
1057 460 1237 506 nostra
1267 449 1718 504 reconciliatione.

126 550 358 620 Quando
407 549 554 604 enim
601 545 852 600 Dominus
891 549 1074 597 noster
1102 548 1257 595 natus
1305 549 1387 594 est
1429 537 1724 594 secundum

128 653 374 706 carnem,
406 655 471 694 ex
501 653 568 693 eo
590 635 843 704 deinceps
872 633 1176 688 hominibus
1204 633 1375 702 ipsum
1409 630 1723 685 reconcilia-

131 745 247 788 tum
277 738 592 794 cernentes;
623 742 729 782 non
759 726 924 790 enim,
953 723 1000 779 si
1041 723 1412 779 reconciliatus
1455 737 1558 775 non
1593 719 1726 773 fuis-

129 833 234 888 set,
266 836 436 894 usque
461 821 597 876 adeo
626 818 1026 884 descendisset;
1057 825 1340 872 cernentes
1385 829 1514 884 ergo
1544 813 1681 868 istud
1708 852 1722 880 ,

129 916 315 972 choris
344 914 396 969 in
425 923 565 970 terra
592 911 802 966 statutis
831 908 1195 964 exclamabant
1225 924 1238 961 :
1279 905 1456 961 Gloria
1482 907 1534 961 in
1563 904 1726 960 excel-

131 1009 204 1061 sis
235 1007 341 1060 Deo
371 1021 390 1061 :
415 1014 462 1060 et
505 1005 558 1057 in
587 1013 719 1058 terra
750 1017 886 1070 pax,
917 1001 970 1055 in
995 999 1281 1055 hominibus
1327 1000 1456 1052 bona
1499 999 1728 1054 voluntas

133 1097 290 1168 (Luc.
321 1097 378 1151 2.
410 1096 519 1167 14).
553 1094 621 1149 Et
647 1102 705 1148 ut
732 1093 938 1158 discas,
971 1091 1112 1162 quod
1141 1091 1210 1144 ob
1239 1090 1290 1145 id
1316 1089 1731 1161 gloriﬁcaverint

137 1191 307 1245 Deum
332 1227 349 1254 ,
380 1197 660 1262 postquam
693 1195 831 1239 terra
872 1183 1071 1252 recepit
1114 1182 1251 1237 bona
1273 1222 1289 1248 ,
1316 1181 1476 1236 etiam
1511 1197 1728 1236 causam

137 1279 484 1334 adduxerunt
508 1317 523 1344 ,
572 1275 810 1331 dicentes
843 1291 856 1326 :
889 1272 958 1327 In
1012 1283 1145 1327 terra
1187 1284 1319 1342 pax,
1347 1273 1400 1326 in
1449 1273 1730 1327 hominibus

132 1371 270 1424 bona
298 1369 532 1423 voluntas
559 1383 579 1421 :
611 1365 938 1428 hominibus,
969 1365 1182 1434 inquam
1205 1405 1220 1426 ,
1250 1364 1340 1434 qui
1380 1373 1533 1418 erant
1574 1372 1730 1418 antea

134 1463 324 1516 hostes
347 1457 635 1524 declarati,
663 1467 719 1514 et
764 1456 976 1526 ingrati.
1012 1455 1200 1509 Vidisti
1236 1470 1342 1524 quo
1381 1463 1534 1523 pacto
1565 1454 1728 1508 Deum

133 1553 205 1607 de
229 1550 422 1606 alienis
451 1550 604 1604 bouis
634 1547 882 1612 laudent,
913 1555 1006 1600 aut
1034 1545 1212 1616 potius
1237 1545 1304 1600 de
1329 1546 1577 1614 pwpriis,
1608 1558 1729 1600 cum

136 1649 326 1696 nostra
355 1641 494 1695 bona
520 1653 615 1694 sua
651 1651 772 1693 esse
815 1639 1044 1690 ducant:
1079 1634 1160 1690 vis
1197 1636 1357 1689 etiam
1401 1649 1558 1701 nosse
1599 1649 1727 1704 quo-

135 1731 302 1786 modo
349 1731 512 1784 etiam
565 1730 737 1798 ipsum
788 1726 1168 1783 ascendentem
1216 1724 1506 1796 aliquando
1544 1725 1728 1792 visuri,

134 1834 253 1880 tum
321 1823 490 1893 gavisi
552 1823 660 1876 sint
714 1829 770 1875 et
819 1819 1178 1875 exsultarint?
1231 1819 1405 1889 Ipsum
1458 1817 1729 1873 Christum

135 1917 408 1989 dicentem
433 1914 554 1969 audi
583 1931 596 1967 :
621 1913 882 1981 Quoniam
911 1911 1294 1976 ascendebant,
1325 1911 1513 1980 inquit,
1550 1921 1604 1966 et
1646 1910 1734 1965 de-

138 2007 473 2062 scendebant
496 2006 770 2060 continue.
799 2005 976 2074 Atque
1005 2002 1106 2057 hoc
1143 2003 1414 2072 proprium
1460 2011 1544 2057 est
1583 2001 1730 2056 desi-

139 2097 466 2163 derantium,
491 2095 840 2164 contemplari
871 2094 1203 2163 inopinatum
1251 2093 1635 2161 spectaculum.
1668 2093 1734 2147 Et

139 2189 281 2243 unde
319 2197 534 2243 constat
555 2185 770 2240 assidue
815 2184 936 2238 illos
977 2182 1266 2238 ascendere
1315 2190 1474 2252 atque
1505 2183 1730 2238 descen-

139 2281 307 2334 dere?
336 2278 516 2349 Ipsum
561 2277 834 2332 dicentem
863 2273 986 2329 audi
1017 2291 1030 2328 :
1063 2274 1259 2327 Amodo
1285 2273 1512 2327 videbitis
1552 2274 1734 2328 ccclum

142 2381 408 2441 apertum,
434 2379 480 2423 et
509 2368 712 2439 angelos
757 2365 856 2420 Dei
903 2366 1226 2420 ascendentes
1271 2374 1320 2419 et
1373 2367 1726 2418 descendentes

139 2479 298 2531 supra
338 2459 534 2513 Filium
584 2459 803 2514 hominis
834 2456 1010 2530 (Joan.
1045 2458 1096 2511 1.
1129 2454 1242 2529 51).
1285 2455 1428 2510 Talis
1455 2456 1759 2526 .siquidem‘

139 2552 436 2607 attinntium
486 2567 602 2606 mos
631 2561 751 2617 est;
785 2565 957 2622 neque
997 2560 1206 2620 tempus
1249 2559 1592 2620 exspectant,
1637 2551 1732 2604 sed

142 2656 358 2714 tempus
385 2645 704 2716 praefinitum
729 2644 910 2698 laetitia
937 2643 1247 2711 anticipant.
1275 2642 1478 2696 Idcirco
1506 2643 1734 2698 descen-

139 2739 274 2792 dunt
304 2739 424 2791 novi
454 2747 506 2792 et
535 2737 751 2791 inauditi
801 2736 939 2791 illius
961 2736 1251 2810 spectaculi
1281 2737 1486 2790 visendi
1517 2737 1733 2792 deside-

143 2832 224 2885 rio
249 2829 492 2899 impulsi,
523 2829 791 2884 hominem
817 2828 1018 2884 scilicet
1072 2829 1124 2883 in
1169 2828 1302 2884 caelo
1345 2838 1685 2898 apparentem
1717 2848 1730 2884 :

142 2923 376 2990 ideoque
430 2921 625 2991 ubique
673 2935 732 2974 se
774 2920 949 2989 angeli
1001 2919 1364 2987 manifestam,
1418 2930 1474 2974 et
1524 2921 1736 2989 quando

145 3027 304 3067 natus
330 3021 435 3079 est,
464 3021 517 3066 et
543 3010 756 3082 quando
782 3011 1106 3078 resurrexit,
1129 3026 1192 3066 ac
1232 3011 1628 3082 hodiequando
1680 3014 1733 3068 in

145 3112 316 3164 ctelos
345 3105 588 3162 ascendit
617 3123 631 3160 :
657 3103 791 3159 Ecce
811 3105 956 3159 enim
987 3102 1084 3157 duo
1109 3107 1230 3172 viri,
1259 3107 1457 3176 inquit,
1483 3108 1538 3160 in
1561 3109 1717 3163 vesti-

147 3201 342 3254 mentis
352 3199 488 3250 albis
503 3197 616 3267 (Act
627 3197 672 3250 .1
685 3196 918 3268 .10),per
931 3197 1174 3251 habitum
1188 3197 1428 3251 laetitiam
1441 3197 1714 3254 declaran-

147 3303 250 3346 tes:
269 3288 665 3344 etdixeruntad
678 3288 1004 3357 discipulos:
1024 3285 1133 3341 Viri
1149 3286 1380 3352 Galilan’,
1395 3287 1520 3358 quid
1531 3289 1715 3347 statis?

144 3387 229 3437 hic
239 3382 272 3436 J
279 3398 422 3446 esus,
436 3380 524 3451 qui
539 3389 838 3448 assumptus
849 3389 924 3434 est
943 3396 975 3433 a
992 3379 1133 3432 vobis
1145 3381 1200 3432 in
1216 3380 1418 3444 mlunt,
1437 3380 1512 3432 sic
1528 3381 1711 3448 veniet,

144 3472 588 3546 quemadmodum
605 3472 807 3526 vidistis
820 3488 935 3525 eum
950 3482 1155 3525 euntem
1168 3473 1222 3524 in
1234 3470 1416 3524 caelum
1432 3469 1622 3542 (Ib.v.i
1639 3472 1712 3545 1).

215 3567 267 3620 5.
298 3564 408 3620 Cur
433 3563 604 3633 angeli
630 3565 684 3617 in
713 3565 1015 3617 ascensione
1048 3563 1258 3616 Domini
1287 3563 1386 3616 visi
1407 3563 1716 3632 fuerint.—

146 3656 244 3710 Hic
263 3657 377 3725 jam
396 3656 527 3710 mihi
553 3655 837 3725 diligenter
855 3655 1133 3710 attendite.
1156 3653 1516 3720 Quamobrem
1534 3653 1609 3708 ita
1630 3652 1714 3710 di-

144 3747 313 3802 cunt?
328 3761 395 3800 an
410 3748 550 3816 quod
571 3747 756 3801 oculos
775 3762 880 3800 non
900 3746 1156 3800 haberent
1173 3741 1456 3814 discipuli?
1470 3751 1566 3798 aut
1581 3745 1711 3816 quia

145 3835 290 3906 quod
363 3833 666 3901 acciderat,
724 3849 830 3888 non
883 3833 1168 3889 viderent?
1216 3849 1391 3889 nonne
1435 3836 1507 3890 ait
1573 3854 1733 3892 evan-

144 3928 359 3998 gelista,
387 3927 528 3997 quod
553 3927 854 3982 videntibus
880 3926 1008 3996 ipsis
1028 3926 1266 3982 elevatus
1295 3935 1378 3982 est
1402 3927 1426 3981 τ
1464 3927 1576 3996 Qua
1607 3944 1733 4000 ergo

143 4020 216 4075 de
269 4034 428 4074 causa
477 4019 797 4073 assistebant
845 4019 1020 4089 angeli
1047 4018 1302 4074 docentes
1333 4034 1458 4084 eos,
1491 4024 1630 4090 quod
1683 4022 1736 4074 in

145 4115 342 4169 caelum
364 4113 735 4169 ascendisset?
761 4113 985 4184 Propter
1014 4112 1146 4168 duas
1173 4111 1422 4166 nimirum
1454 4113 1584 4167 istas
1606 4128 1736 4167 cau-

153 4223 245 4263 sas
278 4224 291 4260 :
323 4221 484 4261 unam
517 4206 731 4276 quidem
757 4207 897 4276 quod
927 4205 1172 4260 dolerent
1213 4205 1290 4258 illi
1335 4206 1402 4259 ob
1429 4203 1625 4259 Christi
1671 4206 1738 4260 ab

148 4299 278 4368 ipsis
305 4299 688 4353 discessionem
718 4297 892 4367 :qnod
917 4305 1092 4352 autem
1123 4297 1367 4351 dolerent
1393 4338 1408 4362 ,
1441 4296 1563 4350 audi
1613 4297 1737 4366 quid

147 4393 213 4447 ad
238 4407 333 4446 eos
353 4390 525 4445 dicat:
552 4389 718 4444 Nemo
747 4407 810 4445 ea:
827 4391 982 4457 vobis,
999 4390 1190 4458 inquit,
1207 4393 1480 4460 interrogat
1504 4407 1600 4454 me,
1627 4389 1739 4456 Quo

147 4486 291 4539 vadis
308 4485 334 4537 ?
353 4491 444 4540 sed
462 4486 579 4555 quia
608 4485 715 4538 lucc
736 4483 968 4554 loquutus
992 4499 1104 4538 sum
1133 4483 1287 4546 vobis,
1301 4483 1503 4536 tristitia
1518 4482 1739 4552 implevit

147 4593 236 4629 cor
260 4587 480 4630 vestrum
507 4575 685 4646 (Joan.
718 4574 805 4630 16.
834 4575 886 4629 5.
911 4575 988 4646 6).
1019 4572 1151 4628 Nam
1193 4573 1238 4627 si
1267 4573 1468 4628 amicos
1515 4582 1567 4628 et
1609 4589 1737 4628 con-

149 4666 478 4740 sanguineos
525 4677 739 4734 nostros
779 4664 1017 4736 separari
1061 4679 1089 4718 a
1137 4664 1290 4719 nobis
1336 4680 1440 4718 non
1493 4664 1734 4731 ferimus,

150 4758 427 4828 quomodo
451 4758 694 4828 discipuli
726 4772 878 4811 suum
906 4758 972 4811 ab
1013 4756 1141 4825 ipsis
1195 4756 1430 4825 separari
1459 4763 1740 4810 cernentes

149 4852 508 4914 Salvatorem,
532 4851 938 4920 magistrum,ac
955 4857 1251 4903 curatorem
1280 4848 1734 4918 benignissimum,

149 4941 640 4996 mansuetissimum
683 4950 738 4996 et
786 4941 1073 5009 optimum,
1108 4941 1262 5008 plane
1301 4955 1406 4994 non
1451 4940 1738 4996 dolerent?

149 5031 422 5103 quomodo
443 5047 550 5086 non
581 5032 1062 5087 contristarentur?
1082 5029 1284 5086 Idcirco
1309 5031 1474 5086 astitit
1498 5031 1736 5102 angelus,

146 5128 235 5196 qui
284 5126 527 5180 dolorem
557 5139 621 5179 es
652 5138 876 5178 ascensu
900 5124 1297 5193 provenientem
1347 5123 1552 5177 reditus
1588 5138 1738 5177 com-

149 5216 547 5272 memoratione
620 5217 811 5270 iterum
888 5216 1196 5284 mitigaret,
1272 5214 1740 5283 consolareturque

152 5310 321 5380 ipsos.
355 5305 457 5361 Hic
483 5307 626 5361 enim
641 5306 817 5372 Jesus,
842 5307 934 5369 ait,
955 5307 1041 5375 qui
1067 5315 1352 5375 assumptus
1377 5315 1449 5359 est
1469 5322 1500 5358 a
1524 5304 1658 5360 vobis
1688 5307 1741 5360 in

147 5403 333 5455 ctelum
357 5438 375 5467 ,
403 5401 478 5454 sic
505 5400 664 5454 veniet
695 5397 828 5470 (Act.
882 5400 933 5453 1.
963 5397 1070 5467 11).
1120 5397 1370 5452 Doluistis
1406 5439 1420 5461 ,
1455 5399 1642 5469 inquit,
1674 5398 1741 5454 de

148 5493 520 5564 assumptione
540 5491 740 5563 ipsius?
755 5489 860 5547 Sed
884 5491 1046 5545 nolite
1067 5490 1293 5560 amplius
1309 5491 1488 5546 dolere
1505 5507 1518 5556 ;
1541 5493 1739 5546 etenim

151 5598 340 5640 rursus
367 5582 566 5638 veniet.
598 5579 730 5636 Nam
757 5591 814 5638 ut
837 5596 905 5636 ne
931 5581 1167 5636 facerent
1190 5580 1332 5652 quod
1357 5583 1467 5653 egit
1495 5583 1736 5646 Elisaens,

150 5676 418 5746 aspiciens
444 5675 753 5746 magistrum
779 5688 934 5729 suum
975 5673 1196 5738 assumi,
1227 5673 1314 5743 qui
1341 5673 1553 5729 discidit
1579 5675 1741 5728 vesti-

153 5775 393 5826 mentum
426 5766 522 5841 (1.
580 5764 810 5840 809.3)
839 5783 852 5822 :
886 5780 992 5824 non
1042 5765 1184 5822 enim
1233 5764 1459 5822 habebat
1511 5765 1741 5836 aliquem

1125 336 1190 393 IN
1229 334 1699 394 ASCENSIONEM
1742 335 1804 388 D.
1848 331 1912 390 N.
1955 331 2118 390 JESU
2147 331 2439 390 CHRlSTl.

3324 333 3429 392 450

1840 446 2138 502 adstantem
2161 447 2257 501 sibi
2280 458 2436 516 atque
2466 445 2732 501 dicentem
2759 444 2900 516 quod
2933 446 3124 500 iterum
3164 455 3420 501 venturus

1833 548 1979 592 esset
2007 537 2224 602 Helias;
2255 553 2320 591 ne
2348 537 2504 607 igitur
2531 536 2631 591 hoc
2661 544 2717 590 et
2750 537 2834 590 isti
2867 533 3137 600 facerent,
3183 535 3301 590 ideo
3331 551 3428 589 ana

1832 630 1934 700 geli
1983 629 2337 694 adstiterunt,
2367 630 2456 700 qui
2499 627 2765 684 tristitiam
2812 628 3024 682 illorum
3072 628 3306 682 lenirent
3359 633 3423 682 ac

1833 721 2257 775 consolarentur.
3118 739 3184 782 ..λ

1913 813 2214 882 υἱΙῙετειιιία
2241 814 2371 867 inter
2395 813 2736 867 ascensionem
2765 811 2926 875 Elite,
2958 822 3003 865 et
3031 810 3216 866 Christi
3238 809 3428 865 Salva-

1839 906 2172 960 toris.—Et
2219 905 2333 960 hmc
2380 905 2593 975 quidem
2639 921 2742 959 una
2788 914 2870 959 est
2925 919 3082 958 causa
3128 901 3430 974 praesentia!

1833 997 2144 1068 angelorum
2181 1015 2194 1050 :
2226 997 2488 1067 posterior
2511 1005 2688 1050 autem
2719 1011 2780 1050 ea
2805 1009 2909 1049 non
2933 993 3151 1049 inferior
3175 1003 3276 1058 est,
3306 1005 3426 1062 pro-

1836 1095 1955 1157 pter
1969 1103 2128 1159 quam
2153 1088 2313 1143 etiam
2331 1102 2548 1142 causam
2576 1085 2790 1154 adjecit,
2815 1086 2914 1152 Qui
2939 1095 3228 1155 assumptus
3247 1094 3336 1138 est.
3362 1082 3432 1138 Et

1835 1196 1954 1251 quae
1981 1189 2062 1236 est
2089 1180 2232 1236 ista?
2277 1180 2332 1234 In
2359 1179 2545 1234 caelum
2573 1191 2876 1247 assumptus
2902 1187 3004 1232 est.
3035 1173 3223 1246 Ingens
3252 1183 3429 1229 autem

1837 1273 2181 1328 interstitium
2224 1282 2359 1339 erat,
2395 1288 2564 1342 neque
2610 1269 2909 1324 sufﬁciebat
2939 1269 3016 1323 vis
3056 1269 3221 1322 nostri
3275 1281 3430 1337 aSpe-

1836 1373 1976 1432 clus,
2001 1375 2058 1418 ut
2085 1379 2280 1435 corpus
2311 1363 2376 1418 ad
2422 1363 2582 1419 etclos
2607 1376 2777 1431 usque
2817 1361 3015 1414 assumi
3051 1361 3379 1430 prospiceret
3411 1374 3428 1413 ε

1836 1457 1931 1511 scd
1959 1457 2098 1512 sicut
2120 1456 2232 1510 avis
2269 1455 2320 1509 in
2368 1453 2597 1509 sublime
2649 1453 2899 1517 volitans,
2931 1461 3132 1520 quanto
3178 1451 3344 1519 magis
3376 1450 3430 1504 in

1837 1552 2001 1604 altum
2056 1549 2393 1613 ascenderit,
2433 1555 2578 1602 tanto
2618 1545 2847 1615 amplius
2896 1559 2924 1597 a
2980 1553 3164 1597 nostro
3213 1543 3433 1610 aspectu

1838 1641 2172 1696 subtrahitur
2204 1657 2218 1694 :
2250 1641 2322 1694 ita
2349 1648 2402 1694 et
2426 1651 2619 1708 corpus
2642 1637 2789 1704 illud,
2820 1645 3018 1706 quanto
3046 1636 3202 1688 altius
3230 1631 3426 1689 evehe‘t

1837 1733 2012 1801 batur,
2046 1742 2194 1788 tanto
2223 1733 2390 1804 magis
2425 1730 2855 1787 abscondebatur
2885 1746 2899 1795 ;
2930 1744 3050 1784 cum
3095 1741 3201 1782 non
3253 1723 3432 1797 posset

1838 1827 2118 1881 oculorum
2154 1826 2433 1880 infirmitas
2460 1823 2727 1878 intervalli
2766 1819 3151 1892 longitudinem
3194 1818 3428 1888 assequi.

1841 1918 2128 1990 Propterea
2153 1918 2438 1972 astiterunt
2485 1916 2691 1987 angeli,
2721 1914 2810 1984 qui
2863 1914 3120 1968 docerent
3165 1911 3432 1966 ascensio-

1838 2025 1964 2066 nem
1987 2011 2038 2064 in
2061 2010 2271 2074 cadum,
2305 2024 2372 2064 ne
2400 2008 2786 2062 arbitrarentur
2816 2017 2938 2059 eum
2968 2003 3120 2074 qttasi
3152 2003 3204 2056 in
3241 2001 3432 2056 caelum

1839 2102 2152 2157 ascendisse
2195 2102 2363 2156 instar
2397 2100 2598 2163 llelitu;
2631 2097 2724 2152 sed
2768 2095 2910 2166 quod
2965 2109 3090 2150 vere
3133 2093 3186 2147 in
3243 2092 3432 2146 cadum

1839 2191 2144 2246 ascenderit
2166 2231 2181 2258 ,
2211 2191 2280 2245 ob
2334 2190 2385 2244 id
2434 2190 2508 2244 ait
2536 2205 2549 2242 :
2584 2188 2686 2254 Qui
2711 2194 3001 2254 assumptus
3029 2193 3103 2238 est
3137 2200 3170 2236 a
3218 2182 3353 2236 vobis
3381 2185 3431 2235 in

1839 2285 2040 2340 caelum.
2091 2284 2275 2353 Neque
2313 2284 2458 2338 enim
2503 2281 2603 2335 hoc
2651 2278 2966 2348 simpliciter
3007 2276 3270 2346 adjectum
3324 2271 3428 2330 est.

1839 2376 2091 2445 Quinitno
2121 2376 2298 2431 Helias
2331 2384 2599 2442 tamquam
2652 2372 2705 2426 in
2735 2370 2924 2426 caelum
2968 2377 3274 2437 assumptus
3302 2377 3384 2421 est
3416 2385 3430 2422 :

1840 2483 2030 2525 servus
2056 2471 2200 2524 enim
2239 2477 2389 2531 erat;
2419 2467 2577 2522 .lesus
2603 2473 2782 2519 autem
2826 2466 2879 2517 in
2907 2463 3131 2527 caelum,-
3165 2461 3285 2531 quia
3325 2460 3431 2512 llos

1840 2563 2015 2616 minus
2054 2571 2168 2617 erat
2202 2580 2214 2614 :
2245 2561 2334 2614 ille
2365 2561 2416 2614 in
2465 2574 2626 2613 curru
2671 2558 2845 2627 igneo,
2883 2555 2968 2610 hic
2999 2556 3052 2609 in
3093 2554 3253 2608 nube.
3299 2552 3432 2606 Nam

1839 2653 2052 2724 quando
2080 2667 2291 2707 servum
2325 2651 2499 2705 vocari
2529 2649 2830 2718 Oporlebat,
2861 2660 3050 2702 currus
3082 2646 3426 2708 mittebatur;

1843 2746 2057 2814 quando
2087 2752 2266 2798 autem
2308 2741 2520 2807 Filium,
2556 2743 2781 2794 thronus
2822 2738 3054 2808 regalis;
3088 2752 3262 2806 neque
3306 2737 3432 2789 sinu

1841 2835 2050 2906 pliciter
2069 2833 2291 2888 thronus
2317 2832 2531 2902 regalis,
2563 2831 2657 2885 sed
2679 2831 2905 2899 ipsemet
2925 2837 3196 2898 paternus.
3223 2826 3433 2881 Etenim

1801 2977 1816 2988 .
1840 2928 1910 2988 de
1937 2928 2096 2983 Patre
2124 2930 2199 2980 ait
2230 2925 2391 2980 Isaias
2422 2944 2435 2979 :
2466 2923 2597 2978 Ecce
2619 2921 2873 2977 Dominus
2899 2921 3035 2975 sedet
3068 2936 3219 2989 super
3247 2919 3428 2972 nubent

1844 3017 2174 3089 levem(lsai.
2201 3017 2402 3087 19.1).
2435 3016 2568 3083 Quia
2615 3029 2742 3086 ergo
2763 3014 2922 3068 Pater
2976 3014 3028 3066 in
3073 3014 3213 3067 nube
3260 3011 3432 3080 sedet,

1841 3111 1964 3166 ideo
2017 3121 2068 3164 et
2117 3108 2251 3163 Filio
2302 3109 2496 3164 nubem
2547 3106 2713 3161 misit.
2760 3108 2936 3174 Atque
2990 3104 3169 3159 Helias
3215 3103 3430 3172 quidem

1845 3202 2144 3258 ascendens
2184 3201 2393 3255 ovinam
2424 3199 2620 3268 pellem
2670 3211 2833 3267 super
2878 3196 3128 3250 Elisaeum
3172 3193 3432 3260 demisit,

1841 3295 1998 3353 Jesus
2018 3302 2200 3350 autem
2230 3291 2525 3348 ascendens
2549 3290 2840 3360 gratiarum
2869 3287 3008 3342 dona
3047 3287 3099 3341 in
3135 3286 3428 3356 discipulos

1842 3387 2078 3454 demisit,
2098 3402 2202 3440 non
2235 3400 2397 3439 unum
2424 3383 2738 3453 prepltelam
2767 3380 3036 3446 facientia,
3067 3377 3160 3434 sed
3191 3379 3425 3432 intinitos

1845 3478 2092 3544 Etisaaos,
2120 3485 2279 3547 atque
2319 3474 2456 3530 adeo
2482 3474 2573 3528 illo
2626 3471 2794 3528 multo
2825 3471 3056 3542 majores
3089 3481 3143 3526 et
3182 3471 3434 3525 illustria:
3471 3491 3474 3496 -

1842 3583 1951 3624 res.
1999 3570 2362 3639 Exsurgamus
2405 3566 2587 3638 igitur,
2614 3564 2966 3626 dilectissimi,
3008 3573 3063 3618 et
3090 3563 3155 3616 ad
3206 3563 3434 3617 reditum

1844 3659 1994 3715 illum
2021 3659 2206 3714 oculos
2245 3659 2440 3713 mentis
2487 3655 2796 3727 dirigamus.
2823 3655 3035 3711 Etenim
3077 3654 3270 3709 Paulus
3313 3655 3386 3708 ait
3420 3662 3432 3707 ὲ

1845 3751 1966 3822 Ipse
1993 3750 2253 3804 descendet
2277 3749 2341 3804 de
2365 3749 2500 3804 caelis
2519 3791 2532 3814 ,
2564 3749 2617 3802 in
2647 3749 2794 3819 jussu
2816 3789 2831 3814 ,
2861 3749 2914 3801 in
2943 3763 3059 3801 voce
3101 3747 3392 3815 archangeli
3415 3752 3432 3800 ἐ

1843 3854 1891 3898 et
1913 3859 2003 3897 nos
2030 3843 2116 3910 qui
2137 3844 2344 3896 vivimus
2365 3851 2410 3896 et
2437 3841 2624 3895 residui
2652 3858 2846 3906 sumus,
2879 3839 3075 3894 obviam
3105 3841 3359 3908 rapientur
3380 3841 3433 3894 in

1843 3934 2058 3988 nubibus
2098 3935 2151 3987 in
2199 3947 2462 3987 occursum
2510 3931 2718 3984 Domini
2753 3931 2807 3984 in
2842 3946 2982 3996 aera,
3027 3941 3079 3984 at
3106 3945 3210 3984 non
3241 3944 3432 3984 omnes

1848 4025 1925 4095 (1.
1949 4023 2124 4080 Thess.
2159 4026 2210 4080 4.
2239 4026 2325 4080 15.
2359 4025 2468 4095 16).
2501 4023 2653 4089 Quod
2695 4032 2873 4077 autem
2921 4037 3027 4077 non
3050 4038 3236 4077 omnes
3263 4025 3435 4092 rapiev

1846 4131 1987 4183 mur,
2016 4115 2110 4170 sed
2153 4115 2244 4169 alii
2290 4115 2623 4183 pet-mansuri
2675 4115 2815 4179 sint,
2847 4113 2938 4167 alii
2987 4128 3112 4168 vero
3154 4114 3431 4182 rapiendi,

1848 4207 1972 4261 audi
2019 4207 2144 4278 quid
2171 4207 2314 4262 dicat
2346 4206 2590 4261 Christus
2619 4219 2638 4259 :
2665 4204 2806 4258 Tunc
2840 4205 3158 4259 invenientur
3181 4206 3296 4260 dua:
3323 4223 3436 4259 inoo

1846 4300 2001 4353 lentes
2026 4301 2079 4352 in
2111 4300 2265 4366 mola,
2293 4315 2393 4352 una
2423 4308 2726 4364 assumetur,
2755 4307 2801 4351 et
2823 4315 2923 4350 una
2949 4299 3260 4368 relinquetur
3287 4315 3305 4352 :
3331 4301 3431 4352 duo

1845 4388 1899 4442 in
1951 4389 2076 4444 lecto
2129 4405 2232 4443 uno
2277 4397 2450 4455 erunt,
2500 4401 2633 4442 unus
2677 4398 2980 4454 assumetur,
3009 4398 3055 4441 et
3095 4405 3226 4443 unus
3267 4390 3427 4443 relin-

1845 4491 2026 4553 quetur
2072 4479 2300 4554 (Matth.
2353 4481 2444 4535 24.
2471 4480 2561 4536 40.
2584 4479 2699 4552 61).
2731 4479 2866 4548 Quid
2911 4480 3010 4535 sibi
3069 4481 3178 4535 vult
3206 4483 3429 4552 aenigma

1845 4575 1986 4632 istud
2011 4574 2034 4628 ἲ
2063 4574 2187 4645 quid
2221 4575 2441 4630 denotat
2475 4573 2785 4646 mysterium
2815 4573 2916 4628 hoc
2937 4573 3308 4628 reconditum?
3331 4574 3434 4628 Per

1846 4667 2044 4722 molam
2073 4682 2259 4721 omnes
2295 4666 2349 4720 in
2377 4675 2692 4736 paupertate
2719 4675 2770 4720 et
2800 4665 3014 4720 miseria
3061 4667 3298 4720 viventes
3339 4677 3436 4720 no-

1847 4755 1932 4812 bis
1991 4756 2360 4822 demonstrat;
2408 4773 2502 4826 per
2558 4757 2754 4812 lectum
2832 4766 3009 4811 autem
3065 4773 3127 4811 ac
3194 4759 3434 4827 requiem

1847 4859 2068 4905 cunctos
2098 4850 2294 4904 divitiis
2324 4848 2640 4916 afﬂuentes,
2673 4859 2728 4905 et
2771 4848 3063 4904 honoribus
3107 4851 3431 4918 conspicuus

1849 4942 2026 4997 innuit
2057 4959 2070 4996 :
2103 4941 2394 5010 volensque
2447 4940 2735 4996 ostendere
2785 4943 2946 4996 etiam
2996 4956 3064 4997 ex
3117 4944 3439 5013 pauperibus

1851 5033 2137 5088 salvandos
2175 5032 2290 5088 fore
2319 5042 2480 5104 atque
2507 5033 2808 5103 perdendos
2830 5075 2844 5099 ,
2874 5034 3007 5089 dixit
3035 5035 3173 5104 quod
3205 5035 3258 5089 in
3295 5036 3436 5089 mola

1849 5141 1952 5179 una
1981 5134 2304 5191 assumetut‘,
2332 5135 2384 5179 et
2407 5141 2508 5179 una
2541 5126 2910 5196 relinquetur;
2941 5136 2994 5181 et
3041 5141 3226 5180 eorum
3264 5128 3352 5195 qui
3381 5127 3432 5180 in

1851 5219 1990 5274 lecto
2035 5227 2190 5272 erunt
2237 5232 2375 5273 unus
2421 5229 2757 5284 assutnctur,
2788 5228 2842 5276 et
2891 5233 3028 5273 unus
3080 5218 3431 5287 relinquetur,

1849 5310 2124 5367 declarare
2153 5311 2362 5377 volens,
2392 5311 2534 5381 quod
2563 5321 2872 5381 peccatores
2893 5309 3105 5379 quidem
3146 5309 3230 5363 hic
3271 5310 3435 5364 relin-

1850 5411 2118 5473 quantur,
2171 5403 2486 5472 supplicium
2528 5411 2941 5472 exspectantes;
2984 5400 3112 5469 justi
3155 5409 3332 5454 autem
3379 5402 3432 5455 in

1852 5495 2021 5550 nubes
2045 5495 2338 5565 rapiantur.
2368 5496 2518 5550 Sicut
2546 5495 2688 5549 enim
2714 5509 2839 5563 rege
2865 5493 3044 5560 aliquo
3080 5491 3133 5544 in
3163 5491 3432 5547 civitatem

1852 5586 2156 5642 introeunte
2180 5628 2195 5652 ,
2229 5586 2318 5640 alii
2346 5586 2560 5657 quidem
2603 5585 2654 5638 in
2685 5582 3030 5654 dignitatibus
3069 5589 3228 5651 atque
3268 5582 3434 5636 honoo

1851 5675 2003 5729 ribus
2043 5675 2338 5742 constituti,
2362 5685 2416 5730 et
2441 5674 2531 5744 qui
2573 5675 2860 5744 plurimum
2901 5671 3072 5741 gratia
3113 5671 3250 5742 apud
3283 5672 3432 5726 illum

1787 5825 1806 5847 l
1853 5765 2035 5823 valent
2057 5806 2072 5836 ,
2103 5776 2261 5824 extra
2289 5766 2556 5824 civitatem
2587 5766 2634 5821 ei
2662 5763 3072 5837 progrediuntur
3099 5763 3330 5831 obviam,
3358 5754 3434 5818 rei
