3908 6300
502 402 600 467 451
1251 406 1308 460 S.
1340 398 1617 461 JOANNIS
1654 402 2127 459 CHRYSOSTOMI
2155 402 2471 458 AliClllEl’.
2514 399 3041 461 CONSTANTINOP.

503 530 681 576 antem
712 527 764 574 et
788 518 1096 574 criminibus
1123 517 1338 572 obnoxii
1371 517 1513 571 intus
1539 525 1842 579 servantur,
1873 527 2091 571 senten-

506 613 631 666 tiam
660 627 689 665 a
721 626 842 681 rege
862 618 1236 680 exspectantes
1261 626 1274 661 :
1305 610 1376 663 ita
1404 609 1564 662 etiam
1594 608 1808 676 quando
1841 607 2093 661 Dominus

505 704 810 769 advenerit,
837 704 926 757 alii
953 703 1171 773 quidem
1212 700 1303 771 qui
1329 700 1579 755 fiduciam
1622 700 1858 767 habent,
1893 701 1944 754 in
1974 715 2091 755 me-

502 796 647 851 dium
679 798 727 851 ei
760 805 1042 850 occurrent
1070 810 1248 850 aerem
1275 835 1291 861 ,
1332 793 1572 848 damnati
1605 808 1733 848 vero
1754 802 1808 848 et
1834 793 1925 863 qui
1956 794 2092 848 mul-

503 898 676 941 torum
729 886 829 941 sibi
858 887 1058 942 conscii
1104 885 1303 941 fuerint
1332 894 1671 955 peccatorum
1696 926 1712 953 ,
1742 886 1828 940 hic
1870 895 2092 956 prtesto-

499 977 749 1031 labnntur
770 976 1028 1045 judicem.

568 1068 910 1139 Chrysostomi
957 1069 1233 1124 humilitas.
1261 1098 1334 1109 —
1361 1067 1510 1122 Tunc
1540 1076 1595 1123 et
1632 1080 1731 1124 nos
1768 1069 2033 1139 rapiemur
2071 1087 2086 1126 :

490 1173 604 1213 non
649 1158 893 1228 equidem
936 1158 1195 1228 meipsum
1223 1158 1278 1213 in
1298 1173 1579 1213 numerum
1622 1172 1683 1213 ac
1709 1159 1967 1214 calculum
2005 1175 2092 1214 ra-

487 1248 808 1320 piendorum
844 1248 1083 1306 referens
1110 1250 1256 1316 dixi,
1284 1249 1428 1305 Nos:
1453 1265 1558 1304 non
1590 1250 1835 1321 equidem
1871 1253 1942 1306 ita
1972 1267 2090 1307 sum

495 1352 688 1409 expers
714 1356 901 1395 sensus
922 1356 985 1397 ac
1008 1341 1252 1407 rationis,
1274 1351 1330 1395 ut
1351 1342 1561 1411 propria
1585 1341 1821 1412 ignorem
1850 1353 2087 1413 peccata.

494 1422 561 1484 Et
592 1431 689 1484 nisi
715 1435 823 1500 jam
852 1439 1147 1486 metuerem
1173 1431 1493 1486 conturbare
1534 1431 1769 1486 laetitiam
1811 1435 2090 1501 praesentis

494 1520 818 1591 festivitatis,
843 1522 1026 1578 fierem
1052 1538 1180 1578 sane
1195 1523 1548 1589 amarissime,
1570 1524 1722 1579 istius
1738 1524 1862 1579 dicti
1886 1541 2092 1580 memor

494 1622 548 1667 et
586 1627 703 1669 mea
737 1624 952 1684 peccata
992 1615 1044 1668 in
1086 1615 1398 1669 memoriam
1436 1628 1715 1670 revocans.
1745 1615 1879 1671 Cum
1910 1625 2087 1671 autem

495 1706 773 1772 praesentis
819 1704 937 1759 festi
972 1704 1219 1759 ltctitiam
1263 1704 1591 1761 confundere
1621 1706 1783 1761 nolim
1811 1750 1826 1774 ,
1860 1707 1947 1763 hic
1972 1724 2088 1763 ser-

493 1810 707 1849 monem
730 1790 936 1861 'finiam,
961 1797 1226 1868 vigentem
1253 1811 1318 1851 ac
1345 1806 1614 1853 recentem
1644 1798 1795 1853 vobis
1817 1799 1959 1853 illius
1983 1800 2089 1855 diei

497 1889 809 1943 memoriam
857 1889 1200 1959 relinquens,
1224 1903 1298 1944 ne
1324 1890 1580 1959 glorietur
1607 1889 1756 1945 dives
1802 1890 1853 1944 in
1894 1890 2093 1947 divitiis

494 1983 627 2046 suis,
659 1997 829 2052 neque
860 1997 1061 2052 pauper
1088 1982 1322 2050 seipsum
1352 1982 1606 2037 miserum
1638 1992 1851 2052 reputet
1878 1984 1929 2037 in
1960 1998 2093 2053 pau-

492 2082 694 2141 pertate
720 2088 834 2138 sua,
866 2074 958 2127 sed
983 2075 1205 2143 quisque
1233 2083 1388 2143 prout
1412 2075 1510 2129 sibi
1551 2075 1794 2129 conscius
1813 2074 1990 2141 fuerit,
2011 2075 2092 2129 vel

494 2163 597 2219 hoc
620 2206 635 2230 ,
669 2165 748 2220 vel
776 2164 907 2219 illud
955 2164 1132 2219 faciat.
1166 2165 1346 2235 Neque
1374 2166 1515 2220 enim
1547 2165 1695 2220 dives
1724 2164 1844 2220 felix
1873 2207 1888 2231 ,
1923 2180 2093 2235 neque

478 2270 695 2325 pauper
718 2256 1036 2311 miserabilis
1070 2274 1082 2308 :
1115 2256 1207 2311 sed
1235 2256 1443 2320 beatus,
1478 2256 1585 2310 imo
1614 2256 1973 2321 beatissimus,
2003 2257 2092 2325 qui

493 2355 644 2415 raptu
682 2347 777 2401 illo
799 2348 850 2401 in
880 2347 1110 2401 nubibus
1137 2347 1347 2402 habitus
1377 2347 1534 2402 fuerit
1558 2346 1748 2417 dignus
1768 2386 1783 2414 ,
1814 2347 1934 2402 licet
1970 2363 2089 2402 om-

3694 407 3800 463 ‘52

2203 517 2346 572 nium
2402 519 2559 573 fuerit
2612 520 3501 590 pauperrimus:quemadmodum
3555 523 3797 580 vicissim

2200 609 2288 676 qui
2316 607 2607 670 exciderit,
2636 610 2800 663 miser
2819 650 2832 673 ,
2865 610 2971 663 imo
2998 611 3331 666 miserrimus
3354 653 3369 676 ,
3400 612 3645 682 quamvis
3672 629 3798 667 om-

2201 698 2346 752 nium
2387 700 2455 754 sit
2479 699 2789 753 ditissimus.
2835 700 3121 771 Propterea
3149 699 3270 755 dico
3293 743 3308 769 ,
3342 713 3398 756 ut
3433 704 3521 773 qui
3561 707 3802 773 peccatis

2199 787 2412 842 obnoxii
2439 803 2642 856 sumus,
2672 788 2944 859 lugeamus
2970 804 3066 845 nos
3094 791 3236 861 ipsos
3263 811 3275 846 :
3298 800 3349 846 at
3374 793 3463 863 qui
3486 794 3640 849 bonis
3666 810 3801 864 ope-

2200 878 2349 933 ribus
2382 880 2584 935 clarent
2606 921 2620 946 ,
2653 881 2962 946 confidant;
2991 884 3099 937 imo
3126 898 3230 937 non
3259 884 3430 938 solum
3474 886 3750 940 confidant
3781 928 3798 951 ,

2200 968 2293 1023 sed
2319 979 2375 1023 et
2400 970 2785 1026 confirmentur
2810 990 2823 1026 :
2848 988 3019 1042 neque
3048 972 3122 1027 illi
3151 973 3364 1043 lugeant
3389 974 3583 1039 solum,
3612 976 3709 1031 sed
3741 986 3799 1031 et

2201 1069 2470 1115 mutentur
2504 1076 2566 1116 ac
2591 1071 2985 1118 convertantur.
3015 1063 3163 1121 Licet
3188 1067 3330 1119 enim
3359 1074 3413 1121 et
3438 1067 3508 1132 ei,
3536 1068 3624 1136 qni
3654 1070 3796 1123 male

2198 1150 2362 1204 vitam
2416 1151 2598 1216 ducit,
2630 1153 2867 1222 improba
2912 1156 3205 1223 postposita
3255 1156 3393 1220 vita,
3423 1156 3489 1211 ad
3538 1159 3795 1213 virtutem

2201 1244 2464 1310 transire,
2494 1244 2663 1314 iisque
2694 1246 2783 1315 qui
2812 1260 2843 1299 a
2881 1246 3141 1315 principio
3166 1246 3302 1302 bene
3323 1248 3605 1315 vixerunt,
3636 1250 3795 1304 simi-

2199 1333 2303 1389 lem
2344 1334 2491 1401 fieri;
2519 1336 2660 1406 quod
2704 1346 2758 1391 et
2802 1352 2901 1392 nos
2929 1337 3256 1393 Studeamus.
3287 1340 3352 1392 Et
3388 1341 3475 1409 qui
3507 1341 3660 1395 bonae
3689 1342 3790 1397 sibi

2198 1428 2396 1481 conscii
2438 1427 2633 1482 fuerint
2667 1429 2786 1484 vitae
2810 1471 2824 1495 ,
2853 1430 2905 1484 in
2948 1430 3143 1499 pietate
3179 1440 3563 1499 perseverent,
3595 1432 3793 1487 bonam

2200 1518 2338 1574 hanc
2360 1522 2750 1589 possessionem
2777 1536 2989 1591 semper
3010 1530 3286 1591 augentes,
3312 1532 3366 1576 et
3392 1522 3552 1590 priori
3583 1521 3792 1579 fiducita

2198 1609 2397 1681 aliquid
2433 1611 2685 1679 continuo
2711 1610 3005 1666 addentes:
3032 1612 3119 1682 qui
3149 1621 3326 1667 autem
3356 1610 3660 1668 diftidentes
3695 1629 3793 1668 su-

2199 1714 2318 1754 mus
2332 1716 2395 1755 ac
2414 1701 2601 1767 timidi,
2627 1702 3016 1772 multorumque
3032 1703 3184 1756 nobis
3207 1713 3542 1773 peccatorum
3564 1704 3788 1769 conscii,

2202 1800 2471 1847 mutemur
2500 1793 2552 1847 in
2594 1793 2815 1857 melius;
2845 1802 2901 1848 ut
2927 1793 2992 1848 ad
3034 1794 3244 1848 illorum
3290 1809 3501 1864 quoque
3544 1794 3790 1849 fiduciam

2204 1885 2599 1955 pertingentes,
2647 1887 2847 1954 pariter
2888 1886 3065 1939 cuncti
3121 1894 3281 1956 atque
3331 1886 3611 1941 unanimes
3666 1900 3791 1939 cum

2200 1975 2378 2031 debita
2423 1976 2591 2046 gloria
2638 1977 2949 2047 angelorum
3003 1977 3203 2047 Regem
3257 1977 3631 2045 suscipiamus,
3652 1970 3791 2030 bea-

2201 2078 2358 2140 taque
2386 2070 2472 2123 illa
2503 2070 2683 2124 laetitia
2722 2070 3057 2139 perfruamur
3087 2069 3140 2122 in
3169 2067 3381 2122 Christo
3408 2068 3533 2123 Jesu
3562 2068 3792 2121 Domino

2203 2172 2419 2228 nostro,
2451 2163 2535 2217 cui
2560 2163 2724 2232 gloria
2764 2172 2814 2216 et
2860 2162 3143 2232 imperium
3181 2175 3303 2215 cum
3345 2160 3501 2214 Patre
3525 2168 3580 2215 et
3603 2171 3791 2213 sancto

2201 2253 2431 2323 Spiritu,
2464 2269 2603 2309 nunc
2643 2263 2697 2309 et
2733 2269 2979 2324 semper,
3025 2265 3079 2308 et
3125 2255 3177 2307 in
3218 2253 3410 2308 saecula
3446 2252 3787 2307 stcculorutn.

2200 2348 2391 2402 Amen.

496 2662 3752 2717 ἀπ-Μ

1948 2913 2299 2975 MONITUM

540 3128 623 3184 ’ln
654 3130 872 3187 homilia
902 3131 1095 3201 quinta
1125 3132 1190 3189 de
1208 3130 1369 3189 Anna
1428 3132 1700 3188 Samuelis
1728 3141 1922 3199 matre,
1954 3134 2204 3203 queritur
2244 3134 2397 3189 initio
2419 3132 2867 3206 Chrysostomus,
2912 3150 2971 3192 se
3004 3134 3331 3206 prascedenti
3367 3133 3632 3191 concione
3662 3136 3752 3191 die

480 3246 848 3303 'Pentecostes
872 3248 1055 3303 habita
1090 3248 1295 3305 frustra
1317 3249 1619 3316 monuisse,
1666 3265 1777 3304 non
1811 3250 2005 3305 diebus
2048 3251 2223 3305 solum
2256 3248 2437 3313 festis,
2474 3251 2566 3306 sed
2600 3252 2764 3306 etiam
2802 3251 2924 3307 aliis
2955 3266 3049 3321 per
3077 3266 3281 3306 annum
3316 3253 3607 3308 ecclesiam
3635 3268 3757 3309 esse

484 3356 949 3431 frequentandam
984 3379 999 3415 :
1036 3376 1099 3416 ea
1125 3376 1254 3416 vero
1288 3362 1354 3417 de
1384 3377 1442 3417 re
1485 3362 1656 3417 multa
1687 3361 1855 3416 verba
1885 3361 2013 3416 facit
2054 3359 2480 3432 Chrysostomus
2539 3361 2695 3417 initio
2725 3362 2923 3431 prioris
2954 3360 3008 3415 in
3066 3360 3423 3420 Pentecosten
3485 3365 3751 3429 homilite,

484 3479 648 3535 unde
678 3479 863 3534 statim
898 3476 1144 3534 videatur
1168 3479 1296 3534 hinc
1324 3479 1585 3550 temporis
1608 3479 1854 3535 calculus
1890 3479 1998 3549 peti
2027 3493 2206 3549 posse.
2231 3475 2433 3533 Verum
2472 3478 2597 3533 huic
2621 3478 2863 3548 opinioni
2886 3478 3185 3534 reclamant
3212 3496 3296 3544 ea,
3328 3495 3449 3551 quae
3472 3498 3594 3538 mox
3626 3484 3759 3539 sub-

491 3592 615 3661 jicit
644 3591 1075 3663 Chrysostomus
1102 3592 1154 3647 in
1196 3591 1418 3646 homilia
1450 3592 1538 3646 illa
1568 3593 1634 3647 de
1660 3593 1838 3647 Anna.
1873 3591 1939 3646 In
1985 3593 2082 3647 hoc
2107 3594 2265 3659 enim,
2298 3591 2495 3663 inquit,
2524 3594 2664 3649 vobis
2698 3596 3221 3650 commemoravimus
3252 3597 3423 3665 ﬁlium
3452 3599 3603 3652 illum
3660 3616 3759 3668 pa-

474 3712 771 3758 ternarum
804 3705 1124 3774 facultatum
1163 3708 1574 3778 absumptorem,
1610 3711 1820 3765 tandem
1853 3712 1921 3764 ad
1972 3722 2251 3781 paternam
2300 3713 2513 3766 domum
2541 3712 2867 3781 postliminio
2899 3730 3181 3779 reversum,
3219 3717 3616 3789 universumque
3641 3722 3755 3790 ejus

496 3818 791 3886 miseriam,
829 3820 1046 3890 famem,
1075 3820 1319 3889 dedecus,
1374 3825 1679 3894 opprobria,
1725 3835 1774 3880 et
1823 3828 2079 3898 quidquid
2115 3828 2255 3897 apud
2283 3838 2487 3882 exteros
2517 3827 2757 3897 pertulit,
2786 3829 3106 3885 adduximus
3147 3831 3199 3884 in
3244 3832 3491 3897 medium,
3551 3844 3608 3888 ut
3658 3836 3754 3892 hoc

496 3934 735 4003 exemplo
760 3936 829 3989 ad
852 3937 1187 3993 sobrietatem
1215 3956 1304 3994 vos
1335 3941 1707 4013 redigeremus.
1737 3942 1861 3999 Htcc
1898 3954 2006 3998 tam
2036 3946 2207 4000 multa
2238 3960 2295 3999 se
2332 3944 2584 3999 retulisse
2611 3944 2743 4000 dicit
2767 3944 2820 3999 in
2856 3942 2968 4011 illa,
3002 3962 3164 4016 quam
3196 3960 3479 4016 memorat,
3510 3950 3577 4006 de
3610 3949 3755 4008 Pen-

482 4056 700 4103 tecoste
753 4050 975 4107 homilia
1024 4072 1045 4107 ί
1082 4069 1316 4124 quorum
1351 4072 1419 4111 ne
1440 4057 1546 4130 γρῦ
1580 4059 1801 4128 quidem
1836 4060 1888 4113 in
1919 4060 2021 4115 hac
2050 4064 2313 4116 occurrit.
2349 4060 2715 4129 Quamobrem
2748 4061 2865 4117 haec
2893 4061 2960 4117 ad
2984 4062 3144 4117 aliam
3168 4064 3439 4133 pertinere
3472 4066 3753 4126 homiliam

493 4182 655 4222 nemo
678 4173 973 4239 negaverit.
1008 4172 1194 4244 Neque
1220 4176 1273 4231 id
1298 4176 1498 4230 mirum
1530 4186 1615 4232 est
1640 4198 1651 4231 :
1684 4187 1792 4232 tam
1816 4178 2128 4248 frequenter
2151 4181 2293 4234 enim
2328 4180 2681 4250 conqueritur
2707 4179 3136 4253 Chrysostomus
3158 4180 3225 4236 de
3256 4182 3525 4251 paucitate
3550 4200 3756 4242 conve-

494 4283 760 4339 nientium
788 4287 840 4338 in
874 4286 1185 4353 ecclesiam,
1228 4299 1288 4345 ut
1321 4289 1482 4347 facile
1508 4296 1765 4362 potuerit,
1803 4295 2090 4350 duodecim
2130 4311 2422 4364 annorum,
2458 4296 2659 4369 quibus
2689 4298 2994 4355 Antiochiae
3016 4300 3374 4357 concionatus
3403 4311 3504 4366 est,
3543 4307 3753 4373 spatio,

480 4397 548 4452 ein
581 4398 1024 4455 solemnitatibus
1048 4399 1404 4462 Pentecostes
1435 4406 1681 4462 eamdem
1716 4409 2114 4478 querimoniam
2143 4412 2346 4483 pluries
2382 4422 2645 4483 repetere.

563 4488 683 4572 Non
711 4533 875 4589 parva
904 4529 1085 4575 autem
1120 4522 1295 4578 oritur
1325 4524 1616 4582 difﬁcultas
1640 4542 1705 4582 ex
1729 4533 2140 4587 enumeratione
2189 4534 2550 4605 insigniorum
2605 4534 2980 4603 festivitatum,
3007 4550 3145 4607 quas
3195 4536 3301 4591 sub
3330 4535 3548 4590 initium
3584 4537 3755 4609 hujus

494 4633 777 4689 concionis
804 4644 1199 4691 commemorat
1224 4654 1237 4691 :
1272 4638 1345 4694 ibi
1371 4656 1610 4712 namque
1633 4643 1831 4712 prima,
1859 4647 2074 4718 πρώτη,
2108 4648 2310 4705 dicitur
2332 4665 2451 4706 esse
2482 4650 2798 4723 Epiphania:
2826 4650 3127 4717 festivitas;
3162 4650 3400 4705 secunda
3428 4650 3753 4718 Paschatis;

486 4747 656 4802 tertia
681 4745 1047 4803 Pentecostes.
1078 4748 1352 4814 Quaeritur
1381 4766 1511 4807 vero
1543 4768 1641 4808 cur
1664 4751 1871 4809 Natalis
1902 4754 2107 4813 Christi
2144 4759 2542 4815 solemnitatem
2570 4762 2785 4817 omittat
2812 4762 3259 4833 Chrysostomus,
3295 4768 3351 4817 et
3381 4776 3477 4816 cur
3509 4760 3756 4833 Epipha-

496 4864 587 4919 nia
625 4864 800 4933 prima
832 4875 1087 4937 ponatur.
1122 4866 1258 4922 Cum
1292 4869 1437 4923 enim
1459 4876 1668 4925 certum
1701 4872 2153 4947 exploratumque
2192 4878 2264 4933 sit
2291 4878 2433 4933 diem
2472 4878 2713 4934 Natalem
2741 4878 2940 4934 Christi
2973 4887 3216 4951 tempore
3243 4879 3623 4950 Chrysostomi
3648 4882 3761 4935 An-

489 4981 715 5037 tiochia:
744 4979 1071 5036 celebratam
1105 4978 1275 5036 fuisse
1302 4980 1373 5035 25
1411 4981 1743 5053 Decembris,
1779 4996 1834 5043 et
1860 4985 2220 5059 Epiphaniam
2269 5000 2422 5046 sexta
2449 4988 2719 5056 Januarii,
2747 5000 2893 5047 certe
2917 4991 3107 5047 debuit
3156 4993 3247 5048 ille
3276 4993 3393 5049 dies
3426 4992 3641 5049 Natalis
3700 4993 3756 5048 in

492 5097 813 5156 recensione
840 5097 1169 5167 memorari;
1216 5097 1327 5156 imo
1358 5097 1569 5171 primas
1597 5109 1782 5162 tenere
1807 5123 1821 5161 :
1846 5121 1971 5162 nam
2016 5122 2139 5163 cum
2169 5106 2495 5163 Antiocheni
2522 5120 2725 5163 annum
2758 5108 3100 5177 inchoarent,
3148 5119 3208 5166 ut
3248 5110 3511 5177 creditur,
3564 5126 3755 5170 mense
