3908 6300
108 408 212 459 ΑΕΗ

109 518 222 587 πρὸ
238 515 339 585 τῆς
368 516 574 579 πόλεως
595 517 897 581 ἐξελθόντες
917 518 1248 581 ἀπαντῶσιν,
1267 520 1316 571 οἱ
1337 518 1391 571 δὲ
1411 520 1689 573 κατάδικοι

112 600 207 652 καὶ
245 600 295 649 ot
330 599 789 670 κατακεκριμένοι
816 600 963 653 ἔνδον
998 601 1355 669 φυλάττονται
1382 602 1477 672 τὴν
1514 602 1691 671 ψῆφον

110 682 212 752 τὴν
240 680 392 752 παρά
424 681 518 734 τοῦ
547 681 809 751 βασιλέως
834 683 1194 753 ἀναμένοντες
1218 701 1231 714 ·
1265 683 1407 736 οὕτω
1434 686 1525 737 καὶ
1567 686 1692 737 ὅταν

108 770 138 820 ὁ
169 767 376 838 Κύριος
402 767 792 838 παραγίνηται,
815 771 863 821 οἱ
896 770 996 839 μὲν
1023 771 1338 841 παρρησίαν
1372 770 1582 840 ἔχοντες
1614 772 1693 834 εἱς

116 850 283 918 μέσον
310 848 459 918 αὐτῷ
496 850 777 903 ἀπαντῶσι
802 851 893 904 τὸν
922 852 1081 922 ἀέρα,
1110 854 1159 904 οἱ
1186 852 1243 905 δὲ
1291 852 1571 911 κατάδικοι
1600 856 1693 906 καὶ

113 930 289 984 πολλὰ
316 932 530 995 ἑαυτοῖς
574 933 875 993 συνειδότες
902 936 1278 1006 ἁμαρτήματα
1308 936 1540 990 ἐνταῦθα
1569 938 1696 989 ἀνα-

118 1012 341 1081 μένουσι
369 1012 461 1066 τὸν
479 1013 762 1086 δικαστήν.
781 1016 913 1069 Τότε
938 1017 1029 1069 καὶ
1057 1019 1217 1088 ἡμεῖς
1238 1020 1689 1089 ἁρπαγησόμεθα·

113 1096 216 1147 οὐκ
246 1095 483 1164 ἐμαυτὸν
506 1097 757 1167 ἀριθμῶν
782 1101 860 1163 είς
887 1101 985 1169 τὴν
1021 1101 1201 1169 ψῆφον
1228 1101 1335 1156 τῶν
1376 1102 1693 1174 ἁρπαζομέ-

113 1196 225 1231 νων
255 1176 409 1249 [456]
435 1176 611 1243 εἷπον,
660 1183 821 1252 ἡμεῖς
840 1198 854 1211 ⁸
882 1183 980 1253 οὐχ
1024 1182 1197 1246 οὕτως
1222 1185 1547 1255 ἀναίσθητός
1579 1189 1694 1255 είμι

114 1263 212 1313 καὶ
240 1260 531 1332 ἀγνώμων,
557 1264 632 1327 ὡς
661 1268 873 1333 ἀγνοεῖν
902 1266 972 1319 τά
1008 1269 1180 1319 οἰκεῖα
1207 1268 1599 1339 ἁμαρτήματα.
1631 1270 1695 1321 Εἰ

114 1344 228 1414 γὰρ
260 1343 335 1414 μὴ
367 1345 695 1417 συνταράξαι
721 1347 1031 1419 ἐφοϐούμην
1058 1349 1155 1418 τὴν
1183 1349 1373 1419 ἡδονὴν
1425 1350 1522 1419 τῆς
1550 1367 1694 1423 παρ-

113 1426 285 1495 ούσης
337 1428 553 1499 ἑορτῆς,
607 1429 711 1483 κάν
752 1431 1026 1502 ἐδάκρυσα
1074 1432 1269 1502 πικρὸν
1310 1432 1514 1502 ταύτης
1565 1436 1695 1488 ἀνα-

117 1509 385 1579 μνησθεὶς
412 1510 513 1581 τῆς
544 1514 747 1583 φωνῆς,
792 1514 977 1585 ἐπειδὴ
1012 1515 1107 1567 καὶ
1132 1514 1239 1567 τῶν
1266 1516 1483 1570 οἰκείων
1518 1518 1697 1588 ἀμαρ-

112 1592 248 1644 τιῶν
280 1594 579 1665 ἐμνήσθην.
620 1595 839 1669 Ἐπειδὴ
872 1597 929 1649 δὲ
961 1599 1021 1650 οὑ
1068 1596 1324 1667 βούλομαι
1359 1602 1578 1669 συγχεῖν
1598 1601 1698 1671 τῆς

116 1675 402 1747 παρούσης
431 1678 622 1748 ἑορτῆς
643 1679 741 1751 τὴν
765 1680 1123 1751 εὐφροσύνην,
1158 1680 1388 1733 ἐνταῦθα
1410 1682 1699 1736 καταλύσω

115 1759 207 1813 τὸν
270 1759 451 1827 λόγον,
501 1760 853 1830 ἀκμάζουσαν
905 1763 1031 1833 ὑμῖν
1082 1764 1181 1833 τῆς
1229 1763 1443 1834 ἡμέρας
1485 1765 1697 1836 ἐκείνης

118 1841 220 1911 τὴν
271 1843 496 1912 μνήμην
550 1845 803 1914 ἐπαφεὶς,
847 1845 932 1897 ἵνα
990 1847 1124 1916 μήτε
1153 1848 1181 1898 ὁ
1215 1847 1467 1911 πλούσιος
1503 1848 1594 1901 ἐπὶ
1624 1850 1701 1920 τῷ

118 1924 340 1994 πλούτῳ
374 1927 565 1995 χαίρῃ,
605 1930 741 1998 μήτε
765 1929 793 1980 ὁ
836 1928 1003 1998 πένης
1024 1928 1115 1980 ἐπὶ
1246 1930 1405 2000 πενίᾳ
1440 1931 1699 2002 ταλανίζῃ

116 2007 345 2060 ἑαυτόνο
375 2009 754 2073 ἀλλ’ἒκαστος,
778 2011 869 2078 ἀφ’
889 2004 963 2063 ὧν
993 2011 1173 2081 ἐαυτῴ
1204 2011 1512 2084 σύνοιδεν,ἢ
1544 2015 1702 2068 τοῦτο

116 2090 151 2157 ἢ
183 2090 365 2142 ἐκεῖνο
393 2090 540 2161 ποιῇ.
582 2091 718 2145 Οὔτε
765 2092 874 2163 γὰρ
902 2095 929 2146 ὁ
965 2092 1218 2156 πλούσιος
1253 2096 1542 2166 μακάριος,
1578 2095 1701 2150 οὔτε

117 2173 146 2223 ὁ
196 2172 368 2242 πένης
398 2172 624 2236 ἐλεεινός
643 2194 656 2208 ο
684 2176 797 2230 ἀλλ’
825 2176 883 2239 ὃς
914 2176 1008 2229 ἐὰν
1054 2176 1152 2247 τῆς
1190 2178 1448 2248 ἁρπαγῆς
1481 2180 1697 2251 ἐκείνης

121 2254 433 2326 καταξιωθῇ
462 2257 561 2327 τῆς
592 2261 650 2312 ἐν
698 2258 967 2328 νεφέλαις,
1024 2259 1287 2331 μακάριος
1320 2262 1415 2314 καὶ
1456 2278 1688 2333 τρισμα⁸

1058 404 1145 461 DE
1179 398 1445 461 SANCTA
1476 404 1947 464 PENTECOSTE.
1980 392 2049 445 -λ-
2074 404 2408 463 MONITUM.

3264 399 3369 459 [5‘3

1792 522 2002 590 κάριος,
2041 520 2142 573 κᾶν
2175 521 2433 574 ἀπάντων
2480 504 2805 577 πενέστατος
2898 532 2907 542 '
2969 510 3160 587 ὥσπερ
3212 508 3304 570 οὖν
3332 506 3361 556 δ

1792 601 2075 666 ἐκπεσὼν,
2139 603 2370 667 ἐλεεινὸς
2422 603 2513 656 κα)⁸
2564 598 2893 671 τρισάθλιος,
2947 596 3050 652 κᾶν
3107 597 3395 657 ἁπάντων.

1793 684 2167 754 εὐπορώτατος
2310 684 2409 738 Διά
2442 684 2598 737 τοῦτο
2613 684 2775 750 λέγω,
2796 683 2884 734 ἴνα
2904 684 2950 733 οῖ
2989 684 3088 750 μὲν
3110 683 3167 733 ἐν
3193 683 3366 753 ἀμαρ.

1793 768 2029 836 τήμασιν
2063 768 2240 832 ὄντες,
2277 767 2567 838 θρηνῶμεν
2599 763 2824 827 ἑαυτούς
2848 780 2861 793 ·
2894 764 2943 815 οἱ
2974 762 3030 815 δὲ
3088 766 3145 816 ἐν
3174 780 3374 833 κατορ-

1794 850 2010 920 θώμασι
2062 848 2277 918 ζῶντες,
2310 850 2687 923 θαρῤείτωσαν
2734 847 3008 908 ἅπαντες·
3059 847 3256 915 μᾶλλον
3290 846 3367 906 δέ,

1798 934 1872 1005 μὴ
1916 934 2291 1006 θαρρείτωσαν
2333 936 2510 1005 μόνον,
2543 934 2679 986 ἀλλά
2720 934 2813 984 καὶ
2842 929 3325 999 ἁσφαλιζέσθωσαν
3353 951 3370 967 ο

1798 1019 1933 1087 μήτε
1965 1019 2161 1069 ἐκεῖνοι
2186 1016 2555 1088 θρηνείτωσαν
2588 1015 2765 1086 μόνον.
2789 1012 2923 1066 ἀλλά
2948 1013 3041 1064 καὶ⁹
3077 1011 3364 1068 μεταϐαλε-

1797 1099 2030 1153 σθωσαν.
2065 1099 2279 1163 Ἔξεστι
2308 1100 2411 1170 γὰρ
2448 1098 2658 1153 καὶτὸν
2700 1098 2757 1149 ἐν
2800 1095 2987 1165 κακία,
3030 1091 3371 1163 μεταστάντα

1795 1182 1895 1252 τῆς
1913 1183 2194 1252 πονηρίας,
2218 1182 2351 1253 πρὸς
2374 1180 2575 1251 ἀρετὴν
2602 1178 2936 1242 ἐπανελθεῖν,
2964 1180 3057 1231 καὶ
3080 1176 3371 1246 δυνηθῆναι

1797 1264 2046 1333 γενέσθαι
2085 1265 2189 1317 τῶν
2238 1264 2298 1330 ἐξ
2352 1264 2526 1334 ἀρχῆς
2586 1258 2644 1315 εὖ
2690 1261 3029 1331 βεϐιωκότων
3064 1260 3208 1313 ἴσον·
3238 1260 3373 1329 ὅπερ

1798 1347 1890 1399 καὶ
1919 1348 2077 1417 ἡμεῖς
2104 1346 2492 1416 σπουδάσωμεν
2514 1359 2526 1371 ·
2571 1345 2665 1397 καὶ
2696 1345 2744 1396 οἱ
2801 1344 2897 1413 μὲν
2925 1342 3127 1414 ἀρετὴν
3160 1342 3374 1404 ἑαυτοῖς
3468 1338 3481 1347 ’

1800 1430 2116 1494 συνειδότες,
2148 1428 2451 1499 μενέτωσαν
2475 1429 2567 1480 ἐπὶ
2580 1428 2675 1497 τῆς
2698 1428 2997 1490 εὐσεϐείας,
3015 1426 3268 1492 αὔξοντες
3288 1425 3376 1488 ἀεὶ

1797 1510 1953 1564 τοῦτο
1980 1511 2039 1562 τὸ
2083 1510 2245 1563 καλὸν
2269 1510 2473 1580 κτῆμα,
2492 1511 2584 1564 καὶ
2608 1512 2672 1581 τῇ
2694 1509 2975 1581 παρρησίᾳ
2995 1508 3373 1579 προστιθέντες

1798 1597 1864 1665 τῇ
1901 1593 2171 1665 προτέρᾳο
2223 1595 2270 1646 οἱ
2329 1594 2384 1647 δὲ
2419 1593 2881 1665 ἀπαρρησίαστοι,
2943 1593 3036 1645 καὶ
3078 1592 3372 1653 συνειδότες

1802 1680 2014 1741 ἐαυτοῖς
2037 1678 2409 1748 ἁμαρτήματα
2436 1678 2627 1741 πολλὰ,
2656 1674 3139 1747 μεταϐαλλώμεθα,
3172 1674 3259 1727 ἵνα
3282 1675 3373 1737 καὶ

1803 1763 1937 1834 πρὸς
1962 1765 2059 1833 τὴν
2094 1760 2313 1815 ἐκείνων
2344 1762 2655 1832 παρρησίαν
2697 1760 3016 1829 φθάσαντες,
3057 1761 3207 1829 κοινῇ
3237 1759 3371 1810 πάν-

1798 1863 1888 1909 τες
1924 1846 2013 1897 καὶ
2040 1844 2383 1915 ὁμοθυμαδὸν
2413 1844 2552 1914 μετὰ
2571 1843 2671 1913 τῆς
2700 1842 3053 1913 ὀφειλομένης
3083 1841 3239 1909 δόξης
3281 1840 3373 1891 τὸν

1799 1928 1907 1981 τῶν
1936 1927 2181 1996 ἀγγέλων
2221 1925 2613 1997 ὑποδεξώμεθα
2639 1925 2883 1995 βασιλέα,
2928 1925 3022 1977 καὶ
3051 1923 3151 1992 τῆς
3194 1940 3372 1994 μακα-

1805 2013 1925 2082 ρίας
1980 2011 2320 2081 εὐφροσύνης
2352 2010 2751 2078 ἀπολαύσωμεν
2800 2009 3013 2079 ἐκείνης
3061 2009 3119 2061 ὲν
3150 2006 3375 2078 Χριστῷ

1814 2093 1988 2165 Ἰησοῦ
2039 2093 2118 2165 τῷ
2152 2095 2341 2163 Κυρίῳ
2370 2093 2548 2164 ὴμῶν,
2603 2086 2648 2159 ᾧ
2692 2093 2724 2161 ἡ
2758 2090 2885 2157 δόξα
2929 2092 3023 2145 καὶ
3053 2091 3113 2144 τὸ
3155 2092 3373 2161 κράτος,

1805 2179 1919 2248 ἅμα
1943 2175 2020 2245 τῷ
2046 2177 2218 2247 Πατρὶ
2251 2177 2343 2229 καὶ
2376 2175 2453 2245 τῷ
2496 2174 2633 2244 ἁγίῳ
2673 2174 2967 2244 Πνεύματι,
3000 2173 3093 2228 νῦν
3125 2175 3218 2227 καὶ
3267 2174 3373 2237 ἀεὶ,

1805 2262 1899 2315 καὶ
1926 2262 2003 2323 είς
2029 2260 2382 2323 τοὺςναίῶνας
2403 2258 2511 2312 τῶν
2549 2256 2779 2315 αἰώνων,
2834 2259 3024 2329 Ἀμήν.

125 2641 3366 2691 Mm

777 2870 883 2930 AD
915 2870 1109 2930 DUAS
1153 2868 1592 2941 SEQUENTES
1632 2867 1708 2927 IN
1754 2867 2288 2929 PENTECOSTEN
2333 2868 2715 2928 HOMILIAS.

112 3080 571 3148 Septembrr,quae
592 3076 740 3145 prior
757 3075 1152 3129 occurrebatex
1180 3074 1431 3129 maximis
1453 3072 2107 3137 festivitatibus,eratdies
2130 3073 2333 3129 Natalis
2349 3072 2579 3127 Domini.
2610 3074 2957 3144 ReSpondent
2974 3076 3063 3129 alii
3088 3084 3376 3143 utramque

89 3198 343 3252 'fortasse
374 3194 745 3259 festivitatem,
766 3192 977 3248 Natalis
1008 3192 1256 3248 videlicet
1288 3204 1341 3248 et
1366 3192 1701 3263 Epiphaniae,
1726 3209 1837 3248 uno
1859 3194 2177 3265 Epiphaniae
2204 3195 2427 3250 nomine
2455 3194 2832 3264 comprehendi
2860 3209 2873 3245 :
2906 3195 2985 3248 vel
3022 3209 3220 3248 nomen
3247 3192 3376 3261 Epi-

112 3312 327 3380 phania
351 3309 568 3379 utrique
599 3325 888 3364 commune
912 3308 1104 3365 fuisse.
1128 3308 1325 3363 Verum
1358 3323 1461 3362 non
1487 3309 1659 3378 placet
1689 3310 1804 3365 haec
1824 3310 2056 3365 solutio:
2090 3308 2358 3379 siquidem
2378 3309 2541 3365 hasce
2558 3310 2695 3365 duas
2717 3308 3035 3363 festivitates
3058 3318 3164 3362 tam
3192 3317 3378 3377 aperte

112 3444 165 3483 re
192 3426 529 3495 nomineque
563 3424 849 3494 distinguit
875 3423 1301 3495 Chrysostomus
1329 3440 1514 3495 supra,
1552 3424 1793 3481 homiliis
1834 3426 1890 3480 in
1919 3424 2163 3481 Natalem
2195 3434 2250 3482 et
2299 3427 2350 3481 in
2387 3426 2769 3498 Epiphaniam,
2820 3435 2879 3479 ut
2912 3424 3206 3479 verisimile
3260 3438 3368 3477 non

112 3537 198 3601 sit,
225 3551 323 3591 eas
348 3536 439 3590 hic
465 3535 699 3591 voluisse
733 3552 841 3591 uno
870 3536 1332 3605 comprehendere
1354 3536 1594 3591 nomine.
1623 3536 1823 3593 Annon
1854 3537 2090 3595 fortasse
2112 3539 2468 3595 verisimilius
2497 3538 2733 3602 dicatur,
2775 3538 2901 3608 quia
2927 3536 3126 3592 festum
3169 3533 3381 3588 Natalis

111 3649 311 3713 Christi
342 3663 374 3702 a
411 3649 761 3718 paucissimis
791 3649 949 3709 annis
984 3648 1287 3705 Antiochiae
1314 3649 1696 3704 celebrabatur
1726 3651 1814 3707 die
1851 3652 1921 3707 25
1952 3652 2285 3717 Decembris,
2308 3668 2432 3711 cum
2469 3660 2628 3711 antea
2666 3669 2772 3707 una
2802 3652 3120 3722 Epiphaniae
3170 3656 3372 3709 solem-

115 3766 279 3830 nitas,
312 3764 403 3820 die
431 3774 586 3819 sexta
618 3762 885 3829 Januarii,
916 3770 971 3817 et
994 3760 1173 3815 Natali
1200 3762 1401 3817 Christi
1424 3770 1478 3816 et
1499 3760 1781 3832 Magorum
1836 3763 2140 3819 adorationi
2175 3774 2227 3819 et
2249 3762 2457 3818 Christi
2484 3763 2755 3833 baptismo
2788 3762 3059 3841 deputata.
3088 3772 3257 3827 esset,
3292 3764 3380 3820 hic

119 3881 418 3935 secundum
455 3889 691 3935 veterem
720 3878 1094 3936 solemnitates
1118 3878 1441 3933 numerandi
1482 3879 1960 3943 consuetudinem,
1986 3896 2015 3933 a
2043 3880 2436 3951 Chrysostomo
2474 3880 2833 3951 Epiphaniam
2867 3880 3182 3947 memorari,
3207 3880 3381 3934 diem—

111 4011 213 4065 que
236 3995 485 4052 Natalem
525 3994 733 4049 taceri?
758 3993 859 4057 llic
893 3992 1151 4048 nimirum
1188 4002 1438 4062 receptus
1462 3994 1530 4048 ab
1555 4009 1671 4048 aevo
1708 3996 2025 4050 recensendi
2072 4011 2190 4051 mos
2226 3997 2394 4052 fuisse
2428 3998 2639 4051 videtur
2696 3998 2839 4067 apud
2871 3996 3263 4061 Antiochenos,
3321 4005 3382 4057 ut

113 4122 220 4167 tres
258 4112 594 4183 insigniores
626 4112 1006 4167 solemnitates
1037 4110 1301 4177 dicerent,
1332 4110 1718 4180 Epiphaniam,
1753 4111 1964 4167 Pascha
2012 4122 2066 4167 et
2109 4112 2499 4179 Pentecosten;
2534 4112 2778 4167 Natalem
2814 4128 2939 4168 vero
2961 4112 3177 4168 Domini
3201 4113 3366 4177 diem,

112 4227 235 4294 quia
260 4241 440 4295 nuper
467 4226 723 4281 inductus
753 4224 953 4290 fuerat,
992 4226 1045 4291 in
1087 4225 1191 4280 hoc
1246 4240 1475 4280 numero
1506 4226 1751 4280 nondum
1797 4236 2080 4296 ponerent,
2118 4225 2213 4282 sed
2238 4225 2461 4296 perinde
2494 4234 2756 4292 tacerent,
2794 4239 2853 4280 ut
2884 4227 3134 4282 tacebant
3166 4227 3378 4283 Ascen-

116 4336 321 4390 sionem
349 4333 590 4399 Domini,
619 4350 782 4404 quam
822 4334 948 4389 item
980 4344 1120 4397 tacet
1146 4334 1598 4406 Chrysostomus.

186 4476 439 4532 Secunda
479 4476 545 4530 de
564 4474 882 4530 Pentecoste
913 4474 1134 4528 homilia
1166 4475 1617 4530 nullamomnino
1642 4475 1861 4549 praefert
1890 4478 2153 4548 temporis
2176 4486 2382 4533 notam.
2410 4478 2467 4533 ln
2507 4477 2612 4534 bac
2638 4494 2803 4550 porro
2836 4480 3188 4536 Pentecosten
3218 4487 3381 4543 vocat

120 4595 425 4665 metropolin
454 4594 731 4664 festorum,
754 4594 879 4663 quia
904 4592 1172 4658 videlicet,
1204 4600 1262 4647 ut
1286 4592 1484 4648 ibidem
1510 4593 1718 4665 adjicit,
1751 4593 1986 4649 fructum
2012 4596 2102 4650 illa
2127 4595 2425 4653 Dominicae
2442 4597 2825 4669 promissionis
2853 4597 3029 4655 affert.
3052 4597 3168 4653 Non
3196 4615 3370 4670 pauca

130 4721 309 4766 contra
333 4708 870 4764 Pneumatomachos
901 4708 1143 4771 disserit,
1185 4708 1279 4777 qui
1318 4706 1555 4777 Spiritus
1592 4708 1772 4762 sancti
1798 4709 2138 4777 majestatem
2170 4719 2225 4766 et
2257 4727 2457 4767 numen
2482 4712 2818 4783 impetebant
2846 4727 2860 4765 :
2886 4728 2952 4768 ac
2981 4721 3268 4784 postquam
3310 4714 3383 4777 de

123 4816 383 4883 fructibus
404 4818 583 4874 sancti
611 4816 848 4887 Spiritus
873 4816 1043 4871 multa
1076 4817 1325 4887 protulit,
1352 4817 1430 4871 sic
1458 4817 1779 4873 concionem
1809 4818 2032 4875 claudit.

186 4951 480 5025 Utriusque
508 4952 888 5024 interpretatio
922 4953 1113 5011 Latina
1133 4964 1216 5011 est
1244 4954 1537 5011 Frontonis
1578 4956 1777 5012 Ducaai.
