3892 6294
161 373 268 430 155

1151 381 1239 438 DE
1277 381 1548 440 SANCTA
1587 383 2058 444 PENTECOSTE.
2104 383 2340 441 HOMIL.
2383 384 2423 440 I.

3311 376 3413 434 151

1268 839 1372 897 DE
1421 839 1721 898 SANCTA
1787 840 2334 915 PENTECOSTE,

159 1012 242 1054 ΕΤ
289 1013 413 1055 CUR
448 1013 568 1056 JAM
607 1014 729 1058 NON
777 1014 964 1059 FIANT
1002 1015 1344 1072 MIRACULA,
1378 1019 1680 1070 QUODOUE
1737 1020 1851 1073 EA,
1887 1020 2030 1072 QUE
2073 1019 2418 1064 GERCNTUR
2458 1021 2533 1065 AC
2574 1017 2890 1064 DICUNTUR
2938 1022 2968 1062 A
3024 1019 3231 1072 NOBIS,
3273 1017 3424 1060 PER'

1591 1121 2009 1164 SCBIBANTUR.

814 1523 1028 1564 HOIILIA
1067 1522 1082 1560 ι
1122 1505 1220 1578 (a).

237 1603 286 1656 1.
325 1604 524 1658 Rursus
566 1599 824 1656 festivitas
848 1640 864 1666 ,
887 1611 1175 1666 rursusque
1205 1595 1374 1650 festus
1416 1605 1740 1660 conventus,

157 1708 224 1747 ac
252 1708 436 1747 rursus
458 1692 690 1746 Ecclesia
721 1691 950 1745 ﬁliorum
979 1687 1309 1742 multitudine
1329 1687 1605 1757 gloriatur,
1631 1688 1745 1741 lucc

160 1786 452 1838 multorum
518 1783 808 1838 liberorum
869 1795 1107 1851 parens,
1151 1778 1446 1848 eademque
1510 1777 1743 1832 ﬁliorum

158 1891 371 1931 amans.
395 1875 498 1930 Sed
527 1875 651 1944 quid
682 1872 897 1944 prodest
938 1885 1088 1925 amor
1119 1869 1344 1924 ﬁliorum
1363 1911 1379 1936 ,
1407 1869 1742 1938 quandoqui-

159 1968 287 2022 dem
321 1969 370 2021 in
400 1967 548 2022 festis
573 1967 744 2021 solum
768 2007 784 2029 ,
818 1979 922 2019 non
952 1970 1233 2033 perpetuo,
1263 1961 1487 2016 dilectos
1515 1961 1742 2016 ﬁliorum

158 2060 342 2112 vultus
363 2058 615 2121 intuetur,
639 2073 744 2110 nun
766 2069 920 2109 secus
941 2068 1004 2108 ac
1028 2053 1072 2107 si
1099 2053 1219 2122 quis
1239 2050 1511 2121 pulchram
1536 2061 1740 2106 vestem

157 2151 358 2204 habeat
381 2192 395 2216 ,
427 2165 526 2204 nec
549 2150 596 2204 ei
624 2165 834 2219 semper
864 2147 949 2201 illa
981 2147 1053 2200 uti
1079 2144 1447 2215 permittatur?
1473 2143 1568 2198 Est
1597 2144 1740 2198 enim

158 2241 422 2295 Ecclesia:
461 2241 624 2294 vestis
671 2237 994 2293 adstantium
1043 2235 1364 2300 multitudo,
1393 2236 1530 2289 sicut
1574 2242 1629 2289 et
1671 2234 1744 2288 ait

155 2332 419 2403 prepheta
445 2332 524 2388 sic
547 2332 674 2386 olim
701 2331 993 2385 Ecclesiam
1023 2329 1326 2398 alloquutus
1355 2368 1370 2395 ,
1405 2325 1590 2382 Omnes
1619 2327 1742 2382 istos

153 2423 494 2477 circumdabis
541 2423 629 2476 tibi
671 2431 726 2476 ut
767 2431 1116 2475 ornamentum
1159 2418 1367 2489 sponsi,
1400 2427 1446 2472 et
1473 2427 1526 2470 ut
1561 2419 1744 2471 stolam

152 2516 399 2586 spansar(
425 2514 552 2569 fsai.
579 2515 669 2570 49.
701 2513 828 2583 18).
855 2511 920 2567 Ut
949 2512 1109 2582 igitur
1150 2510 1371 2564 honesta
1409 2509 1651 2580 qumdam
1689 2517 1746 2564 et

151 2607 386 2678 ingenua
415 2607 634 2673 mulier,
661 2606 743 2660 cui
784 2605 957 2659 tunica
990 2604 1060 2659 sit
1086 2613 1230 2659 recte
1256 2601 1548 2671 composita
1586 2611 1640 2656 et
1675 2599 1745 2656 ad

151 2701 294 2753 talos
324 2713 488 2768 usque
505 2697 754 2762 demissa,
778 2696 944 2751 multo
964 2702 1180 2764 apparet
1204 2693 1498 2762 elegantior
1517 2705 1580 2746 ae
1603 2705 1744 2760 pne-

150 2791 386 2846 SIantior
441 2805 456 2845 :
505 2789 584 2844 sic
641 2789 801 2844 etiam
870 2788 1107 2842 Ecclesia
1175 2787 1342 2841 multo
1409 2783 1746 2854 splendidior

151 2881 320 2936 hodie
367 2879 636 2946 redditur,
680 2879 805 2934 dum
860 2893 1141 2948 corporum
1188 2884 1486 2932 vestrorum
1541 2875 1746 2944 obtegi-

150 2985 246 3027 tur
311 2972 677 3035 multitudine,
709 2985 773 3025 ac
819 2980 968 3026 recte
1019 2970 1312 3040 composita
1357 2977 1504 3024 veste
1551 2967 1743 3022 amici-

152 3077 264 3119 tur.
292 3063 448 3120 Nulla
477 3063 616 3118 enim
644 3078 769 3132 pars
797 3062 912 3131 ejus
959 3060 1116 3115 hodie
1157 3060 1294 3115 nuda
1320 3059 1456 3115 sicut
1495 3058 1742 3129 superio-

155 3161 315 3220 ribus
345 3155 529 3218 diebus
552 3156 698 3211 cerni
723 3161 897 3223 potest
921 3172 935 3208 :
958 3153 1051 3209 sed
1072 3153 1215 3208 illius
1243 3151 1543 3207 nodationis
1563 3159 1746 3206 aucto-

148 3275 244 3314 res
273 3259 482 3313 fuerunt
509 3257 577 3324 ii,
609 3257 697 3327 qui
728 3255 887 3310 hodie
928 3258 1136 3310 tantum
1179 3248 1486 3308 adfuerunt,
1515 3247 1605 3314 qui
1636 3259 1744 3300 non

147 3361 416 3424 perpetuo
443 3361 662 3405 matrem
691 3351 966 3418 obtegunt.
988 3346 1249 3400 Caeterum
1271 3357 1378 3398 non
1405 3341 1746 3397 mediocriter

151 3444 517 3513 periculosum
544 3457 660 3495 esse
688 3440 879 3494 nudam
907 3445 1134 3491 matrem
1163 3435 1430 3504 negligere
1471 3431 1637 3503 probe
1663 3433 1745 3485 in-

153 3536 464 3606 telligemus
487 3574 502 3598 ,
530 3534 573 3587 si
601 3532 794 3586 veteris
841 3528 1076 3584 historias
1115 3525 1488 3588 recordemur;
1520 3523 1564 3578 si
1607 3522 1746 3576 illius

147 3628 245 3698 qui
296 3635 570 3695 parentem
613 3622 808 3676 nudum
849 3619 1012 3684 vidit,
1043 3615 1419 3681 recordemur,
1448 3622 1502 3668 et
1525 3613 1746 3667 visionis

148 3723 303 3778 illius
329 3733 515 3790 poenas
543 3716 686 3770 dedit
713 3713 866 3784 (Gen.
886 3713 939 3767 9.
969 3711 1058 3765 2i.
1083 3708 1216 3780 sqq.)
1247 3723 1261 3762 :
1294 3705 1500 3761 tametsi
1529 3720 1632 3760 non
1661 3704 1746 3759 ille

150 3812 378 3882 quidem
408 3817 609 3878 patrem
644 3805 840 3860 nudum
883 3801 1144 3865 reddidit,
1176 3797 1266 3854 sed
1293 3797 1423 3852 vidit
1446 3796 1621 3851 solum
1651 3812 1752 3865 pas.

153 3913 298 3956 trem
316 3942 332 3967 ,
356 3915 476 3954 cum
505 3897 677 3952 nudus
701 3905 879 3961 esset,
903 3902 958 3949 et
987 3907 1052 3946 ne
1083 3891 1161 3944 sic
1189 3887 1400 3960 quidem
1429 3885 1746 3956 supplicium

151 3993 368 4062 eﬂugit,
398 3991 518 4060 quia
537 3990 666 4043 vidit
685 3989 876 4050 solum;
896 3994 951 4039 at
977 3983 1066 4055 qui
1090 3982 1284 4036 adsunt
1311 3980 1489 4046 hodie,
1509 3988 1564 4034 et
1588 3987 1746 4040 antea

153 4100 268 4140 non
301 4081 607 4142 adfuerunt,
641 4094 745 4132 non
776 4077 970 4132 nudam
1002 4079 1227 4128 matrem
1254 4077 1509 4137 cernunt,
1529 4068 1622 4124 sed
1650 4085 1745 4123 nn.-

151 4179 282 4233 dam
308 4177 478 4245 ipsam
507 4173 756 4230 efﬁciunt.
785 4168 934 4237 Quod
964 4168 1007 4221 si
1033 4167 1077 4220 is
1103 4165 1192 4235 qui
1223 4163 1522 4217 nodationis
1543 4170 1751 4230 Specta-

153 4278 245 4324 tor
276 4266 396 4331 fuit,
427 4263 738 4334 supplicium
770 4276 876 4314 non
903 4255 1149 4321 evitavit;
1179 4254 1266 4325 qui
1299 4252 1598 4307 nodationis
1625 4261 1752 4308 sunt

151 4367 450 4418 auctores,
483 4369 638 4424 quam
680 4349 892 4406 tandem
939 4347 1150 4407 veniam
1193 4342 1581 4399 merebuntur?
1625 4342 1749 4397 Haec

154 4462 291 4503 vero
315 4445 442 4500 dico
471 4460 575 4498 non
603 4453 658 4496 ut
681 4457 774 4507 eos
802 4437 1082 4509 percellam
1103 4479 1118 4502 ,
1149 4435 1240 4491 sed
1270 4441 1325 4488 ut
1360 4448 1572 4505 poenam
1613 4430 1750 4487 cliu-

153 4551 374 4609 giamus
395 4577 410 4600 ,
443 4542 500 4590 ut
524 4532 948 4588 maledictionem
972 4528 1138 4583 Cham
1178 4526 1506 4597 eﬁ'ugiamus,
1541 4530 1597 4579 ut
1624 4525 1749 4578 Sem

155 4637 214 4683 et
242 4625 478 4696 Japheth
515 4621 936 4678 benevolentiam
975 4619 1242 4672 imitemur
1264 4659 1280 4682 ,
1311 4631 1374 4670 ac
1397 4625 1621 4671 matrem
1653 4627 1751 4668 nos

155 4733 381 4791 qunt'iue
423 4724 660 4769 nostram
704 4727 917 4781 semper
953 4709 1283 4778 obtegamus.
1321 4703 1524 4762 Judaici
1562 4719 1753 4760 sensus

155 4824 241 4867 est
279 4819 362 4864 ter
392 4809 445 4860 in
473 4821 613 4860 anno
638 4812 837 4859 tantum
864 4816 1120 4871 apparere
1144 4800 1255 4854 Deo
1279 4817 1293 4854 :
1316 4799 1382 4852 ad
1412 4799 1528 4852 illos
1553 4797 1751 4851 dictum

152 4911 242 4956 est
275 4917 290 4954 :
318 4897 418 4952 Ter
438 4898 492 4950 in
511 4912 645 4950 anno
673 4893 937 4965 apparebis
962 4891 1176 4945 Domino
1206 4889 1313 4943 Deo
1342 4899 1426 4942 tuo
1447 4887 1750 4961 (Exod.25.

154 4997 181 5049 1
193 4995 250 5063 7)
280 5011 294 5045 :
316 5005 419 5046 nos
438 4998 614 5043 autem
631 4999 841 5054 semper
855 4985 953 5039 sibi
973 4983 1086 5038 vult
1113 4982 1251 5036 Deus
1270 4995 1544 5051 apparere.
1572 4979 1756 5034 Enim-

153 5099 294 5140 vero
327 5083 567 5137 locorum
595 5079 754 5135 etiam
786 5076 1058 5132 intervalla
1084 5074 1423 5136 efﬁciebant,
1458 5079 1518 5125 ut
1557 5079 1633 5125 tot
1666 5086 1757 5126 so-

154 5174 448 5232 lummodo
481 5181 776 5227 conventus
818 5169 890 5224 illi
917 5175 1171 5238 agerent,
1195 5166 1334 5237 quod
1366 5180 1472 5220 uno
1499 5174 1608 5220 tum
1638 5163 1755 5219 loco

153 5270 253 5325 Dei
287 5266 470 5322 cultus
493 5263 777 5320 conclusus
795 5269 940 5316 esset
965 5277 978 5312 :
1009 5265 1291 5330 propterea
1319 5271 1442 5311 raro
1471 5253 1755 5309 admodum

152 5358 483 5430 congregari
532 5363 777 5425 poterant
825 5362 881 5408 et
931 5351 1120 5405 adesse
1165 5365 1179 5402 :
1232 5364 1353 5403 nam
1410 5345 1758 5417 Jerosolymis

153 5453 399 5506 adorare
429 5461 649 5501 necesse
666 5443 768 5500 fuit
787 5484 803 5510 ,
828 5442 952 5497 alibi
982 5455 1315 5511 nequaquam
1345 5457 1358 5493 :
1389 5439 1587 5494 ideirco
1617 5453 1754 5507 pra:-

149 5546 307 5614 ςυρὶι
347 5550 410 5596 ut
454 5549 538 5595 ter
581 5539 634 5593 in
672 5552 812 5593 anno
854 5535 964 5614 Deo
1004 5543 1356 5604 apparerent,
1387 5540 1444 5587 et
1474 5530 1760 5586 excusabat

155 5653 257 5692 eos
285 5633 498 5690 itineris
524 5630 880 5695 intervallum;
910 5609 1009 5684 nos
1030 5641 1156 5682 vero
1177 5625 1379 5680 nullum
1401 5623 1758 5679 excusationis

151 5743 334 5799 genus
353 5733 516 5793 teget.
543 5725 713 5788 Atque
736 5721 807 5775 illi
825 5719 1037 5791 quidem
1062 5719 1255 5786 ubique
1274 5716 1508 5771 locorum
1529 5713 1756 5783 dispersi

227 5819 299 5876 ia)
332 5813 514 5864 collata
536 5824 644 5861 cum
658 5811 798 5876 codd.
817 5819 965 5876 uegg.
983 5809 1132 5876 2027,
1157 5807 1298 5876 atat.
1322 5814 1371 5876 et
1389 5804 1598 5856 Colliert.
1620 5805 1730 5856 1711
1743 5834 1761 5868 δ

149 5869 305 5940 Qui,
332 5877 417 5946 qui
443 5887 596 5940 pauca
623 5873 854 5924 exhibent
881 5869 1140 5923 lcetionum
1158 5869 1448 5920 discrimina.

1852 1512 2004 1557 erant
2030 1521 2042 1556 :
2068 1502 2233 1557 Erant
2259 1503 2424 1568 enim,
2452 1503 2637 1572 inquit,
2662 1502 2713 1556 iu
2740 1502 3021 1558 Jerusalem
3041 1505 3317 1560 habitantes
3338 1505 3436 1559 Ju-

1847 1597 1966 1662 dtei,
1994 1598 2088 1650 viri
2107 1597 2326 1666 religiosi
2352 1612 2414 1650 ea:
2434 1595 2572 1650 omni
2595 1579 2796 1650 natione
2815 1611 2929 1666 quae
2947 1596 3036 1649 sub
3057 1597 3180 1650 cwlo
3201 1607 3272 1650 est
3295 1597 3430 1666 (Act.

1845 1688 1901 1742 2.
1933 1689 2021 1757 5);
2051 1703 2148 1744 nos
2193 1703 2319 1744 vero
2365 1687 2643 1742 civitatem.
2683 1701 2841 1741 unam
2888 1686 3185 1742 habitamus
3211 1703 3431 1754 omnes,

1849 1779 1985 1833 intra
2016 1779 2202 1834 eadem
2233 1781 2428 1834 mmnia
2466 1779 2803 1835 considemus
2826 1820 2843 1847 ,
2876 1796 2940 1835 ac
2969 1797 3341 1851 strpenumero
3366 1799 3434 1836 ne

1848 1885 1957 1924 uno
1993 1870 2210 1940 quidem
2253 1872 2532 1942 angiportu
2575 1872 2643 1926 ab
2672 1872 2900 1928 ecclesia
2943 1873 3354 1943 distinguimur,
3382 1885 3437 1931 ct

1848 1963 2068 2032 perinde
2096 1979 2158 2017 ac
2187 1965 2231 2018 si
2263 1963 2420 2032 longa
2451 1965 2614 2018 maria
2639 1980 2740 2020 nos
2762 1963 3112 2032 dirimerent,
3141 1967 3277 2022 adeo
3313 1982 3436 2024 raro

1845 2063 2138 2108 conventus
2161 2055 2289 2108 istos
2309 2054 2665 2109 celebramus.

1919 2145 2132 2214 Semper
2142 2147 2269 2214 festa
2281 2161 2545 2216 possumus
2563 2145 3082 2217 celebrare—Atque
3095 2147 3200 2201 illis
3219 2149 3432 2218 quidem

1847 2237 2014 2292 tribus
2030 2238 2200 2292 solum
2220 2238 2567 2308 temporibus,
2586 2246 2645 2291 ut
2665 2237 2855 2292 festum
2870 2248 3110 2308 agerent,
3134 2240 3433 2310 imperavit,

1847 2329 2002 2385 nobis
2012 2339 2186 2384 autem
2207 2339 2386 2385 utsem
2393 2344 2486 2399 per
2501 2331 2550 2385 id
2567 2333 3101 2401 praistemusdmpera
3111 2334 3181 2387 vit
3197 2353 3209 2390 :
3225 2349 3436 2404 semper

1847 2421 1988 2476 enim
2006 2421 2160 2477 nobis
2189 2431 2270 2478 est
2292 2421 2570 2477 festivitas.
2593 2421 2662 2478 Ut
2680 2422 2834 2493 igitur
2854 2423 3160 2495 intelligatis
3176 2426 3438 2482 festivita-

1849 2523 1954 2570 tem
1977 2513 2130 2570 nobis
2153 2530 2365 2584 semper
2385 2529 2523 2581 esse,
2544 2515 2883 2570 fcstivitatutn
2909 2515 3080 2571 dicam
3100 2519 3434 2587 occasiones,

1847 2614 1902 2660 et
1916 2604 2104 2660 diebus
2122 2606 2343 2676 singulis
2362 2607 2549 2660 festum
2562 2619 2682 2661 esse
2695 2608 3048 2675 cognoscetis.
3069 2607 3248 2679 itaque
3266 2611 3434 2680 prima

1849 2695 2107 2752 festivitas
2126 2697 2265 2766 apud
2295 2712 2393 2751 nos
2411 2696 2706 2767 Epiphania
2736 2696 2845 2768 (a):
2875 2713 2995 2767 quae
3026 2713 3185 2768 porro
3203 2700 3320 2756 festi
3351 2711 3434 2757 est

1847 2787 2102 2843 occasio?
2131 2786 2393 2854 Quoniam
2421 2788 2561 2842 Deus
2589 2786 2655 2841 In
2682 2788 2827 2842 terris
2852 2789 2988 2842 visus
3013 2798 3106 2854 est,
3136 2799 3319 2845 etcum
3345 2793 3437 2847 ho-

1848 2879 2062 2934 minibus
2083 2889 2401 2934 conversatus
2421 2891 2490 2934 est
2513 2877 2761 2948 (Baruch.
2787 2880 2840 2935 5.
2864 2877 2988 2950 58):
3009 2881 3435 2951 quandoquidem
3521 2879 3524 2884 ’

1847 2971 2151 3041 unigenitus
2183 2971 2274 3025 Dei
2315 2969 2480 3025 Filius
2509 2970 2649 3025 Deus
2671 2969 2952 3025 nobiscum
2978 2970 3112 3037 fuit;
3137 2980 3193 3026 at
3222 2973 3325 3029 hoc
3351 2984 3436 3030 est

1847 3077 2062 3132 semper
2090 3080 2104 3116 :
2136 3060 2268 3117 Ecce
2307 3061 2449 3118 enim
2475 3103 2491 3129 ,
2519 3062 2726 3132 inquit,
2755 3062 3010 3116 uobiscum
3053 3079 3166 3118 sum
3207 3067 3437 3121 omnibus
3469 3062 3488 3068 ’

1846 3154 2023 3209 diebus
2042 3170 2194 3226 usque
2213 3154 2280 3207 ad
2292 3156 2773 3208 consummationem
2790 3154 2963 3208 stecult'
2983 3154 3190 3225 (Matth.
3211 3157 3299 3211 28.
3322 3158 3439 3228 20),

1848 3245 1969 3301 ideo
1999 3245 2222 3316 singulis
2257 3245 2446 3300 diebus
2471 3243 2764 3314 Epiphania
2803 3259 3090 3315 possumus
3129 3247 3446 3316 celebraret

1847 3342 1983 3411 Quid
2026 3339 2126 3397 sibi
2171 3337 2280 3396 vult
2319 3335 2510 3394 festum
2537 3334 2756 3391 Paschae
2776 3376 2794 3407 ,
2826 3343 2882 3394 et
2907 3350 3149 3410 quanam
3181 3339 3321 3395 illius
3349 3351 3444 3399 est.

1847 3435 2094 3490 occasio?
2113 3431 2334 3488 Mortem
2359 3432 2568 3487 Domini
2594 3443 2703 3486 tum
2728 3433 3123 3500 annuntiamus,
3149 3433 3326 3488 ethoc
3350 3445 3446 3490 est.

1848 3523 2050 3580 Pascha
2078 3541 2091 3578 :
2119 3524 2212 3580 sed
2242 3539 2310 3580 ne
2338 3523 2440 3578 hoc
2459 3523 2674 3593 quidem
2698 3531 2939 3593 tempore
2961 3523 3183 3579 deﬁnito
3212 3525 3438 3596 agimus.

1848 3616 1980 3672 Cum
2009 3617 2151 3672 enim
2183 3617 2346 3672 vellet
2373 3631 2472 3670 nos
2498 3616 2693 3671 Paulus
2727 3629 2756 3669 a
2789 3625 3087 3686 temporum
3119 3619 3438 3673 necessitate

1851 3707 2104 3774 liberare,
2133 3717 2296 3778 atque
2325 3707 2616 3762 ostendens
2645 3721 2802 3777 posse
2833 3723 2931 3762 nos
2972 3723 3187 3777 semper
3236 3708 3453 3769 Pascha.

1849 3801 2124 3856 celebrare
2154 3819 2167 3855 :
2204 3801 2626 3874 Quotiescumque
2655 3801 2788 3853 enim
2809 3840 2824 3866 ,
2851 3800 3041 3870 inquit,
3069 3799 3441 3861 manducabltis

1852 3908 2032 3962 panem
2055 3893 2187 3946 hunc
2206 3934 2222 3959 ,
2246 3903 2291 3946 et
2312 3893 2521 3948 calicem
2541 3882 2713 3946 bibetis
2730 3933 2744 3955 ,
2774 3900 2983 3946 mortem
3006 3891 3212 3945 Domini
3239 3909 3442 3947 annun-

1852 3986 2038 4039 tiabitis
2064 3985 2138 4056 (1.
2163 3984 2281 4040 Cor.
2308 3986 2392 4040 11.
2420 3982 2538 4046 26).
2567 3983 2791 4051 Quando
2820 3985 2978 4054 igitur
2999 4000 3211 4054 semper
3233 3986 3439 4049 Domini

1850 4087 2076 4138 mortem
2091 4090 2372 4145 possumus
2381 4073 2927 4140 annuntiare,Pascha
2937 4089 3149 4144 semper
3163 4090 3444 4144 possumus

1850 4169 2122 4227 celebrare
2142 4168 2335 4224 :Vultis
2351 4182 2511 4222 nosse
2526 4166 2863 4222 festivitatem
2897 4166 3033 4221 hanc
3047 4167 3206 4222 etiam
3222 4167 3441 4223 hodier-

1852 4274 1974 4319 nam
2001 4259 2225 4329 singulis
2251 4258 2439 4312 diebus
2474 4256 2682 4326 impleri
2717 4271 2904 4326 posse,
2930 4256 3038 4311 imo
3068 4272 3196 4312 vero
3223 4259 3444 4329 singulis

1851 4350 2038 4406 diebus
2069 4350 2226 4405 esse?
2253 4348 2560 4414 Videamus,
2585 4363 2825 4417 quamam
2851 4347 2995 4402 illius
3023 4348 3092 4402 sit
3116 4351 3368 4416 occasio,
3392 4359 3446 4406 et

1852 4444 2004 4510 cujus
2031 4443 2107 4496 rei
2127 4442 2293 4510 gratia
2316 4440 2484 4510 ipsam
2513 4454 2752 4509 agamus.
2779 4439 2912 4507 Quia
2940 4438 3190 4493 nimirum
3215 4439 3446 4510 Spiritus

1854 4546 2070 4590 sanctus
2097 4534 2165 4589 ad
2190 4549 2286 4589 nos
2312 4537 2462 4589 venit
2489 4551 2502 4587 :
2532 4548 2654 4586 nam
2683 4531 3276 4602 quemadmodumcum
3306 4533 3443 4588 ﬁde-

1854 4627 1991 4683 libus
2017 4637 2097 4683 est
2126 4626 2431 4682 hominibus
2459 4626 2762 4695 unigenitns
2788 4624 2883 4679 Dei
2914 4624 3102 4689 Filius,
3134 4625 3201 4678 ita
3229 4640 3445 4695 quoque

1855 4719 2083 4789 Spiritus
2111 4717 2222 4772 Dei.
2251 4716 2402 4773 Unde
2432 4715 2534 4770 hoc
2559 4716 2807 4770 constat?
2836 4714 2936 4780 Qui
2965 4715 3129 4786 diligit
3156 4730 3235 4769 me
3253 4756 3266 4778 ,
3293 4731 3442 4769 man-

1856 4813 1976 4866 data
2003 4827 2114 4865 mea
2143 4811 2353 4864 servabit
2379 4825 2397 4863 :
2421 4817 2468 4863 et
2488 4825 2577 4879 ego
2604 4808 2790 4878 rogabo
2822 4805 3051 4873 Patrem,
3079 4818 3127 4860 et
3163 4807 3323 4861 alium
3351 4823 3448 4878 pa-

1857 4905 2105 4962 raclctum
2132 4905 2270 4958 dabit
2295 4902 2431 4957 vobis
2452 4944 2466 4966 ,
2500 4911 2554 4954 ut
2583 4908 2785 4954 maneat
2811 4900 3065 4954 vobiscum
3091 4900 3142 4953 in
3168 4907 3411 4954 azternum
3432 4941 3448 4963 ,

1859 4999 2112 5070 Spiritum
2149 4997 2371 5052 veritatis
2396 4994 2571 5067 (Joan.
2609 4994 2697 5050 14.
2746 4993 2813 5048 15
2838 4993 3017 5064 ~17).
3063 4992 3132 5049 Ut
3175 4993 3333 5063 igitur
3371 4993 3441 5047 dc

1860 5092 2036 5162 seipse
2065 5089 2200 5144 dixit
2225 5087 2468 5142 Christus
2490 5127 2504 5152 ,
2535 5084 2666 5139 Ecce
2688 5100 2778 5154 ego
2799 5083 3050 5138 vobiscum
3078 5100 3194 5138 sum
3217 5082 3448 5136 omnibus

1859 5183 2034 5239 diebus
2077 5199 2233 5249 usque
2276 5180 2344 5234 ad
2370 5178 2853 5234 consummationem
2898 5177 3103 5241 saeculi,
3131 5189 3194 5229 ac
3234 5187 3448 5242 semper

1861 5275 2158 5348 Epiphania
2190 5286 2474 5345 possumus
2496 5269 2768 5326 celebrare
2791 5283 2806 5322 :
2832 5269 2899 5322 ita
2927 5281 3138 5338 quoque
3160 5264 3227 5318 de
3250 5263 3448 5333 Spiritu

1860 5379 2043 5425 saneto
2063 5369 2234 5433 dixit,
2262 5367 2546 5421 Vobiscum
2587 5373 2669 5418 est
2709 5365 2762 5417 in
2815 5370 3072 5417 aeternum
3093 5401 3107 5427 ,
3133 5371 3452 5427 semperque

1863 5476 2145 5538 possumus
2170 5462 2524 5518 Pentecosten
2547 5457 2840 5515 celebrare.

1931 5557 1985 5614 ‘2.
2030 5559 2202 5623 Atque
2237 5563 2297 5609 ut
2336 5549 2640 5621 intelligatis
2687 5547 2841 5602 nobis
2877 5558 3090 5612 semper
3119 5540 3309 5596 festum
3335 5540 3445 5627 agi-

1865 5661 1976 5704 tare
2007 5649 2190 5711 licere,
2223 5660 2394 5716 neque
2422 5641 2833 5698 determinatum
2865 5650 2986 5691 esse
3016 5643 3244 5704 tempus,
3273 5646 3447 5702 neque

1864 5756 1961 5797 nos
1990 5738 2243 5809 temporis
2269 5735 2584 5791 necessitate
2615 5730 2893 5792 coarctari,
2923 5726 3048 5797 quid
3091 5726 3282 5784 Paulus
3310 5721 3452 5780 dicat

1927 5856 2000 5923 (tt)
2037 5855 2152 5905 Vide
2175 5867 2284 5917 quze
2305 5853 2394 5902 hac
2416 5851 2479 5901 de
2500 5862 2557 5900 re
2583 5846 2796 5897 diximus
2819 5849 2868 5894 tu
2893 5845 3079 5892 Muttito.
