3908 6300
541 361 647 413 ‘65

544 475 726 538 audite
754 495 767 532 :
798 474 980 546 Itaque
1028 477 1208 545 fcitum
1235 473 1480 545 agitemus
1508 471 1585 544 (l.
1614 469 1731 526 Cor.
1761 471 1812 525 5.
1857 470 1949 541 8):
1982 477 2113 524 tam-

551 570 647 626 etsi
672 583 777 631 non
806 576 923 637 erat
964 567 1153 621 festum
1183 564 1394 635 quando
1433 562 1550 617 htec
1594 562 1841 630 scripsit:
1876 576 1981 615 non
2009 568 2125 615 erat

548 659 774 727 Pascha,
819 673 926 714 non
969 665 1086 713 erat
1113 654 1429 726 Epiphania,
1477 668 1582 708 non
1613 661 1728 707 erat
1772 651 2121 715 Pentecoste;

548 752 643 811 sed
694 751 892 807 indicat
932 765 1038 805 non
1070 759 1296 818 tempus,
1321 746 1415 802 sed
1444 746 1821 801 conscientiam
1867 742 2120 799 mundam

544 843 739 911 festum
767 840 1183 912 efficeremihil
1229 839 1373 894 enim
1419 837 1562 892 aliud
1610 847 1694 892 est
1741 836 1934 891 festum
1964 848 2119 904 quam

545 932 726 1000 laetitia
758 949 773 987 :
805 930 1135 1006 spiritualem
1163 944 1288 984 vero
1314 926 1550 1004 lanitium
1591 927 1719 1002 nihil
1748 926 1891 1001 aliud
1933 925 2118 1009 gignit,

544 1038 703 1091 quam
751 1022 1075 1078 conscientia
1125 1020 1385 1075 bonorum
1429 1033 1690 1088 operum:
1724 1032 1883 1086 porro
1922 1016 1988 1081 is,
2035 1016 2121 1070 cui

539 1115 679 1181 bona
720 1114 790 1168 sit
834 1111 1185 1175 conscientia,
1232 1120 1288 1166 et
1325 1110 1447 1165 talia
1494 1125 1675 1177 Opera,
1729 1109 1917 1162 festum
1964 1121 2123 1178 agere

542 1221 755 1275 semper
782 1213 973 1274 potest.
1004 1203 1118 1259 Hoc
1146 1203 1305 1273 igitur
1339 1202 1510 1272 ipsum
1547 1201 1787 1256 indicans
1817 1199 2009 1254 Paulus
2036 1198 2116 1253 di-

543 1295 698 1351 cebat
722 1312 734 1347 :
764 1293 946 1367 Itaque
978 1297 1158 1370 festum
1191 1292 1455 1370 agitemus,
1479 1307 1579 1344 non
1608 1291 1659 1344 in
1680 1294 1922 1361 fermento
1948 1289 2120 1356 veteri,

542 1403 702 1457 neque
736 1388 789 1458 in
824 1366 1068 1457 [erinertto
1110 1366 1320 1447 malitiae
1348 1393 1396 1437 et
1423 1382 1673 1449 nequitiac,
1705 1382 1791 1436 sed
1830 1382 1883 1435 in
1930 1380 2129 1451 azymis

543 1470 846 1534 sinceritatis
872 1487 917 1532 et
942 1477 1163 1532 veritatis
1192 1474 1401 1548 (Ibid).
1426 1475 1587 1531 Vides
1614 1484 1672 1529 ut
1699 1485 1995 1545 temporum
2024 1488 2121 1531 ne-

545 1572 797 1626 cessitate
837 1583 1168 1639 nequaquam
1202 1575 1254 1622 te
1293 1566 1687 1629 constrinxerit,
1720 1565 1815 1621 sed
1844 1564 1909 1619 ad
1937 1579 2123 1633 puram

544 1660 843 1717 habendam
895 1659 1275 1715 conscientiam
1322 1657 1482 1715 fuerit
1526 1657 1872 1712 cohortatus?
1919 1655 2122 1710 Vellem

545 1761 715 1806 totum
744 1751 795 1805 in
823 1750 927 1805 hoc
953 1764 1256 1805 sermonem
1287 1762 1642 1803 consumere:
1674 1748 1762 1817 qui
1792 1746 1933 1805 enim
1958 1761 2122 1817 quos-

542 1843 666 1898 dam
720 1850 841 1913 post
885 1841 1098 1911 longum
1149 1840 1404 1910 temporis
1451 1839 1784 1894 intervallum
1834 1839 1885 1892 in
1934 1852 2124 1893 manus

541 1932 885 2004 sumpserint,
920 1946 1015 1988 eos
1053 1930 1208 1986 facile
1236 1945 1340 1984 non
1371 1929 1641 1984 dimittunt
1672 1947 1685 1983 :
1727 1928 1937 1998 quando
1967 1928 2126 1998 igitur

541 2042 659 2091 vos,
680 2026 771 2096 qui
798 2036 918 2095 post
949 2038 1148 2079 annum
1185 2021 1403 2087 adestis,
1437 2021 1574 2075 intra
1613 2020 1745 2077 retia
1772 2029 1952 2074 nostra
1980 2019 2125 2089 cepi-

540 2131 681 2189 mus,
707 2114 869 2186 bodie
907 2114 1175 2189 dimittere
1201 2113 1420 2169 minime
1447 2111 1724 2176 volunms;
1776 2111 1871 2166 sed
1918 2125 1988 2166 ne
2012 2126 2125 2165 ser-

541 2205 717 2266 monis
741 2204 808 2260 de
829 2203 933 2269 hoc
955 2203 1091 2261 festo
1117 2203 1383 2260 recedatis
1413 2210 1681 2272 expertes,
1708 2200 1775 2256 ab
1803 2200 1902 2258 hac
1927 2199 2121 2254 cohor-

540 2297 740 2360 tatione
766 2294 834 2351 ad
875 2294 1176 2351 festivitatis
1201 2293 1536 2348 occasionem
1582 2291 1753 2347 oratio
1801 2289 2125 2345 traducenda

538 2398 642 2452 cat.
670 2387 830 2451 Multa
866 2385 1083 2456 quidem
1129 2399 1498 2454 saepenumero
1522 2382 1591 2438 de
1640 2381 1779 2437 caelo
1826 2381 1879 2435 in
1927 2370 2124 2438 terram

537 2479 724 2551 generi
762 2479 993 2534 humano
1031 2475 1248 2546 delapsa
1283 2484 1405 2530 sunt
1435 2475 1572 2531 bona
1604 2491 1616 2526 :
1656 2472 1833 2544 qualia
1873 2486 2002 2527 vero
2030 2471 2125 2527 de-

538 2572 701 2643 missa
728 2579 853 2626 sunt
871 2569 1129 2625 hodierno
1156 2568 1263 2632 die,
1287 2568 1573 2637 numquam
1604 2575 1781 2621 antea.
1809 2565 2124 2636 Cognoscile

541 2665 701 2736 igitur
727 2663 899 2734 qualia
928 2663 1094 2732 prius,
1121 2670 1173 2717 et
1202 2661 1374 2731 qualia
1400 2660 1659 2715 hodierno
1683 2660 1790 2725 die,
1816 2669 1873 2714 ut
1899 2668 1954 2716 et
1978 2670 2123 2716 utro-

540 2773 766 2828 rumque
813 2757 1096 2812 discrimen
1151 2750 1608 2809 animadvertatis.
1653 2752 1797 2807 Pluit
1840 2754 1891 2807 in
1934 2763 2123 2808 terram

537 2867 727 2908 manna
774 2849 908 2906 Deus
933 2858 978 2903 et
1004 2863 1186 2920 panem
1209 2847 1319 2904 ctuti
1361 2842 1497 2903 dedit
1540 2846 1610 2901 eis
1654 2844 1825 2917 (Psat.
1859 2846 1946 2900 77.
1988 2844 2119 2916 24):

541 2956 730 3012 panem
749 2943 891 2995 enim
911 2939 1222 3009 angelorum
1244 2937 1580 2996 manducavit
1600 2937 1795 3003 homo;
1831 2951 1918 2993 res
1937 2935 2119 3007 procul

536 3032 701 3094 dubio
730 3045 916 3101 magna
961 3037 1047 3085 est
1086 3028 1286 3100 Deique
1326 3028 1483 3100 digna
1537 3027 1857 3097 benignitate
1887 3045 1901 3083 :
1936 3036 2120 3097 postea

536 3124 607 3184 de
630 3122 760 3178 caelo
784 3121 1050 3178 demissus
1074 3129 1159 3177 est
1178 3119 1338 3191 ignis,
1364 3127 1419 3174 et
1442 3117 1716 3182 Iudaicum
1756 3119 2010 3189 populum
2034 3133 2121 3186 er-

538 3225 745 3273 rantem
789 3215 1044 3280 correxit,
1076 3227 1139 3268 ac
1190 3210 1510 3285 sacriﬁcium
1562 3209 1793 3279 abripuit
1847 3209 1916 3275 ab
1968 3208 2141 3271 altari.

539 3305 807 3364 oinnibus
825 3302 1016 3359 rursus
1045 3302 1184 3359 fame
1213 3302 1620 3365 tabescentibus
1632 3301 1867 3367 demissa
1887 3309 1971 3357 est
1987 3301 2109 3370 plu-

540 3398 647 3462 via,
664 3397 1000 3466 multamque
1018 3394 1234 3466 frugum
1255 3395 1437 3450 attulit
1458 3394 1754 3461 ubertatem
1773 3391 1848 3456 (ὅ.
1871 3390 1995 3471 Reg.
2015 3390 2104 3459 {8;

538 3489 654 3560 58).
675 3488 865 3558 Magna
890 3496 1012 3542 sunt
1038 3488 1155 3546 haec
1183 3495 1237 3545 et
1269 3486 1638 3549 admirabilia,
1672 3487 1765 3553 sed
1784 3489 1951 3544 multo
1985 3503 2107 3557 ma-

533 3578 653 3648 jora
682 3584 807 3632 sunt
831 3577 1149 3645 prmsentia:
1178 3591 1285 3629 non
1314 3590 1530 3641 manna,
1555 3576 1710 3646 ignis,
1739 3584 1793 3631 et
1815 3576 1993 3647 pluvia
2019 3577 2115 3633 de—

538 3667 700 3729 missa
745 3675 829 3721 est
876 3665 1052 3732 hodie,
1083 3665 1177 3728 sed
1223 3666 1393 3730 imber
1425 3666 1774 3735 spiritualium
1817 3667 2115 3738 donorum:

538 3758 703 3824 nimbi
728 3756 959 3826 desuper
995 3767 1118 3812 sunt
1138 3757 1352 3827 deiecti,
1373 3758 1564 3829 quibus
1590 3773 1692 3813 non
1715 3759 1824 3831 jam
1849 3760 1915 3816 ad
1940 3760 2118 3831 fruges

535 3847 879 3919 proferendas
913 3846 1068 3907 tellus
1097 3849 1376 3919 excitatur,
1408 3848 1501 3905 sed
1539 3859 1741 3923 natura:
1771 3852 2121 3925 persuadetur

534 3941 797 4012 humanm,
826 3950 882 3995 ut
919 3943 1126 3997 virtutis
1154 3942 1385 4009 fructum
1412 3943 1686 4014 hominum
1716 3947 1962 4016 agricola:
1990 3947 2116 4013 red-

534 4030 645 4100 dat.
664 4031 868 4103 Quique
894 4044 1094 4104 guttam
1124 4033 1247 4090 inde
1267 4045 1607 4105 exceperant,
1636 4044 1839 4092 natura:
1859 4052 1968 4092 sua:
1988 4053 2116 4093 con—

533 4124 706 4192 {estim
741 4124 1205 4192 obliviscebantur,
1236 4137 1292 4181 et
1313 4127 1516 4197 angelis
1544 4127 1719 4198 omnis
1756 4136 1901 4197 terra
1941 4129 2117 4195 subito

531 4217 856 4287 replebatur,
887 4218 1089 4288 angelis
1137 4234 1242 4273 non
1273 4219 1594 4287 caelestibus,
1627 4219 1720 4275 sed
1764 4221 1855 4290 qui
1886 4222 2116 4291 humano

530 4311 586 4386 in
609 4322 835 4376 corpore
876 4306 1190 4377 potestatum
1219 4310 1649 4380 incorporearum
1677 4310 1925 4371 virtutem
1960 4311 2115 4378 eahi-

533 4400 745 4463 berent.
788 4398 905 4454 Non
948 4400 1090 4454 enim
1144 4402 1216 4454 illi
1260 4401 1509 4465 deorsum
1563 4402 1974 4474 descenderunt,
2020 4404 2115 4473 sed

529 4491 672 4563 quod
697 4491 991 4555 mirabilius
1030 4490 1148 4558 fuit,
1177 4492 1265 4561 qui
1308 4492 1557 4547 deorsum
1595 4503 1767 4558 erant,
1807 4493 1874 4565 ad
1904 4495 2111 4548 illorum

528 4585 777 4665 virtutem
804 4583 1157 4639 ascenderunt
1177 4602 1191 4638 :
1214 4601 1319 4639 non
1347 4585 1489 4639 enim
1514 4600 1675 4640 carne
1694 4585 1932 4656 deposita
1958 4587 2112 4660 nudis

527 4677 806 4740 animabus
846 4675 1179 4741 incedebant,
1203 4676 1298 4731 sed
1344 4686 1586 4730 naturam
1617 4677 1908 4751 retinentes
1949 4680 2110 4735 animi

526 4770 802 4838 proposito
827 4768 997 4837 angeli
1029 4766 1245 4823 fiebant.
1277 4768 1451 4837 Atque
1481 4777 1538 4821 ut
1567 4767 1851 4839 intelligas,
1874 4784 1941 4823 ne
1969 4771 2110 4842 prio-

528 4874 643 4923 rem
689 4856 902 4927 quidem
948 4858 1089 4925 iliam
1136 4873 1349 4929 prunam
1393 4856 1560 4913 fuisse
1603 4874 1844 4928 poenam,
1896 4862 2110 4933 quando

524 4951 681 5017 dixit,
711 4948 872 5015 Terra
910 4966 984 5017 es,
1014 4959 1063 5004 et
1098 4951 1153 5015 in
1180 4959 1364 5023 terram
1403 4951 1661 5019 reuerteris
1712 4950 1863 5022 (Gen.
1895 4953 1946 5007 5.
1994 4953 2106 5031 19),

524 5051 806 5114 propterea
851 5056 1070 5104 manere
1118 5052 1168 5097 te
1212 5042 1453 5112 permisit
1489 5043 1541 5097 in
1587 5052 1750 5109 terra,
1797 5053 1854 5104 ut
1881 5045 2108 5115 amplius

521 5138 759 5208 potentia
786 5136 1016 5209 Spiritus
1052 5136 1444 5204 ostenderetur,
1485 5152 1603 5208 quae
1646 5137 1769 5209 taiia
1807 5153 1902 5208 per
1932 5147 2104 5207 terre-

519 5248 646 5295 num
677 5244 873 5301 corpus
908 5228 1206 5300 perliceret.
1238 5228 1370 5299 Nam
1409 5228 1591 5291 videre
1620 5239 1733 5285 erat
1771 5230 1966 5288 luteam
2000 5231 2105 5303 lin-

517 5338 676 5395 guam
718 5318 1053 5377 daemonibus
1094 5320 1486 5395 imperantem:
1531 5320 1713 5376 videre
1752 5331 1868 5377 erat
1909 5321 2103 5376 luteam

515 5429 733 5471 manum
781 5412 998 5468 morbos
1041 5422 1361 5486 sanantem:
1404 5411 1513 5487 imo
1559 5429 1688 5470 vero
1729 5428 1836 5468 non
1885 5427 2102 5468 manum

516 5513 722 5569 tantum
752 5503 952 5563 luteam
989 5504 1174 5571 videre
1206 5514 1357 5572 erat;
1386 5504 1480 5560 sed
1520 5504 1661 5574 quod
1689 5506 1857 5559 multo
1886 5503 2103 5559 mirabi-

516 5599 618 5657 lius
661 5605 796 5667 erat,
825 5596 1089 5659 lttteorum
1130 5612 1415 5669 corporum
1443 5597 1660 5651 umbras
1701 5605 1756 5650 et
1793 5604 2018 5651 mortem
2049 5605 2104 5653 et

517 5689 858 5758 incorporeas
878 5698 1190 5759 potestates,
1211 5688 1482 5743 dzemones
1508 5687 1744 5755 inquam,
1768 5696 2100 5757 superantes.

522 5780 659 5859 i‘iam
687 5781 1132 5861 quemadmodum
1172 5787 1460 5853 apparente
1487 5777 1603 5837 sole
1644 5778 1877 5836 tcncbra:
1922 5778 2103 5838 discu-

1276 352 1337 411 S.
1378 351 1658 412 JOANNIS
1688 347 2161 408 CHRYSOSTOMI
2198 347 2518 406 ARCHIEP.
2558 348 3095 407 CONSTANTINOP.

2234 465 2457 533 tiuntur,
2508 465 2635 522 fera:
2674 464 2892 522 latibula
2936 481 3035 524 sua
3075 465 3462 538 ingrediuntur,
3509 467 3818 538 homicidae,

2228 559 2481 625 latrones,
2511 569 2567 615 et
2605 561 2927 616 tumulorum
2970 561 3252 631 praedones
3283 561 3351 617 ad
3382 563 3612 619 vertices
3658 580 3820 620 mon-

2230 651 2360 705 tium
2411 661 2738 706 recurrunt:
2779 652 2856 708 sic
2898 662 3188 722 apparente
3231 668 3524 726 vocemque
3568 656 3821 713 mittente

2228 739 2405 806 Petro,
2437 740 2633 796 erroris
2664 740 2897 797 tenebra:
2926 741 3364 811 discutiebantur,
3393 745 3680 801 recedebat
3706 748 3823 802 dia-

2229 829 2402 897 bolus,
2430 830 2696 901 fugiebant
2721 830 3013 899 dzemones,
3037 847 3322 902 corporum
3352 835 3523 889 morbi
3549 836 3818 893 tolleban-

2229 929 2332 986 tur,
2366 922 2661 976 animarum
2706 923 3047 992 aegritudines
3075 924 3422 993 sanabantur,
3460 926 3664 982 malitia
3696 943 3818 983 om-

2230 1013 2312 1068 nis
2338 1013 2635 1082 arcebatur,
2662 1015 2710 1069 in
2753 1024 2922 1071 terras
2944 1004 3109 1071 virttis
3129 1017 3497 1073 reducebatur.
3526 1020 3593 1074 Et
3619 1036 3817 1090 quem-

2225 1103 2510 1159 admodum
2563 1104 2725 1174 rcgiis
2776 1119 2842 1161 ex
2900 1106 3135 1168 mrariis,
3185 1107 3237 1161 in
3288 1108 3482 1177 quibus
3528 1125 3721 1165 aurum
3766 1121 3819 1166 et

2228 1194 2431 1264 lapides
2459 1195 2679 1265 pretiosi
2724 1204 2867 1262 sunt,
2900 1198 2943 1252 si
2989 1198 3107 1266 quis
3136 1198 3222 1252 vel
3273 1201 3551 1256 minimum
3579 1202 3707 1272 quid
3735 1203 3817 1258 cf-

2228 1287 2369 1344 ferre
2395 1287 2624 1359 potuerit
2655 1303 2862 1351 eorum,
2887 1306 3004 1358 qua:
3035 1289 3327 1346 honoriﬁce
3355 1301 3480 1347 sunt
3519 1294 3815 1359 recondita,

2231 1379 2355 1436 licet
2403 1395 2567 1435 unum
2619 1381 2856 1450 lapillum
2900 1391 3145 1459 tantum,
3191 1382 3372 1438 multis
3425 1384 3616 1454 opibus
3659 1396 3817 1456 auget

2228 1486 2590 1542 possessorem
2616 1490 2631 1527 :
2661 1474 2740 1529 sic
2777 1488 2845 1529 ex
2880 1487 2974 1530 ore
3002 1473 3398 1545 apOStolorum;
3441 1477 3640 1532 etenim
3671 1479 3814 1548 regia

2228 1561 2471 1634 quiedam
2495 1572 2651 1619 erant
2677 1564 2863 1619 aeraria
2894 1564 3108 1626 illorum
3135 1580 3249 1633 ora,
3274 1568 3325 1621 in
3353 1567 3545 1636 quibus
3575 1570 3812 1623 sanatio-

2228 1670 2354 1709 num
2382 1655 2689 1715 reconditus
2720 1656 2889 1710 inerat
2919 1655 3197 1713 thesaurus
3225 1674 3239 1722 ;
3285 1658 3370 1712 vel
3400 1659 3815 1730 unumquodque

2234 1748 2455 1802 verbum
2477 1747 2662 1805 exiens
2684 1747 2987 1816 spirituales
3013 1748 3207 1823 multas
3237 1763 3368 1819 opes
3398 1751 3659 1820 pariebat.
3679 1751 3813 1809 Tum

2229 1854 2357 1894 vere
2387 1838 2573 1893 licebat
2604 1839 2795 1894 intueri
2824 1838 3199 1899 desiderabilia
3226 1856 3347 1897 esse
3373 1842 3578 1897 Domini
3605 1845 3814 1914 eloquia

2227 1943 2389 1999 super
2430 1943 2639 1998 aurum,
2683 1939 2739 1984 ct
2782 1930 3008 2001 lapidem
3062 1931 3352 2002 pretiosum
3385 1934 3609 2007 multum
3641 1934 3813 2007 (Psot.

2233 2019 2355 2075 HS.
2391 2019 2481 2090 ll)
2509 2038 2523 2076 :
2555 2020 2699 2091 quod
2724 2021 2866 2083 enim
2896 2037 3083 2085 aurum
3107 2038 3211 2077 non
3236 2034 3466 2093 poterat,
3494 2042 3669 2097 neque
3698 2044 3816 2095 pre-

2230 2113 2397 2168 tiosus
2439 2113 2594 2184 lapis,
2625 2114 2726 2170 hoc
2768 2115 2911 2170 Petri
2951 2115 3111 2170 verba
3157 2115 3441 2178 faciebant.
3486 2117 3628 2186 Quot
3669 2121 3816 2190 enim

2228 2203 2343 2259 auri
2374 2204 2570 2258 talenta
2601 2204 2841 2260 claudoa
2874 2206 3146 2267 nativitate
3172 2215 3374 2263 rectum
3405 2208 3675 2263 incessum
3696 2209 3819 2265 red-

2228 2295 2357 2350 dere
2389 2296 2724 2365 potuissent?
2766 2295 2859 2351 sed
2905 2313 3046 2362 nunc
3094 2298 3278 2353 tollere
3317 2308 3520 2359 natura:
3546 2299 3815 2354 defectum

2228 2387 2400 2457 potuit
2442 2386 2665 2443 verbum
2695 2386 2872 2453 Petri;
2917 2387 3070 2454 dixit,
3121 2387 3188 2451 In
3232 2391 3434 2443 nomine
3472 2388 3598 2445 Iesu
3629 2390 3815 2456 Christi

2227 2494 2379 2550 surge
2404 2488 2451 2532 et
2475 2479 2681 2536 ambula
2722 2481 2858 2549 (Act.
2899 2481 2953 2549 5.
2980 2482 3122 2552 6),οι
3149 2496 3331 2537 sermo
3354 2480 3522 2537 factus
3543 2494 3627 2538 est
3655 2500 3813 2554 Opus.

2230 2572 2394 2628 Vides
2422 2581 2479 2628 ut
2504 2572 2874 2628 desiderabilia
2923 2574 3032 2629 sint
3058 2591 3221 2644 super
3266 2591 3454 2631 aurum
3486 2584 3541 2631 et
3580 2577 3813 2647 lapidem

2228 2665 2517 2732 pretiosum
2570 2664 2834 2719 multum?
2884 2665 3030 2720 vides
3078 2674 3138 2720 ut
3189 2668 3375 2721 arraria
3427 2667 3628 2723 fuerint
3675 2672 3815 2739 regia

2228 2754 2442 2810 illorum
2487 2757 2625 2810 ora?
2658 2755 2801 2811 Vere
2849 2756 3044 2811 medici
3088 2758 3234 2812 orbis
3284 2766 3545 2816 terrarum
3599 2760 3816 2828 fuerunt

2229 2845 2328 2911 illi,
2360 2854 2415 2901 et
2450 2846 2716 2917 agricolae,
2747 2857 2800 2901 et
2846 2848 3229 2918 gubernatores
3273 2866 3286 2902 :
3339 2850 3533 2905 medici
3576 2852 3812 2920 quidem,

2228 2937 2482 3005 quoniam
2527 2939 2870 3007 aegritudines
2918 2939 3217 2995 curabant:
3250 2941 3518 3011 agricola),
3559 2946 3811 3013 quoniam

2226 3029 2448 3085 verbum
2493 3030 2766 3100 religionis
2809 3031 3188 3088 seminabant:
3233 3034 3640 3104 gubernatores,
3684 3053 3815 3107 quo-

2226 3120 2371 3175 niam
2398 3120 2596 3176 erroris
2627 3121 2913 3190 procellam
2955 3121 3238 3179 sedabant.
3290 3123 3495 3179 Idcirco
3542 3140 3813 3180 nonnum-

2225 3228 2384 3283 quam
2434 3210 2583 3276 dicit,
2616 3210 2809 3268 Euntes
2851 3212 3081 3282 inﬁrmas
3118 3225 3291 3269 curate
3335 3214 3547 3286 (Matth.
3599 3217 3688 3271 l0.
3736 3218 3813 3289 8).

2227 3313 2498 3376 tamquam
2545 3305 2784 3373 medicos
2832 3307 3107 3377 alloquens
3148 3325 3161 3361 :
3211 3323 3633 3379 nonnumquam,
3684 3309 3815 3364 Ecce

2224 3397 2365 3467 mitto
2385 3412 2471 3471 vos
2490 3407 2691 3464 metere,
2714 3397 2850 3465 quod
2871 3413 2956 3453 vos
2981 3415 3083 3452 non
3113 3399 3381 3455 laborastis
3412 3401 3593 3473 (Joan.
3617 3402 3672 3455 4.
3698 3402 3810 3471 58).

2224 3495 2492 3557 tamquam
2519 3487 2779 3557 agricolas
2819 3489 3135 3558 alloquens:
3181 3498 3236 3544 et
3274 3489 3398 3544 alibi
3444 3505 3672 3544 rursus:
3708 3490 3817 3543 Fa-

2223 3578 2355 3633 ciam
2383 3593 2469 3639 vos
2496 3579 2767 3645 piscatores
2814 3579 3075 3653 hpminum
3119 3579 3332 3653 (Matth.
3375 3583 3430 3638 4.
3465 3583 3589 3652 l9);
3623 3595 3677 3637 et
3708 3583 3812 3639 Pe-

2225 3678 2327 3734 tro,
2363 3667 2489 3731 Noli
2517 3669 2710 3743 timere,
2729 3686 2790 3724 ea:
2810 3670 3029 3748 Iracjam
3057 3672 3281 3739 homines
3307 3673 3402 3726 eris
3429 3676 3633 3743 cupiens
3656 3673 3811 3744 (Luc.

2222 3760 2276 3814 5.
2306 3759 2420 3831 10),
2448 3768 2713 3830 tamquam
2734 3761 2799 3815 ad
2836 3762 3221 3833 gubernatores
3247 3771 3299 3817 et
3331 3764 3815 3832 piscatoresrverba

2223 3852 2462 3917 faciens;
2509 3861 2567 3907 et
2594 3852 2919 3908 videre‘erat
2944 3853 3215 3913 miraculis
3263 3854 3602 3927 succedentia
3635 3856 3806 3909 mira-

2221 3943 2361 4009 cula.
2396 3944 2607 3998 Etenim
2645 3954 2831 3999 natura
2862 3953 3045 4000 nostra
3088 3954 3210 3999 ante
3238 3944 3424 4003 decem
3453 3945 3570 4009 dies
3607 3945 3678 3999 ad
3725 3961 3813 4021 re-

2220 4035 2365 4105 gium
2411 4035 2661 4091 thronum
2713 4038 2987 4105 ascendit,
3034 4046 3089 4093 et
3134 4036 3395 4094 hodierno
3439 4037 3527 4092 die
3575 4037 3808 4108 Spiritus

2219 4137 2439 4189 sanctus
2483 4128 2549 4183 ad
2594 4139 2837 4207 naturam
2884 4140 3122 4197 nostram
3182 4128 3489 4193 descendit;
3542 4131 3807 4199 primitias

2220 4230 2433 4285 nostras
2471 4220 2730 4290 Dominus
2753 4221 2805 4274 in
2836 4221 3024 4290 ctelum
3056 4220 3249 4288 evexit,
3277 4230 3332 4275 et
3371 4219 3630 4291 Spiritum
3667 4236 3803 4293 san-

2217 4320 2360 4374 ctum
2390 4311 2624 4372 demisit.
2654 4312 2805 4366 Alter
2831 4320 2913 4366 est
2952 4310 3231 4374 Dominus,
3264 4311 3354 4384 qui
3380 4310 3495 4365 haec
3526 4310 3667 4377 dona
3697 4310 3810 4366 dis-

2220 4404 2442 4471 tribuit;
2493 4419 2617 4473 nam
2664 4403 2893 4473 Spiritus
2917 4413 3137 4458 sanctus
3183 4411 3267 4458 est
3297 4403 3573 4468 Dominus,
3604 4412 3661 4457 et
3688 4403 3804 4458 dis-

2218 4496 2584 4564 pensationem
2626 4505 2806 4553 nosl-ra
2834 4510 2994 4565 causa
3035 4503 3337 4564 susceptam
3366 4494 3523 4550 Pater
3550 4503 3604 4549 et
3633 4494 3807 4571 Filius

2215 4596 2270 4642 et
2294 4585 2523 4656 Spiritus
2549 4595 2767 4653 sanctus
2793 4586 2932 4650 inter
2958 4601 3017 4655 se
3062 4586 3360 4651 diviserunt
3391 4603 3405 4663 ς
3433 4584 3668 4640 nondum
3707 4586 3809 4655 de-

2215 4693 2331 4733 cem
2363 4677 2529 4747 clapsi
2574 4677 2691 4742 dies
2735 4688 2911 4746 erant,
2942 4693 3008 4733 ex
3037 4693 3146 4750 quo
3175 4677 3418 4752 Christus
3460 4676 3806 4745 ascenderat,

2214 4779 2269 4835 et
2293 4769 2586 4839 spiritualia
2633 4770 2787 4824 nobis
2813 4769 2955 4837 dona
2984 4770 3150 4835 misit,
3181 4770 3637 4837 reconciliationis
3662 4770 3809 4837 illius

2215 4876 2456 4921 munera.
2486 4860 2619 4923 Nam
2661 4870 2718 4926 ut
2763 4860 3058 4929 ambigeret
3091 4875 3250 4915 nemo
3276 4869 3330 4915 et
3354 4871 3643 4931 quaereret,
3676 4862 3807 4931 quid

2216 4954 2428 5013 tandem
2463 4955 2515 5009 in
2565 4956 2726 5009 caelos
2771 4952 3069 5019 ascendens
3114 4953 3357 5023 Christus
3401 4953 3637 5023 egisset;
3670 4969 3807 5027 num

2214 5046 2356 5107 Patri
2383 5061 2485 5109 nos
2517 5045 2958 5105 reconciliasset?
2988 5060 3115 5114 num
3150 5047 3444 5116 propitium
3470 5046 3644 5116 ipsum
3673 5047 3807 5101 red-

2211 5137 2476 5201 didisset?
2504 5146 2562 5197 ut
2589 5136 2742 5204 nobis
2764 5136 3073 5205 ostenderet
3099 5154 3160 5191 sc
3187 5146 3393 5202 natura:
3420 5138 3569 5200 illum
3600 5149 3809 5193 nostra:

2212 5230 2475 5299 placatum
2503 5227 2822 5295 reddidisse,
2848 5229 3131 5299 confestim
3160 5229 3314 5284 nobis
3344 5230 3811 5295 reconciliationis

2210 5321 2353 5377 illius
2378 5320 2519 5376 dona
2549 5321 2712 5375 misit.
2740 5319 2872 5376 Cum
2901 5321 3043 5383 enim
3075 5321 3206 5391 pniti
3236 5329 3362 5376 sunt
3389 5330 3444 5375 et
3469 5323 3810 5399 reconciliati

2212 5415 2353 5469 inter
2375 5430 2434 5469 se
2455 5413 2681 5480 inimici,
2700 5422 2820 5484 post
2842 5414 3331 5479 reconciliationem
3360 5415 3539 5478 statim
3566 5431 3812 5485 sequun-

2215 5517 2299 5561 tur
2340 5505 2698 5573 invitationes,
2729 5505 2970 5561 convivia
3001 5514 3058 5561 et
3101 5520 3342 5560 munera.
3387 5506 3629 5562 Misimus
3674 5523 3813 5579 ergo

2213 5612 2312 5653 nos
2338 5596 2517 5664 fidem,
2545 5606 2602 5654 et
2622 5597 2747 5660 inde
2767 5597 3000 5668 Spiritus
3020 5595 3159 5651 dona
3188 5597 3524 5667 recepimus:
3556 5599 3810 5654 misimus

2210 5692 2593 5759 obedientiam,
2622 5701 2676 5747 et
2694 5691 2954 5760 justitiam
2981 5689 3307 5753 recepimus.

2204 5836 2215 5855 ,
2263 5785 2314 5840 5.
2332 5778 2554 5851 Spiritus
2568 5781 2736 5838 sancti
2751 5781 2940 5835 donum
2960 5789 3028 5833 est
3049 5778 3238 5835 donum
3258 5782 3706 5853 reconciliationis.
3734 5814 3809 5849 -τ
