3908 6300
153 294 274 350 435

139 403 329 458 Ὠσςέ
380 399 751 472 ἑορτάζωμεν.
799 402 988 456 Καίτοι
1025 402 1125 455 οὐκ
1164 399 1233 475 ἦν
1270 402 1391 455 τότε
1429 401 1613 473 ἑορτὴ,
1647 402 1736 454 ὅτε

139 480 326 542 ταῦτα
369 486 642 556 ἔγραφεν⁸
689 486 789 541 οὐκ
838 480 905 556 ἦν
952 486 1161 556 Πάσχα,
1202 486 1302 539 οὐκ
1347 482 1416 557 ἦν
1459 485 1738 553 ἐπιφάνια,

139 571 250 624 οὐκ
303 562 373 639 ἦν
425 570 812 638 πεντηκοστήή
854 567 989 622 ἀλλά
1043 568 1279 633 δεικνὺς,
1323 570 1405 623 ὃτι
1451 569 1513 623 οὑ
1553 568 1743 638 καιρὸς

140 655 299 716 ποιεῖ
328 651 544 723 ἑορτὴν,
574 649 711 704 ἀλλά
750 651 982 715 συνειδὸς
1015 651 1252 725 καθαρόν
1272 670 1283 684 ι
1312 654 1474 724 ἑορτὴ
1503 651 1612 723 γὰρ
1652 652 1740 704 οὑ-

143 735 237 790 δξν
271 735 461 807 έτερόν
501 734 670 794 ἐστιν.
704 733 815 787 ἀλλ’
849 733 882 805 ἢ
926 734 1261 806 εὐφροσύνη·
1312 735 1650 806 εὐφροσύνην
1685 735 1742 789 δὲ

147 818 535 890 πνευματικὴν
585 816 679 871 καὶ
724 816 916 889 νοεράν
965 818 1116 873 οὐδὲν
1155 818 1283 873 ἄλλο
1336 823 1501 883 ποιεῖ,
1550 819 1663 873 ἀλλ’
1708 820 1742 890 ἢ

151 901 400 965 συνειδὸς
430 898 680 971 πράξεων
721 900 943 968 ἀγαθῶν
962 916 977 932 ’
1020 903 1050 954 6
1083 901 1139 957 δὲ
1172 901 1411 966 συνειδὸς
1442 902 1580 973 έχων
1614 902 1749 971 ἀγα-

151 988 246 1040 θδν
296 986 393 1039 καὶ
442 985 668 1055 πράξεις
711 986 982 1052 τοιαύτας,
1036 989 1126 1042 ἀεὶ
1171 988 1451 1059 ἑορτάζειν
1502 986 1745 1040 δύναται.

152 1069 332 1125 Τοῦτο
358 1065 453 1125 οὖν
477 1070 607 1123 αὐτὸ
628 1071 843 1135 δεικνὺς
865 1073 894 1124 6
924 1071 1133 1136 Παῦλος
1162 1072 1347 1142 ἔλεγεν
1367 1091 1382 1105 ο
1415 1073 1595 1127 ’Ὥστε
1620 1073 1742 1141 ἐορδ

153 1152 420 1223 τάξωμεν
436 1151 523 1223 μὴ
543 1153 614 1206 ἐν
640 1150 786 1223 ζύμῃ
810 1153 1053 1221 παλαιᾷ,
1082 1156 1238 1224 μηδὲ
1265 1156 1336 1209 ἐν
1364 1154 1509 1226 ζύμῃ
1538 1155 1753 1220 κακίας

155 1237 258 1289 καὶ
310 1236 629 1305 πονηρίας,
667 1237 806 1291 ἀλλ’
848 1237 920 1290 ἐν
959 1235 1200 1308 ἀζύμοις
1243 1239 1624 1307 εὶλικρινειάς
1654 1238 1754 1291 καί

157 1328 466 1394 ἀληθείας.
514 1327 676 1398 Ὁρᾷς
708 1327 826 1390 πῶς
866 1327 926 1381 οὐ
955 1327 1160 1400 καιρῶν
1214 1345 1275 1382 σε
1325 1328 1620 1399 κατέδησεν
1663 1328 1755 1381 ἀν-

161 1410 332 1481 άγκη.
365 1408 502 1464 ἀλλά
539 1410 775 1475 συνειδὸς
802 1411 1039 1482 καθαρὸν
1086 1411 1228 1483 ἔχειν
1280 1412 1753 1485 παρεκελεύσατο;

176 1491 510 1563 Ἐϐουλόμην
536 1494 715 1547 πᾶσαν
757 1493 856 1566 τὴν
886 1493 1118 1559 διάλεξιν
1145 1497 1226 1559 εἰς
1257 1495 1415 1549 τοῦτο
1442 1496 1755 1551 καταναλῶ-

166 1591 258 1628 σαι
277 1590 292 1605 ’
323 1576 374 1627 οί
408 1575 515 1646 γάρ
540 1575 629 1629 διὰ
657 1576 848 1649 χρόνου
873 1577 1025 1642 τινάς
1052 1578 1310 1643 λαϐόντες
1339 1580 1418 1642 είς
1448 1579 1546 1642 τὰς
1567 1581 1756 1649 χεῖρας

163 1658 266 1722 τάς
291 1657 502 1711 ἑαυτῶν
522 1659 622 1712 οὐκ
641 1660 877 1724 εὐκόλως
899 1662 1099 1727 αὐτοὺς
1122 1663 1346 1730 ἀφιᾶσιν
1362 1678 1375 1691 ο
1398 1663 1519 1716 ἐπεὶ
1548 1658 1639 1716 οὖν
1664 1663 1757 1717 καὶ

166 1744 314 1813 ὑμᾶς
348 1744 510 1813 ἡμεῖς
541 1745 665 1807 τοὺς
710 1744 778 1797 δι’
827 1745 1073 1800 ἐνιαυτοῦ
1116 1746 1584 1819 παραγινομένους
1628 1747 1759 1799 εῖσω

168 1827 280 1879 τῶν
313 1825 545 1880 δικτύων
576 1827 843 1899 ἐλάϐομεν
882 1828 990 1884 τῶν
1025 1831 1325 1902 ἡμετέρων,
1368 1831 1427 1883 οὐ
1464 1829 1762 1903 βουλόμεθα

170 1913 389 1980 ἀφεῖναι
431 1912 689 1982 τήμερον,
740 1912 963 1967 ἀλλ’ἵνα
1007 1915 1082 1985 μὴ
1137 1914 1284 1968 κενοὶ
1333 1912 1438 1967 τῶν
1488 1915 1615 1985 περὶ
1662 1913 1762 1983 τῆς

169 1994 364 2065 ἑορτῆς
401 1995 789 2067 ἀναχωρήσητε
834 1995 1039 2065 λόγων,
1088 1997 1195 2050 ἀπὸ
1243 1996 1343 2066 τῆς
1390 1995 1762 2067 παραινέσεως

168 2078 380 2142 ταύτης
428 2078 523 2130 ἐπὶ
565 2080 666 2151 τὴν
711 2079 964 2133 ὑπόθεσιν
1007 2080 1107 2151 1?};
1147 2080 1340 2151 ἑορτῆς
1391 2081 1615 2148 ἀγαγεῖν
1657 2081 1762 2152 χρὴ

168 2160 272 2232 τὴν
301 2161 536 2226 διάλεξιν
575 2175 625 2218 ι.
673 2161 850 2217 Πολλά
890 2164 988 2234 μὲν
1026 2159 1119 2217 οῦν
1152 2163 1409 2227 πολλάκις
1444 2163 1501 2231 ἐξ
1535 2162 1764 2235 ούρανοῦ

172 2243 444 2314 κατῆλθεν
469 2246 549 2308 είς
569 2245 669 2317 τήν
701 2245 805 2317 γῆν
824 2246 1005 2316 ἀγαθά
1032 2247 1110 2319 τῷ
1142 2246 1306 2317 κοινῴ
1332 2246 1441 2300 τῶν
1465 2245 1766 2318 ἀνθρώπων

173 2326 329 2394 γένει
348 2343 361 2354 ·
386 2323 476 2381 οἷα
502 2327 560 2382 δὲ
591 2329 850 2400 σήμερον,
880 2329 1135 2383 οὐδέποτε
1163 2329 1471 2402 κατηνέχθη
1510 2328 1617 2400 πρὸ
1640 2328 1765 2382 τού-

175 2427 292 2466 του.
328 2410 548 2465 Μάθετε
583 2405 713 2479 γοῦν
741 2405 830 2466 οἷα
872 2410 942 2465 τά
987 2413 1247 2484 πρότερα,
1291 2406 1379 2465 οἶα
1408 2412 1476 2466 τὰ
1507 2413 1767 2483 σήμερον,

178 2494 271 2549 ἵνα
313 2495 410 2550 καὶ
452 2496 728 2567 ἑκατέρων
773 2496 920 2567 ίδητε
964 2497 1062 2567 τὴν
1107 2495 1387 2568 διαφοράν.
1418 2496 1705 2565 Ἔὸρεξεν
1736 2497 1772 2551 ὀ

180 2577 330 2646 Θεὸς
356 2577 559 2647 μάννα
587 2577 683 2631 ἐπὶ
717 2577 831 2646 τὴν
850 2576 986 2648 γῆν,
1012 2577 1110 2632 καὶ
1137 2578 1321 2647 ἄρτον
1347 2577 1606 2647 οὐρανοῦ
1638 2578 1775 2632 ἐδωη

179 2679 292 2723 κεν
328 2661 559 2727 αὐτοῖς’
589 2660 751 2731 ἄρτον
787 2661 896 2733 γὰρ
933 2662 1178 2730 ἀγγέλων
1213 2658 1412 2731 ἔφαγεν
1450 2661 1771 2734 ἄνθρωπος·

183 2743 332 2813 μέγα
380 2740 548 2807 ὅντως
587 2742 680 2796 καὶ
722 2745 819 2815 τῆς
852 2744 944 2798 τοῦ
995 2744 1130 2798 Θεοῦ
1165 2744 1574 2816 φιλανθρωπίας
1602 2742 1771 2809 ἀξιον.

181 2823 320 2880 Μετ’
338 2827 514 2880 ἐκεῖνο
538 2826 845 2898 κατηνέχθη
871 2826 944 2879 πῦ
953 2847 1006 2899 9,
1028 2828 1132 2881 ικαὶ
1160 2825 1507 2898 πλανώμενον
1536 2826 1626 2879 τὸν
1644 2825 1776 2878 Ἰου-

100 2938 107 2951 ι
179 2905 373 2958 δαῖκδν
396 2905 563 2976 δῆμον
596 2904 893 2977 διώρθωσε,
921 2907 1015 2959 καὶ
1051 2907 1267 2978 ἥρπασε
1302 2905 1398 2977 τὴν
1438 2904 1627 2959 θυσίαν
1666 2903 1776 2957 ἀπὸ

181 2988 283 3041 τοῦ
310 2978 529 3059 βωμὸῦ·
565 2988 873 3059 κατηνέχθη
898 2987 1061 3041 πάλιν
1096 2988 1249 3052 ὑετὸς
1283 2987 1428 3058 λιμῷ
1459 2987 1775 3058 τηκομένων

184 3071 467 3138 ἀπάντων,
499 3071 593 3125 καὶ
633 3070 834 3141 πολλὴν
867 3069 964 3142 τήν
997 3071 1282 3141 εὐετηρίαν
1311 3071 1624 3142 εἰργάσατο.
1660 3070 1774 3123 Με-

185 3154 333 3225 γάλα
372 3153 547 3212 ταῦτα
588 3155 680 3209 καί
718 3153 1033 3223 θαυμαστά·
1069 3154 1203 3208 ἀλλά
1231 3155 1298 3207 τὰ
1327 3153 1568 3226 παρόντα
1598 3151 1779 3222 πολλῷ

189 3236 444 3314 μείζονα·
471 3238 531 3290 οὐ
555 3238 663 3308 γὰρ
697 3237 871 3307 μάννα
896 3237 989 3290 καὶ
1022 3237 1133 3308 πῦρ
1161 3239 1256 3291 καὶ
1287 3237 1446 3298 ὑετὸς
1472 3235 1777 3307 κατηνέχθη

190 3324 475 3394 σήμερον,
526 3321 640 3375 ἀλλ’
692 3320 897 3392 ὄμϐρος
955 3321 1307 3391 χαρισμάτων
1358 3317 1776 3390 πνευματικῶν

188 3404 413 3475 νιφάδες
452 3403 757 3474 ἠνέχθησαν
783 3405 1008 3467 ἄνωθεν,
1035 3403 1157 3475 οὐχὶ
1196 3403 1298 3475 τὴν
1337 3404 1440 3474 γῆν
1478 3401 1613 3474 πρὸς
1641 3417 1781 3470 καρ-

191 3487 465 3561 ποφορίαν
488 3487 816 3563 ἐγείρουσαι,
840 3487 976 3543 ἀλλά
1008 3485 1105 3558 τὴν
1135 3486 1479 3557 ἀνθρωπίνην
1499 3484 1781 3537 πείθουσαι

193 3571 358 3643 φύσιν
379 3572 471 3625 τὸν
495 3570 706 3643 καρπὸν
730 3572 828 3640 τῆς
854 3570 1052 3643 ἀρετῆς
1079 3567 1156 3641 τῷ
1183 3567 1290 3627 τῶν
1315 3567 1615 3641 ἀνθρώπων
1646 3570 1783 3623 ἀπο-

128 3676 137 3677 ’
192 3654 378 3715 δοῦναι
400 3656 555 3731 [460]
576 3656 833 3729 γεωργῷ,
864 3656 973 3710 Καὶ
1011 3656 1059 3707 οί
1099 3654 1285 3723 ρανίδα
1319 3653 1527 3707 ἐκεῖθεν
1557 3653 1784 3722 δεξάμε-

194 3760 278 3796 νοι
316 3741 520 3804 εὐθέως
563 3741 663 3812 τῆς
710 3740 924 3808 φύσεως
967 3737 1390 3791 ἐπελανθάνοντο
1426 3735 1521 3805 τῆς
1555 3736 1780 3800 ἑαυτῶν,

195 3825 294 3881 καὶ
333 3823 592 3896 ἐξαίφνης
629 3823 874 3891 ἀγγέλων
908 3819 1210 3890 ἐπληροῦτο
1246 3822 1394 3874 πᾶσα
1427 3822 1459 3890 ἡ
1487 3819 1586 3889 γῆ·
1621 3820 1786 3888 ἀγγέ-

196 3908 305 3969 λων
327 3907 450 3978 οὐχὶ
476 3907 833 3977 ἐπουρανίων,
858 3904 972 3958 ἀλλ’
995 3906 1053 3957 ἐν
1089 3903 1414 3974 ἀνθρωπίνῳ
1445 3899 1654 3972 σώματι
1676 3901 1785 3954 τῶν

198 3990 510 4061 ἀσωμάτων
566 3989 845 4058 δυνάμεων
894 3990 991 4056 τὴν
1051 3986 1252 4058 ἀρετὴν
1304 3985 1783 4055 ἐπιδεικνυμένων.

201 4075 275 4141 Οὐ
308 4073 419 4145 γὰρ
465 4075 662 4127 ἐκεῖνοι
707 4073 856 4125 κάτω
884 4071 1212 4143 κατέϐησαν,
1250 4069 1364 4122 ἀλλ’
1405 4068 1435 4122 6
1476 4068 1786 4139 θαυμαστό-

201 4174 359 4229 τερον
396 4153 484 4229 ἦν,
526 4158 576 4210 οί
620 4156 770 4209 κάτω
822 4154 953 4226 πρὸς
994 4155 1093 4224 τὴν
1139 4152 1338 4223 ἀρετὴν
1384 4152 1657 4223 ἀνέϐησαν
1689 4152 1788 4223 τὴν

202 4243 456 4313 ἐκείνων·
484 4241 544 4296 οὐ
582 4238 691 4310 γὰρ
730 4239 829 4309 τὴν
878 4238 1057 4308 σάρκα
1100 4236 1353 4306 ῥίψαντες
1396 4239 1631 4306 γυμναῖς
1668 4239 1789 4299 ταῖς

201 4327 402 4407 ψυχαῖς
435 4325 747 4407 περιῄεσαν,
983 4319 1233 4407 μένοντες
1280 4321 1357 4407 ἐν.Δ
1380 4321 1446 4390 τῇ
1497 4317 1674 4407 φύσει,
1720 4323 1787 4391 τῇ

205 4400 527 4480 προαιρέσει
573 4403 794 4474 ἄγγελοι
849 4404 1113 4471 ἐγένοντο.
1175 4404 1286 4456 Καὶ
1334 4403 1422 4455 ἵνα
1465 4400 1662 4473 μάθῃς,
1709 4403 1789 4455 ὃτι

204 4492 322 4547 οὐδὲ
370 4493 405 4562 ή
447 4489 686 4562 προτέρα
715 4489 952 4560 τιμωρία
993 4489 1228 4565 τιμωρία
1260 4485 1347 4560 ἦν,
1372 4489 1459 4542 ὅτε
1501 4484 1675 4550 εἶπεν,
1710 4488 1790 4541 ὅτι

208 4574 297 4643 Γῆ
323 4572 398 4638 εἶ,
429 4575 527 4628 καί
576 4576 662 4639 εὶς
695 4572 810 4642 γῆν
845 4574 1178 4641 ἀπελεύσῃ,
1219 4572 1306 4626 διὰ
1338 4572 1494 4629 τοῦτό
1519 4589 1576 4625 σε
1609 4572 1791 4643 ἀφῆκε

212 4662 392 4731 μένειν
425 4663 484 4714 ἐν
508 4662 573 4731 τῇ
604 4661 694 4733 γῇ,
729 4659 814 4713 ἶνα
851 4657 1168 4729 μειζόνωςὴ
1204 4657 1295 4711 τοῦ
1329 4657 1644 4729 Πνεύματος
1681 4659 1792 4712 δει-

208 4746 308 4817 χθῇ
356 4745 607 4813 δύναμις.
649 4742 738 4795 διὰ
792 4741 977 4811 χοϊκοῦ
1022 4740 1270 4807 σώματος
1312 4742 1537 4795 τοιαῦτα
1569 4742 1794 4813 ἐργαζο-

214 4831 367 4903 μένη.
394 4825 505 4882 Ἦν
538 4830 650 4898 γὰρ
692 4827 818 4881 ἰδεῖν
855 4825 1101 4895 γλῶτταν
1132 4825 1361 4898 πηλίνην
1393 4827 1640 4898 δαίμοσιν
1671 4828 1793 4879 ἐπι-

209 4916 534 4969 τάττουσαν·
557 4906 626 4982 ἦν
648 4911 776 4964 ἰδεῖν
804 4913 958 4981 χεῖρα
980 4910 1211 4980 πηλίνην
1237 4909 1471 4981 ἱωμένην
1490 4910 1789 4983 νοσήματα·

215 4998 413 5069 μᾶλλον
452 4995 510 5049 δὲ
545 4996 614 5048 οὐ
653 4996 807 5065 χεῖρα
853 4994 1081 5065 πηλίνην
1130 4993 1288 5064 μόνον
1326 4989 1395 5065 ἦν
1439 4993 1589 5059 ἰδεῖν,
1625 4993 1741 5048 ἀλλ’
1765 4993 1796 5047 6

213 5080 391 5152 πολλῷ
426 5077 866 5149 θαυμαστότερον
906 5072 995 5148 ἦν,
1049 5075 1290 5146 πηλίνων
1330 5076 1598 5146 σωμάτων
1636 5075 1795 5140 σκιάς

1122 288 1226 346 ’ΒΕ
1266 289 1533 346 SANCTA
1574 284 2044 374 PENTECO$TE.
2087 288 2319 347 HOMIL.
2358 289 2402 344 ῐ.

3316 294 3419 352 456

1841 402 1984 457 οὕτω
2022 404 2228 475 Πέτρου
2276 402 2534 472 φανέντος
2580 401 2675 458 καὶ
2724 396 2907 473 φωνήν
2949 399 3218 469 ἀφιέντος,
3263 401 3430 470 ἠλαύ-

1841 512 1963 550 νετο
2011 494 2071 549 τδ
2127 496 2315 558 σκότος
2362 495 2462 565 τῆς
2526 494 2732 565 πλάνης
2754 535 2769 559 ,
2829 491 3093 565 ἀνεχώρει
3147 493 3425 561 διάϐολος,

1843 589 2200 660 ἐδραπέτευον
2252 588 2531 659 δαίμονες,
2584 587 2822 659 ἀνῄρητο
2889 585 3187 657 παθήματα
3238 589 3428 657 σωμά-

1842 696 1988 744 των,
2030 679 2393 751 ἐθεραπεύετο
2432 682 2715 751 νοσήματα
2752 678 2979 750 ψυχῶν,
3021 677 3281 749 ἠλαύνετο
3332 697 3432 732 καο

1845 774 1942 828 κία
1982 775 2170 840 πᾶσα,
2223 774 2391 847 ἀρετή
2440 775 2577 846 πρὸς
2624 775 2723 845 τὴν
2770 773 2876 842 γῆν
2930 772 3259 843 ἐπανήγετο.
3319 773 3431 827 Καὶ

1848 867 2100 941 καθάπερ
2157 868 2221 920 ἐκ
2271 866 2532 937 ταμιείων
2581 862 2873 935 βασιλικῶν
2926 863 3156 934 ἐχόντων
3209 863 3431 934 χρυσίον

1850 960 1945 1013 καὶ
1983 959 2163 1023 λίθους
2209 958 2423 1028 τιμίους
2463 957 2566 1011 κᾶν
2609 956 2801 1028 μικρόν
2850 974 2935 1021 τις
2977 954 3173 1027 δυνηθῇ
3220 956 3433 1024 ἐξενεγ-

1850 1054 1966 1107 κεῖν
1988 1049 2095 1105 τῶν
2114 1050 2487 1120 ἀποκειμένων
2508 1048 2733 1113 ἐνδόξως
2756 1049 2805 1115 ιι,
2833 1048 2934 1103 κᾶν
2956 1048 3051 1101 ἕνα
3080 1047 3225 1101 λίθον
3250 1047 3430 1118 μόνον,

1853 1145 2018 1199 πολὺν
2052 1142 2344 1217 ἐργάζεται
2364 1143 2455 1196 τὸν
2479 1140 2705 1197 πλοῦτον
2728 1140 2807 1212 τῷ
2835 1141 3219 1212 κατεχομένῳο
3243 1157 3258 1171 ⁸
3291 1139 3434 1193 οὕτω

1854 1237 1948 1290 καὶ
1963 1236 2070 1290 ἀπὸ
2091 1235 2197 1289 τῶν
2222 1234 2506 1304 στομάτων
2530 1232 2638 1287 τῶν
2665 1232 3035 1286 ἀποστολικῶν
3050 1249 3063 1262 ·
3086 1235 3310 1302 ταμιεῖα
3326 1231 3434 1303 γάρ

1858 1328 2108 1399 βασιλικά
2132 1322 2200 1399 ἦν
2231 1326 2300 1380 τά
2344 1326 2587 1395 στόματα
2625 1326 2848 1378 ἐκείνων
2882 1322 3155 1395 θησαυρὸν
3189 1324 3436 1395 ἰαμάτων

1856 1420 2049 1492 ἔχοντα
2079 1419 2439 1493 ἀποκείμενον
2463 1436 2476 1448 ’
2519 1419 2612 1471 καὶ
2650 1416 2881 1470 ἕκαστον
2909 1417 3058 1487 ῥῆμα
3093 1415 3234 1480 ἐξιὸν
3271 1415 3438 1469 πολὺν

1857 1510 2142 1585 εἰργάζετο
2191 1510 2418 1564 πλοῦτον
2459 1506 2851 1579 πνευματικόν.
2891 1502 3002 1560 Ἦν
3056 1506 3180 1559 τότε
3224 1505 3440 1577 ἀληθῶς

1862 1606 2008 1667 ἰδεῖν,
2037 1605 2118 1656 ὅτι
2148 1600 2219 1656 τὰ
2249 1601 2403 1669 λόγια
2445 1598 2648 1669 Κυρίου
2692 1595 3008 1668 ἐπιθυμητὰ
3049 1595 3190 1667 ὑπὲρ
3219 1596 3441 1667 χρυσίον

1859 1697 1954 1751 καὶ
1976 1694 2124 1749 λίθον
2153 1694 2332 1764 τίμιον
2362 1690 2531 1746 πολύν
2551 1707 2566 1721 ο
2590 1690 2727 1760 ὅπερ
2754 1687 2864 1760 γάρ
2890 1688 2989 1741 οὐκ
3024 1687 3283 1758 ἠδύναντο
3308 1704 3442 1758 χρυ-

1862 1789 1974 1852 σὸς,
2015 1786 2135 1841 οὐδὲ
2168 1785 2314 1847 λίθος
2349 1784 2550 1855 τίμιος,
2584 1781 2745 1835 τοῦτο
2769 1780 2944 1834 ἐποίει
2988 1779 3056 1834 τὰ
3089 1780 3308 1852 ῥήματα
3340 1779 3446 1832 Πέ-

1861 1894 2011 1949 τρου,
2047 1876 2197 1930 Πόσα
2225 1874 2334 1946 γὰρ
2360 1872 2596 1928 τάλαντα
2635 1869 2862 1942 χρυσίου
2908 1869 2998 1923 τὸν
3039 1868 3209 1940 χωλὸν
3240 1871 3305 1923 ἐκ
3350 1885 3445 1937 γε-

1864 1970 2022 2040 νετῆς
2059 1964 2456 2039 διορθώσασθαι
2489 1962 2712 2033 ίσχυον;
2756 1959 2920 2014 Ἀλλά
2947 1962 3009 2015 τὸ
3041 1962 3192 2033 ῥῆμα
3236 1962 3446 2033 Πέτρου

1866 2062 2053 2131 ίσχυσε
2111 2058 2210 2129 τῆς
2259 2056 2471 2126 φύσεως
2517 2054 2725 2108 ἀνελεῖν
2774 2052 2981 2123 ταύτην
3029 2053 3130 2123 τὴν
3174 2053 3443 2123 πήρωσιν.

1867 2149 2053 2214 Εἶπεν,
2098 2152 2199 2204 Ἔν
2234 2147 2314 2213 τῷ
2369 2148 2612 2217 ὀνόματι
2663 2144 2867 2212 Ἰησοῦ
2908 2143 3166 2211 Χριστοῦ
3202 2143 3447 2213 ἐγειραι,

1868 2241 1964 2295 καί
1996 2238 2449 2308 περιπάτει,“καὶ
2479 2240 2507 2291 6
2527 2237 2683 2305 λόγος
2713 2236 2871 2307 ἔργον
2896 2233 3130 2303 ἐγένετο.
3148 2229 3304 2297 Εἶδες
3331 2233 3450 2297 πῶς

1870 2331 2181 2402 ἐπιθυμητὰ
2232 2331 2371 2400 ὑπὲρ
2419 2329 2642 2402 χρυσίον
2686 2328 2780 2382 καὶ
2828 2327 2976 2381 λίθον
3022 2326 3200 2397 τίμιον
3248 2326 3446 2392 πολύν;

1870 2419 2009 2487 εἶδες
2032 2423 2149 2486 πῶς
2180 2425 2406 2494 ταμιεῖα
2436 2420 2693 2492 βασίλικὰ
2718 2417 2785 2492 ἦν
2807 2419 3033 2474 ἐκείνων
3059 2420 3128 2474 τὰ
3170 2419 3448 2490 στόματα;

1874 2517 2079 2578 Ὄντως
2113 2516 2288 2584 ἰατροὶ
2318 2514 2418 2585 τῆς
2448 2513 2774 2584 οἰκουμένης
2820 2513 3038 2576 ἐκεῖνοι,
3072 2511 3166 2567 καὶ
3193 2510 3449 2583 γεωργοὶ,

1872 2608 1969 2664 καὶ
1999 2607 2358 2680 κυϐερνῆται·
2386 2608 2561 2679 ίατροὶ
2586 2609 2704 2680 μὲν,
2740 2607 2926 2680 ἐπειδὴ
2950 2607 3233 2678 νοσήματα
3264 2605 3453 2676 ἐθερά-

1874 2716 2068 2753 πευον
2105 2699 2341 2771 γεωργοὶ
2379 2699 2458 2762 δέ,
2508 2700 2694 2772 ἐπειδὴ
2727 2700 2818 2753 τὸν
2849 2699 3006 2769 λόγον
3034 2698 3134 2769 τῆς
3174 2696 3454 2760 εὐσεϐείας

1873 2792 2261 2864 κατέσπειρον·
2294 2792 2623 2862 κυϐερνῆται
2645 2793 2725 2854 δέ,
2750 2792 2937 2863 ἐπειδὴ
2957 2791 3017 2844 τὸ
3045 2788 3331 2844 κλυδώνιον
3356 2789 3455 2859 τῆς

1876 2884 2088 2957 πλάνης
2120 2884 2384 2939 ἔπαυσαν.
2415 2885 2513 2939 Διά
2543 2884 2704 2939 τοῦτο
2732 2885 2864 2939 ποτέ
2902 2885 3003 2955 μέν
3034 2900 3195 2955 φησι·
3239 2887 3455 2949 Πορευ-

1877 2976 2081 3043 θέντες
2112 2977 2524 3043 ἀσθενοῦντας
2554 2979 2928 3046 θεραπεύετε,
2962 2977 3037 3041 ὼς
3078 2977 3213 3047 πρὸς
3240 2976 3456 3047 ἰατροὺς

1877 3069 2285 3140 διαλεγόμενος·
2316 3070 2446 3122 ποτέ
2485 3069 2565 3135 δὲ,
2606 3069 2750 3123 Ἰδοὺ
2794 3068 3154 3123 ἀποστέλλω
3186 3064 3341 3136 ὑμᾶς
3366 3068 3458 3119 θει-

1872 3157 2073 3228 ρίζειν,
2098 3158 2130 3211 ὃ
2147 3160 2261 3226 οὐχ
2278 3157 2448 3227 ὑμεῖς
2477 3157 2892 3220 κεκοπιάκατε,
2916 3157 3150 3226 ὡςκπρὺς
3180 3155 3459 3226 γεωργοὺς

1879 3249 2288 3322 διαλεγόμενος·
2336 3251 2431 3304 καὶ
2484 3251 2647 3305 πάλιν
2706 3248 2936 3321 ἀλλαχοῦ
2960 3266 2974 3281 ’
3024 3248 3263 3314 Ποιήσω
3304 3245 3460 3315 ὑμᾶς

1880 3344 2070 3411 ἁλιεῖς
2089 3344 2412 3412 ἀνθρώπων
2429 3359 2442 3372 ·
2468 3344 2560 3396 καὶ
2582 3341 2659 3413 τῷ
2684 3344 2898 3415 Πέτρῳ,
2922 3346 2979 3397 Μ
2984 3342 3016 3410 ὴ
3041 3341 3248 3411 φοϐοῦ,
3274 3340 3458 3411 φησὶν,

1880 3439 2001 3494 ἀπὸ
2035 3437 2141 3492 τοῦ
2194 3436 2313 3491 νῦν
2353 3435 2704 3502 ἀνθρώπους
2746 3436 2861 3503 ἔσῃ
2905 3431 3154 3503 ζωγρῶν,
3205 3432 3281 3495 ὡς
3326 3430 3462 3503 πρὸς

1883 3530 2223 3602 κυϐερνήτας
2251 3528 2342 3582 καὶ
2367 3526 2532 3591 ἁλιεῖς
2561 3526 2764 3598 ὁμιλῶν
2784 3545 2797 3557 ·
2830 3527 2924 3580 καὶ
2953 3521 3020 3598 ἦν
3050 3526 3178 3579 ίδεῖν
3210 3522 3463 3595 θαύματα

1884 3619 1976 3672 ἐπὶ
2009 3617 2271 3689 θαύμασι.
2308 3616 2416 3669 Καὶ
2435 3615 2543 3686 γὰρ
2577 3616 2609 3686 ή
2651 3615 2812 3685 φύσις
2842 3616 2874 3685 ή
2910 3616 3155 3686 ἡμετέρα
3196 3613 3302 3683 πρὸ
3332 3611 3465 3664 δέκα

1884 3709 2105 3782 ήμερῶν
2135 3711 2215 3773 είς
2237 3707 2328 3761 τὸν
2346 3706 2498 3779 [461]
2528 3707 2717 3778 θρόνον
2736 3705 2903 3777 ἀνέϐη
2933 3706 3023 3759 τὸν
3048 3704 3345 3776 βασιλικὸν,
3370 3703 3464 3756 καὶ

1883 3801 1946 3855 τὸ
1979 3798 2202 3871 Πνεῦμα
2231 3804 2291 3853 τὸ
2322 3799 2477 3868 ἅγιον
2507 3797 2712 3868 κατέϐη
2744 3798 2979 3869 σήμερον
3002 3797 3138 3867 πρὸς
3176 3797 3274 3866 τὴν
3304 3794 3465 3864 φύσιν

1886 3894 1983 3965 τὴν
2009 3893 2281 3964 ἡμετέραν
2301 3909 2312 3922 ·
2353 3876 2652 3964 ἀνήνεγκεν
2672 3892 2700 3943 6
2733 3888 2936 3961 Κύριος
2961 3889 3060 3957 τὴν
3087 3887 3340 3958 ἀπαρχὴν
3368 3886 3467 3958 τὴν

1888 3985 2183 4057 ἡμετέραν,
2216 3985 2307 4038 καὶ
2332 3985 2637 4054 κατήνεγκε
2667 3982 2729 4036 τὸ
2759 3979 2985 4051 Πνεῦμα
3013 3979 3076 4033 τὸ
3108 3979 3283 4046 ἅγιον.
3308 3979 3467 4031 Ἔτε·

1890 4095 1982 4150 ρος
2027 4077 2230 4148 Κύριος
2262 4075 2529 4146 διανέμων
2574 4073 2642 4127 τά
2680 4072 2829 4143 δῶρα
2858 4070 3065 4124 ταῦτα·
3106 4070 3202 4124 καὶ
3252 4069 3360 4140 γάρ
3408 4069 3469 4122 τὸ

1890 4169 2114 4239 Πνεῦμα
2146 4167 2348 4239 Κύριός
2376 4168 2512 4231 ἐστι,
2546 4165 2638 4219 καὶ
2659 4163 2995 4232 διενείμαντο
3017 4162 3115 4232 τὴν
3142 4160 3282 4230 ὺπέρ
3311 4158 3469 4230 ήμῶν

1889 4261 2198 4332 οἰκονομίαν
2229 4258 2419 4329 Πατὴρ
2444 4258 2540 4310 καὶ
2570 4256 2699 4320 Υἱὸς
2731 4256 2826 4309 καὶ
2853 4253 3008 4322 ἀγιον
3031 4251 3274 4322 Πνεῦμα.
3304 4249 3469 4303 υῠπω

1890 4354 2023 4408 δέκα
2052 4353 2263 4424 ἡμέρας
2295 4346 2439 4420 εἶχεν
2460 4346 2699 4403 ἀνελθὼν
2721 4347 2750 4399 6
2770 4345 3024 4418 Χριστὸς,
3041 4343 3135 4396 καὶ
3155 4341 3469 4413 χαρίσματα

1891 4448 2021 4518 ἡμῖν
2051 4444 2262 4515 έπεμψε
2296 4459 2429 4497 πνευ
2439 4438 2664 4512 ματικά,
2681 4438 2829 4508 δῶρα
2844 4438 2943 4509 τῆς
2967 4435 3312 4505 καταλλαγῆς
3336 4434 3470 4488 ἐκεί·

1891 4554 2009 4608 νης.
2028 4537 2146 4590 Ἵνα
2173 4537 2279 4607 γὰρ
2306 4534 2496 4606 μηδεὶς
2515 4529 2850 4603 ἀμφιϐάλλῃ,
2882 4527 2977 4582 καὶ
3007 4527 3234 4597 διαπορῇ
3264 4526 3316 4579 τί
3339 4542 3469 4578 ποτε

1892 4628 2000 4701 ἄρα
2032 4627 2098 4682 ἂν
2126 4626 2363 4682 ἀνελθὼν
2390 4627 2421 4680 6
2446 4624 2683 4696 Χριστὸς
2709 4620 2962 4692 ἐποίησεν
2984 4635 2998 4648 ⁸
3035 4616 3144 4689 ἆρα
3168 4617 3468 4689 κατήλλαξε

1894 4722 1983 4774 τὶν
2003 4718 2256 4791 Πατέρα;
2284 4715 2393 4790 ἄρα
2424 4717 2581 4771 ῖλεων
2607 4714 2769 4769 αὐτὸν
2800 4711 3124 4783 εἰργάσατο;
3155 4710 3470 4785 βουλόμενος

1892 4816 2026 4885 ήμῖν
2070 4812 2344 4884 δηλῶσαι,
2389 4810 2472 4863 ὅτι
2516 4805 2854 4878 κατήλλαξεν
2895 4803 3056 4875 αὐτὸν
3088 4804 3154 4873 τῇ
3212 4800 3370 4870 φύσει
3402 4801 3469 4871 τῇ

1894 4905 2175 4977 ἡμετέρα,
2223 4901 2295 4956 τά
2334 4900 2485 4970 δῶρα
2534 4899 2633 4968 τῆς
2664 4890 3035 4963 καταλλαγῆς’
3055 4892 3297 4964 ἐπεμψεν
3341 4892 3473 4961 ἡμῖν

1894 4998 2114 5061 εὐθέως.
2159 4994 2281 5049 Τῶν
2320 4992 2430 5064 γάρ
2475 4990 2685 5062 ἐχθρῶν
2724 4986 3028 5057 ἐνουμένων
3067 4985 3160 5038 καὶ
3202 4983 3468 5037 καταλλα-

1895 5090 2100 5159 γέντων
2143 5085 2393 5154 ἀλλήλοις
2412 5124 2427 5148 ι
2467 5081 2605 5155 μετὰ
2641 5081 2741 5152 τὴν
2788 5076 3136 5146 καταλλαγὴν
3174 5075 3336 5137 εὐθὺς
3375 5075 3473 5142 ἐφ-

212 5167 306 5240 ιιαὶ
329 5163 563 5248 θανάτφυ
591 5161 690 5248 καί
711 5160 1321 5248 ᾆυνάμξφνρσωμάτφν
1347 5160 1878 5248 περιγενομένοιςιο
1895 5183 2118 5237 έπονται
2147 5178 2208 5233 αῖ
2236 5194 2298 5231 τε
2334 5175 2640 5248 φιλοτησίαι
2670 5173 2769 5228 καὶ
2798 5168 3071 5238 δεξιώσεις
3102 5166 3194 5220 καὶ
3227 5164 3294 5217 τὰ
3323 5164 3469 5234 χαρί-

212 5238 319 5325 τῶν
360 5245 635 5318 δαιμόνων
679 5245 843 5315 λέγω.
892 5245 1157 5325 Καθάπερ
1198 5242 1305 5314 γάρ
1347 5243 1499 5315 ήλίου
1540 5238 1798 5313 φανέντος

215 5332 496 5387 ἐλαύνεται
545 5328 607 5382 τὸ
650 5330 858 5393 σκότος,
899 5326 1221 5382 καταδύεται
1265 5326 1430 5398 θηρία
1480 5327 1619 5395 πρὸς
1673 5327 1797 5391 τοὺς

219 5416 447 5483 οἰκείους
498 5412 759 5483 φωλεοὺς,
805 5410 1114 5480 ἀνδροφόνοι
1166 5410 1258 5463 καὶ
1302 5409 1494 5481 λῃσταὶ
1537 5410 1632 5463 καὶ
1665 5428 1800 5480 τυμ-

218 5492 458 5585 ϐωρύχοι
481 5500 617 5570 πρὸς
648 5497 746 5561 τὰς
775 5496 1018 5568 κορυφάς
1049 5495 1157 5551 τῶν
1182 5496 1355 5567 ὀρέων
1382 5497 1797 5569 ἀνατρέχουσιν.

292 5732 413 5809 ’.ἐξξὶ
542 5729 864 5797 διδασκαλίαν,

1898 5291 2099 5347 σματα.
2129 5270 2486 5342 Ἐπέμψαμεν
2512 5254 2701 5321 τοίνυν
2723 5266 2884 5336 ἡμεῖς
2922 5261 3122 5322 πίστιν,
3157 5256 3251 5311 καὶ
3284 5255 3474 5310 ἐλάϐο-

1903 5386 1999 5441 μεν
2042 5366 2251 5421 ὲκεῖθεν
2293 5363 2643 5434 χαρίσματαο
2693 5355 3020 5428 ἐπέμψαμεν
3069 5349 3349 5420 ὑπακοὴν,
3381 5349 3475 5400 καὶ

1900 5459 2166 5530 ἐλάϐομεν
2195 5453 2561 5523 δικαιοσύνην.

1964 5662 1993 5701 ιι
2018 5662 2152 5710 Fort.
2184 5657 2409 5718 ἐνδοτέρω
2435 5654 2511 5703 vel
2539 5648 2821 5712 ἑνδομύχως.

1972 5725 1998 5765 β
2027 5723 2161 5773 Unus
2179 5722 2248 5781 τῷ
2268 5718 2520 5780 δεχομένῳ.
