3908 6300
510 377 597 442 ,γ’.
634 368 743 425 Kal
783 367 872 424 ῐνα
908 366 1136 441 μάθητε,
1163 369 1244 423 ὅτι
1276 370 1377 441 τῆς
1402 367 1746 439 καταλλαγῆς
1772 365 1866 421 τοῦ
1893 362 2029 419 Θεοῦ

456 463 632 537 δῶρόν
661 464 777 517 ὲστι
811 463 872 516 16
902 461 1124 537 δοθῆναι
1157 461 1219 515 τὸ
1242 460 1468 532 Πνεῦμα
1497 460 1560 514 16
1589 460 1762 529 ἀγιον,
1793 458 1900 513 ἀπὸ
1926 457 2034 511 τῶν

458 534 693 625 Γραφῶν
731 552 876 624 ὑμᾶς
904 534 1467 623 πεῖσαιλπειράσομαι,
1509 550 1773 622 πρότερον
1802 549 1910 603 ἀπὸ
1940 546 2034 602 τοῦ

459 643 703 698 ἐναντίου
733 642 965 713 φανερὸν
1000 640 1169 695 ποιῶν
1200 640 1291 694 τὸν
1338 641 1495 710 λόγον
1516 679 1532 705 ,
1568 641 1662 694 καὶ
1693 639 1909 702 δεικνὺς
1952 639 2034 692 ὅτι

457 732 769 787 ἀναστέλλει
813 731 909 786 τοῦ
945 730 1261 803 Πνεύματος
1295 730 1392 802 τὴν
1424 732 1583 801 χάριν
1603 772 1617 797 ,
1647 727 1865 782 ἐπειδὰν
1903 728 2035 800 ἡμῖν

458 820 775 889 ὀργίζηται·
816 819 901 872 ἵνα
943 820 1071 875 ὅταν
1109 817 1357 890 πεισθῇς,
1402 820 1484 873 ὅτι
1512 818 1611 888 τῆς
1653 817 1824 889 ὀργῆς
1865 812 2034 870 αὐτοῦ

454 910 754 980 τεκμήριον
777 908 837 962 16
867 907 942 980 μὴ
973 902 1114 961 εἶναι
1148 906 1373 977 Πνεῦμα
1402 906 1574 975 ἅγιον,
1602 905 1696 959 καὶ
1729 905 1844 976 ἴδῃς
1874 902 2034 958 πάλιν

457 995 682 1068 Πνεῦμα
733 996 1260 1067 καταπεμπόμενον,
1295 993 1471 1067 μάθῃς
1516 994 1597 1048 ὅτι
1631 995 1680 1046 εἰ
1717 993 1793 1066 μὴ
1834 991 2035 1063 κατηλ-

454 1084 619 1155 λάγη,
648 1085 746 1139 οὐκ
777 1085 844 1140 ἂν
884 1084 1095 1154 έπεμψε
1133 1085 1359 1156 Πνεῦμα
1388 1084 1563 1152 ἅγιον.
1595 1082 1766 1136 Πόθεν
1802 1076 1895 1135 οῦν
1922 1082 2036 1134 εἰσ-

456 1172 629 1243 όμεθα
657 1171 850 1237 τοῦτο;
905 1172 962 1223 ’0
1000 1170 1118 1225 Ἧλί
1163 1169 1473 1242 πρεσϐύτης
1514 1168 1798 1240 ἄνθρωπος
1836 1163 1925 1240 ἦν,
1965 1165 2034 1220 τά

460 1261 560 1331 μὲν
592 1259 725 1315 ἀλλα
763 1260 1013 1332 ἐπιεικὴς
1039 1261 1134 1314 καὶ
1172 1258 1425 1331 σώφρων,
1454 1257 1657 1311 παίδων
1685 1257 1742 1312 δὲ
1770 1256 2034 1328 πονηρίαν

455 1350 556 1402 ούκ
587 1348 742 1413 εἰδὼς
780 1346 1196 1419 διορθώσασθαι,
1232 1345 1368 1400 ἀλλά
1404 1345 1544 1415 πέρα
1584 1344 1677 1399 τοῦ
1717 1345 1914 1417 μέτρου
1946 1362 2034 1413 φι-

457 1436 566 1491 λῶν
609 1437 678 1490 τά
721 1435 939 1504 ἔκγονα.
975 1434 1229 1488 Ἀκούετε
1275 1435 1389 1488 ὅσοι
1436 1432 1631 1497 παῖδας
1663 1433 1849 1505 ἔχετε,
1893 1430 2034 1485 ὥστε

462 1525 884 1596 μεμετρημένην
936 1523 1206 1576 ποιεῖσθαι
1237 1523 1335 1593 τὴν
1384 1522 1563 1592 φιλίαν
1596 1523 1690 1575 καὶ
1732 1522 1832 1592 τὴν
1879 1519 2035 1576 αίδῶ.

471 1612 530 1666 '0
562 1613 670 1683 γὰρ
715 1611 832 1665 Ἠλὶ
863 1610 1111 1667 ἐντεῦθεν
1142 1609 1446 1682 παροξύνας
1466 1610 1557 1664 τὸν
1582 1608 1734 1675 Θεὸν,
1758 1609 1836 1672 είς
1867 1608 2035 1680 ὀργὴν

461 1701 622 1756 αὑτὸν
642 1700 831 1771 ἔρριψε
856 1699 1138 1770 τοσαύτην,
1162 1699 1238 1762 ώς
1264 1697 1408 1753 ἅπαν
1436 1698 1597 1753 αὑτὸν
1619 1698 2034 1770 ἀποστραφῆναι

462 1790 522 1842 τὸ
544 1788 713 1853 ἔθνος.
741 1791 964 1853 Δεικνὺς
993 1789 1174 1843 τοίνυν
1198 1791 1226 1842 6
1250 1788 1422 1843 ταῦτα
1453 1785 1692 1859 γράψας,
1714 1788 1796 1841 ὅτι
1833 1788 2037 1857 σφόδρα

461 1878 657 1940 αὐτοὺς
688 1877 1040 1949 ἀπέστραπτο
1069 1879 1096 1930 6
1114 1875 1268 1943 Θεὸς,
1291 1876 1443 1945 ἔλεγε
1463 1892 1477 1906 '
1513 1874 1702 1945 Ῥἦμα
1723 1877 1919 1945 τίμιον
1934 1871 2033 1946 ἦν,

461 1964 560 2018 καί
588 1966 700 2019 οὐκ
728 1960 808 2035 ἦν
836 1963 1047 2033 ὅρασις
1088 1964 1557 2026 διαστέλλουσα,
1591 1963 1771 2032 τίμιον
1803 1961 2037 2017 ἐνταῦθα

461 2053 519 2106 τὸ
547 2054 770 2107 σπάνιον
796 2052 972 2129 λέγων
994 2071 1005 2082 ·
1037 2053 1124 2109 διὰ
1162 2053 1270 2125 γὰρ
1298 2052 1505 2106 τούτων
1543 2051 1826 2122 ἐδήλωσεν,
1856 2051 1936 2104 ὃτι
1967 2049 2035 2106 τὰ

459 2141 557 2212 τῆς
593 2140 928 2213 προφητείας
962 2140 1219 2206 ἐσπάνιζε
1245 2141 1388 2194 τότε.
1423 2141 1592 2196 Πάλιν
1628 2139 1842 2212 θρηνῶν
1877 2139 2036 2203 ἄλλος

459 2230 553 2282 καὶ
586 2229 991 2301 ἀποδυρόμενος
1017 2228 1110 2283 ἐπὶ
1129 2230 1195 2299 τῇ
1229 2231 1365 2300 ὀργῇ
1383 2227 1479 2282 τοῦ
1498 2228 1633 2283 Θεοῦ
1662 2228 1848 2296 ἔλεγεν
1871 2243 1884 2257 ·
1914 2230 2036 2282 Οὐκ

460 2316 630 2370 ἔστιν
654 2317 875 2384 ἅρχων,
904 2315 1047 2370 οὐδὲ
1072 2314 1384 2385 προφήτης
1405 2316 1476 2369 ἐν
1494 2315 1576 2380 τῷ
1603 2315 1785 2382 καιρῷ
1817 2304 2032 2379 τούτω*

460 2405 551 2458 καὶ
584 2403 744 2457 πάλιν
791 2405 820 2458 ό
864 2400 1258 2471 εύαγγελιστής
1288 2419 1453 2473 φησιν
1478 2419 1490 2433 ·
1522 2401 1766 2456 Οὐδέπω
1803 2402 1915 2471 γὰρ
1955 2398 2036 2473 ἦν

464 2494 701 2563 Πνεῦμα
753 2494 960 2563 ἅγιον,
1002 2494 1092 2548 ὅτι
1142 2494 1376 2563 Ἰησοῦς
1427 2492 1661 2548 οὐδέπω
1709 2493 2032 2562 ἐδοξάσθη.

473 2580 692 2653 Ἐπειδὴ
719 2581 828 2653 γὰρ
855 2581 1067 2637 οὐδέπω
1095 2580 1434 2653 ἐσταυρώθη,
1459 2583 1645 2653 φησὶν,
1663 2582 1763 2636 οὒκ
1785 2577 1853 2654 ἦν
1872 2581 2037 2637 Πνεῦ-

462 2685 540 2742 μα
572 2671 726 2739 ἀγιον
774 2672 831 2725 ὲν
869 2672 981 2735 τοῖς
1028 2670 1336 2743 ἀνθρώποις
1371 2671 1552 2727 δοθέν·
1587 2671 1649 2725 16
1682 2671 1810 2743 γὰρ,
1837 2673 2033 2726 ἐσταυ-

463 2759 633 2830 ρώθη,
656 2760 803 2814 ἐστὶν
828 2757 1176 2827 Ἐδοξιίσθη.
1203 2761 1266 2813 Εἰ
1289 2759 1397 2831 γὰρ
1422 2760 1514 2814 καὶ
1535 2759 1697 2830 φύσει
1717 2761 1778 2815 16
1804 2761 2036 2833 πρᾶγμα

459 2848 842 2911 ἐπονείδιστον,
874 2846 986 2902 ἀλλ’
1010 2847 1196 2921 ἐπειδὴ
1240 2847 1381 2919 ὑπὲρ
1411 2848 1520 2902 τῶν
1551 2849 1889 2919 φιλουμένων
1915 2849 2036 2918 ἐγέ-

460 2948 603 2999 νετο,
631 2934 789 3002 δόξαν
822 2936 953 2990 αὐτὸ
987 2934 1141 2990 καλεί
1178 2938 1206 2990 6
1234 2937 1485 3007 Χριστός.
1519 2937 1627 2991 Kal
1654 2936 1796 3000 τίνος
1824 2936 2030 3003 ἕνεκεν,

460 3026 580 3080 εἰπέ
607 3042 718 3096 μοι,
740 3024 847 3096 πρὸ
875 3023 969 3078 τοῦ
994 3022 1231 3095 σταυροῦ
1256 3024 1356 3077 οὐκ
1377 3023 1532 3097 ἐδόθη
1551 3024 1613 3078 τδ
1638 3024 1891 3097 Πνεῦμα;
1911 3025 2034 3078 Ὀτι

462 3115 519 3167 ὲν
551 3112 843 3183 ἁμαρτίαις
866 3107 934 3186 ἦν
956 3114 990 3184 η
1022 3110 1332 3182 οἰκουμένη,
1358 3112 1417 3167 ἐν
1443 3112 1913 3184 προσκρούσμασι,
1941 3114 2036 3168 καὶ

459 3201 649 3273 ἔχθρᾳ,
673 3201 767 3254 καὶ
787 3199 1007 3272 ἀτιμίᾳ·
1037 3199 1246 3253 οὐδέπω
1268 3200 1360 3253 τοῦ
1387 3198 1561 3271 ἀμνοῦ
1586 3201 2033 3272 προσενεχθέντος

459 3288 551 3342 τοῦ
598 3287 695 3359 τὴν
730 3287 1005 3360 ἁμαρτίαν
1043 3286 1289 3358 αἴροντος
1325 3286 1419 3341 τοῦ
1470 3288 1698 3358 κόσμου.
1745 3289 1899 3345 Ἐπεὶ
1943 3285 2037 3344 οὖν

459 3378 669 3432 οὐδέπω
702 3377 852 3449 [462]
886 3372 954 3449 ἦν
993 3378 1022 3429 6
1054 3377 1288 3449 Χριστὸς
1332 3378 1697 3449 σταυρωθεὶς,
1728 3379 1939 3434 οὐδέπω
1969 3376 2037 3451 ἦν

465 3464 781 3536 καταλλαγὴ
830 3464 1097 3534 γενομένη
1122 3479 1136 3494 °
1172 3464 1270 3535 τῆς
1310 3464 1366 3517 δὲ
1412 3466 1762 3539 καταλλαγῆς
1813 3468 2039 3539 μηδέπω

468 3552 785 3624 γενομένης,
821 3550 1046 3614 εἰκότως
1080 3550 1201 3604 οὐδὲ
1232 3551 1294 3605 16
1321 3552 1545 3624 Πνεῦμα
1571 3555 1872 3625 ἐπέμπετο,
1897 3555 2039 3613 ὥστε

461 3640 810 3710 καταλλαγῆς
841 3640 1139 3712 τεκμήριον
1171 3640 1234 3693 16
1260 3639 1487 3712 Πνεῦμα
1521 3642 1907 3715 ἀποσταλῆναι.
1940 3645 2039 3702 Διά

459 3730 632 3784 τοῦτο’
654 3728 748 3782 καὶ
772 3729 801 3781 6
832 3724 1066 3798 Χριστός
1096 3744 1260 3800 φησι·
1286 3728 1581 3798 Συμςρέρει
1618 3730 1780 3800 ὑμῖν,
1799 3733 1900 3787 ἵνα
1924 3733 2039 3804 ἐγὼ

460 3816 701 3873 ἀπέλθω
719 3832 733 3847 ⁸
769 3815 878 3871 ἐὰν
908 3815 1017 3885 γὰρ
1035 3814 1149 3886 ἐγὼ
1179 3816 1266 3886 μὴ
1294 3817 1553 3882 ἀπέλθω,
1581 3818 1811 3887 ἐκεῖνος
1850 3823 1921 3876 οὐ
1948 3822 2035 3894 μὴ

460 3907 608 3975 ἔλθῃ
628 3924 641 3938 ·
684 3904 778 3960 ὲάν
821 3905 895 3976 μὴ
928 3903 1176 3970 ἀπέλθω,
1208 3903 1301 3957 καὶ
1335 3905 1651 3972 καταλλάξω
1679 3908 1768 3962 16v
1797 3910 2036 3981 Πατέρα,

462 3994 647 4064 φησιν,
679 3993 740 4047 ού
782 3994 987 4064 πέμπω
1015 3993 1147 4065 ύμῖν
1179 3992 1271 4046 τὸν
1312 3995 1679 4068 παράκλητον.
1724 3996 1904 4051 Εῐδετε
1951 3997 2040 4053 διὰ

461 4083 643 4135 πόσων
683 4078 1045 4153 ἀπεδείξαμεν
1088 4081 1236 4152 ὑμῖν,
1278 4081 1362 4135 ὅτι
1413 4082 1508 4154 τῆς
1553 4084 1718 4156 ὀργῆς
1759 4084 1852 4140 τοῦ
1902 4086 2037 4140 Θεοῦ

461 4172 685 4242 σημεῖόν
709 4173 823 4226 ἐστι
843 4171 904 4226 16
933 4172 1006 4244 μὴ
1032 4169 1170 4226 εῖναι
1190 4170 1413 4243 Πνεῦμα
1434 4171 1586 4241 ἅγιον
1613 4174 1672 4227 ὲν
1695 4174 2001 4247 ἀνθρώποις
2021 4192 2035 4242 ;

472 4260 654 4330 Ῥῆμιι
672 4262 865 4329 τίμιον
880 4256 979 4329 ἦν,
994 4260 1092 4313 καί
1115 4262 1226 4315 οὐκ
1246 4256 1325 4331 ἦν
1339 4260 1548 4329 ὅρασις
1565 4261 2034 4320 διαστέλλουσαο

459 4352 579 4413 οὐκ
608 4348 741 4419 ἔστι
773 4346 884 4416 γὰρ
906 4345 1108 4415 ἄρχων
1134 4346 1276 4401 οὐδὲ
1309 4348 1619 4418 προφήτης
1646 4350 1717 4404 ἐν
1748 4351 1827 4417 τῷ
1856 4352 2039 4422 καιρῷ

460 4438 668 4507 τούτῳο
703 4432 877 4487 Οὔπω
908 4434 1018 4503 γὰρ
1064 4430 1141 4504 ἦν
1171 4436 1411 4505 Πνεῦμα
1449 4437 1641 4506 ἅγιον,
1681 4438 1771 4494 ὅτι
1810 4442 2038 4510 Ἰησοῦς

460 4522 695 4585 οὐδέπω
706 4520 1026 4587 ἐδοξάσθη.
1042 4520 1332 4591 Συμφέρει
1354 4525 1516 4594 ὑμῖν,
1531 4526 1632 4581 ἵνα
1645 4528 1760 4597 ἐγὼ
1779 4528 2035 4584 ἀπέλθω·

461 4613 569 4677 ἐὰν
590 4610 700 4681 γὰρ
721 4609 836 4680 ἐγὼ
859 4608 945 4679 μὴ
974 4609 1231 4675 ἀπέλθω,
1257 4612 1486 4680 ἐκεῖνος
1499 4616 1573 4669 οὐ
1588 4615 1674 4684 μὴ
1705 4618 1876 4686 ἔλθῃ.
1898 4620 2039 4672 Οὐκ·

461 4700 555 4754 οῦν
621 4697 848 4768 σημεῖόν
886 4699 1001 4751 ἐστι
1044 4697 1144 4768 τῆς
1184 4698 1353 4771 ὀργῆς
1382 4700 1478 4754 τοῦ
1511 4702 1646 4756 Θεοῦ
1688 4704 1750 4757 16
1793 4706 1867 4778 μὴ
1901 4703 2036 4763 εἶναι

463 4784 688 4856 Πνεῦμα
702 4785 877 4854 ἅγιον.
903 4786 1069 4841 Ὅταν
1099 4787 1214 4859 ἴδῃς
1238 4787 1467 4859 Πνεῦμα
1495 4789 1650 4857 ἅγιον
1684 4796 2039 4864 καταπεμπό-

464 4890 625 4947 μενον
637 4872 893 4943 δαψιλῶς,
912 4874 1076 4944 μηδὲν
1096 4874 1280 4930 λοιπὸν
1302 4876 1651 4950 ἀμφιϐάλλεις
1674 4881 1802 4952 περὶ
1819 4881 1919 4952 τῆς
1942 4900 2031 4937 κα-

462 4960 754 5037 ταλλαγῆς.
797 4961 907 5014 Kal
944 4961 1069 5024 ποῦ,
1099 4964 1284 5034 φησὶν,
1319 4963 1435 5019 ἐστι
1464 4966 1691 5037 Πνεῦμα
1727 4969 1881 5039 ᾶγιον
1907 4972 2035 5040 νῦν;

462 5051 595 5127 Τότε
615 5051 717 5122 μὲν
742 5050 849 5122 γὰρ
871 5050 1050 5117 καλῶς
1072 5051 1240 5122 λέγει,
1256 5054 1346 5108 ὅτι
1374 5059 1574 5128 σημεῖα
1596 5058 1823 5128 ἐγίνετο,
1840 5063 1935 5129 καί
1949 5081 2038 5117 νε..

461 5139 587 5211 κροὶ
605 5138 910 5212 ¹ἰιγείροντο,
927 5141 1021 5194 καὶ
1045 5140 1238 5215 λεπροὶ
1254 5143 1451 5208 πάντες
1471 5145 1824 5219 ὲκαθαίροντο
1840 5167 1854 5181 ο
1873 5149 1967 5206 νῦν
1981 5153 2039 5208 δὲ

462 5227 625 5281 πόθεν
645 5227 910 5303 δείξομεν,
928 5228 1011 5285 ὅτι
1038 5230 1271 5301 πάρεστι
1289 5231 1350 5285 16
1367 5232 1590 5307 Πνεῦμα
1613 5234 1674 5289 16
1697 5236 1850 5306 ἅγιον
1871 5240 2000 5311 ἡμῖν
2020 5259 2035 5307 ;

462 5317 553 5389 Μὴ
584 5317 795 5394 δείσητε
816 5333 830 5348 ’
881 5319 1238 5391 ἀποδείκνυμι
1285 5320 1416 5395 γὰρ,
1450 5325 1532 5380 ὅτι
1566 5326 1657 5380 καὶ
1689 5326 1785 5393 νῦν
1814 5331 2039 5402 Πνεῦμα

461 5404 614 5483 ἀγιόν
646 5407 792 5463 ἐστιν
813 5407 872 5460 ὲν
907 5409 1061 5478 ἡμῖν.
1090 5407 1212 5473 Πῶς
1251 5411 1342 5464 καὶ
1379 5412 1484 5465 τίνι
1528 5415 1748 5488 τρόπῳ;
1792 5419 1902 5474 Καὶ
1929 5421 2038 5493 γὰρ

461 5496 509 5549 εἰ
544 5495 620 5566 μὴ
648 5495 873 5567 Πνεῦμα
911 5497 1064 5565 ἆγιόν
1100 5499 1248 5551 ἐστιν
1286 5501 1343 5553 ὲν
1376 5503 1525 5573 ἡμῖν,
1562 5506 1680 5570 πῶς
1717 5506 1783 5561 ἂν
1811 5501 1956 5562 οὗτοι
1987 5512 2037 5563 οἱ

462 5582 602 5649 κατά
623 5583 721 5655 τὴν
748 5585 899 5656 ἱερὰν
917 5585 1086 5641 νύκτα
1111 5589 1312 5661 ταύτην
1333 5593 1692 5660 φωτισθέντες
1718 5595 1825 5650 τῶν
1857 5599 2034 5669 ἀμαρ-

459 5674 587 5732 τιῶν
640 5673 1071 5748 ἀπηλλάγησαν;
1128 5677 1245 5749 οὐδὲ
1274 5681 1383 5753 γὰρ
1432 5681 1579 5739 ἔστιν
1625 5687 2035 5759 ἁμαρτημάτων

1116 253 1175 312 S.
1215 252 1501 311 JOANNIS
1537 245 2023 312 CHRYSOSTOMI
2060 246 2384 305 ARCIIIEP.
2422 248 2969 308 CONSTANTINOP;

3618 245 3728 307 658

2138 364 2518 439 ἀπαλλαγῆναι
2569 367 2697 422 ἄνευ
2750 366 2861 438 τῆς
2895 365 2991 420 τοῦ
3048 364 3363 437 Πνεύματος
3413 362 3726 436 ἐνεργείας.

2148 458 2440 513 Ἀκούσατε
2488 458 2618 528 γοῦν
2663 458 2758 514 τοῦ
2813 459 3028 514 Παύλου
3052 457 3329 527 λέγοντος·
3359 453 3546 526 Ἦμεν
3606 456 3733 526 γάρ

2135 566 2281 604 ποτε
2310 551 2407 605 καί
2443 551 2615 621 ἡμεῖς
2654 552 2899 620 ἀνόητοι
2916 592 2931 619 ,
2971 550 3235 617 ἀπειθεῖς
3252 590 3267 614 ,
3315 549 3723 620 πλανώμενοι,

2108 641 2530 710 ·δουλεύοντες
2555 643 2890 712 ἐπιθυμίαις
2918 644 3216 709 ποικίλαις
3236 658 3249 670 ’
3281 641 3381 696 ὅτε
3409 640 3478 695 δὲ
3508 641 3548 710 ή
3574 658 3729 711 m-

2135 732 2358 800 στότης
2386 732 2485 786 καί
2517 734 2554 802 ή
2583 734 2995 803 φιλανθρωπία
3017 733 3291 804 ἐπεφάνη
3314 733 3421 789 τοῦ
3443 731 3721 802 Σωτῆρος

2135 822 2305 890 ήμῶν
2328 823 2495 889 Θεοῦ,
2521 828 2630 879 οὐκ
2661 825 2730 890 ἐξ
2752 826 2943 896 ἕρπων
2966 826 3086 881 τῶν
3113 827 3183 881 ἐν
3218 825 3600 896 δικαιοσύνῃ,
3628 819 3727 880 ὧν

2136 913 2505 985 ἐποιήσαμεν
2550 917 2757 986 ἡμεῖς.
2802 918 2965 973 ἀλλὰ
2993 918 3144 972 κατὰ
3174 917 3281 971 τὸν
3308 915 3498 972 αὐτοῦ
3537 917 3725 973 ἔλεον

2135 1006 2371 1061 ἔσωσεν
2392 1007 2547 1077 ημᾶς
2565 1007 2662 1063 διὰ
2679 1009 2936 1078 λουτροῦ
2957 1010 3440 1080 παλιγγενεσίας,
3463 1009 3565 1064 καί
3578 1011 3724 1066 ἁνα-

2135 1097 2471 1165 καινώσεως
2498 1103 2847 1171 Πνεύματος
2873 1101 3077 1172 ἁγίουθ
3120 1103 3217 1156 καὶ
3259 1102 3421 1156 πάλιν
3448 1090 3685 1172 ὢιλαχοῦ
3704 1119 3719 1132 ·

2133 1191 2233 1260 Μὴ
2271 1190 2587 1249 πλανᾶσθε
2606 1208 2621 1224 '
2660 1193 2797 1247 οὔτε
2826 1194 3057 1262 πόρνοι,
3100 1193 3238 1248 οὔτε
3268 1192 3719 1262 εἰδωλολάτραι,

2138 1284 2274 1337 οὔτε
2292 1281 2515 1352 μοιχοί,
2542 1283 2681 1337 οὔτε
2699 1282 2981 1352 μαλακοὶ,
3015 1283 3156 1338 οὔτε
3177 1281 3613 1352 ἀρσενοκοῖται,
3640 1283 3722 1337 οὐ

2137 1372 2408 1436 κλέπται,
2442 1374 2513 1426 οὐ
2531 1373 2906 1439 πλεονέκται,
2936 1375 3008 1428 οὐ
3018 1374 3295 1443 μέθυσοι,
3329 1375 3402 1428 οὐ
3428 1373 3718 1443 λοίδοροι,

2134 1464 2247 1530 οὐχ
2276 1461 2878 1531 ἄρπιιγεςβασιλείαν
2911 1463 3060 1518 Θεοῦ
3091 1462 3722 1535 [οὐ]κληρονομήσου-

2134 1567 2257 1607 σιν.
2266 1549 2417 1616 Εἶδες
2429 1552 2641 1607 ἅπαντα
2663 1552 2730 1609 τά
2742 1553 2857 1625 εἴδη
2873 1553 2974 1625 τῆς
2994 1532 3211 1618 κακίαξξ
3229 1554 3339 1607 Καὶ
3354 1532 3540 1608 ταῦτα
3554 1571 3722 1621 τινες

2135 1640 2262 1715 ἦτε,
2304 1645 2443 1699 ἀλλ’
2494 1645 2950 1711 ἀπελούσασθε,
2992 1645 3128 1701 ἀλλ’
3174 1646 3502 1715 ἡγιάσθητε
3522 1686 3555 1711 ,ν
3575 1646 3718 1700 ἀλλ’

2135 1735 2534 1805 ἐδικαιώθητε.
2563 1735 2723 1805 Πῶς;
2757 1736 2913 1793 τοῦτο
2941 1737 3050 1809 γὰρ
3076 1739 3137 1793 16
3166 1735 3516 1809 ζητούμενον,
3544 1740 3593 1792 εί
3628 1737 3719 1793 δή

2135 1828 2227 1883 τοῦ
2260 1830 2417 1899 ἀγίου
2448 1829 2761 1902 Πνεύματος
2790 1831 2890 1903 τὴν
2919 1830 3115 1885 κακίαν
3142 1830 3473 1901 ἀπεθέμεθα.
3506 1830 3721 1886 Οὐκοῦν

2136 1921 2392 1977 ἄκουσονο
2456 1923 2612 1978 Ἀλλ’
2647 1922 2993 1994 ἡγιάσθητε,
3047 1924 3184 1979 ἀλλ’
3229 1924 3609 1991 ἐδικαιώθητε
3645 1924 3720 1977 ἐν

2136 2012 2216 2080 τῷ
2237 2016 2480 2086 ὀνόματι
2504 2015 2609 2070 τοῦ
2658 2016 2881 2084 Κυρίου
2918 2016 3137 2086 Ἰησοῦ,
3172 2015 3270 2071 καί
3301 2017 3372 2070 ἐν
3404 2015 3483 2083 τῷ
3522 2017 3718 2073 Πνεύ-

2130 2123 2274 2175 ματι
2301 2107 2408 2162 τοῦ
2434 2107 2584 2162 Θεοῦ
2606 2108 2796 2178 ήμῶν.
2827 2105 2980 2173 Εἶδες
3007 2110 3090 2163 δτι
3121 2108 3182 2162 16
3219 2107 3440 2178 Πνεῦμα
3470 2108 3533 2162 16
3557 2107 3717 2176 ἅγιον

2135 2196 2232 2270 τὴν
2256 2199 2455 2252 κακίαν
2482 2198 2700 2254 ἃπασαν
2729 2200 2946 2271 ἐκείνην
2973 2200 3279 2272 ἀπήλειψε;

2205 2290 2267 2344 6'.
2292 2290 2402 2344 Ποῦ
2431 2290 2545 2345 νῦνκ
2563 2293 2699 2345 εἰσιν
2723 2293 2771 2346 οἰ
2808 2291 3254 2364 βλασφημοῦντες
3279 2291 3376 2346 τοῦ
3399 2292 3718 2361 Πνεύματος

2135 2382 2234 2454 τὴν
2258 2382 2447 2450 ἀξίσν;
2471 2384 2534 2436 Εἰ
2563 2385 2659 2456 μὲν
2690 2383 2799 2458 γὰρ
2826 2383 2902 2456 μὴ
2922 2384 3147 2456 ἀφίησιν
3172 2384 3391 2457 ἀμαρτή
3402 2401 3563 2454 ματα,
3589 2385 3712 2457 εἰκῇ

2137 2472 2624 2544 παραλαμϐάνεται
2679 2476 2760 2538 είς
2810 2474 2873 2527 16
2924 2473 3242 2545 βάπτισμαο
3289 2475 3339 2526 εἰ
3382 2472 3715 2545 δὲάφίησιν

2135 2566 2353 2636 ἀμαρτή
2364 2581 2532 2634 ματα,
2553 2566 2676 2637 εἰκῇ
2708 2563 3107 2637 βλασφημεῖται
3140 2564 3246 2618 ὑπὸ
3268 2564 3375 2617 τῶν
3398 2564 3708 2635 αἰρετικῶν.

2137 2658 2199 2711 Εἰ
2225 2656 2298 2729 μὴ
2326 2657 2553 2729 Πνεῦμα
2599 2653 2668 2729 ἦν
2704 2657 2877 2727 ἅγιον,
2914 2657 3117 2728 Κύριον
3161 2654 3366 2727 Ἰησοῦν
3404 2656 3575 2708 εἰπεῖν
3611 2654 3716 2709 οὐκ

2135 2748 2483 2819 ἠδυνάμεθαο
2542 2748 2756 2816 Οὐδεὶς
2797 2748 2907 2819 γὰρ
2971 2748 3219 2803 δύναται
3260 2746 3447 2802 εἰπεῖν
3496 2748 3715 2814 Κύριον

2149 2839 2403 2907 Ἰησοῦν,
2433 2840 2487 2892 εί
2526 2837 2614 2909 μὴ
2645 2839 2714 2892 ἐν
2751 2834 2836 2903 τῷ
2881 2840 3177 2908 Πνεύματι
3205 2836 3284 2903 τῷ
3312 2838 3479 2907 ἁγίῳ.
3531 2836 3595 2890 Εἰ
3636 2837 3714 2907 μὴ

2136 2928 2361 3000 Πνεῦμα
2393 2924 2461 3000 ἦν
2492 2927 2667 2997 ἅγιον,
2695 2929 2787 2982 τὸν
2826 2929 2957 2983 Θεὸν
2985 2928 3361 2999 παρακαλέσαι
3394 2927 3495 2982 οὐκ
3519 2926 3717 2996 ἠδυνά-

2139 3018 2279 3092 μεθα
2308 3020 2358 3073 οἰ
2388 3020 2568 3075 πιστοί
2585 3037 2599 3050 ο
2629 3021 2860 3092 λέγομεν
2884 3020 3012 3094 γὰρ,
3032 3019 3222 3090 Πάτερ
3245 3019 3414 3090 ὑμῶν
3442 3023 3475 3075 ό
3497 3021 3569 3074 έν
3590 3020 3717 3087 τοῖς

2136 3112 2435 3181 οὐρανοῖς.
2481 3114 2693 3186 Ὥσπερ
2733 3109 2827 3169 οῦν
2874 3113 3078 3184 Κύριον
3123 3112 3349 3168 καλέσαι
3379 3113 3480 3167 οὐκ
3523 3113 3719 3189 ἠδυνά-

2141 3204 2301 3276 μεθα,
2345 3205 2517 3271 οὕτως
2569 3205 2718 3279 [465]
2749 3206 2872 3261 οὐδὲ
2921 3206 3141 3278 Πατέρα
3181 3206 3272 3260 τὸν
3310 3199 3442 3259 Θεὸν
3488 3205 3719 3262 καλέσαι

2138 3297 2472 3371 ἠδυνάμεθα.
2501 3299 2673 3354 Πόθεν
2715 3299 2906 3371 δῆλονς
2945 3299 3040 3353 Ἐκ
3079 3298 3174 3353 τοῦ
3203 3296 3367 3353 αὑτοῦ
3416 3298 3716 3353 ἀποστόλου

2139 3386 2408 3457 λέγοντος,
2432 3391 2563 3444 Ὀτι
2601 3385 2668 3443 δέ
2682 3390 2822 3444 ἐστε
2855 3390 2992 3455 υἱοὶ,
3034 3388 3464 3454 ἐξαπέστειλεν
3507 3392 3542 3444 ὁ
3571 3390 3719 3457 Θεὸς

2137 3480 2207 3534 τὸ
2236 3482 2475 3551 Πνεῦμα
2511 3481 2619 3536 τοῦ
2657 3481 2791 3537 Υίοῦ
2816 3480 3003 3535 αὐτοῦ
3026 3484 3112 3549 είς
3143 3481 3250 3548 τὰς
3278 3480 3525 3551 καρδίας
3548 3479 3721 3551 ὑμῶν

2139 3570 2372 3640 κρᾶζον,
2421 3570 2571 3626 άϐϐᾶ
2608 3574 2642 3626 ό
2692 3571 2914 3640 Πατήρ.
2968 3572 3132 3625 Ὥστε
3181 3573 3307 3626 ὅταν
3346 3572 3583 3644 καλέσῃς
3626 3574 3718 3626 τὸν

2139 3662 2381 3735 Πατέρα,
2410 3663 2809 3735 ἀναμνήσθητι,
2834 3664 2917 3718 ὅτι
2945 3662 3037 3717 τοῦ
3068 3664 3382 3736 Πνεύματος
3408 3666 3506 3737 τὴν
3539 3665 3718 3737 ψυχὴν

2140 3756 2415 3821 κινοῦντος
2443 3754 2680 3828 ὴξιώθης
2723 3756 2824 3829 τῆς
2867 3758 3240 3831 προσηγορίας
3274 3758 3508 3830 ἐκείνης.
3541 3758 3602 3810 Εἰ
3640 3758 3718 3830 μὴ

2140 3848 2366 3918 Πνεῦμα
2385 3843 2471 3921 ἦν,
2499 3849 2657 3917 λόγος
2685 3848 2876 3917 σοφίας
2908 3850 3002 3904 καὶ
3018 3849 3269 3919 γνώσεως
3309 3852 3366 3903 ὲν
3393 3853 3457 3921 τῇ
3490 3850 3719 3922 Ἐκκληο

2142 3940 2233 4012 σία
2264 3940 2364 3995 οὑκ
2390 3936 2487 4010 ἦν’
2507 3935 2583 4011 *ρ
2598 3940 2717 4011 μὲν
2736 3940 2849 4010 γὰρ
2872 3940 3099 3997 δίδοται
3117 3940 3214 3997 διὰ
3241 3942 3346 3997 τοῦ
3373 3944 3720 4012 Πνεύματος

2138 4037 2323 4104 λόγος
2353 4033 2595 4103 σοφίας,
2642 4033 2810 4097 ἄλλῳ
2858 4032 2926 4086 δὲ
2964 4036 3149 4104 λόγος
3194 4033 3488 4104 γνώσεως.
3539 4036 3603 4088 El
3641 4036 3717 4107 μὴ

2139 4125 2366 4198 Πνεῦμα
2411 4128 2563 4195 ἅγιον
2605 4120 2696 4198 ἦν,
2748 4126 3007 4198 ποιμένες
3058 4128 3153 4181 καὶ
3184 4126 3489 4182 διδάσκαλοι
3534 4128 3592 4181 ὲν
3647 4130 3719 4200 τῇ

2152 4217 2448 4291 Ἐκκλησία
2493 4218 2595 4272 οὐκ
2628 4213 2803 4290 ἦσαν’
2839 4217 2930 4270 καὶ
2963 4216 3071 4289 γὰρ
3104 4212 3249 4271 οῦτοι
3285 4217 3373 4272 διὰ
3406 4218 3502 4272 τοῦ
3548 4218 3721 4274 Πνεύ-

2144 4326 2311 4382 ματος
2348 4310 2609 4380 γίνονται,
2641 4306 2824 4373 καθὼς
2852 4308 2947 4362 καὶ
2986 4310 3014 4362 6
3046 4307 3259 4373 Παῦλός
3303 4325 3467 4380 φησιν
3490 4327 3503 4341 ·
3539 4310 3642 4364 Ἐν
3668 4304 3719 4379 ᾦ

2140 4402 2305 4458 ἔθετο
2333 4400 2489 4473 ὑμᾶς
2509 4402 2577 4455 τὸ
2602 4400 2845 4471 Πνεῦμα
2868 4400 2935 4456 τό
2959 4401 3129 4472 ἄτιον
3151 4401 3440 4471 ποιμένας
3474 4403 3573 4456 καί
3594 4403 3719 4457 ἐπι-

2142 4497 2436 4562 σκόπους.
2472 4494 2636 4565 Ὁρᾷς
2667 4495 2750 4548 ὅτι
2788 4494 2882 4548 καὶ
2929 4493 3085 4548 τοῦτο
3110 4494 3198 4549 διά
3235 4494 3328 4549 τοῦ
3359 4495 3717 4568 Πνεύματοςί

2141 4586 2205 4639 Εἰ
2241 4586 2316 4658 μὴ
2351 4585 2575 4657 Πνεῦμα
2618 4585 2771 4655 ἅγιον
2806 4581 2875 4658 ἦν
2902 4586 2959 4640 ὲν
3010 4585 3087 4657 τῷ
3131 4584 3295 4657 κοινῷ
3342 4586 3517 4658 τούτῳ
3546 4589 3716 4658 πατρί

2142 4678 2235 4763 καὶ
2259 4677 2583 4750 διδασκάλῳ,
2619 4679 2719 4731 οὐκ
2742 4677 2809 4732 ἂν
2845 4679 2935 4732 ὅτε
2967 4679 3073 4749 πρὸ
3103 4677 3303 4750 μικροῦ
3328 4679 3494 4750 ἀνέϐη
3534 4680 3629 4733 ἐπὶ
3655 4680 3716 4734 τὸ

2145 4770 2288 4841 ἱερὸν
2318 4770 2468 4842 βῆμα
2500 4771 2685 4838 τοῦτο,
2721 4772 2816 4827 καὶ
2846 4773 3012 4827 πᾶσιν
3050 4773 3179 4844 ὑμῖν
3223 4771 3423 4837 έδωκεν
3467 4774 3716 4844 εἰρήνην,

2142 4864 2234 4918 καὶ
2256 4863 2665 4934 ἐπεφθέγξασθε
2686 4864 2834 4936 αὐτῷ
2861 4868 3014 4937 κοινῇ
3039 4866 3259 4930 πάντες,
3290 4867 3397 4921 Καὶ
3427 4865 3508 4930 τῷ
3527 4867 3719 4920 Πνεύ-

2134 4956 2280 5024 ματί
2319 4973 2470 5025 σου·
2503 4956 2593 5012 διά
2642 4955 2801 5011 τοῦτο
2833 4957 2934 5011 οὐκ
2977 4956 3319 5023 ἀναϐαίνοντι
3354 4958 3514 5029 μόνον
3538 4996 3553 5023 ,
3596 4957 3720 5014 οὐδὲ

2139 5046 2504 5119 διαλεγομένῳ
2534 5048 2671 5120 πρὸς
2710 5047 2883 5118 ὑμᾶς,
2911 5048 3032 5102 οὐδὲ
3084 5049 3361 5122 εὐχομένῳ
3391 5050 3532 5121 ὑπὲρ
3564 5049 3720 5121 ὑμῶν

2138 5139 2344 5211 ταύτην
2372 5138 2769 5209 ὲπιφθέγγεσθε
2802 5139 2902 5210 τὴν
2936 5140 3113 5212 ῥῆσιν,
3145 5141 3261 5195 ἀλλ’
3291 5142 3420 5206 ὅταν
3450 5141 3602 5215 παρά
3620 5142 3722 5214 τὴν

2141 5231 2292 5303 ίεράν
2337 5230 2541 5302 ταύτην
2585 5231 2793 5303 ἑστήκῃ
2820 5231 3120 5303 τράπεζαν,
3171 5235 3297 5288 ὅταν
3334 5233 3431 5306 τὴν
3483 5236 3720 5307 φρικτὴν

2139 5322 2356 5394 ἐκείνην
2398 5321 2589 5377 θυσίαν
2636 5321 2928 5395 ἀναφέρειν
2973 5325 3173 5398 μέλλῃ’
3209 5327 3353 5380 ἴσασι
3383 5328 3489 5397 γὰρ
3530 5329 3582 5381 οί
3618 5346 3715 5399 με·

2143 5411 2412 5484 μυημένοι
2459 5411 2521 5464 16
2571 5410 2891 5483 λεγόμενον*
2921 5416 2980 5469 οὐ
3024 5416 3287 5490 πρότερον
3340 5420 3569 5474 ἅπτεται
3608 5423 3720 5478 τῶν

2143 5503 2543 5576 προκειμένων,
2565 5503 2669 5568 ἕως
2702 5505 2767 5558 ἂν
2801 5507 2926 5578 ὑμῖν
2949 5508 3109 5573 αὐτὸς
3127 5510 3422 5582 ἐπεύξηται
3443 5512 3542 5584 τὴν
3568 5515 3718 5585 παρὰ

2143 5595 2238 5649 τοῦ
2284 5594 2491 5667 Κυρίου
2539 5596 2732 5667 χάριν,
2764 5599 2859 5653 καὶ
2904 5603 3061 5671 ὑμεῖς
3097 5603 3500 5674 ὲπιφθέγξησθε
3544 5607 3713 5677 αὐτῷ,

2149 5686 2261 5744 Κιιί
2301 5687 2379 5755 τῷ
2412 5691 2709 5760 "reﬂ/(at!
2745 5709 2879 5759 σου,
2919 5693 3004 5748 διὰ
3039 5696 3136 5767 τῆς
3165 5696 3505 5772 ἀποκρίσεως
3549 5702 3715 5772 αὐτῆς
