3908 6300
186 333 294 391 ιω

188 452 368 518 Atque
393 453 450 502 ut
479 441 785 515 intelligatis
805 436 1253 497 rewnciliationis
1281 434 1372 489 Dei
1402 432 1601 486 donum
1628 443 1769 496 esse,

186 538 336 610 quod
384 537 613 606 Spiritus
652 542 868 588 sanctus
915 539 999 585 est
1043 528 1237 592 datus,
1281 542 1346 580 ex
1395 522 1683 592 Scripturis
1727 519 1778 574 id

188 629 532 704 persuadere
560 628 710 681 vobis
756 622 1117 700 conaborzac
1157 621 1383 690 prinuun
1425 632 1456 670 a
1499 612 1781 669 contrariis

192 723 564 795 probationem
595 720 672 775 rei
696 728 892 787 petam,
917 725 971 771 et
1000 713 1298 779 ostendam,
1321 726 1440 766 cum
1469 709 1634 762 iratus
1657 715 1740 759 cst
1763 744 1780 770 ,

190 833 320 873 eum
367 814 599 884 Spiritus
640 812 861 882 gratiam
909 809 1272 864 inhiberezut
1323 818 1444 858 cum
1492 797 1785 856 credideris

194 910 317 978 ejus
354 909 446 962 ira:
468 912 838 975 argumentum
882 915 1032 968 esse,
1057 897 1196 969 quod
1241 911 1346 950 non
1391 893 1530 947 adsit
1559 889 1786 960 Spiritus

195 1009 415 1056 sanctus
437 1040 451 1064 ,
475 1011 763 1066 rursusque
814 993 1104 1048 demissum
1140 989 1334 1043 videris
1380 984 1633 1050 Spiritum
1661 1024 1676 1048 ,
1704 980 1786 1035 di-

195 1108 344 1158 scas,
369 1090 467 1146 nisi
496 1088 868 1144 reconciliatus
895 1085 1080 1139 fuisset
1104 1123 1118 1148 ,
1142 1081 1395 1151 Spiritum
1428 1086 1668 1132 sanctum
1698 1088 1792 1128 ue-
1825 1087 1841 1098 ί

197 1198 468 1256 quaquam
491 1183 638 1236 illum
665 1179 836 1247 fuisse
866 1178 1175 1232 missurum.
1208 1172 1362 1229 Unde
1395 1170 1551 1239 igitur
1579 1169 1678 1221 hoc
1705 1166 1790 1220 in-

200 1273 531 1343 telligemus?
555 1271 671 1326 Heli
695 1286 857 1326 senex
876 1269 957 1322 vir
981 1267 1106 1333 fuit,
1135 1265 1267 1320 alias
1293 1263 1507 1334 quidem
1531 1273 1712 1330 aequus
1739 1266 1793 1314 et

199 1365 430 1436 probus,
454 1362 547 1417 sed
575 1363 662 1432 qui
703 1361 931 1415 liliorum
981 1357 1375 1427 improbitatem
1418 1352 1647 1418 nesciret
1674 1366 1794 1405 eor-

202 1455 381 1524 rigerc
403 1495 419 1518 ,
449 1468 633 1506 verum
665 1451 808 1506 ultra
840 1448 1056 1503 modum
1103 1447 1301 1501 liberos
1347 1453 1571 1498 amaret.
1604 1439 1795 1495 Audite

201 1551 469 1613 quotquot
501 1541 641 1595 filios
682 1539 923 1604 habetis,
963 1546 1019 1591 ut
1065 1537 1232 1588 amori
1283 1543 1462 1588 vestro
1508 1531 1796 1601 pudorique

203 1632 428 1687 modum
463 1632 703 1686 faciatis:
738 1629 858 1684 hinc
884 1629 1025 1683 enim
1054 1625 1166 1681 Heli
1212 1641 1332 1681 cum
1381 1626 1545 1678 Deum
1590 1623 1798 1676 irritas-

207 1734 327 1785 set,
362 1724 412 1777 in
464 1732 660 1776 tantam
705 1720 851 1773 illum
905 1716 1232 1772 iracundiam
1280 1715 1520 1783 impulit,
1553 1723 1606 1767 ut
1633 1721 1796 1766 totam

209 1824 426 1885 gentem
469 1814 626 1868 fuerit
673 1822 967 1866 aversatus.
997 1808 1176 1877 Itaque
1210 1818 1267 1862 ut
1315 1804 1684 1878 iudicaretis,
1710 1811 1799 1871 qut

213 1907 328 1961 lucc
374 1906 618 1974 scripsit,
653 1905 817 1960 Deum
847 1904 965 1957 illos
989 1901 1275 1955 admodum
1313 1908 1618 1954 arcuatum
1641 1911 1759 1951 esse
1784 1937 1798 1960 ,

213 1997 472 2052 dicebat:
515 1995 730 2049 Verbum
781 2003 888 2048 erat
935 1993 1210 2063 pretiosum
1245 2000 1334 2046 :et
1390 2007 1489 2044 non
1537 1998 1642 2043 erat
1680 1988 1802 2041 visio

216 2089 531 2156 distinguens
555 2087 632 2156 (1.
664 2085 790 2156 Reg.
823 2086 875 2140 '5.
910 2083 964 2156 1)
1001 2103 1014 2139 :
1045 2084 1334 2152 pretiosum
1362 2080 1461 2135 hoc
1486 2083 1598 2134 loco
1626 2094 1802 2132 rarum

216 2180 494 2249 appellans
528 2198 541 2232 :
575 2195 667 2247 per
694 2178 807 2230 haec
833 2177 974 2229 enim
1006 2174 1240 2230 ostendit
1282 2189 1458 2226 rarum
1503 2171 1664 2225 fuisse
1696 2181 1806 2224 tum

219 2271 421 2326 donum
459 2269 769 2339 pr0phetim.
810 2269 886 2321 Ac
914 2281 1098 2322 rursus
1129 2266 1314 2336 lugens
1340 2263 1476 2317 alius
1502 2273 1557 2318 et
1603 2264 1806 2319 lamen-

223 2374 341 2420 laus
373 2363 442 2417 ob
474 2364 604 2415 iram
654 2361 744 2414 Dei
775 2360 1018 2423 dicebat,
1052 2358 1116 2412 Et
1162 2375 1263 2412 non
1286 2368 1359 2412 est
1397 2359 1450 2412 in
1471 2358 1566 2411 hoc
1591 2367 1812 2427 tempore

223 2457 460 2523 princeps
480 2496 493 2516 ,
528 2469 685 2523 neque
729 2453 973 2522 propheta
1000 2451 1157 2521 (Dan.
1189 2451 1245 2505 5.
1272 2450 1398 2521 38);
1441 2458 1494 2504 et
1518 2464 1704 2504 rursus
1739 2450 1816 2504 ait

223 2548 548 2618 evangelista
572 2565 584 2602 :
609 2545 848 2600 Nondum
875 2546 1008 2599 enim
1038 2553 1144 2598 erat
1173 2543 1400 2614 Spiritus
1419 2551 1621 2597 sanctus
1647 2557 1666 2596 :
1693 2541 1815 2614 quia

222 2639 378 2695 Jesus
406 2640 632 2693 nondum
657 2648 762 2691 erat
784 2637 1095 2708 gloriﬁcatus
1115 2632 1290 2705 (Joan.
1320 2635 1374 2688 7.
1407 2632 1519 2706 '59).
1552 2632 1816 2702 Quoniam

227 2734 372 2788 enim
419 2731 654 2786 nondmu
705 2729 877 2785 fuerat
914 2729 1228 2794 crucilixus,
1285 2742 1391 2781 non
1431 2734 1546 2780 erat
1588 2723 1818 2794 Spiritus

228 2833 451 2879 sanctus
477 2823 528 2876 in
548 2822 850 2876 hominibus
871 2821 1025 2875 datus
1050 2837 1063 2873 :
1098 2819 1224 2874 illud
1243 2818 1458 2889 quippe,
1482 2817 1814 2889 gloriﬁcatus,

231 2916 377 2972 idem
402 2916 579 2980 valet,
608 2913 750 2984 quod
779 2912 1084 2970 cruciﬁxus.
1127 2911 1258 2966 Nam
1288 2909 1386 2964 etsi
1416 2923 1503 2964 res
1523 2916 1605 2962 est
1633 2916 1822 2962 natura

229 3024 330 3066 sua
360 3007 734 3078 ignominiosa,
759 3005 879 3075 quia
908 3014 1082 3059 tamen
1109 3018 1294 3059 eorum
1325 3017 1482 3057 causa
1504 2999 1662 3055 fiebat
1687 3013 1822 3070 quos

230 3101 470 3164 amabat,
501 3099 720 3169 gloriam
750 3098 892 3152 illam
919 3094 1161 3150 Christus
1188 3094 1440 3163 appellat.
1470 3092 1646 3162 Quare
1672 3105 1822 3152 vero,

234 3195 326 3249 die
351 3207 536 3262 qumso
556 3233 572 3258 ,
599 3198 722 3244 ante
752 3189 1049 3258 passionem
1093 3201 1200 3240 non
1229 3193 1312 3240 est
1351 3184 1581 3254 Spiritus
1625 3180 1827 3235 datus?

235 3287 503 3354 Quoniam
529 3283 579 3338 in
613 3282 843 3352 peccatis
873 3289 987 3334 erat
1013 3279 1158 3334 orbis
1187 3287 1470 3341 terrarum,
1499 3277 1550 3330 in
1571 3275 1827 3329 offensio-

241 3379 422 3442 uibus,
454 3376 580 3430 odio
605 3385 657 3428 et
684 3373 993 3443 ignominia,
1019 3386 1138 3426 cum
1179 3369 1412 3424 nondum
1441 3367 1648 3423 oblatus
1665 3381 1832 3437 agnus

241 3480 426 3534 esset,
470 3468 558 3537 qui
613 3466 796 3520 mundi
841 3465 978 3518 tollit
1024 3472 1323 3532 peccatum.
1367 3461 1628 3528 Quoniam
1677 3459 1834 3529 igitur

243 3563 484 3618 nondum
508 3559 792 3616 cruciﬁxus
823 3557 995 3612 fuerat
1021 3557 1284 3620 Christus,
1309 3554 1671 3610 reconciliatio
1703 3568 1836 3606 non-

245 3655 372 3714 dum
404 3652 540 3706 facta
571 3660 684 3706 erat
714 3665 870 3705 :cum
902 3665 1028 3703 vero
1056 3647 1289 3701 nondum
1315 3655 1457 3700 esset
1487 3645 1619 3698 facta
1651 3659 1838 3698 recon-

249 3743 706 3808 ciliatio,'merito
750 3756 922 3810 neque
963 3739 1190 3808 Spiritus
1215 3737 1542 3802 mittebatur,
1568 3736 1636 3789 ita
1667 3745 1720 3788 ut
1749 3749 1836 3788 re-

252 3836 646 3900 conciliationis
676 3835 925 3889 iudicium
958 3832 1186 3902 Spiritus
1206 3831 1525 3884 mitteretur.
1555 3829 1840 3896 Propterea

254 3933 382 3986 dicit
399 3931 560 3985 etiam
586 3928 831 3982 Christus
849 3968 863 3991 ,
900 3925 1116 3995 Expedit
1143 3924 1278 3980 vobis
1297 3963 1312 3988 ,
1344 3931 1396 3976 ut
1424 3938 1514 3992 ego
1545 3920 1728 3974 vadunt
1758 3920 1842 3974 :si

257 4027 388 4084 enim
417 4028 530 4076 non’
544 4021 710 4075 abiero
732 4063 746 4086 ,
771 4020 857 4074 ille
897 4035 998 4072 non
1033 4018 1190 4072 veniet
1214 4016 1393 4086 (Joan.
1419 4016 1499 4078 16,
1537 4015 1592 4085 7)
1630 4012 1713 4068 :si
1737 4027 1843 4066 non

259 4116 462 4178 abiero,
498 4122 552 4167 et
577 4113 784 4166 Patrem
814 4109 1247 4174 recouciliavero,
1277 4106 1446 4175 inqnit
1465 4146 1478 4169 ,
1511 4103 1843 4162 Paracletutn

263 4207 414 4259 vobis
459 4220 564 4258 non
596 4202 821 4256 mittam.
852 4201 1055 4256 Videtis
1093 4215 1250 4269 quam
1285 4199 1463 4252 multis
1489 4212 1554 4252 ex
1582 4196 1712 4251 locis
1743 4211 1841 4249 vo-

264 4300 344 4353 bis
366 4295 778 4352 demonSIrarim
811 4294 935 4348 illud
964 4294 1056 4347 ira:
1082 4292 1272 4346 divinae
1301 4291 1507 4361 signum
1539 4305 1680 4356 esse,
1708 4287 1850 4360 quod

268 4407 372 4448 non
403 4391 473 4443 sit
516 4389 567 4442 in
599 4386 900 4442 hominibus
947 4384 1173 4454 Spiritus
1214 4381 1468 4438 sanctus?
1504 4379 1718 4436 Verbum
1748 4388 1853 4434 erat

270 4480 548 4548 pretiosum
567 4520 582 4543 ,
612 4487 656 4532 et
686 4480 812 4536 visio
829 4496 928 4534 non
947 4486 1054 4535 erat
1076 4477 1390 4546 distinguens
1412 4471 1485 4543 (1.
1510 4470 1638 4542 Reg.
1665 4472 1717 4526 5.
1750 4472 1804 4540 1)
1835 4487 1848 4524 :

275 4570 394 4624 Non
423 4570 558 4623 enim
587 4578 660 4622 est
693 4571 928 4638 princeps
949 4607 963 4630 ,
996 4582 1150 4636 neque
1177 4565 1418 4635 propheta
1442 4567 1495 4618 in
1517 4573 1738 4633 tempore
1759 4566 1854 4618 isto

275 4660 437 4732 (Dan.
471 4662 525 4716 3.
571 4660 684 4729 58).
721 4657 962 4713 Nondum
1009 4656 1140 4710 enim
1186 4666 1293 4709 erat
1341 4656 1564 4726 Spiritus
1607 4663 1811 4710 sanctus
1837 4670 1857 4709 :

276 4757 393 4825 quia
412 4753 449 4808 J
455 4771 567 4809 esus
594 4753 818 4812 nondum
841 4761 945 4805 erat
974 4750 1286 4821 glori/iectus
1311 4748 1485 4822 (Joan.
1509 4750 1561 4805 7.
1595 4750 1660 4807 59
1753 4747 1862 4803 Ea:-

279 4852 415 4923 pedit
444 4852 603 4913 vobis,
633 4860 685 4903 ut
705 4867 795 4922 ego
826 4850 1004 4903 vadum
1031 4864 1049 4901 :
1067 4851 1112 4902 si
1136 4847 1267 4900 enim
1295 4862 1387 4917 ego
1417 4861 1516 4902 non
1537 4845 1705 4898 abiero
1725 4885 1738 4909 ,
1773 4843 1862 4897 ille

280 4961 379 4998 non
425 4943 587 4997 veniet
617 4940 794 5013 (Joan.
826 4940 911 4996 16.
941 4941 1018 5010 7).
1055 4939 1235 5008 Itaque
1277 4938 1483 5006 signum
1530 4945 1612 4990 est
1651 4935 1744 4989 ira:
1783 4932 1864 4989 di-

282 5036 418 5088 vinae
444 5076 458 5099 ,
482 5033 628 5103 quod
671 5048 776 5086 non
823 5032 892 5084 sit
919 5031 1146 5100 Spiritus
1191 5037 1406 5089 sanctus
1440 5046 1453 5082 :
1483 5042 1604 5081 cum
1651 5024 1867 5094 copiose

286 5125 509 5188 missum
543 5123 740 5178 videris
779 5123 1031 5192 Spiritum
1063 5131 1302 5176 sanetum
1322 5161 1336 5186 ,
1365 5121 1494 5176 nihil
1535 5120 1604 5175 de
1630 5119 1868 5174 reconci-

289 5217 504 5277 liatione
529 5215 740 5270 dubites
769 5215 1015 5284 amplius.
1044 5215 1240 5271 Verum
1280 5213 1368 5270 ubi
1410 5228 1552 5269 nunc
1594 5222 1677 5267 est
1701 5212 1869 5280 Spiri-

291 5317 376 5362 tus
416 5307 669 5363 sanctus?
705 5306 845 5360 dicet
883 5306 1094 5376 aliquis.
1134 5304 1264 5360 Nam
1321 5313 1429 5358 tum
1461 5303 1674 5373 quidem
1729 5311 1873 5357 recte

291 5397 457 5464 dicit,
483 5414 604 5452 cum
637 5398 782 5468 signa
805 5396 1026 5462 fiebant,
1058 5406 1111 5450 et
1147 5396 1340 5450 mortui
1382 5394 1788 5456 suscitabantur,
1822 5401 1878 5448 et

296 5493 491 5561 leprosi
518 5507 706 5547 omnes
736 5490 1126 5544 mundabautur
1157 5508 1170 5544 :
1197 5488 1305 5556 jam
1335 5503 1462 5543 vero
1497 5486 1637 5542 unde
1666 5487 1876 5555 planum

297 5584 557 5640 faciemus
599 5582 786 5638 adesse
829 5581 986 5636 nobis
1027 5581 1279 5650 Spiritum
1308 5579 1585 5634 sanctum?
1611 5578 1786 5633 Nolite
1812 5577 1880 5632 ti-

297 5692 484 5741 mere;
527 5673 806 5728 ostendam
849 5673 992 5728 enim
1037 5673 1088 5727 in
1133 5671 1288 5726 nobis
1314 5685 1435 5726 esse
1483 5685 1623 5726 nunc
1668 5684 1879 5740 quoque

294 5768 555 5847 Spiritum
584 5773 842 5821 sanctum.
890 5765 1002 5832 Qua
1034 5763 1246 5820 tandem
1276 5763 1517 5820 ratione?
1548 5778 1666 5817 nam
1693 5763 1736 5816 si
1769 5775 1874 5818 non

1184 319 1274 376 DE
1309 313 1572 375 SANCTA
1612 309 2073 369 PENTECOSTE.
2115 311 2348 371 IIOMIL.
2388 315 2432 372 1.

1882 436 2023 484 esset
2069 427 2122 483 in
2171 429 2326 486 nobis
2356 431 2584 502 Spiritus
2629 441 2878 500 sanctus,
2909 436 3176 507 quomodo
3221 439 3342 506 isti,
3375 445 3466 512 qui

1883 519 1981 572 hac
2023 534 2171 575 sacra
2221 533 2380 578 nocte
2418 523 2698 580 illuminati
2724 535 2888 593 sunt,
2916 543 2947 581 a
2980 531 3210 598 peccatis
3249 531 3465 589 liberari

1884 611 2214 680 potuissent?
2257 613 2374 669 Non
2416 616 2558 670 enim
2611 617 2813 689 absque
2864 619 3093 690 Spiritus
3145 623 3461 682 efficacitate

1885 718 2168 772 possumus
2205 722 2236 761 a
2282 710 2513 777 peccatis
2554 709 2804 777 liberari,
2834 714 2976 782 quod
3017 716 3469 786 quemadmodum

1887 794 2077 851 doceat
2120 797 2314 854 Paulus
2341 801 2538 856 audite.
2568 802 2789 858 Eramus
2815 807 2950 860 enim
2998 808 3275 878 aliquando
3310 820 3356 864 et
3381 829 3472 866 nos

1889 886 2179 956 insipientes
2200 932 2216 956 ,
2233 889 2480 945 increduli
2500 932 2515 959 ,
2535 904 2778 962 errantes,
2802 899 3068 952 servientes
3096 900 3358 956 desideriis
3387 919 3474 955 va-

1890 978 1980 1032 riis
2008 994 2027 1032 :
2051 995 2163 1034 cum
2183 991 2348 1034 autem
2367 981 2646 1054 benignitas
2674 995 2722 1039 et
2748 986 3040 1041 humanitas
3073 993 3316 1061 apparuit
3347 991 3470 1048 Sal-

1891 1072 2077 1126 uatoris
2106 1074 2268 1127 nostri
2297 1073 2424 1143 Dei,
2451 1092 2552 1130 non
2577 1093 2640 1131 ea:
2665 1081 2899 1148 operibus
2929 1082 3146 1151 justitite
3169 1125 3183 1149 ,
3213 1101 3326 1155 quae
3357 1088 3479 1156 feci-

1896 1177 2007 1216 mus
2056 1179 2146 1218 nos
2167 1205 2182 1230 ,
2219 1165 2308 1218 sed
2359 1167 2633 1221 secundum
2679 1171 3076 1226 misericordiam
3116 1191 3261 1228 suam
3309 1179 3476 1231 salvos

1895 1268 1986 1307 nos
2035 1255 2189 1325 fecit,
2219 1272 2308 1325 per
2353 1257 2609 1312 lavacrum
2650 1264 3040 1330 regenerationis
3066 1275 3112 1319 et
3140 1269 3477 1323 renovationis

1899 1341 2123 1413 Spiritus
2149 1347 2312 1400 sancti
2337 1346 2462 1419 (Tit.
2482 1349 2533 1403 5.
2554 1349 2668 1421 5-5)
2694 1362 2781 1406 :et
2808 1367 2992 1407 rursus
3018 1355 3166 1422 alibi,
3199 1356 3373 1410 Nolite
3397 1375 3478 1412 er-

1896 1449 2054 1490 rare:
2088 1453 2246 1506 neque
2282 1438 2545 1506 fornicarii
2567 1482 2583 1507 ,
2607 1457 2764 1512 neque
2797 1444 3114 1512 idololatrte,
3141 1464 3302 1518 neque
3323 1449 3481 1504 adul-

1900 1528 2021 1590 teri,
2059 1543 2218 1597 neque
2254 1529 2430 1584 molles
2451 1571 2466 1598 ,
2513 1548 2672 1602 neque
2717 1535 3056 1590 masculorum
3097 1540 3440 1595 concubitores
3465 1583 3481 1608 ,

1899 1636 2056 1688 neque
2073 1625 2231 1692 fures,
2263 1639 2420 1693 neque
2439 1626 2579 1678 avari
2599 1668 2613 1692 ,
2644 1643 2800 1699 neque
2819 1627 3019 1695 ebriosi,
3045 1647 3202 1701 neque
3226 1634 3480 1700 maledici,

1902 1729 2058 1781 neque
2099 1730 2310 1782 rapaces
2337 1732 2549 1786 regnum
2578 1716 2673 1771 Dei
2703 1720 3029 1788 possidebunt
3075 1722 3151 1792 (1.
3180 1722 3298 1778 Cor.
3331 1725 3387 1780 ϐ.
3417 1725 3482 1781 9-

1903 1805 2023 1875 10).
2071 1803 2232 1861 Vides
2262 1810 2436 1862 omnia
2472 1824 2668 1878 genera
2708 1811 3106 1880 improbitatis?
3133 1813 3200 1867 Et
3221 1815 3329 1869 lucc
3375 1819 3487 1885 qui-

1905 1896 2018 1948 dem
2042 1897 2246 1964 fuistis;
2271 1899 2360 1951 sed
2383 1900 2541 1953 abluti
2582 1901 2700 1956 estis
2723 1943 2737 1968 ,
2768 1904 2856 1956 sed
2882 1905 3183 1974 sancti/ictui
3220 1908 3337 1961 estis
3361 1949 3376 1975 ,
3400 1910 3488 1962 sed

1896 1989 2162 2058 justi/icati
2192 1991 2328 2045 estis.
2357 1991 2474 2058 Quo
2522 1995 2719 2060 pacto?
2743 1993 2846 2050 hoc
2872 1997 3013 2051 enim
3039 2007 3152 2065 est,
3183 1999 3324 2068 quod
3346 2015 3492 2070 quaa-

1908 2079 2060 2147 ritur,
2085 2097 2210 2135 num
2234 2097 2327 2152 per
2347 2082 2599 2153 Spiritum
2618 2089 2862 2142 sanetum
2876 2090 3166 2159 nequitiam
3185 2091 3495 2160 deposueri-

1911 2186 2050 2225 mus.
2093 2172 2228 2227 Audi
2257 2189 2385 2244 ergo
2414 2191 2426 2228 :
2461 2174 2567 2230 Sed
2595 2178 2899 2245 sanctiﬁcati
2920 2180 3068 2246 estis,
3101 2182 3188 2236 sed
3222 2184 3495 2254 justiﬁcati

1911 2263 2028 2316 estis
2047 2263 2100 2315 in
2131 2264 2331 2317 nomine
2355 2264 2558 2319 Domini
2585 2269 2743 2320 nostri
2762 2267 2886 2323 Iesu
2909 2269 3119 2338 Christi,
3140 2281 3187 2325 et
3215 2274 3265 2325 in
3293 2273 3495 2342 Spiritu

1915 2351 2012 2409 Dei
2039 2354 2198 2408 nostri
2231 2353 2334 2425 (Ib.
2364 2374 2412 2410 υ.
2438 2357 2550 2426 11).
2579 2356 2804 2414 Videsne
2825 2358 3080 2429 Spiritum
3111 2357 3354 2419 slinctum
3381 2381 3496 2420 om-

1915 2459 2036 2499 nem
2070 2444 2211 2500 illam
2238 2446 2631 2516 improbitatem
2658 2449 2958 2506 delevisse?

1987 2536 2040 2590 4.
2076 2535 2313 2592 Hatretici
2357 2540 2411 2592 in
2441 2538 2694 2610 Spiritum
2723 2541 2785 2597 S.
2833 2544 3263 2613 blasphemubtmt.
3296 2576 3356 2587 —
3403 2547 3501 2604 Ubi

1919 2642 2062 2683 nunc
2088 2637 2212 2683 sunt
2235 2669 2250 2696 ,
2274 2630 2362 2700 qui
2391 2630 2622 2700 Spiritus
2649 2632 2980 2702 majestatem
3019 2636 3426 2706 blaSphemant?
3445 2639 3502 2695 Si

1919 2722 2062 2776 enim
2091 2732 2307 2792 peccata
2333 2739 2439 2778 non
2465 2723 2716 2792 dimittit,
2751 2725 2940 2782 frustra
2966 2728 3220 2802 accipitur
3246 2731 3300 2784 in
3331 2731 3505 2800 bapti-

1921 2822 2114 2878 smate;
2137 2813 2183 2868 si
2208 2825 2422 2884 pewata
2451 2814 2696 2882 dimittit,
2721 2815 2913 2872 frustra
2940 2817 3286 2888 hlaspbemiis
3304 2821 3371 2875 ab
3398 2821 3506 2876 bte-

1925 2906 2104 2960 reticis
2127 2906 2428 2962 incessitur.
2461 2907 2516 2962 Si
2551 2922 2655 2961 non
2684 2918 2826 2963 esset
2864 2910 3094 2979 Spiritus
3119 2922 3370 2980 sanctus,
3399 2914 3509 2967 Do—

1928 2999 2127 3052 minum
2147 2999 2330 3054 Jesum
2359 3000 2540 3055 dicere
2570 3017 2674 3055 non
2707 3016 2986 3070 possemus
3016 3019 3028 3056 :
3064 3001 3229 3056 Nemo
3250 3005 3381 3058 enim
3409 3022 3506 3075 po-

1929 3100 2020 3145 test
2045 3091 2208 3145 dicere
2235 3091 2506 3146 Dominum
2533 3091 2712 3148 Iesum
2729 3133 2746 3160 ,
2770 3095 2868 3148 nisi
2906 3094 2961 3148 in
2987 3094 3187 3165 Spiritu
3227 3108 3402 3150 sancto
3434 3096 3510 3170 (1.

1931 3183 2049 3240 Cor.
2067 3184 2151 3240 12.
2175 3186 2255 3257 3).
2285 3186 2342 3241 Si
2372 3201 2476 3240 non
2497 3196 2642 3242 esset
2661 3186 2889 3256 Spiritus
2913 3199 3148 3255 sanctus,
3173 3189 3336 3244 Deum
3359 3207 3515 3246 orare

1934 3277 2118 3333 ﬁdeles
2139 3293 2244 3332 non
2272 3291 2548 3347 possemus
2581 3298 2596 3336 :
2626 3279 2850 3335 dicimus
2871 3281 3030 3346 enim,
3056 3279 3212 3336 Pater
3240 3293 3408 3337 noster
3431 3285 3516 3354 qui

1947 3396 2002 3434 cs
2014 3377 2068 3433 in
2080 3380 2221 3434 ctelis
2235 3378 2314 3452 (Μ
2318 3379 2449 3433 atth.
2474 3378 2528 3434 6.
2547 3378 2696 3451 9).Ut
2717 3380 2880 3449 igitur
2894 3378 3182 3433 Dominum
3199 3395 3390 3434 vocare
3406 3395 3512 3437 non

1949 3485 2256 3540 possemus,
2275 3472 2354 3527 sic
2370 3485 2544 3540 neque
2559 3469 2774 3524 Patrem
2796 3468 2966 3524 Deum
2985 3485 3180 3524 vocare
3203 3485 3509 3540 possemus.

1949 3559 2162 3618 Undeid
2175 3561 2420 3618 constat?
2439 3563 2513 3615 Ex
2530 3562 2716 3615 eodem
2733 3560 3109 3630 Apostolo,qui
3129 3563 3201 3615 ait
3220 3577 3234 3614 :
3251 3561 3513 3626 Quoniam

1947 3665 2119 3708 autem
2132 3658 2256 3709 estis
2273 3654 2394 3722 filii,
2421 3654 2564 3706 misit
2595 3653 2730 3705 Deus
2755 3651 3009 3720 Spiritum
3030 3651 3158 3705 Filii
3179 3655 3264 3706 sui
3283 3653 3338 3705 in
3351 3653 3513 3705 corda

1941 3754 2107 3797 vestra
2147 3745 2450 3798 clamantem
2470 3783 2486 3810 ,
2517 3743 2692 3812 Abba,
2725 3743 2884 3799 Pater
2915 3743 3111 3816 (Galat.
3140 3745 3193 3798 4.
3225 3741 3301 3816 b).
3344 3744 3525 3814 ltarjue

1941 3836 2069 3892 dum
2099 3837 2309 3892 Patrem
2335 3852 2491 3892 vocas
2515 3878 2528 3902 ,
2555 3837 2836 3892 recordare
2875 3836 3075 3908 Spiritu
3105 3839 3336 3891 animam
3379 3819 3527 3892 com-

1945 3937 2195 3983 movente
2240 3929 2328 3982 illa
2383 3937 2432 3983 te
2487 3928 2649 3984 fuisse
2697 3929 3049 3999 appellatione
3092 3931 3370 3983 donatum.
3416 3931 3527 3986 Nisi

1945 4030 2091 4076 esset
2119 4021 2349 4090 Spiritus
2378 4028 2592 4074 sanctus
2614 4060 2628 4087 ,
2661 4035 2841 4075 sermo
2866 4020 3140 4089 sapienti.e
3185 4037 3247 4076 ac
3288 4023 3529 4078 scientia:

1949 4115 2003 4170 in
2057 4114 2295 4169 Ecclesia
2342 4129 2448 4167 non
2493 4123 2634 4166 esset
2668 4131 2680 4166 :
2714 4128 2833 4166 nam
2860 4112 2962 4166 Atii
3011 4114 3211 4182 quidem
3241 4115 3394 4169 datur
3441 4135 3532 4188 per

1954 4206 2207 4274 Spiritum
2245 4221 2407 4260 sermo
2430 4204 2723 4275 sapientiae,
2755 4203 2842 4257 alii
2881 4220 2992 4258 vero
3019 4222 3180 4258 sermo
3206 4207 3430 4262 scientite
3475 4207 3526 4279 (ι

1953 4295 2072 4355 σον.
2096 4297 2182 4353 12.
2202 4295 2276 4370 8).
2296 4297 2404 4352 Nisi
2435 4308 2573 4352 esset
2597 4297 2824 4366 Spiritus
2844 4307 3075 4359 sanctus,
3109 4308 3345 4366 pastores
3365 4309 3417 4354 et
3442 4300 3538 4354 dos

1955 4398 2130 4444 ctores
2160 4391 2210 4444 in
2231 4388 2463 4444 Ecciesia
2489 4403 2592 4442 non
2611 4396 2788 4442 essent
2808 4404 2820 4440 :
2840 4403 2959 4442 nam
2983 4397 3035 4442 et
3056 4389 3138 4442 isti
3164 4405 3256 4459 per
3284 4389 3538 4460 Spiritum

1957 4481 2089 4543 fiunt
2113 4523 2128 4548 ,
2160 4481 2298 4535 sicut
2325 4488 2378 4534 et
2405 4479 2599 4535 Paulus
2625 4479 2780 4546 dicit,
2815 4479 2880 4534 In
2916 4477 3019 4546 ‘qno
3048 4497 3132 4534 vos
3163 4480 3389 4550 Spiritus
3411 4501 3534 4537 sau-

1959 4580 2066 4627 ctns
2095 4572 2258 4642 posuit
2285 4583 2509 4641 pastores
2551 4579 2599 4624 et
2624 4573 2886 4639 episcopos
2921 4569 3059 4638 (Act.
3099 4569 3188 4626 20.
3215 4570 3343 4645 28).
3382 4572 3541 4628 Vides

1961 4662 2064 4718 hoc
2105 4677 2314 4733 quoque
2367 4678 2461 4731 per
2486 4661 2740 4733 Spiritum
2790 4661 2941 4718 fieri?
2968 4662 3079 4718 Nisi
3125 4674 3267 4720 esset
3315 4666 3541 4734 Spiritus

1963 4765 2180 4812 sanctus
2215 4756 2268 4810 in
2305 4754 2407 4817 hoc
2431 4755 2700 4810 communi
2751 4765 2899 4824 patre
2948 4771 3012 4809 ac
3050 4756 3268 4813 doctore
3292 4757 3387 4830 (a),
3422 4776 3543 4814 cum

1965 4848 2122 4918 paulo
2147 4855 2271 4907 ante
2308 4861 2518 4900 sacrum
2549 4845 2651 4902 hoc
2690 4845 2743 4898 iu
2772 4843 3002 4899 tribunal
3041 4847 3316 4914 ascendit,
3348 4865 3411 4904 ac
3454 4866 3546 4903 vo-

1968 4939 2049 4994 bis
2073 4937 2317 4994 omuibus
2342 4953 2526 5007 pacem
2549 4936 2712 5000 dedit,
2738 4950 2842 4990 non
2872 4936 3029 4993 simul
3050 4955 3236 4994 omnes
3262 4943 3549 4995 acclatnas~

1970 5033 2120 5097 setis,
2150 5029 2216 5085 Et
2240 5046 2354 5084 cum
2392 5029 2590 5100 Spiritu
2621 5039 2744 5083 tuo:
2771 5028 2968 5084 idcirco
2993 5045 3098 5085 non
3140 5046 3261 5085 cum
3311 5031 3552 5087 ascendit

1973 5135 2199 5191 tantum,
2231 5139 2402 5193 neque
2430 5138 2549 5177 cum
2581 5138 2675 5178 vos
2702 5122 2910 5188 affatur,
2934 5138 3106 5194 neque
3133 5139 3253 5178 cum
3282 5135 3378 5194 pro
3400 5106 3552 5192 vobis

1974 5227 2124 5283 orat,
2159 5218 2257 5271 hac
2286 5216 2359 5271 illi
2387 5230 2514 5270 voce
2559 5215 2863 5270 acclamatis
2887 5253 2902 5279 ,
2927 5213 3021 5268 sed
3067 5229 3187 5268 cum
3224 5213 3347 5268 huic
3385 5229 3554 5285 sacrm

1978 5325 2177 5366 mensze
2197 5308 2417 5373 assistit,
2441 5323 2560 5362 cum
2590 5307 2922 5362 tremendum
2944 5305 3261 5362 sacrificium
3291 5313 3373 5359 est
3402 5305 3556 5376 obla-

1981 5413 2130 5458 turus
2162 5421 2176 5458 :
2211 5417 2332 5457 nam
2357 5400 2482 5472 quid
2529 5400 2700 5455 dicam
2725 5441 2740 5466 ,
2770 5407 2965 5454 norunt
3007 5397 3095 5468 qui
3122 5405 3246 5453 sunt
3289 5398 3557 5468 mySteriis

1985 5497 2208 5562 initiati;
2233 5509 2336 5549 non
2358 5495 2504 5564 prius
2532 5493 2741 5562 attingit
2766 5489 3053 5562 proposita,
3083 5503 3239 5558 quam
3269 5487 3417 5543 vobis
3445 5489 3557 5558 ipse

1985 5590 2206 5659 gratiam
2240 5585 2396 5641 fuerit
2422 5593 2669 5654 precatus
2694 5598 2724 5636 a
2754 5581 3010 5648 Domino,
3041 5593 3240 5650 vosque
3270 5579 3345 5634 illi
3374 5581 3547 5636 accla-

1985 5683 2256 5738 maveritis
2287 5695 2302 5734 :
2333 5677 2534 5733 Etcum
2559 5675 2757 5746 Spiritu
2795 5683 2912 5735 tuo,
2935 5686 3039 5742 qua
3080 5672 3426 5746 responsione
3466 5679 3554 5746 vo;

2049 5779 2123 5842 to)
2150 5769 2428 5822 Flavianum
2456 5743 2732 5834 episcopum
2756 5763 2952 5816 indicat.
3172 5743 3183 5746 ’
3257 5743 3263 5752 ⁴
