3908 6300
517 295 620 350 459

511 415 704 470 bismet
733 415 862 486 ipsis
896 418 947 472 in
975 422 1285 477 memoriam
1335 430 1592 482 revocatis
1623 430 1752 484 nihil
1796 449 1916 488 eum
1944 451 2084 505 prm-

461 537 466 542 -
509 514 672 568 stare,
705 506 796 576 qui
821 508 1012 575 adest,
1041 525 1212 580 neque
1257 527 1457 570 natura:
1501 519 1743 574 humana:
1785 538 1942 592 opera
1970 541 2087 582 esse

508 597 778 665 proposita
806 599 942 654 dona
964 643 980 666 ,
1004 602 1094 657 sed
1130 617 1440 673 prtesentem
1487 610 1713 677 Spiritus
1747 617 1970 684 gratiam
1991 659 2005 682 ,
2034 629 2086 673 et

507 687 572 739 ad
596 689 772 743 omnia
812 690 1184 762 advolantem,
1216 698 1495 767 mysticum
1533 701 1661 756 illttd
1703 708 1956 772 perlicere
1999 723 2084 761 sa-

507 777 786 835 criﬁcium.
822 780 966 836 [.icet
1009 785 1149 838 enim
1175 787 1333 841 homo
1359 789 1428 842 sit
1472 789 1555 855 is,
1586 794 1674 860 qui
1717 794 1898 861 adest,
1944 797 2084 853 Deus

505 878 587 922 est
613 879 804 935 tamen,
835 873 922 942 qui
943 889 1037 942 per
1066 875 1232 944 ipsum
1261 890 1528 946 operatur.
1545 883 1660 938 Noli
1687 901 1811 957 ergo
1841 899 2082 945 naturam

504 961 779 1017 attendere
807 964 950 1020 illius
970 1008 984 1030 ,
1013 983 1170 1037 quem
1199 971 1376 1026 cernis
1397 1013 1412 1037 ,
1439 973 1531 1028 sed
1552 978 1777 1044 gratiam
1805 981 1920 1048 ejus
1942 983 2081 1037 invi-

499 1051 707 1107 sibilem
734 1056 1010 1111 considera
1038 1078 1050 1112 :
1081 1060 1208 1114 nihil
1241 1061 1530 1119 humanum
1583 1077 1664 1122 cst
1710 1084 1892 1124 eorum
1913 1113 1927 1137 ,
1961 1089 2079 1143 qute

498 1145 552 1199 in
579 1143 680 1201 hoc
717 1159 869 1201 sacro
913 1158 1167 1217 geruntur
1197 1156 1518 1210 sanctuario.
1561 1156 1676 1212 Nisi
1705 1159 1935 1229 Spiritus
1977 1165 2074 1219 ad-

497 1246 676 1303 esset,
700 1238 933 1294 Ecclesia
966 1256 1068 1295 non
1099 1245 1448 1307 consisteret;
1473 1248 1519 1302 si
1555 1264 1680 1304 vero
1704 1254 1946 1308 consistit
1973 1255 2078 1309 Ec-

497 1327 681 1396 clesia,
709 1330 927 1385 dubium
960 1349 1062 1386 non
1089 1344 1202 1401 est,
1230 1337 1358 1404 quin
1378 1339 1516 1393 adsit
1543 1341 1790 1409 Spiritus.

567 1419 736 1486 Quare
764 1439 897 1476 nunc
917 1426 1061 1495 signa
1085 1443 1185 1480 non
1217 1429 1360 1496 ﬁant.
1387 1461 1460 1469 —
1478 1432 1585 1486 Cur
1608 1434 1782 1503 igitur,
1813 1437 1953 1492 dicet
1977 1439 2072 1494 ali-

491 1511 632 1580 quis,
663 1527 802 1566 nunc
822 1513 968 1583 signa
1001 1531 1102 1568 non
1135 1517 1304 1571 ﬁunt?
1326 1519 1426 1574 Hic
1455 1521 1582 1576 mihi
1604 1539 1697 1578 vos
1721 1527 1955 1582 animum
1987 1530 2069 1584 di-

491 1601 717 1671 ligenter
761 1604 1117 1660 attenditeza
1163 1609 1343 1662 multis
1389 1611 1616 1668 enimet
1668 1615 1971 1686 frequenter
2017 1629 2070 1674 et

491 1706 703 1762 semper
751 1693 888 1749 hanc
933 1696 1062 1750 mihi
1102 1700 1421 1768 propositam
1468 1705 1624 1759 audio
1679 1711 2065 1777 qumstionent:

489 1783 665 1852 Quare
692 1794 800 1838 tum
843 1785 1033 1854 linguis
1075 1787 1424 1857 loquebantur
1467 1808 1652 1850 omnes
1688 1797 1778 1866 qui
1818 1797 2055 1868 baptiza-

487 1873 700 1938 bantur,
725 1875 835 1945 jam
864 1892 986 1931 vero
1018 1894 1121 1932 non
1144 1880 1308 1935 item?
1337 1883 1608 1940 Discamus
1639 1889 1814 1957 prius,
1835 1891 1968 1959 quid
1999 1893 2067 1946 sit

488 1965 628 2034 loqui
659 1966 852 2037 linguis
874 2009 889 2035 ,
913 1984 976 2023 ac
1004 1969 1199 2026 deinde
1219 1988 1431 2028 causam
1456 1977 1713 2036 dicemus.
1743 1981 1877 2048 Quid
1909 1984 2064 2052 igitur

483 2065 565 2110 est
600 2057 742 2126 loqui
787 2058 1015 2127 linguis?
1039 2061 1136 2128 Qui
1166 2062 1548 2132 baptizabatur,
1576 2073 1754 2125 statim
1781 2073 1959 2144 lingua
1985 2075 2069 2129 lo-

480 2149 739 2216 quebatur
781 2148 1026 2206 indorutn
1056 2194 1072 2218 ,
1125 2154 1501 2226 Egyptiorum
1529 2202 1543 2228 ,
1577 2161 1854 2218 Persarum
1882 2205 1896 2230 ,
1926 2166 2060 2237 Scy-

479 2237 710 2307 tharum,
742 2240 1006 2299 Thracum
1031 2284 1046 2309 ,
1074 2259 1137 2299 ac
1162 2247 1244 2300 vir
1286 2264 1424 2304 unus
1449 2251 1641 2306 multas
1669 2253 1873 2323 linguas
1903 2272 2059 2312 assu-

479 2331 692 2397 mebat;
723 2341 777 2388 et
800 2334 885 2388 isti
915 2351 1056 2392 nunc
1083 2337 1127 2390 si
1155 2339 1403 2407 baptizati
1436 2349 1544 2395 tum
1589 2343 1848 2412 fuissent,
1877 2351 2055 2404 statim

477 2425 596 2478 illos
622 2424 845 2480 diversis
876 2427 1153 2498 loquentes
1177 2432 1370 2502 linguis
1394 2435 1674 2492 audiisses.
1701 2437 1832 2493 Nam
1864 2440 2056 2497 Paulus

474 2515 718 2584 invenit,
759 2526 816 2572 ut
865 2520 1079 2587 dicitur,
1117 2523 1374 2591 quosdam
1403 2525 1454 2579 in
1489 2525 1708 2583 Joannis
1741 2529 2055 2599 baptismate

474 2609 791 2677 baptizatos,
814 2610 1054 2682 dixitque
1077 2614 1142 2667 ad
1172 2631 1264 2670 eos
1290 2634 1301 2667 :
1333 2616 1394 2671 Si
1434 2618 1685 2687 Spiritum
1707 2635 1934 2677 sanctum
1963 2641 2052 2678 ae-

470 2699 671 2770 cepistis
712 2703 965 2757 credentes
986 2704 1011 2756 ?
1052 2704 1242 2758 Dicunt
1277 2707 1398 2761 illi:
1423 2707 1528 2763 Sed
1553 2727 1709 2780 neque
1741 2713 1786 2767 si
1827 2713 2051 2784 Spiritus

467 2801 675 2845 sanctus
717 2802 812 2859 est,
841 2794 1126 2850 audivimus
1150 2797 1289 2866 (Act.
1337 2800 1425 2855 l9.
1455 2801 1546 2872 2);
1577 2806 1862 2875 statimque
1891 2807 2051 2877 jussit

469 2896 564 2935 eos
586 2882 838 2952 baptizari
861 2902 876 2950 ;
908 2884 972 2938 Et
999 2903 1114 2940 cum
1140 2889 1457 2959 imposuisset
1484 2894 1585 2948 illis
1613 2911 1794 2949 manus
1822 2896 2043 2968 Paulus,

465 2974 596 3026 venit
621 2972 846 3043 Spiritus
864 2987 1068 3031 sanctus
1091 2995 1244 3047 super
1270 2997 1353 3034 eos
1372 3023 1386 3047 ,
1413 2994 1457 3034 et
1489 2984 1814 3053 loquebantur
1855 2990 2041 3060 linguis

463 3079 633 3117 otnnes
665 3062 824 3135 (Ibid.
849 3081 896 3120 υ.
927 3067 1004 3139 6).
1034 3067 1140 3124 Cur
1165 3072 1321 3141 igitur
1340 3074 1595 3130 subducta
1625 3087 1724 3144 est,
1749 3089 1802 3134 et
1851 3096 1916 3135 ex
1949 3082 2044 3137 ho-

463 3152 697 3210 minibus
735 3155 939 3210 sublata
967 3173 1107 3214 nunc
1130 3161 1218 3214 illa
1240 3164 1433 3231 gratia?
1451 3165 1565 3220 Non
1595 3169 1730 3236 quod
1753 3170 2040 3240 ignominia

459 3256 556 3295 nos
586 3244 782 3299 alliciat
808 3247 947 3302 Deus
967 3289 981 3314 ,
1015 3251 1108 3304 sed
1153 3253 1292 3320 quod
1325 3255 1580 3311 honorem
1627 3261 1786 3315 etiam
1811 3263 2034 3320 deferat.

456 3331 572 3398 Quo
604 3334 821 3390 tandem
852 3340 1047 3406 pacto?
1075 3356 1174 3410 ego
1198 3343 1390 3397 dicam.
1418 3345 1732 3404 Stolidiores
1754 3365 1902 3408 erant
1927 3363 2035 3410 tum

454 3429 712 3495 temporis
737 3428 979 3484 homines
1000 3473 1014 3496 ,
1044 3448 1147 3488 non
1193 3435 1262 3488 ita
1294 3437 1496 3504 pridem
1522 3442 1588 3496 ab
1613 3443 1767 3498 idolis
1796 3447 2032 3516 abducti,

451 3528 517 3570 ac
559 3532 720 3586 porro
757 3521 986 3575 crassior
1015 3532 1068 3576 et
1112 3526 1373 3594 stupidior
1413 3544 1564 3585 mens
1614 3534 1824 3590 illorum
1856 3539 2032 3597 adhuc

449 3614 599 3671 erat,
631 3609 980 3678 omnibusque
1003 3615 1370 3684 corporalibus
1400 3619 1584 3674 intenti
1613 3637 1764 3680 erant
1803 3637 1858 3682 et
1883 3631 2029 3687 addi-

448 3697 543 3762 cti,
577 3701 876 3769 nequedum
904 3703 1212 3774 incorporea
1235 3707 1337 3763 illis
1366 3709 1504 3765 dona
1536 3713 1585 3766 in
1608 3730 1838 3773 mentem
1868 3737 2028 3778 vene-

450 3799 604 3857 rant,
635 3807 806 3862 neque
835 3808 1088 3851 noverant
1115 3839 1129 3861 ,
1161 3800 1285 3868 quid
1317 3813 1460 3857 esset
1487 3808 1653 3874 gratia
1689 3813 1982 3879 Spiritualis
2007 3859 2022 3884 ,

445 3895 669 3952 qumque
708 3884 820 3938 sola
867 3886 969 3941 ﬁde
1005 3890 1336 3959 percipitur:
1370 3894 1565 3952 idcirco
1614 3899 1760 3970 signa
1805 3905 2022 3961 fiebant.

443 3970 576 4027 Nam
630 3989 693 4028 ex
745 3975 900 4032 donis
943 3981 1305 4048 spiritualibus
1332 3987 1430 4040 alia
1477 3989 1689 4058 quidem
1741 3993 2022 4052 invisibilia

440 4069 585 4127 sunt,
611 4074 664 4118 et
683 4065 795 4120 sola
827 4067 931 4123 ﬁde
960 4074 1511 4140 comprehenduntur:
1534 4080 1634 4133 alia
1653 4097 1787 4146 yero
1811 4087 2018 4155 signum

438 4152 702 4220 quoddam
748 4160 992 4214 sensibus
1018 4164 1281 4232 objectum
1327 4169 1580 4226 exhibent
1619 4175 1684 4228 ad
1719 4152 2014 4236 faciendam

436 4241 594 4298 ﬁdem
642 4245 958 4304 inﬁdelibus.
1002 4253 1247 4326 Exempli
1277 4256 1434 4312 causa
1455 4303 1471 4327 ,
1506 4266 1748 4322 remissio
1773 4280 2016 4336 peccato~

433 4349 551 4390 rum
582 4351 670 4391 res
720 4349 802 4393 est
829 4342 1150 4412 spiritualis,
1187 4349 1448 4407 invisibile
1490 4354 1686 4414 donum
1727 4371 1846 4418 est:
1875 4379 2014 4434 quo-

435 4427 598 4480 modo
609 4428 748 4481 enim
767 4443 978 4498 peccata
1003 4447 1181 4492 nostra
1202 4453 1509 4512 purgentur,
1528 4451 1702 4504 carnis
1718 4453 1885 4509 oculis
1905 4472 2011 4520 non

431 4516 690 4572 videmus.
713 4519 848 4587 Quid
874 4522 966 4576 ita?
988 4524 1244 4592 Quoniam
1266 4533 1440 4586 anima
1465 4545 1564 4602 est,
1588 4554 1706 4607 qua:
1734 4553 2006 4614 purgatur;

427 4618 482 4664 at
511 4613 750 4680 corporis
801 4616 972 4671 oculis
1017 4634 1347 4692 nequaquam
1391 4629 1626 4683 cernitur
1668 4635 1864 4690 anima.
1911 4637 2008 4693 Est

424 4698 585 4769 igitur
608 4702 882 4772 spirituale
930 4707 1128 4764 donum
1174 4715 1437 4782 quoddam
1482 4725 1721 4789 purgatio
1757 4739 2003 4794 peccato-

425 4803 566 4858 rum,
595 4805 712 4860 quaz
737 4799 978 4865 corporis
999 4801 1167 4856 oculis
1195 4813 1376 4872 patere
1398 4823 1503 4862 non
1532 4821 1736 4880 potest;
1765 4827 1818 4871 at
1842 4823 2002 4878 variis

417 4879 564 4949 loqui
596 4881 790 4953 linguis
811 4897 892 4942 est
922 4889 1049 4945 illud
1077 4894 1290 4961 quidem
1335 4898 1624 4966 spirilttalis
1650 4879 1806 4963 etiam
1832 4910 2000 4981 Spiri-

415 4981 499 5025 tus
530 4975 855 5043 operationis
883 4995 896 5032 :
926 4992 1292 5039 verumtamen
1324 4990 1570 5046 sensibus
1609 4995 1874 5064 objectum
1919 5005 1994 5058 si-

409 5075 576 5132 gnum
608 5065 808 5135 prmbet
833 5108 847 5134 ,
880 5072 1127 5143 quodque
1157 5073 1308 5131 facile
1333 5079 1400 5134 ab
1429 5080 1729 5142 inﬁdelibus
1770 5096 1994 5164 perspici

411 5160 625 5218 potest:
654 5171 776 5212 nam
817 5176 935 5229 qua:
962 5161 1022 5216 fit
1051 5163 1194 5220 intus
1224 5168 1275 5222 in
1306 5171 1479 5226 anima
1512 5181 1779 5249 operatio,
1811 5184 1990 5242 invisi-

410 5242 530 5301 bilis
577 5241 820 5320 inquam,
860 5270 956 5324 per
978 5259 1300 5316 exteriorem
1329 5264 1555 5336 linguam
1580 5311 1596 5337 ,
1631 5289 1784 5343 quam
1835 5281 1986 5334 audi-

408 5351 528 5392 mus
551 5381 566 5406 ,
607 5345 974 5403 manifestatur
1000 5359 1054 5405 et
1087 5355 1401 5412 ostenditur.
1432 5361 1633 5419 Idcirco
1668 5369 1826 5424 etiam
1859 5372 1987 5429 dicit

407 5424 603 5486 Paulus
634 5451 648 5487 :
676 5434 954 5508 Unicuique
978 5453 1145 5498 autem
1180 5447 1331 5503 datur
1371 5457 1710 5524 manifestatio
1757 5463 1984 5533 Spiritus

403 5517 474 5569 ad
493 5521 755 5579 utilitatem
781 5528 853 5599 (l.
872 5528 990 5585 Cor.
1018 5533 1102 5588 l2.
1125 5535 1201 5609 7).
1230 5538 1408 5612 Itaque
1429 5517 1593 5616 signis
1613 5517 1854 5621 equidem

407 5609 636 5682 indigeo.
667 5616 802 5686 Quid
833 5621 931 5678 ita?
954 5625 1157 5698 Quippe
1184 5633 1271 5701 qui
1297 5609 1501 5704 absque
1528 5609 1674 5710 signi.
1700 5609 1978 5716 largitione

405 5699 626 5762 Domino
654 5710 873 5770 credere
915 5716 1073 5776 didici
1100 5737 1111 5773 :
1142 5699 1262 5778 nam
1300 5727 1386 5797 qui
1417 5726 1721 5792 incredulus
1748 5749 1858 5805 est,
1889 5743 1971 5813 pi-

1257 305 1312 360 S-
1358 306 1634 367 JOANNIS
1671 311 2142 373 CHRYSOSTOMI
2181 321 2500 384 ARCHIEP.
2541 331 3086 399 CONSTANTINOP.

2195 457 2362 512 gnore
2383 447 2620 521 indiget;
2652 470 2750 525 ego
2783 473 2906 514 vero
2946 463 3168 520 credens
3195 467 3413 539 pignore
3452 476 3672 535 minime
3700 485 3788 536 itt-

2193 536 2378 606 digeo,
2407 556 2579 611 neque
2622 546 2772 616 signo
2804 553 2934 607 :sed
2984 553 3109 611 licet
3149 536 3325 630 lingua
3357 580 3459 620 non
3510 570 3721 641 loquar,
3754 591 3782 628 a

2193 631 2423 696 peccatis
2453 644 2727 704 purgatum
2750 655 2871 697 esse
2894 659 2980 700 me
3000 647 3145 715 scio;
3175 659 3230 705 at
3261 653 3337 708 illi
3367 662 3478 711 tum
3511 631 3619 716 non
3651 680 3778 720 cre-

2190 717 2418 789 debant,
2465 724 2565 778 nisi
2609 728 2816 798 signum
2853 737 3187 806 accepissent
3236 759 3252 796 :
3294 755 3572 816 prepterea
3627 755 3784 822 signa

2193 819 2457 882 tamquam
2486 817 2676 887 pignus
2704 823 2969 890 quoddam
3003 827 3121 883 ﬁdei
3142 873 3155 894 ,
3184 848 3287 902 qua
3313 837 3636 907 credebant,
3669 817 3777 902 illis

2185 899 2468 960 dabantur.
2512 907 2693 980 Itaque
2737 929 2842 968 non
2869 927 2954 970 .ut
3004 899 3282 993 ﬁdelibus,
3315 929 3408 983 sed
3461 941 3519 986 ut
3549 899 3782 999 inﬁdeli-

2185 992 2285 1048 bus
2308 996 2571 1054 dabantur
2598 1002 2745 1072 signa
2767 1047 2780 1072 ,
2810 1016 2870 1061 ιιι
2896 1009 3081 1066 ﬁerent
3125 1015 3309 1072 fideles
3342 1037 3355 1072 :
3385 1021 3465 1076 sic
3484 1024 3648 1080 etiam
3703 1013 3778 1083 ait

2182 1084 2396 1154 Paulus,
2428 1088 2591 1161 Signa
2637 1107 2754 1149 sunt
2801 1115 2901 1152 non
2946 1102 3210 1172 ﬁdelibus,
3242 1110 3333 1162 sed
3367 1112 3662 1182 inﬁdelibus
3695 1121 3775 1190 (i.

2183 1175 2298 1250 Cor.
2336 1180 2420 1234 l4.
2451 1181 2878 1260 29.)..Vidctisne
2927 1191 3091 1248 Deum
3135 1175 3436 1268 signorum'
3463 1175 3776 1265 manifcsia-

2182 1270 2374 1326 tionem
2403 1274 2740 1345 subduxisse,
2761 1296 2866 1335 non
2893 1294 2947 1337 ut
2971 1285 3256 1356 ignominia
3284 1309 3378 1350 nos
3396 1296 3771 1372 afﬁceret,sed

2178 1373 2231 1415 ut
2260 1361 2516 1420 honorem
2532 1367 2802 1425 deferret?
2821 1373 2952 1428 Nam
2992 1390 3113 1432 cum
3154 1380 3311 1437 ﬁdem
3342 1396 3579 1444 nostram
3608 1395 3770 1450 vellet

2177 1455 2478 1524 ostendere,
2495 1460 2634 1528 quod
2654 1461 2854 1532 absque
2876 1466 3180 1535 pignoribus
3197 1483 3290 1528 aut
3304 1478 3468 1546 signis
3483 1481 3558 1535 illi
3581 1485 3772 1540 creda-

2176 1558 2313 1610 mus,
2342 1544 2444 1601 hoe
2466 1547 2610 1603 fecit.
2631 1549 2903 1621 Siquidem
2936 1558 3031 1624 illi,
3063 1562 3164 1616 nisi
3187 1565 3332 1632 prius
3357 1544 3562 1639 signum
3593 1583 3647 1628 et
3678 1579 3761 1645 pi-

2172 1647 2308 1702 gnus
2328 1640 2674 1708 accepissent,
2691 1646 2738 1697 ei
2758 1643 2824 1700 de
2838 1648 2996 1703 rebus
3013 1652 3232 1710 minime
3254 1664 3630 1728 apparentibus
3660 1685 3773 1732 non

2171 1727 2553 1796 credidissent;
2581 1743 2634 1788 at
2659 1751 2758 1806 ego
2782 1740 2939 1793 etiam
2969 1743 3084 1798 sine
3115 1745 3216 1801 hoc
3244 1765 3456 1807 omnem
3481 1755 3640 1811 lidcm
3667 1775 3776 1824 exo-

2171 1815 2330 1872 bibeo
2357 1838 2369 1872 :
2403 1821 2516 1877 haec
2542 1823 2701 1894 igitur
2730 1844 2887 1885 causa
2917 1842 3018 1897 est,
3037 1850 3132 1890 cur
3152 1838 3262 1908 jam
3293 1841 3439 1912 signa
3469 1862 3573 1900 non
3611 1849 3760 1905 ﬁant.

2240 1909 2292 1964 5.
2330 1910 2624 1970 Voluissem
2695 1923 2936 1989 equidem
2985 1928 3052 1981 de
3116 1928 3413 1989 festivitatis
3472 1942 3758 2002 occasione

2169 2001 2328 2057 verba
2357 2002 2555 2073 facere,
2599 2025 2662 2064 ac
2712 2011 2942 2081 docere,
2994 2019 3118 2087 quid
3173 2023 3384 2079 tandem
3437 2029 3506 2082 sit
3560 2032 3755 2092 Pente-

2165 2103 2333 2160 coste,
2389 2111 2486 2152 cur
2524 2101 2575 2154 in
2617 2102 2715 2157 hac
2756 2104 3041 2164 festivitate
3087 2111 3281 2168 donum
3316 2115 3543 2185 Spiritus
3573 2123 3756 2180 datum

2164 2183 2253 2248 sit,
2309 2200 2404 2240 cur
2434 2189 2488 2242 in
2536 2190 2728 2262 linguis
2779 2196 2964 2265 igneis,
3017 2210 3070 2256 et
3115 2218 3210 2258 cur
3239 2216 3358 2276 post
3395 2209 3578 2267 decem
3603 2217 3765 2285 dics;

2165 2277 2260 2331 scd
2291 2280 2630 2347 prolixiorem
2678 2286 2972 2345 doctrinam
3008 2309 3127 2350 csse
3156 2297 3310 2354 video
3339 2316 3354 2355 :
3382 2309 3750 2376 quamobrem,

2161 2367 2250 2423 ubi
2289 2384 2452 2439 pauca
2479 2375 2718 2444 quaedam
2767 2380 3040 2452 addidero,
3088 2386 3245 2443 finem
3272 2367 3466 2448 faciam
3517 2367 3749 2456 dicendi:

2168 2457 2294 2513 Cum
2341 2465 2710 2534 complerentur
2739 2471 2844 2526 dies
2895 2473 3229 2547 Pentecostes,
3277 2499 3625 2554 apparuerunt
3647 2492 3759 2547 illis

2159 2549 2434 2620 dispertita:
2482 2556 2667 2628 lingua:
2721 2572 2976 2632 tamquam
3032 2569 3164 2640 ignis
3216 2549 3432 2645 (Act.2.
3472 2581 3496 2634 1
3545 2590 3591 2634 et
3639 2584 3744 2652 5):

2159 2653 2262 2693 non
2315 2641 2470 2712 ignis,
2527 2647 2620 2702 sed
2662 2659 2927 2722 tamquam
2980 2658 3154 2728 ignis,
3201 2641 3260 2717 ut
3295 2666 3424 2721 nihil
3462 2673 3656 2728 sensile
3676 2641 3746 2738 de

2159 2732 2361 2802 Spiritu
2399 2750 2582 2795 sancto
2611 2747 2916 2816 suspiceris.
2945 2749 3094 2807 Sicut
3123 2758 3263 2810 enim
3293 2758 3360 2812 ad
3400 2759 3593 2818 ﬂuenta
3620 2766 3743 2821 Jor-

2153 2824 2305 2882 danis
2331 2845 2436 2884 non
2464 2833 2709 2891 columba
2735 2837 3045 2910 descendit,
3068 2846 3160 2900 sed
3189 2848 3241 2902 in
3271 2853 3451 2920 specie
3479 2857 3741 2914 columbae

2155 2915 2378 2987 (Luc.5.
2424 2921 2660 2996 22):ita
2709 2941 2764 2984 et
2803 2929 2888 2986 hic
2937 2949 3042 2990 non
3096 2938 3254 3008 ignis,
3304 2915 3407 2998 sed
3456 2946 3508 3000 in
3558 2952 3739 3017 specie

2151 3009 2285 3079 ignis
2312 3027 2326 3064 :
2375 3023 2429 3068 et
2473 3031 2656 3073 rursus
2683 3023 2927 3090 superius
2977 3027 3050 3080 ait
3079 3046 3092 3081 :
3129 3028 3405 3100 Tamquam
3431 3037 3739 3095 advenientis

2147 3101 2352 3170 spiritus
2380 3105 2680 3163 vehementis
2711 3110 2846 3182 (Act.
2877 3114 2931 3167 2.
2959 3117 3017 3186 9.)
3036 3159 3051 3184 ,
3081 3135 3184 3174 ιιοη
3211 3125 3429 3192 spiritus
3451 3130 3737 3187 vehemen-

2147 3191 2235 3257 tis,
2268 3194 2360 3248 sed
2413 3205 2680 3268 tamquam
2734 3202 3064 3264 advenientis
3120 3214 3335 3282 spiritus
3378 3219 3730 3281 vehementis.

2134 3279 2252 3336 Cur
2300 3285 2458 3354 igitur
2509 3288 2753 3347 Ezechiel
2795 3297 3008 3363 quidem
3037 3279 3234 3357 donum
3276 3309 3468 3378 accipit
3497 3279 3731 3383 prophe-

2145 3373 2252 3441 tiae,
2310 3392 2414 3432 non
2455 3379 2508 3434 in
2561 3383 2906 3444 similitudine
2951 3391 3124 3462 ignis,
3181 3397 3273 3452 sed
3342 3416 3438 3470 per
3489 3404 3727 3475 librant;

2139 3469 2364 3534 apostoli
2407 3487 2531 3527 vero
2575 3491 2670 3544 per
2722 3479 2896 3548 ignem
2961 3484 3099 3540 dona
3151 3491 3450 3560 recipiunt?
3493 3495 3628 3552 Nam
3659 3501 3726 3556 de

2138 3555 2232 3610 illo
2269 3560 2483 3627 quidem
2509 3564 2581 3617 ait
2621 3567 2914 3638 Scriptura,
2955 3575 3132 3631 datum
3173 3579 3339 3638 fuisse
3385 3585 3437 3639 in
3486 3603 3581 3645 ore
3610 3592 3732 3661 ejus.

2135 3648 2422 3717 capitulum
2479 3651 2632 3717 libri,
2678 3667 2730 3711 et
2765 3661 3016 3730 scriptam
3075 3667 3237 3725 fuisse
3297 3676 3720 3750 querimoniam,

2134 3745 2187 3790 et
2248 3753 2492 3808 carmen,
2524 3755 2577 3799 et
2623 3762 2702 3802 vae
2753 3768 2766 3802 :
2807 3761 2862 3806 et
2913 3756 3073 3812 fuisse
3125 3767 3418 3830 posteriora
3467 3778 3523 3825 et
3571 3784 3722 3830 antes

2131 3829 2272 3884 riora
2335 3833 2550 3903 scripta,
2597 3849 2650 3894 et
2690 3845 2988 3902 comedisse
3032 3829 3195 3920 illud,
3246 3867 3298 3913 et
3353 3859 3546 3917 factum
3597 3882 3720 3924 esse

2131 3917 2183 3971 in
2209 3934 2303 3975 ore
2318 3927 2469 3993 quasi
2494 3928 2594 3984 mel
2615 3929 2769 3989 dulce
2790 3934 3000 4004 (Ezeclt.
3018 3941 3052 3995 2
3095 3917 3188 4001 9et
3206 3946 3256 4000 ’5.
3275 3949 3352 4019 5).
3377 3951 3447 4005 De
3460 3917 3716 4023 apostolis

2128 4026 2258 4066 vero
2304 4030 2410 4070 non
2459 4018 2568 4073 ita:
2607 4024 2697 4077 sed
2727 4024 3084 4098 Apparuerunt
3107 4038 3180 4091 eis
3219 4018 3407 4110 lingua
3449 4054 3710 4119 tamquam

2125 4100 2275 4170 ignis.
2325 4104 2433 4160 Cur
2478 4111 2635 4180 igitur
2686 4116 2791 4172 illic
2838 4120 2973 4176 liber
3017 4135 3070 4180 et
3107 4100 3314 4198 litera}:
3342 4134 3427 4190 hic
3455 4100 3581 4194 verti
3610 4142 3711 4198 lin-

2123 4206 2223 4260 gna
2275 4203 2330 4249 et
2381 4197 2558 4287 ignis?
2603 4203 2756 4272 Quod
2789 4209 2875 4263 ille
2899 4213 3110 4281 quidem
3149 4197 3320 4277 abiret
3353 4225 3709 4289 insectaturus

2127 4294 2378 4354 peccata,
2426 4279 2858 4368 calamitatesque
2896 4279 3140 4362 iudaicas
3189 4310 3601 4387 deploraturus;
3655 4325 3707 4380 bi

2117 4389 2246 4431 vero
2273 4392 2486 4448 peccata
2507 4387 2652 4442 orbis
2675 4399 2930 4448 terrarum
2961 4398 3289 4471 absumpturi
3312 4410 3552 4466 exirent:
3577 4431 3704 4484 pro-

2122 4475 2302 4535 pterea
2351 4473 2582 4530 libellum
2628 4478 2714 4534 hic
2763 4487 2982 4554 accepit,
3026 4491 3112 4560 qui
3146 4494 3347 4553 futuras
3375 4473 3704 4562 calamitates

2115 4565 2389 4620 memoriae
2430 4583 2768 4642 suggereret;
2823 4579 2995 4648 ignem
3025 4583 3096 4639 illi
3140 4589 3492 4663 accipiebant,
3523 4607 3580 4651 ut
3607 4615 3702 4654 or-

2110 4649 2192 4706 bis
2221 4662 2478 4712 terrarum
2525 4674 2737 4730 peccata
2777 4683 3084 4739 exurerent,
3113 4687 3165 4732 et
3194 4692 3383 4736 cuncta
3425 4685 3704 4759 delerent.

2108 4740 2240 4798 Nam
2297 4751 2736 4816 quemadmodum
2782 4761 2826 4814 si
2870 4762 3066 4820 incidat
3127 4769 3260 4839 ignis
3310 4773 3361 4828 in
3399 4778 3599 4848 spinas,
3630 4783 3697 4836 ile

2105 4836 2184 4892 las
2232 4839 2388 4896 facile
2430 4844 2570 4902 delet
2618 4866 2803 4908 omnes
2832 4872 2846 4907 :
2874 4858 2950 4912 sic
2988 4872 3043 4913 et
3082 4860 3309 4932 Spiritus
3358 4871 3528 4939 gratia
3572 4890 3692 4942 pec-

2102 4939 2220 4983 cata
2278 4933 2550 5016 hominum
2609 4943 2942 5003 absumebat.
2988 4951 3181 5008 Verum
3247 4933 3444 5030 stupidi
3495 4965 3694 5042 Judaﬁ,

2101 5021 2225 5076 dum
2259 5024 2373 5081 lucc
2421 5029 2628 5096 ﬁerent,
2685 5051 2803 5091 cum
2852 5039 2968 5097 illos
3005 5049 3218 5113 percelli
3277 5057 3600 5122 oportuisset
3627 5078 3692 5119 ac

2099 5121 2349 5184 tremere,
2393 5120 2622 5194 denique
2671 5129 2970 5200 largitorem
3001 5138 3246 5210 adorare,
3293 5162 3479 5204 rursus
3504 5139 3687 5211 amen-

2096 5204 2222 5259 tiam
2277 5223 2424 5265 suam
2481 5219 2792 5287 ostendunt,
2844 5236 2897 5279 et
2922 5227 3122 5298 Spiritu
3158 5236 3387 5306 repletos
3413 5249 3689 5312 apostolos

2093 5295 2362 5354 ebrietatis
2405 5318 2674 5363 accusant.
2729 5311 2822 5368 Isti
2849 5295 3012 5387 enim,
3045 5295 3325 5394 inquiunt,
3351 5295 3515 5388 muslto
3545 5339 3685 5409 pleni

2089 5399 2204 5442 sunt
2228 5390 2364 5459 (Act.
2395 5396 2447 5448 2.
2482 5397 2589 5468 l3).

2086 5488 2141 5532 et
2161 5483 2468 5550 angelorum
2511 5492 2826 5558 probitatem
2877 5506 3240 5575 contemplare
3280 5528 3293 5564 :
3336 5529 3458 5570 nam
3503 5497 3677 5592 angeli

2088 5571 2292 5592 _--!.l----
2555 5583 2565 5592 '
2630 5585 2640 5592 ‘
2674 5588 2684 5592 ’

2083 5571 2296 5639 quidem
2334 5591 2452 5632 cum
2490 5583 2748 5650 primitias
2787 5600 2994 5647 nostras
3022 5601 3377 5661 ascendentes
3407 5607 3671 5676 viderent.

2083 5659 2412 5733 laetabantur,
2471 5685 2533 5726 ac
2575 5674 2837 5745 dicebant,
2889 5685 3114 5743 .lttollile
3150 5704 3338 5760 portas,
3397 5701 3671 5772 principes,

2080 5761 2284 5817 uestras,
2328 5770 2376 5812 et
2425 5760 2705 5837 elevamini,
2729 5783 2888 5842 portae
2924 5782 3204 5854 wtcrnales,
3237 5797 3282 5839 ct
3319 5787 3542 5847 introibit
3583 5813 3671 5854 rex

2642 5405 3017 5468 Animadverte
3056 5418 3344 5486 nequitiam
3371 5405 3675 5500 hominum,
