3892 6294
151 423 261 479 459

150 538 664 612 ἀναμιμνήσκοντες
719 539 916 600 αὐτοὺς
961 538 1043 591 δτι
1093 538 1246 591 οὐδὲν
1282 539 1444 603 αὐτὸς
1475 541 1502 592 ό
1547 534 1739 608 παρὼν

155 627 412 698 πράττει,
433 625 556 678 οὐδὲ
581 623 931 692 ἀνθρωπίνης
953 622 1070 675 ἐστὶ
1100 622 1314 692 φύσεως
1341 621 1740 694 κατορθώματα

149 710 220 763 τὰ
265 709 605 781 προκείμενα
652 706 829 778 δῶρα,
873 706 987 760 ἀλλ’
1019 709 1052 776 ἠ
1085 706 1179 760 τοῦ
1222 707 1538 778 Πνεύματος
1581 706 1740 775 χάρις

153 793 407 867 παροῦσα
432 794 526 847 καὶ
554 794 719 846 πᾶσιν
741 791 1084 862 ἐφιπταμένη
1109 790 1207 862 τὴν
1235 790 1502 861 μυστικὴν
1526 787 1741 856 ἐκείνην

154 877 562 942 κατασκευάζει
597 876 806 929 θυσίαν.
838 876 901 928 Εἰ
931 875 1041 946 γὰρ
1085 875 1180 928 καὶ
1208 874 1492 945 ἄνθρωπός
1525 875 1672 925 ἐστιν
1712 872 1740 922 ό

152 961 368 1032 παρὼν,
403 961 519 1015 ἀλλ’
548 963 576 1014 ὁ
621 959 752 1023 Θεός
795 961 944 1012 ἐστιν
971 960 1000 1011 ὀ
1045 958 1284 1028 ἐνεργῶν
1318 958 1382 1011 δι’
1415 955 1600 1009 αὐτοῦ.
1649 956 1739 1025 Μὴ

153 1046 336 1100 τοίνυν
367 1044 601 1116 πρόσεχε
631 1047 696 1115 τῇ
744 1043 904 1114 φύσει
937 1042 1030 1096 τοῦ
1072 1043 1380 1114 ὁρωμένου,
1414 1039 1526 1093 ἀλλ’
1574 1039 1741 1091 ἐννόει

153 1132 254 1202 τὴν
289 1131 450 1202 χάριν
483 1129 581 1200 τὴν
614 1129 869 1200 ἀόρατον.
901 1127 1068 1182 Οὐδὲν
1105 1127 1444 1198 ἀνθρώπινον
1465 1126 1574 1181 τῶν
1601 1142 1742 1194 γινο-

155 1215 338 1284 μένων
371 1215 428 1266 ἐν
456 1213 533 1284 τῷ
566 1213 694 1283 ίερῴ
726 1211 900 1282 τούτῳ
924 1211 1148 1283 βήματι.
1167 1213 1228 1264 Et
1254 1211 1327 1282 μὴ
1350 1210 1576 1280 Πνεῦμα
1604 1225 1743 1278 παρ-

153 1298 243 1366 ῆν,
296 1297 396 1350 οὐκ
442 1295 508 1350 ἂν
551 1296 782 1366 συνέστη
835 1296 868 1365 ἡ
907 1293 1229 1366 Ἐκκλησία·
1259 1296 1307 1346 εἰ
1339 1293 1396 1347 65
1431 1292 1743 1346 συνίσταται

155 1384 189 1451 ἡ
225 1381 545 1451 Ἐκκλησία,
581 1379 802 1451 εὔδηλον
831 1379 913 1433 ὅτι
942 1380 1003 1432 τὺ
1025 1377 1250 1449 Πνεῦμα
1276 1377 1527 1448 πάρεστι.

228 1520 386 1585 Τίνος
407 1514 498 1573 οὖν
525 1518 732 1584 ἕνεκεν,
753 1518 907 1589 φησὶ,
929 1519 1128 1587 σημεῖα
1147 1517 1205 1569 οὐ
1230 1517 1436 1586 γίνεται
1462 1515 1555 1570 νῦν
1576 1531 1590 1578 ;
1615 1515 1724 1567 Ἐν-

155 1603 338 1656 ταῦθά
383 1619 472 1673 μοι
501 1600 639 1672 μετά
673 1601 958 1672 ἀκριϐείας
985 1601 1280 1671 προσέχετε
1300 1617 1312 1630 ⁸
1352 1603 1501 1670 παρά
1535 1597 1742 1651 πολλῶν

156 1688 268 1758 γὰρ
296 1687 482 1741 ἀκούω
516 1685 695 1750 τοῦτο,
729 1685 823 1738 καὶ¹
853 1683 1092 1755 συνεχῶς
1131 1685 1225 1737 καὶ
1261 1685 1347 1737 ἀεὶ
1378 1683 1739 1753 ζητούμενονο

155 1771 247 1824 διά
274 1772 327 1824 τί
350 1771 472 1824 τότε
493 1767 766 1839 γλώσσαις
796 1769 1016 1822 ἐλάλουν
1042 1768 1242 1830 πάντες
1264 1768 1313 1820 οί
1337 1767 1740 1836 βαπτιζόμενοι,

156 1855 255 1909 νῦν
278 1855 336 1908 δέ
355 1855 538 1909 οὐκέτι
563 1871 577 1919 ;
612 1852 890 1923 Μάθωμεν
916 1852 1178 1924 πρότερον
1202 1852 1253 1904 τί
1278 1852 1339 1905 τὸ
1364 1852 1542 1905 λαλεῖν
1571 1851 1740 1920 γλώσ-

160 1957 305 2003 σαις,
351 1939 445 1992 καὶ
482 1939 603 1991 τότε
653 1936 888 2008 ἐροῦμεν
917 1936 1013 1989 καὶ
1049 1935 1146 2007 τὴν
1185 1935 1382 1988 αἰτίαν.
1417 1935 1482 1988 Τί
1510 1931 1601 1988 οὖν
1629 1935 1744 1985 ἐστι

158 2021 436 2090 γλώσσαις
460 2020 642 2073 λαλεῖν
668 2036 683 2084 ;
719 2020 776 2072 Ὁ
800 2018 1194 2089 βαπτιζόμενος
1221 2017 1420 2082 εὐθέως
1449 2017 1746 2087 ἐφθέγγετο

157 2108 226 2176 τῇ
276 2105 385 2157 τῶν
421 2103 595 2157 Ἰνδῶν
640 2106 824 2174 φωνῇ,
879 2105 945 2173 τῇ
981 2101 1088 2156 τῶν
1137 2102 1482 2172 Αἰγυπτίων,
1536 2103 1603 2171 τῇ
1637 2098 1744 2176 τῶν

161 2188 411 2258 Περσῶν,
451 2190 516 2258 τῇ
547 2187 653 2241 τῶν
697 2185 954 2252 Σκυθῶν,
994 2188 1060 2256 τῇ
1108 2185 1216 2240 τῶν
1254 2183 1505 2256 Θρᾳκῶν,
1534 2183 1628 2236 καὶ
1665 2175 1746 2244 εἷς

161 2273 448 2342 ἄνθρωπος
489 2271 689 2334 πολλὰς
731 2270 1003 2341 ἐλάμϐανε
1042 2268 1325 2337 γλώσσας,
1377 2268 1471 2322 καὶ
1508 2259 1652 2320 οὗτοι
1695 2267 1745 2318 οἱ

160 2354 258 2408 νῦν
306 2357 354 2407 εἰ
400 2350 542 2425 ἦσαν
575 2355 695 2408 τότε
741 2353 1144 2424 βαπτισθέντες,
1177 2351 1379 2415 εὐθέως
1413 2349 1476 2404 ἂν
1509 2351 1748 2419 ἤκουσας

161 2438 345 2492 αὐτῶν
393 2439 670 2510 διαφόροις
721 2436 1108 2507 φθεγγομένων
1155 2439 1379 2505 φωναῖς.
1417 2433 1528 2488 Καὶ
1575 2433 1683 2502 γὰρ
1718 2433 1747 2484 ὀ

160 2520 397 2586 Παῦλος,
427 2521 612 2592 φησὶν,
644 2513 772 2592 εὗρέ
817 2537 968 2582 τινας
1012 2518 1403 2589 βαπτισθέντας
1432 2520 1489 2570 ἐν
1532 2516 1610 2586 τῷ
1653 2514 1749 2585 βα-

161 2605 431 2674 πτίσματι
478 2605 746 2668 Ἰωάννου,
792 2606 886 2658 καὶ
933 2603 1082 2673 λέγεί
1123 2604 1337 2666 αὐτοῖς·
1390 2604 1461 2656 Εἰ
1506 2600 1749 2668 Πνεῦμα

160 2688 336 2757 ἅγιον
383 2687 627 2742 ἐλάϐετε
682 2689 1160 2751 πιστεύσαντες;
1209 2686 1504 2756 Λέγουσιν
1546 2683 1743 2749 αὐτῷ’

159 2770 301 2826 ἀλλ’
329 2771 470 2825 οὐδὲ
497 2774 549 2825 εἰ
581 2771 713 2826 ἐστι
738 2770 980 2840 Πνεῦμα
1011 2769 1202 2839 ἅγιον,
1230 2770 1582 2838 ἠκούσαμεν
1600 2787 1612 2798 ·
1654 2770 1749 2822 καὶ

161 2854 368 2918 εὐθέως
394 2855 677 2907 ἐκέλευσεν
705 2856 900 2918 αὐτοὺς
939 2853 1302 2924 βαπτισθῆναι
1327 2869 1342 2884 ⁸
1380 2853 1486 2908 Καὶ
1519 2850 1748 2906 ἐπιθέν-

159 2955 265 3004 τος
315 2937 523 3004 αὐτοῖς
564 2937 671 2991 τοῦ
725 2939 974 2992 Παύλου
1018 2936 1122 3002 τὰς
1167 2936 1389 3006 χεῖρας,
1425 2932 1613 3006 ἦλθεν
1655 2936 1748 2988 ἐπ’

161 3022 389 3087 αὐτοὺς
421 3021 488 3074 τὸ
519 3022 761 3090 Πνεῦμα
801 3021 868 3075 τὸ
898 3021 1087 3090 ἅγιον,
1127 3020 1223 3073 καὶ
1252 3019 1521 3074 ἐλάλουν
1563 3019 1750 3073 ἅπαν-

162 3123 262 3172 τες
293 3103 624 3174 γλώσσαις.
657 3105 813 3168 Τίνος
846 3101 939 3160 οὖν
986 3105 1143 3176 χάριν
1191 3104 1510 3175 συνεστάλη,
1540 3105 1632 3157 καὶ
1657 3105 1751 3158 ἀν-

161 3188 342 3259 ᾑρέθη
376 3187 436 3255 ἐξ
467 3187 768 3259 ἀνθρώπων
794 3190 827 3258 ἡ
858 3189 1018 3258 χάρις
1046 3187 1185 3255 αὐτη
1224 3185 1353 3253 νῦν;
1384 3187 1518 3257 Οὐχὶ
1552 3185 1750 3256 ἀτιμά-

161 3271 352 3334 ζοντος
381 3273 529 3342 ἡμᾶς
550 3271 642 3324 τοῦ
668 3271 824 3336 Θεοῦ,
857 3271 992 3324 ἀλλά
1021 3269 1172 3343 [κίϐό]
1195 3272 1288 3324 καὶ
1312 3271 1516 3340 σφόδρα
1546 3269 1751 3340 τιμῶν-

163 3371 278 3432 τος.
313 3354 471 3419 Πῶς;
515 3354 626 3423 ἐγὼ
662 3355 1225 3426 λέγω.Ἀνοητότερον
1257 3355 1306 3406 οἰ
1341 3353 1620 3425 ἅνθρωποι
1675 3353 1753 3406 δι-

161 3440 378 3492 έκειντο
407 3438 548 3505 τότε,
578 3438 686 3492 τῶν
715 3437 948 3492 εἰδώλων
974 3438 1300 3510 προσφάτως
1323 3437 1748 3509 ἀπηλλαγμένοι,

161 3523 262 3575 καὶ
291 3522 578 3593 παχυτέρα
606 3523 700 3576 καὶ
724 3522 1154 3594 ἀναισθητοτέρα
1174 3522 1407 3592 αὐτῶνή
1437 3521 1644 3574 διάνοια
1672 3520 1752 3575 ἔτι

159 3601 253 3676 ἦν,
287 3607 383 3660 καὶ
411 3605 548 3676 πρὸς
588 3605 657 3659 τὰ
693 3606 982 3676 σωματικά
1016 3607 1192 3660 πάντα
1225 3606 1487 3675 ἐπτόηντο
1529 3606 1624 3658 καὶ
1664 3607 1754 3658 ἐκ·

163 3689 455 3758 εχήνεσαν,
491 3689 585 3742 καὶ
612 3689 840 3760 οὐδεμία
868 3690 1050 3752 αὐτοῖς
1081 3689 1294 3742 οὐδέπω
1331 3687 1508 3742 ἔννοια
1535 3688 1753 3759 δωρεῶν

161 3773 476 3842 ἀσωμάτων
506 3767 595 3844 ῆν,
616 3773 738 3826 οὐδέ
773 3773 981 3826 εῖδεσαν
1008 3773 1061 3826 τί
1092 3773 1221 3826 ποτέ
1250 3774 1367 3826 ἐστι
1387 3771 1552 3843 νοητὴ
1573 3772 1751 3844 χάρις,

163 3857 263 3911 καὶ
292 3857 475 3910 πίστει
512 3856 647 3929 μόνῃ
686 3856 1034 3928 θεωρουμένη
1057 3873 1072 3888 ο
1105 3856 1196 3910 διὰ
1223 3855 1380 3909 τοῦτο
1409 3860 1610 3927 σημεῖα
1636 3855 1754 3923 ἐγίη

162 3959 308 3997 νετο.
343 3941 464 3993 Τῶν
488 3941 597 4013 γάρ
621 3942 976 4012 χαρισμάτων
1009 3940 1117 3994 τῶν
1148 3940 1530 4011 πνευματικῶν
1561 3939 1631 3994 τά
1654 3939 1753 4010 μὲν

160 4025 380 4098 ἀόρατά
413 4027 547 4088 ἐστι,
577 4026 670 4078 καὶ
703 4023 883 4077 πίστει
915 4022 1391 4094 καταλαμϐάνεται
1421 4024 1582 4095 μόνῃ·
1608 4025 1676 4077 τὰ
1695 4024 1752 4077 δέ

163 4111 267 4164 καὶ
301 4107 559 4179 αἰσθητὸν
591 4108 924 4162 ἐνδείκνυται
951 4109 1176 4178 σημεῖον
1205 4108 1340 4178 πρὸς
1372 4107 1470 4174 τὴν
1499 4107 1608 4161 τῶν
1635 4107 1755 4160 ἀπί-

164 4209 315 4246 στων
354 4191 745 4262 πληροφορίαν.
789 4188 912 4245 Οἷόν
944 4209 994 4244 τι
1033 4191 1204 4259 λέγω·
1235 4191 1516 4261 ἁμαρτιῶν
1563 4192 1756 4260 ἄφεσις

161 4276 363 4347 νοητόν
403 4278 520 4329 ἐστι
565 4279 817 4348 πρᾶγμα,
852 4275 1081 4346 ἀόρατόν
1137 4277 1254 4328 ἐστι
1311 4275 1583 4344 χάρισμα·
1639 4275 1756 4339 πῶς

161 4361 280 4432 γὰρ
310 4359 662 4432 καθαίρονται
693 4361 848 4432 ἡμῶν
878 4361 934 4414 αἱ
962 4359 1248 4430 ἁμαρτίαι,
1274 4358 1372 4428 οὐχ
1402 4359 1616 4429 δρῶμεν
1643 4361 1757 4422 τοῖς

161 4445 270 4514 τῆς
317 4443 521 4514 σαρκὸς
547 4444 862 4515 ὀφθαλμοῖς.
900 4443 965 4496 Τί
997 4444 1235 4514 δήποτε;
1274 4442 1396 4496 Ὅτι
1428 4441 1574 4512 ψυχή
1611 4443 1756 4495 ἐστιν

163 4528 199 4595 ἡ
256 4525 675 4598 καθαιρομένη,·
722 4526 868 4597 ψυχὴ
914 4525 970 4579 65
1017 4525 1319 4596 ὀφθαλμοῖς
1365 4524 1616 4596 σώματος
1660 4524 1756 4595 οὐχ

162 4612 386 4681 δρᾶται.
405 4611 468 4662 Ἡ
492 4610 592 4681 μὲν
613 4605 706 4664 οὖν
735 4611 998 4680 κάθαρσις
1031 4609 1139 4661 τῶν
1161 4609 1574 4680 ἁμαρτημάτων
1594 4609 1757 4680 νοητὴ

161 4693 352 4764 δωρεά
384 4694 464 4758 τίς
489 4695 638 4746 ἐστιν
669 4694 962 4766 ὀφθαλμοῖς
990 4694 1050 4745 οὐ
1089 4693 1359 4763 δυναμένη
1389 4693 1640 4763 σώματος
1668 4709 1759 4760 γε-

159 4777 357 4832 νέσθαι
389 4778 628 4849 φανεράν
652 4778 710 4830 τὸ
741 4778 798 4830 δέ
830 4777 1102 4845 γλώσσαις
1130 4777 1406 4847 διαφόροις
1435 4775 1614 4829 λαλεῖν
1643 4778 1757 4828 ἐστι

166 4863 274 4934 μὲν
323 4861 420 4914 καὶ
463 4861 596 4914 αὐτὸ
627 4862 823 4932 νοητῆς
853 4860 1131 4931 ἐνεργείας
1164 4858 1258 4912 τοῦ
1293 4860 1613 4928 Πνεύματος
1633 4875 1646 4888 ο
1673 4861 1758 4912 αἰ-

163 4944 374 5016 σθητὸν
397 4945 578 5015 μέντοι
599 4946 897 5015 παρέχεται
917 4945 978 4998 τὸ
998 4945 1242 5014 σημεῖον,
1266 4944 1491 5005 καὶτοῖς
1511 4941 1760 5006 ἀπίστοις

159 5028 523 5083 εὐσύνοπτον.
556 5028 668 5098 Τῆς
710 5029 820 5100 γὰρ
864 5028 1010 5083 ἔνδον
1062 5033 1120 5081 ἐν
1167 5031 1234 5099 τῇ
1275 5027 1422 5097 ψυχῇ
1470 5025 1760 5094 γινομένης

161 5111 476 5182 ἐνεργείας,
504 5111 604 5181 τῆς
630 5112 860 5181 ἀοράτου
886 5112 1048 5180 λέγω,
1068 5114 1101 5183 ἡ
1119 5111 1224 5176 ἐξω
1250 5110 1465 5179 γλῶττα
1496 5108 1760 5178 ἀκουομέ-

161 5216 227 5268 νη
265 5195 578 5266 φανέρωσις
610 5194 700 5258 τίς
728 5195 844 5247 ἐστι
886 5197 981 5249 καὶ
1019 5195 1256 5266 ἐλεγχος.
1289 5193 1388 5247 Διά
1418 5191 1577 5247 τοῦτο
1609 5193 1700 5246 καί
1732 5194 1761 5245 ὀ

161 5279 389 5342 Παῦλος
417 5277 602 5346 λέγει·
637 5277 908 5345 Ἐκάστῳ
927 5277 994 5331 δὲ
1023 5279 1061 5347 ὴ
1091 5277 1429 5347 φανέρωσις
1452 5279 1558 5333 τοῦ
1581 5278 1762 5332 Πνεύ-

159 5380 358 5436 ματος
380 5362 605 5416 δίδοται
633 5361 785 5432 πρὸς
805 5363 872 5416 τὸ
893 5361 1224 5431 συμφέρον.
1243 5361 1384 5431 Ἐγὼ
1421 5364 1518 5434 μὲν
1546 5358 1637 5416 οὗν
1665 5362 1760 5416 νῦν

161 5447 366 5519 χρείαν
399 5446 500 5498 οὐκ
525 5445 634 5516 ἔχω
668 5445 930 5517 σημείων.
959 5445 1116 5508 Τίνος
1146 5445 1363 5513 ἐνεκενς
1397 5446 1521 5499 Ὅτι
1541 5445 1635 5500 καὶ
1654 5464 1764 5516 χω-

162 5532 253 5602 ρὶς
292 5529 526 5602 σημείου
558 5529 758 5593 δόσεως
781 5527 1057 5583 πιστεύειν
1078 5528 1372 5599 μεμάθηκα
1393 5528 1472 5598 τῷ
1491 5528 1757 5602 Δεσπότῃ.

173 5617 234 5668 '0
270 5613 390 5684 γὰρ
421 5613 666 5665 ἀπιστῶν
691 5612 945 5684 ἐνεχύρου
974 5612 1142 5665 δεῖται
1162 5628 1174 5640 ·
1197 5613 1308 5681 ἐγὼ
1332 5613 1388 5665 δέ
1409 5613 1678 5666 πιστεύων
1699 5615 1759 5666 οὐ

161 5699 366 5770 δέομαι
400 5696 657 5768 ἐνεχύρου
687 5697 807 5750 οὐδὲ
839 5696 1067 5768 σημείου
1091 5712 1102 5723 ·
1134 5695 1271 5749 ἀλλά
1303 5695 1406 5749 κᾶν
1441 5696 1515 5768 μὴ
1541 5695 1761 5767 λαλήσω

166 5786 420 5855 γλώσσῃ,
453 5775 570 5833 οἶδα
596 5781 677 5834 ὅτι
705 5779 1014 5852 ἐκαθάρθην
1037 5781 1101 5833 ἐκ
1129 5778 1238 5832 τῶν
1267 5779 1571 5851 ἁμαρτιῶν.
1589 5779 1761 5832 Ἐκεῖ-

162 5883 245 5918 νοι
273 5864 336 5920 δὲ
369 5863 496 5919 τότε
529 5865 628 5919 οὐκ
654 5863 956 5927 ἐπίστευον,
981 5865 1029 5918 εἰ
1071 5861 1145 5928 μὴ
1168 5861 1359 5919 ἔλαϐον
1390 5863 1639 5930 σημεῖον·
1670 5860 1756 5915 διὰ

1183 419 1269 474 DE
1309 417 1578 474 SANCTA
1621 416 2092 474 PENTECCSTE.
2137 421 2370 478 IIOMIL.
2406 413 2446 478 1.

3316 423 3418 482 460

1843 536 1998 591 τοῦτο
2027 539 2208 602 αὐτοῖς
2241 540 2438 593 ἐδίδοτο
2468 542 2684 614 σημεῖα,
2720 539 2908 613 ὥσπερ
2942 536 3193 612 ἐνέχυρον
3221 540 3318 610 τῆς
3344 539 3426 592 πί-

1847 641 2014 688 στεως
2059 621 2126 697 ἧς
2169 627 2644 682 ἐπίστευον.Ὢστε
2685 629 2783 699 οὐχ
2819 627 2894 691 ὡς
2935 631 3165 692 πιστοῖς,
3201 626 3315 680 ἀλλ’
3349 625 3427 690 ὡς

1843 715 2092 777 ἀπίστοις
2111 715 2310 770 ἐδίδοτο
2331 716 2400 770 τά
2424 720 2641 788 σημεῖα,
2663 717 2749 770 ἵνα
2769 716 3029 786 γένωνται
3052 715 3252 769 πιστοί*
3283 713 3428 768 οὕτω

1844 806 1938 858 καὶ
1994 805 2206 867 Παῦλός
2259 823 2418 878 φησι·
2461 808 2537 861 Τὰ
2570 807 2788 876 σημεῖα
2822 808 2893 860 οὐ
2931 795 3056 871 τοῖς
3109 804 3428 858 πιστεύουο

1843 907 1966 956 σιν,
2001 893 2162 946 ἀλλὰ
2201 894 2326 958 τοῖς
2369 895 2898 966 ἀπίστοις.’ορἄτε,
2928 895 3009 947 ὅτι
3066 894 3185 963 οὐχὶ
3229 891 3427 962 ἀτιμά-

1845 981 2026 1044 ζοντος
2058 984 2204 1052 ἡμᾶς
2236 983 2328 1036 τοῦ
2355 983 2511 1047 Θεοῦ,
2538 983 2676 1037 ἀλλά
2702 983 2969 1053 τιμῶντός
2995 984 3111 1035 ἐστι
3130 983 3190 1036 τὸ
3221 981 3434 1035 συστεῖα

1843 1070 1929 1122 λαι
1962 1071 2061 1140 τὴν
2108 1071 2213 1124 τῶν
2243 1071 2484 1141 σημείων
2517 1072 2802 1138 ὲπίδειξιν;
2835 1072 3163 1142 Βουλόμενος
3187 1071 3296 1143 γὰρ
3327 1071 3426 1123 δεῖ·

1845 1157 1930 1222 ξαι
1976 1159 2073 1229 τὴν
2119 1160 2298 1212 πίστιν
2345 1159 2521 1231 ἡμῶν,
2552 1161 2632 1214 ὃτι
2670 1163 2837 1232 χωρὶς
2884 1161 3153 1232 ἐνεχύρων
3195 1161 3290 1214 καὶ
3336 1175 3425 1229 ση-

1847 1245 2014 1314 μείων
2062 1245 2209 1316 αὐτῷ
2261 1245 2606 1316 πιστεύομεν.
2651 1247 2808 1301 τοῦτο
2855 1249 3186 1319 πεποίηκεν·
3229 1250 3424 1301 ἐκεῖνοι

1847 1335 1946 1404 μὲν
1973 1335 2081 1405 γὰρ
2106 1338 2154 1388 εἰ
2189 1336 2262 1406 μὴ
2288 1336 2477 1389 έλαϐον
2519 1339 2734 1408 πρῶτον
2767 1341 2993 1408 σημεῖον
3021 1340 3114 1392 καὶ
3147 1338 3422 1408 ἐνέχυρον.

1841 1426 1942 1477 οὐκ
1979 1425 2044 1477 ἂν
2084 1425 2234 1495 αὐτῷ
2269 1427 2550 1479 ἐπίστευον
2594 1427 2722 1498 περὶ
2765 1427 2871 1480 τῶν
2918 1426 3174 1498 ἀφανὼνο
3220 1425 3332 1494 ἐγὼ
3369 1425 3426 1477 δὲ

1845 1514 1937 1566 καί
1987 1514 2158 1585 χωρὶς
2202 1515 2392 1569 τούτου
2427 1518 2609 1571 πᾶσαν
2646 1517 2987 1588 ἐπιδείκνυμι
3019 1519 3232 1569 πίστιν·
3269 1515 3427 1568 τοῦτο

1844 1597 1936 1655 οῦν
1967 1602 2140 1656 αἴτιον
2164 1602 2259 1655 τοῦ
2294 1603 2368 1674 μὴ
2397 1603 2640 1673 γίνεσθαι
2666 1607 2870 1676 σημεῖα
2904 1602 3018 1658 νῦν.

1917 1696 1976 1743 ε’.
2009 1690 2336 1761 Ἐϐουλόμην
2366 1692 2458 1744 καὶ
2487 1693 2614 1763 7:591
2645 1692 2742 1762 τῆς
2770 1691 3078 1754 ὑποθέσεως
3105 1690 3204 1761 τῆς
3235 1687 3426 1760 ἑορτῆς

1845 1780 2041 1842 εἰπεῖν,
2069 1779 2164 1831 καὶ
2205 1777 2373 1843 δεῖξαι
2405 1778 2457 1831 τί
2490 1780 2621 1833 ποτέ
2651 1781 2766 1832 ἐστι
2801 1779 3160 1851 πεντηκοστὴ,
3195 1779 3287 1832 καὶ
3341 1777 3428 1829 διά

1844 1870 1898 1922 τί
1929 1871 1986 1922 ἐν
2011 1871 2075 1939 τῇ
2119 1869 2277 1939 ἑορτῇ
2312 1869 2480 1942 ταύτῃ
2511 1870 2571 1922 τὸ
2597 1871 2840 1941 χάρισμα
2881 1869 3102 1930 δίδοται,
3127 1868 3221 1920 καὶ
3256 1867 3342 1920 διὰ
3375 1866 3429 1918 τί

1845 1961 1902 2013 ἐν
1934 1957 2206 2027 γλώσσαις
2246 1958 2518 2026 πυρίναις,
2547 1960 2639 2011 καὶ
2662 1958 2748 2010 διά
2776 1958 2826 2010 τί
2863 1958 3000 2027 μετά
3021 1957 3149 2010 δέκα
3177 1955 3386 2028 ἡμέρας
3412 1971 3425 1983 .

1846 2045 1905 2099 ἀ)
1919 2047 1964 2096 Α*
1985 2044 2096 2117 ὁρῶ
2125 2045 2258 2115 πρὸς
2285 2045 2455 2116 μῆκος
2494 2046 2590 2116 τὴν
2629 2044 2976 2098 διδασκαλίαν
3007 2043 3390 2114 ἐκτεινομένην
3412 2058 3426 2071 ·

1845 2134 1925 2188 διὸ
1966 2135 2122 2203 ὀλίγα
2171 2135 2427 2206 προσθεὶς
2473 2135 2811 2188 καταπαύσω
2857 2135 2948 2187 τὸν
2992 2133 3183 2202 λόγον·
3226 2133 3320 2184 Ἐν
3347 2122 3430 2197 τῷ

1847 2223 2354 2293 συμπληροῦσθαι
2399 2222 2515 2290 τὴν
2567 2221 2794 2292 ἡμέραν
2840 2221 2949 2291 τῆς
3009 2218 3430 2287 πεντηκοστῆς

1847 2312 2138 2382 ὤφθησαν
2190 2312 2397 2378 αὐτοῖς
2447 2309 2912 2381 διαμεριζόμεναι
2965 2309 3238 2380 γλῶσσαι
3287 2308 3429 2361 ὡσεὶ

1848 2401 2038 2467 πυρός
2058 2417 2071 2430 ·
2122 2400 2243 2470 οὐχὶ
2275 2400 2466 2472 πυρὸς,
2501 2386 2614 2452 ἀλλ’
2641 2399 2773 2452 ώσελ.
2799 2398 2991 2469 πυρὸς,
3023 2397 3110 2450 ἵνα
3149 2396 3313 2468 μηδὲν
3343 2396 3433 2448 αίη

1851 2487 2046 2560 σθητὸν
2091 2487 2438 2559 ὑποπτεύσῃς
2480 2488 2608 2558 περὶ⁸
2649 2486 2741 2539 τοῦ
2789 2482 3125 2555 Πνεύματος.
3165 2482 3431 2554 Καθάπερ

1849 2576 1957 2649 γὰρ
1985 2578 2077 2630 57:1
2101 2577 2208 2631 τῶν
2241 2576 2569 2648 Ἰορδανείων
2598 2575 2826 2646 ῥείθρων
2846 2575 2967 2643 οὐχὶ
2986 2591 3050 2626 πε
3059 2589 3206 2644 ριστε
3216 2570 3282 2643 ρὰ
3304 2589 3431 2624 κατι

1848 2666 1970 2737 έϐη,
2010 2663 2158 2738 [465]
2191 2665 2303 2716 ἀλλ’
2333 2666 2390 2717 ἐν
2433 2663 2563 2717 εἴδει
2616 2663 2980 2734 περιστεράς·
3029 2661 3172 2715 οῦτω
3215 2659 3310 2712 καὶ
3349 2661 3432 2712 ἐν.-

1848 2754 2023 2809 ταῦθα
2069 2754 2190 2823 οὐχὶ
2241 2753 2372 2826 πῦρ,
2405 2753 2517 2807 ἀλλ’
2539 2755 2595 2805 ἐν
2625 2753 2755 2805 εἴδει
2786 2752 2978 2823 πυρός.
3005 2753 3118 2804 Καὶ
3151 2749 3313 2802 πάλιν
3337 2748 3432 2802 ἀν-

1849 2841 2041 2914 ωτέρω
2097 2843 2295 2913 φησίν·
2354 2842 2512 2896 ’.Ωσεί
2563 2840 2896 2911 φερομένης
2946 2838 3143 2908 πνοῆς
3189 2838 3431 2903 ,ϐιαίαςο

1849 2932 1968 3001 οὐχὶ
2001 2932 2170 3001 πνοῆς
2201 2930 2401 3001 βιαίας,
2432 2930 2547 2983 ἀλλ’
2581 2931 2657 2993 ὡς
2687 2928 2994 2999 φερομένης
3025 2928 3192 2999 πνοῆς
3228 2925 3432 2996 βιαίας.

1851 3019 2008 3083 Τίνος
2040 3019 2096 3072 δὲ
2121 3019 2305 3072 ἕνεκεν
2333 3022 2362 3072 ὀ
2389 3019 2486 3089 μὲν
2521 3017 2780 3087 Ἰεζεκιὴλ
2805 3017 2864 3069 οὐ
2895 3015 2964 3070 δι’
2991 3014 3304 3086 ὁμοιώσεως
3332 3031 3434 3067 πυ-

1853 3107 1945 3178 ρὸς
1986 3106 2250 3177 λαμϐάνει
2281 3105 2342 3159 τὺ
2381 3106 2630 3176 χάρισμα
2657 3105 2755 3174 τῆς
2787 3103 3145 3174 προφητείας,
3177 3100 3312 3156 ἀλλά
3348 3100 3434 3154 διά

1854 3194 2080 3264 βιϐλίου,
2101 3195 2149 3247 οἱ
2174 3195 2230 3247 δέ
2261 3194 2547 3248 ἀπόστολοι
2577 3193 2663 3246 διὰ
2689 3192 2862 3262 πυρὸς
2886 3190 3224 3261 λαμϐάνουσι
3252 3189 3320 3242 τά
3343 3205 3433 3257 χα-

1855 3284 2127 3355 ρίσματα;
2156 3283 2291 3353 Περὶ
2332 3283 2429 3354 μὲν
2475 3282 2582 3352 γὰρ
2629 3279 2837 3333 ἐκείνου
2883 3280 3069 3349 φησὶν,
3101 3278 3184 3330 ὅτι
3235 3276 3435 3329 ἔδωκεν

1852 3375 1931 3437 εἰς
1962 3373 2022 3425 τὸ
2055 3372 2229 3442 στόμα
2258 3369 2422 3425 αὐτοῦ
2455 3368 2717 3438 κεφαλίδα
2753 3368 2978 3438 βιϐλίου,
3029 3365 3124 3419 καὶ
3170 3363 3434 3433 ἐγγέγρα-

1853 3479 1982 3514 πται
2007 3461 2327 3530 κατάλεγμα
2359 3458 2454 3512 καὶ
2482 3458 2641 3530 μέλος
2670 3456 2765 3510 καὶ
2795 3456 2936 3519 οὐαὶ,
2961 3456 3052 3508 καὶ
3081 3450 3149 3524 ἦν
3172 3452 3238 3506 τά
3261 3452 3435 3505 ὀπίσω

1853 3555 1947 3608 καὶ
1971 3552 2041 3606 τὰ
2069 3551 2376 3624 ἔμπροσθεν
2399 3549 2761 3622 γεγραμμένα
2781 3565 2792 3578 ·
2827 3547 2921 3602 καὶ
2948 3546 3148 3616 ἔφαγεν
3168 3544 3318 3609 αὐτὸ,
3341 3543 3436 3598 καὶ

1853 3643 2068 3712 ἐγένετο
2113 3643 2172 3694 ἐν
2216 3639 2294 3710 τῷ
2341 3640 2568 3710 στόματι
2613 3639 2688 3700 ὡς
2727 3636 2846 3708 μέλι
2891 3633 3175 3706 γλυκάζον.
3215 3633 3351 3702 Περὶ
3381 3631 3436 3684 65

1852 3731 1961 3784 τῶν
2002 3729 2314 3783 ἀποστόλων
2359 3728 2458 3798 οὐχ
2508 3725 2712 3790 οὕτως·
2750 3726 2863 3779 ἀλλ’
2890 3726 3206 3794 Ὠφθησαν
3233 3719 3442 3785 αὐτοῖς

1854 3817 2128 3892 γλῶσσαι
2160 3818 2304 3872 ὡσεὶ
2337 3817 2548 3885 πυρός.
2583 3815 2738 3879 Τίνος
2765 3811 2856 3868 οὖν
2893 3813 3080 3866 ἕνεκεν
3103 3813 3219 3863 ἐκεῖ
3239 3808 3436 3879 βιϐλίον

1855 3909 1949 3962 καὶ
1983 3908 2306 3980 γράμματα,
2351 3905 2585 3959 ἐνταῦθα
2631 3905 2688 3957 δέ
2732 3902 2950 3972 γλῶσσα
2996 3899 3090 3953 καὶ
3135 3898 3278 3969 πῦρ;
3315 3896 3439 3948 ’Ότι

1856 4001 2061 4061 ἐκεῖνος
2105 3998 2206 4066 μὲν
2249 3996 2414 4066 ἀπῄει
2445 3993 2839 4063 κατηγορήσων
2880 3987 3313 4059 ἁμαρτημάτων,
3344 3986 3438 4038 καὶ

1856 4084 2143 4155 θρηνήσων
2177 4080 2463 4152 συμφορὰς
2495 4077 2792 4140 Ἰουδαῖκάς
2817 4093 2830 4106 ·
2857 4069 3004 4128 οὗτοι
3035 4073 3092 4126 65
3117 4072 3344 4144 ἐξῄεσαν
3368 4072 3439 4125 τὰ

1855 4169 1955 4238 τῆς
1983 4169 2306 4239 οἰκουμένης
2335 4166 2709 4236 ἁμαρτήματα
2726 4164 3127 4233 δαπανήσοντες
3140 4178 3154 4192 ο
3174 4159 3263 4212 διά
3281 4158 3438 4213 τοῦτο

1855 4259 2062 4319 ἐκεῖνος
2115 4257 2211 4326 μὲν
2249 4255 2624 4326 γραμματεῖον
2657 4250 2932 4322 ἐλάμϐανε
2973 4249 3083 4304 τῶν
3128 4247 3437 4320 μελλουσῶν

1859 4345 2150 4417 συμφορῶν
2181 4343 2485 4414 ὑπόμνησιν
2509 4358 2522 4371 ·
2554 4333 2700 4394 οὗτοι
2728 4341 2785 4394 65
2811 4340 2922 4412 πῦρ
2947 4338 3274 4410 ἐλάμϐανον,
3295 4337 3436 4390 ὥστε

1858 4433 2201 4487 κατακαῦσαι
2249 4431 2320 4484 τὰ
2361 4432 2460 4502 τῆς
2503 4429 2827 4500 οἰκουμένης
2873 4428 3284 4498 ἁμαρτήματα,
3343 4427 3438 4479 καὶ

1858 4522 2118 4590 ἀφανίσαι
2153 4520 2347 4573 πάντα.
2381 4517 2649 4589 Καθάπερ
2676 4518 2784 4588 γάρ
2819 4515 2929 4589 πῦρ
2968 4518 3045 4579 εἰς
3074 4513 3313 4577 ἀκάνθας
3336 4515 3436 4583 ἐμ-

1858 4615 2054 4664 πῖπτον
2089 4610 2268 4674 πάσας
2302 4609 2470 4672 αὐτὰς
2497 4608 2748 4678 ἀφανίσει
2785 4607 3002 4678 ῥᾳδίως,
3039 4605 3180 4658 οὕτω
3217 4605 3310 4656 καὶ
3340 4601 3435 4655 τοῦ

1858 4699 2173 4770 Πνεύματος
2200 4700 2232 4770 ἡ
2257 4699 2416 4770 χάρις
2435 4698 2675 4751 ἐδαπάνα
2693 4696 2800 4749 τῶν
2822 4693 3120 4765 ἀνθρώπων
3142 4692 3239 4756 τὰς
3260 4693 3439 4763 ἀμαρ-

1857 4787 1993 4851 τίας.
2013 4787 2154 4840 Ἀλλ’
2173 4788 2222 4839 οἰ
2260 4786 2576 4856 ἀναίσθητοι
2608 4786 2849 4840 Ἰουδαῖοι
2881 4782 3084 4836 τούτων
3111 4781 3436 4852 γενομένων,

1855 4876 1975 4930 δέον
2007 4875 2462 4945 καταπεπλῆχθαι
2495 4876 2589 4928 καὶ
2623 4872 2845 4944 τρέμειν
2872 4873 2965 4925 καὶ
2995 4873 3320 4940 προσκυνεῖν
3346 4869 3438 4923 τὸν
3510 4918 3517 4945 _,

1857 4963 2064 5016 διδόντα
2094 4964 2192 5034 τὴν
2230 4962 2460 5033 δωρεὰν,
2492 4961 2653 5015 πάλιν
2681 4961 2777 5032 τὴν
2805 4961 3012 5013 οἰκείαν
3050 4961 3276 5015 άνοιανα
3317 4960 3438 5012 ἐπι-
3509 4937 3515 4955 ’

1857 5052 2161 5105 δείκνυνται
2199 5049 2368 5120 μέθην
2396 5047 2828 5121 κατηγοροῦντες
2861 5049 2969 5103 τῶν
2991 5047 3438 5120 πεπληρωμένων

1858 5139 1954 5193 τοῦ
1989 5139 2306 5210 Πνεύματος
2336 5139 2646 5192 ἀποστόλων
2666 5153 2679 5166 ⁸
2712 5134 2886 5194 Οὗτοι
2915 5137 3043 5209 γὰρ,
3071 5138 3223 5208 φησὶ,
3264 5136 3438 5204 γλεύ-

1861 5245 2007 5292 κους
2037 5227 2480 5297 μεμεστωμένοι
2523 5227 2698 5281 εὶσίν.
2720 5227 3001 5298 Ἐννόησον
3047 5223 3437 5294 ἀγνωμοσύνην

1861 5315 2182 5388 ἀνθρώπων,
2213 5316 2308 5368 καὶ
2338 5315 2609 5385 σκόπησον
2637 5314 3055 5384 εὐγνωμοσύνην
3088 5310 3352 5380 ἀγγέλων.
3374 5313 3437 5365 Οἱ

1864 5406 1962 5476 μὲν
1985 5405 2092 5478 γὰρ
2125 5404 2343 5475 ἄγγελοι
2376 5405 2465 5458 ὅτε
2495 5400 2634 5458 εἱδον
2673 5403 2767 5474 τὴν
2812 5401 3065 5472 ἀπαρχὴν
3096 5398 3436 5468 ἀναγομένην

1858 5493 1958 5566 τὴν
1997 5493 2293 5566 ἡμετέραν,
2328 5493 2544 5565 ἔχαιρον
2585 5494 2679 5546 καὶ
2710 5492 2930 5562 ἔλεγον·
2969 5493 3172 5558 Ἄρατε
3214 5489 3432 5554 πύλας,

1861 5585 1915 5637 οἰ
1953 5581 2260 5652 ἄρχοντες,
2290 5581 2476 5652 ὑμῶν,
2505 5582 2604 5636 καί
2633 5579 2948 5649 ἐπὰρθητε,
2982 5579 3167 5631 πύλαι
3192 5575 3434 5642 αίώνιοι,

1862 5670 1959 5726 καί
2006 5671 2417 5725 εἰσελεύσεται
2465 5671 2499 5723 ό
2542 5666 2840 5734 βασιλεὺς
2874 5662 2982 5737 τῆς
3022 5664 3242 5734 δόξης·
3284 5665 3335 5719 οἰ
3380 5661 3436 5715 65

1925 5867 1952 5898 ³
1972 5865 2094 5928 Reg.
2122 5866 2326 5928 ἄγνοιαν.
