3892 6294
478 496 755 565 ἄνθρωποι
804 491 1003 558 ἰδόντες
1027 494 1128 566 τὴν
1153 494 1247 549 τοῦ
1278 496 1595 568 Πνεύματος
1622 498 1781 568 χάριν
1809 496 2047 550 καταϐᾶ-

481 598 581 635 σαν
607 578 742 649 πρὸς
774 578 921 649 ἡμᾶς
957 577 1226 646 λέγουσιν,
1260 578 1342 632 ὅτι
1380 578 1670 648 μεθύουσιν
1696 581 1747 632 οἱ
1770 578 2052 649 δεξάμενοι

479 663 581 734 τὴν
613 661 790 733 χάριν,
818 662 913 714 καὶ
936 661 1057 714 οὐδὲ
1089 662 1123 733 ἡ
1156 660 1275 733 ὥρα
1305 660 1399 714 τοῦ
1444 662 1597 726 ἔτους
1621 662 1817 725 αὐτοὺς
1855 660 2053 715 ἐδυσώ-

480 759 650 817 πησε·
691 745 920 813 γλεῦκος
966 745 1076 816 γάρ
1118 747 1176 798 ἐν
1219 744 1379 816 ἔαρος
1410 743 1528 821 ὥρᾳ
1553 744 1653 798 οὐκ
1697 745 1762 798 ἂν
1804 743 2053 816 εὑρεθείη

481 827 612 881 ποτέ
633 846 645 857 ·
674 828 793 881 τότε
827 826 885 880 δὲ
923 827 1023 898 ἔαρ
1049 823 1138 899 ἦν.
1156 827 1293 880 Ἀλλ’
1314 829 1511 880 ἐκεῖνοι
1543 827 1642 899 μὲν
1669 826 2013 896 ἀφείσθωσαν
2035 842 2050 858 ·

479 910 640 981 ἡμεῖς
679 909 736 962 δὲ
778 909 1068 981 σκοπῶμεν
1097 910 1197 982 τὴν
1234 910 1500 964 ἀντίδοσιν
1537 908 1629 963 τοῦ
1672 910 2054 982 φιλανθρώπου

478 991 844 1046 Θεοῦ.Ἕλαϐε
868 993 967 1062 τὴν
992 993 1245 1064 ἀπαρχὴν
1283 993 1384 1063 τῆς
1413 991 1624 1061 φύσεως
1653 992 1755 1062 τῆς
1781 992 2056 1063 ἡμετέρας

478 1077 508 1128 6
537 1076 789 1147 Χριστὸς,
822 1078 915 1131 καὶ
964 1077 1263 1131 ἀντέδωκεν
1292 1076 1427 1148 ἡμῖν
1458 1076 1558 1129 τοῦ
1601 1076 1917 1147 Πνεύματος
1956 1076 2055 1146 τὴν

478 1159 663 1229 χάριν·
709 1161 802 1214 καὶ
826 1160 1075 1231 καθάπερ
1105 1161 1164 1213 ἐν
1193 1159 1391 1231 μακρῷ
1418 1158 1639 1230 πολέμῳ
1666 1158 1898 1227 γίνεται,
1928 1160 2056 1213 ὅταν

480 1242 628 1313 μάχη
673 1242 827 1314 λυθῇ,
873 1244 968 1298 καὶ
1011 1244 1201 1315 εἰρήνη
1245 1243 1491 1315 γένηται,
1532 1244 1583 1296 οί
1615 1242 1753 1314 πρὸς
1795 1243 2057 1313 ἀλλήλους

477 1324 730 1396 ἀπεχθῶς
775 1325 988 1397 ἔχοντες
1032 1327 1264 1398 ἐνέχυρα
1295 1328 1391 1381 καὶ
1417 1327 1602 1397 ὅμηρα
1632 1325 1884 1397 ἀλλήλοις
1904 1329 2055 1381 ἀντι-

475 1409 706 1464 διδόασιν
730 1426 743 1439 ·
776 1409 919 1464 οὕτω
949 1411 1046 1464 καὶ
1068 1411 1161 1464 ἐπὶ
1182 1411 1279 1464 τοῦ
1310 1410 1447 1464 Θεοῦ
1475 1411 1570 1465 καὶ
1597 1410 1690 1463 ἐπὶ
1718 1410 1818 1481 τῆς
1844 1410 2057 1482 ἀνθρω·

479 1492 641 1564 πίνης
672 1492 890 1561 ἐγένετο
925 1492 1140 1563 φύσεως
1159 1510 1175 1524 ·
1223 1492 1475 1564 ἐπεμψεν
1508 1492 1659 1565 αὑτῷ
1692 1494 1921 1565 ἐνέχυρα
1963 1494 2059 1547 καὶ

479 1576 666 1646 ὅμηρα
707 1576 805 1646 τὴν
832 1577 1088 1648 ἀπαρχὴν
1128 1576 1195 1648 ἢν
1222 1577 1521 1648 ἀνήνεγκεν
1549 1579 1579 1631 6
1601 1576 1833 1647 Χριστός
1855 1593 1869 1605 ·
1933 1578 2059 1630 ἀντι

483 1659 727 1729 ἐπεμψεν
756 1662 887 1731 ημῖν
913 1662 1075 1724 αὐτὸς
1106 1660 1337 1733 ἐνέχυρα
1365 1664 1459 1716 καὶ
1482 1663 1664 1734 ὅμηρα
1683 1661 1977 1733 τὸΠνεῦμα
1998 1661 2057 1714 τὸ

480 1743 786 1811 ἀγιον.”οτι
830 1744 886 1799 δέ
916 1745 1146 1817 ἐνέχυρα
1177 1748 1272 1801 καὶ
1297 1748 1482 1820 ὅμηρα
1510 1747 1726 1819 ἔχομεν,
1770 1746 1927 1818 δῆλον
1972 1750 2059 1799 ἐν·

478 1825 670 1880 τεῦθεν
689 1842 703 1857 ο
737 1827 804 1882 τά
836 1827 945 1899 γὰρ
969 1830 1200 1901 ἐνέχυρα
1231 1830 1323 1883 καὶ
1350 1831 1533 1901 ὅμηρα
1568 1829 1848 1901 βασιλικοῦ
1869 1829 2057 1899 γένους

480 1908 621 1965 εἶναι
667 1914 802 1985 χρή·
851 1913 941 1966 διά
987 1914 1147 1967 τοῦτο
1178 1914 1272 1968 καὶ
1305 1913 1531 1985 Πνεῦμα
1561 1914 1716 1982 άγιον
1748 1912 1881 1984 ἡμῖν
1927 1930 2058 1984 κατ-

481 1995 759 2067 επέμφθη,
792 1995 869 2058 ὡς
917 1995 1015 2065 τῆς
1064 1993 1497 2067 βασιλικωτάτης
1529 1995 1716 2059 οὐσίας
1760 1995 1819 2050 ὸν
1843 2011 1857 2027 ·
1905 1997 1999 2049 καὶ
2030 1997 2059 2048 6

480 2081 610 2149 παρ’
631 2081 763 2151 ἡμῖν
790 2078 845 2133 δὲ
877 2079 1182 2151 ἀνενεχθεὶς
1209 2079 1274 2132 ἐκ
1306 2079 1498 2147 γένους
1524 2074 1592 2150 ἦν
1619 2078 1929 2149 βασιλικοῦ·
1951 2079 2059 2133 ἀπὸ

480 2163 588 2234 γὰρ
620 2162 712 2216 τοῦ
750 2164 1062 2235 σπέρματος
1096 2158 1162 2233 ἦν
1198 2160 1381 2217 Δαυΐδ.
1416 2162 1514 2215 Διά
1540 2162 1698 2216 τοῦτο
1735 2164 1838 2216 οὐκ
1866 2162 1946 2216 ἔτι
1976 2162 2059 2216 δέ-

479 2246 655 2311 δοικα,
687 2247 769 2300 ὅτι
804 2248 838 2316 ἡ
882 2245 1108 2316 ἀπαρχὴ
1147 2244 1308 2316 ἡμῶν
1349 2246 1463 2299 ἀνω
1503 2244 1764 2316 κάθηται·
1791 2245 1881 2298 διὰ
1903 2246 2061 2298 τοῦτο

479 2329 584 2384 κᾶν
630 2329 888 2399 σκώληκά
940 2345 1030 2399 μοι
1085 2346 1168 2392 τις
1212 2328 1341 2400 εἴπῃ
1385 2327 1760 2400 ἀτελεύτητον,
1803 2329 1906 2383 κᾶν
1950 2328 2061 2400 πῦρ

482 2411 635 2484 [466]
665 2412 949 2476 ἄσϐεστον,
985 2413 1089 2466 κᾶν
1119 2412 1312 2482 ἐτέρας
1340 2411 1593 2475 κολάσεις
1630 2412 1727 2465 καὶ⁵
1768 2411 2058 2482 τιμωρίας,

481 2496 543 2549 οὐ
576 2495 846 2566 φοϐοῦμαι
883 2495 1101 2549 λοιπόν·
1152 2495 1349 2566 μᾶλλον
1386 2495 1443 2548 δέ
1490 2494 1759 2565 φοϐοῦμαι
1809 2496 1928 2565 μὲν,
1963 2497 2063 2548 οὐκ

481 2577 846 2648 ἀπογινώσκω
889 2579 948 2633 δέ
986 2578 1085 2650 τῆς
1125 2577 1397 2650 σωτηρίας
1423 2579 1522 2648 τῆς
1551 2577 1813 2648 ἐμαυτοῦ.
1853 2579 1917 2632 Et
1954 2577 2062 2651 γάρ

488 2663 564 2736 μὴ
594 2663 805 2734 μεγάλα
828 2662 1009 2732 ἀγαθά
1034 2665 1065 2717 6
1095 2662 1227 2727 Θεὸς
1255 2662 1500 2734 περὶτοῦ
1520 2662 1711 2731 γένους
1732 2661 1886 2733 ήμῶν
1905 2661 2062 2715 ἐϐου-

483 2746 692 2813 λεύετο,
722 2748 823 2801 οὐκ
855 2745 921 2801 ἂν
949 2747 1047 2819 τὴν
1091 2746 1345 2818 ἀπαρχὴν
1373 2745 1528 2817 ἡμῶν
1565 2744 1753 2799 ἐλαϐεν
1782 2744 1917 2801 ἄνω.
1951 2744 2066 2817 Πρὸ

484 2830 677 2885 τούτου
724 2832 822 2904 μὲν
857 2832 937 2895 είς
964 2831 1055 2885 τὸν
1085 2830 1310 2903 οὐρανὸν
1341 2830 1628 2902 βλέποντες
1655 2829 1750 2884 καὶ
1786 2827 1885 2893 τὰς
1917 2829 2066 2882 ἀσω-

487 2913 694 2988 μάτους
741 2914 1047 2978 ἐννοοῦντες
1094 2912 1349 2985 δυνάμεις
1397 2908 1735 2983 σαφεστέραν
1775 2910 1875 2983 τὴν
1911 2910 2066 2964 εὐτέο

487 3001 637 3058 λιιαν
682 2997 937 3070 ὁρῶμεν“
973 2997 1073 3070 τὴν
1118 2997 1412 3069 ἡμετέραν,
1444 2995 1552 3051 ἀπὸ
1587 2997 1685 3067 τῆς
1729 2995 2069 3068 συγκρίσεως

483 3090 597 3142 τῶν
623 3084 739 3139 ἀνω
764 3083 1048 3154 δυνάμεων
1066 3098 1080 3112 ·
1112 3081 1207 3137 νῦν
1230 3080 1288 3135 δέ
1319 3082 1447 3135 ὅταν
1478 3078 1829 3151 βουληθῶμεν
1855 3077 1955 3149 τὴν
1978 3077 2069 3130 εύο

487 3168 701 3238 γένειαν
747 3165 902 3237 ἡμῶν
945 3165 1094 3229 ίδείν,
1133 3166 1215 3229 εἰς
1256 3163 1348 3219 τὸν
1366 3163 1604 3236 ρύρανὸν
1632 3164 1745 3219 άνω
1779 3161 2064 3234 βλέπομεν,

487 3252 570 3317 είς
618 3250 711 3305 τὸν
756 3249 943 3322 θρόνον
979 3249 1144 3303 αὑτὸν
1174 3248 1264 3302 τὸν
1296 3246 1600 3319 βασιλικόν·
1632 3247 1751 3300 ἐκεῖ
1785 3244 1895 3319 γὰρ
1937 3246 1972 3316 ἡ
2010 3242 2071 3309 ἐξ

486 3334 650 3408 ἡμῶν
694 3322 917 3406 ἀπαρχὴ
961 3334 1217 3407 κάθηται.
1244 3326 1401 3387 Οὕτω
1437 3331 1533 3386 καὶ
1565 3329 1842 3385 ἐλεύσεται
1884 3331 1913 3383 6
1943 3328 2072 3393 Υἱὸς

486 3419 583 3475 τοῦ
610 3420 746 3475 Θεοῦ
792 3421 857 3473 ἐκ
892 3417 985 3472 τοῦ
1017 3417 1247 3490 ούρανοῦ
1280 3415 1479 3488 κρίνων
1512 3416 1682 3486 ἡμᾶς.
1717 3415 2072 3485 Παρασκευα-

489 3502 717 3574 ζώμεθα
746 3501 947 3565 τοίνυν,
966 3500 1107 3554 ὥστε
1132 3499 1205 3571 μὴ
1234 3499 1333 3570 τῆς
1362 3496 1521 3570 δόξης
1548 3496 1764 3569 ἐκείνης
1794 3497 2069 3550 ἐκπεσεῖν·

489 3588 611 3658 ἥξει
641 3587 749 3657 γὰρ
782 3587 997 3649 πάντως
1028 3584 1122 3638 καὶ
1158 3585 1219 3637 οὐ
1265 3584 1470 3655 χρονιεῖ
1513 3584 1542 3634 6
1585 3580 1762 3644 κοινὸς
1797 3578 1952 3651 ἡμῶν
1976 3581 2072 3631 Δε.

493 3670 731 3741 σπότης·
763 3668 882 3740 ἥξει
917 3668 1253 3741 στρατόπεδα
1294 3666 1657 3737 ἐπαγόμενος,
1693 3663 1941 3732 ἀγγέλων
1982 3663 2075 3718 τά·

491 3771 699 3824 γματα,
731 3752 1086 3825 ἀρχαγγέλων
1110 3749 1434 3822 συμμορίας,
1460 3746 1752 3821 μαρτύρων
1781 3746 2068 3818 φρατρίας,

491 3837 716 3892 δικαίων
762 3839 977 3909 χοροὺς,
1006 3835 1301 3906 προφητῶν
1349 3833 1445 3887 καὶ
1490 3830 1801 3885 ἀποστόλων
1842 3830 2091 3900 δήμους,’

491 3923 584 3975 καὶ⁵
613 3922 669 3975 ἐν
698 3921 849 3994 μέσῳ
876 3920 986 3974 τῶν
1016 3918 1391 3991 στρατοπέδων
1416 3915 1591 3970 άΰλων
1620 3914 1841 3968 ἐκείνων
1861 3916 1890 3967 6
1915 3913 2072 3984 βασι-

489 4007 615 4071 λεὺς
639 4005 963 4077 φαινόμενος
994 4006 1053 4059 ἐν
1081 4005 1308 4077 ἀρρήτῳ
1337 4001 1443 4056 τινὶ
1471 4000 1566 4054 καὶ⁵
1597 3997 1862 4069 ἀφράστῳ
1887 3995 2035 4069 δόξῃ.

562 4097 635 4156 ς’.
658 4089 842 4146 Πάντα
871 4089 1050 4142 τοίνυν
1072 4085 1337 4158 ποιῶμεν,
1366 4083 1510 4137 ὥστε
1535 4080 1612 4154 μὴ
1629 4080 1729 4151 τῆς
1751 4077 1910 4150 δόξης
1935 4077 2072 4131 ἐκεί-

491 4192 588 4246 νης
610 4176 881 4227 ἐκπεσεῖν.
911 4170 1172 4226 Βούλεσθε
1203 4172 1344 4225 εἴπω
1372 4166 1469 4222 καὶ⁸
1491 4165 1559 4219 τά
1587 4163 1829 4235 φοϐερὰς
1855 4164 1955 4234 οὐχ
1987 4162 2073 4215 ἵνα

488 4245 735 4332 λυπήσω,
765 4258 878 4311 ἀλλ’
910 4258 1000 4313 ἵνα
1024 4253 1423 4328 διορθώσωμαι.
1456 4251 1590 4305 Τότε
1631 4245 2073 4332 πυρὸςποταμὸς

491 4345 601 4419 πρὸ
621 4329 734 4397 τοῦ
772 4342 1014 4414 βήματος
1045 4340 1253 4394 ἐκείνου
1290 4337 1543 4408 σύρεται·
1572 4334 1696 4419 τότε
1725 4331 1898 4419 βίϐλοι
1925 4329 2073 4419 ἀνοίῖ-

491 4414 707 4498 γονται·
738 4426 1086 4494 δικαστήριον
1115 4421 1246 4490 ἐστη
1277 4419 1507 4490 φοϐερὸν
1540 4418 1634 4471 καὶ
1663 4414 1950 4489 φρικῶδες.
1973 4415 2073 4498 Διά

490 4497 652 4567 τοῦτο
691 4509 942 4578 καθάπερ
983 4509 1042 4559 ἐν
1085 4502 1419 4574 δικαστηρίῳ
1447 4502 1516 4554 τὰ
1556 4500 1928 4569 ὑπομνήματα
1977 4497 2074 4566 τῆς

492 4595 770 4669 ἡμετέρας
808 4592 954 4663 ζωῆς
984 4587 1437 4657 ἀναγινώσκεται,
1468 4584 1578 4669 καί
1603 4582 1773 4669 πολλά
1807 4579 2074 4669 περὶμτῶν

496 4662 715 4752 βιϐλίων
733 4662 939 4731 τούτων
959 4674 1123 4744 φασὶν
1144 4674 1193 4726 οί
1220 4670 1513 4752 προφῆται.
1538 4666 1647 4752 Kal
1664 4667 1693 4718 6
1717 4664 1814 4752 μὲν
1835 4662 2075 4752 Μωῦσῆς

495 4746 660 4835 φησιν
679 4778 693 4792 ·
731 4763 802 4817 El
828 4758 945 4830 μὲν
977 4755 1140 4827 ἀφῇς
1164 4753 1368 4819 αὐτοῖς
1394 4750 1510 4835 τὴν
1545 4749 1857 4835 αμαρτίαζ,
1889 4746 2037 4835 dias;-
2058 4760 2073 4775 ·

494 4825 634 4904 είδὲ
649 4844 760 4916 μὴ,
953 4825 1281 4908 ἐξαλειψον
1302 4836 1371 4890 ἐκ
1401 4833 1513 4903 τῆς
1535 4833 1777 4916 βίϐλου,
1806 4825 2076 4916 ἧςέπρα-

494 4912 664 5001 way?
684 4912 805 4982 aa:
836 4912 1069 4999 Χριστὸς
1094 4923 1257 4976 πάλιν
1288 4919 1424 4991 πρὸς
1444 4918 1569 4982 τοὺς
1605 4912 2072 5001 μαθητάςέλεγεν·

509 4997 607 5070 ἱΕν
642 5013 830 5077 τούτῳ
851 4997 938 5082 μὴ
971 5009 1225 5081 χαίρετε,
1260 5005 1349 5059 ὅτι
1371 5002 1444 5057 τὰ
1472 5000 1748 5071 δαιμόνια
1773 4997 1917 5082 ὑμῖν
1940 4999 2079 5082 ὑπο·

495 5100 813 5155 τάσσεται·
853 5079 1089 5166 χαίρετε
1140 5091 1209 5144 δὲ
1246 5088 1333 5143 ὅτι
1366 5087 1438 5141 τὰ
1469 5085 1732 5154 ὀνόματα
1772 5080 1941 5153 ὑμῶν
1979 5079 2076 5150 τέ-

495 5199 749 5257 τραπται
782 5181 853 5235 ἐν
895 5177 1021 5243 τοῖς
1056 5172 1366 5245 οὐρανοῖς·
1403 5172 1496 5257 καὶ
1534 5169 1695 5224 πάλιν
1725 5167 1754 5220 6
1791 5166 2079 5257 προφήτης

494 5250 685 5324 Καυῖδ·
734 5264 838 5321 Ἐν
870 5262 952 5329 τῷ
977 5259 1195 5327 ,ϐιϐλίῳ
1231 5272 1348 5312 σου
1393 5253 1616 5318 πάντες
1642 5250 2076 5320 τραφήσονται,

495 5351 709 5425 ἡμέραι
746 5343 1231 5413 πλασθήσονται,
1263 5338 1361 5425 καί
1398 5335 1596 5425 ουδείς
1621 5331 1959 5425 ἐν’-αὐτοῖς·
1984 5331 2080 5425 καλ

496 5414 692 5491 π’άλῖν·
741 5426 1303 5500 Ἑξαλειςρθήτωσαν
1326 5422 1395 5475 ἐκ
1423 5419 1663 5485 ,βιϐλίου
1688 5416 1938 5500 ζώντων,
1978 5414 2078 5500 καί

493 5521 643 5591 μετὰ
663 5497 908 5571 δικαίων
929 5497 1011 5584 μὴ
1049 5507 1468 5582 γραφήτωσαν.
1486 5503 1648 5591 ’Θράς
1666 5501 1748 5553 ὃτι
1783 5500 1841 5591 οῖ
1866 5498 1963 5591 μὲν
1990 5497 2077 5591 ἐξ-

496 5582 830 5672 αλείφονται,
881 5582 937 5655 οίή
972 5598 1027 5650 δὲ
1067 5593 1463 5665 ἐγγράφονται;
1513 5585 1689 5658 βούλει
1739 5582 1949 5655 μαθεῖν,
1997 5582 2079 5633 ὃτι

561 5734 583 5753 “
610 5731 762 5781 Forte
786 5731 1027 5793 ἑωρῶμεζ.
1052 5724 1207 5793 διιινξιἶ
1232 5725 1281 5772 in
1309 5732 1465 5793 mggyg.

563 5794 591 5824 ⁸
613 5773 1115 5854 ζέῖέόϐἶῧξὲοόυἷιῖ
1141 5773 1259 5848 fuit,
1302 5773 1492 5835 ednﬁm
1536 5778 1669 5829 enim
1712 5775 1869 5826 fuerat
1919 5773 2067 5836 μείζοο

496 5869 587 5909 νος.
614 5850 747 5902 Enn.

1230 384 1288 441 5.
1325 380 1614 439 JOANNIS
1650 382 2138 441 CIIHYSOSTOMI
2176 383 2500 442 ARCHIEP.
2540 383 3092 440 CONSTANTINOP.

3629 386 3741 440 ιϐιι

2157 496 2256 568 οὐχ
2296 500 2345 551 οί
2374 497 2572 551 δίκαιοι
2615 494 2985 566 ἐγγράφονται
3022 496 3079 547 ἐν
3111 494 3230 556 ταῖς
3266 490 3467 563 βίϐλοις
3495 495 3739 561 ἐκείναις

2157 585 2337 656 μόνον,
2373 583 2508 638 άλλά
2542 585 2636 638 καὶ
2666 582 2735 637 τά
2758 582 3134 655 ἁμαρτήματα
3156 581 3309 652 ημῶν
3331 582 3447 639 ἐκεῖ
3470 583 3742 655 ἐγγέγρα-

2156 687 2320 737 πται;
2358 670 2580 744 Ἐορτῆς
2628 670 2839 742 καιρὸς,
2895 669 3157 741 μάθωμεν
3204 670 3332 741 περὶ
3389 671 3743 743 πραγμάτων

2154 758 2464 830 δυναμένων
2492 757 2798 821 ἀπαλλάξαι
2827 759 2977 829 ἡμᾶς
3002 759 3101 828 τῆς
3132 757 3433 823 κολάσεως·
3458 760 3696 832 φοϐερὸς
3712 762 3745 814 6

2153 847 2330 913 λόγος,
2364 845 2499 899 ἀλλὰ
2533 847 2625 900 καὶ
2654 848 2920 918 χρήσιμος
2946 848 3038 901 καὶ
3060 846 3342 918 λυσιτελής
3358 863 3372 876 °
3401 847 3769 903 ἀπαλλάττει-

2154 935 2264 1004 γάρ
2295 935 2392 1005 τῆς
2418 934 2611 1006 πείρας
2646 934 2749 1003 τῆς
2789 934 2877 988 διὰ
2920 934 3026 988 τῶν
3069 934 3442 1005 πραγμάτων·
3472 935 3745 1005 μάθωμεν

2154 1023 2331 1076 τοίνυν
2358 1024 2440 1077 ὅτι
2470 1025 2539 1077 τά
2566 1023 2940 1094 ἁμαρτήματα
2988 1023 3345 1094 ἐγγράφεται,
3373 1023 3467 1077 καὶ
3492 1024 3634 1096 ὅπερ
3670 1024 3743 1077 ἂν

2156 1109 2389 1165 ἐνταῦθα
2440 1109 2820 1182 φθεγξώμεθα,
2862 1110 3193 1181 ἀναφέρεται
3227 1109 3430 1174 εὐθέως
3478 1112 3596 1165 ἐκεῖ
3641 1112 3747 1165 καὶ

2156 1197 2512 1269 ἐγγράφεται.
2535 1198 2646 1252 Καὶ
2679 1197 2843 1251 πόθεν
2869 1197 3029 1267 δῆλον
3050 1196 3207 1252 τοῦτο
3230 1213 3244 1262 ;
3269 1198 3331 1250 ού
3360 1198 3470 1270 γάρ
3493 1199 3573 1252 δεῖ
3588 1199 3745 1271 ὑπὲρ

2156 1285 2263 1339 τῶν
2294 1284 2548 1339 τοιούτων
2591 1285 2775 1349 ἁπλῶς
2800 1284 3215 1354 ἀποφαίνεσθαι.
3233 1286 3293 1338 '0
3324 1286 3564 1357 Μιχαίας
3599 1288 3745 1358 φησι

2159 1372 2296 1444 πρὸς
2327 1374 2612 1436 Ἰουδαίους
2629 1389 2644 1405 ·
2675 1373 2819 1427 οὐαί
2840 1376 2894 1426 οἱ
2909 1372 3350 1442 παροξύνοντες
3365 1375 3474 1427 τύῖν
3490 1372 3743 1441 Κύριον.

2158 1462 2264 1515 Καὶ
2294 1460 2439 1528 πῶς,
2472 1462 2625 1532 φησὶ,
2659 1461 3094 1530 παρωί-,’ὐναμεν
3124 1463 3344 1527 αὐτόν;
3381 1462 3479 1515 Ἐν
3518 1460 3598 1526 τῷ
3637 1462 3746 1516 λέ-

2156 1567 2286 1621 γειν
2330 1548 2507 1619 ὑμᾶς,
2556 1549 2681 1614 Πᾶς
2723 1547 2910 1603 ποιῶν
2957 1551 3224 1617 πονηρὸν
3255 1548 3445 1615 καλὸς
3480 1549 3749 1606 ἐνώπιον

2157 1642 2405 1710 Καρίου.
2445 1641 2684 1697 Οίκετῶν
2714 1641 3042 1712 ἀγνωμόνων
3082 1641 3303 1713 ῥήματα
3320 1658 3336 1674 ο
3360 1643 3454 1696 καὶ
3477 1643 3535 1696 ἐν
3554 1643 3751 1707 αὐτοῖς

2159 1730 2323 1795 αὐτὸς
2363 1730 2689 1802 εὐδόκησεν·
2732 1731 2791 1783 ἐν
2836 1732 2951 1792 τοῖς
2982 1728 3417 1801 διεφθαρμένοις,
3456 1732 3647 1802 φησὶν,
3689 1733 3750 1785 ἐν

2157 1814 2271 1882 τοῖς
2314 1819 2389 1890 μὴ
2417 1817 2813 1872 δεδουλευκόσιν
2858 1816 3027 1888 αύτῷ.
3045 1815 3202 1871 Ἰδοὺ
3240 1817 3411 1887 ἡμεῖς
3441 1817 3751 1887 ἐφυλάξω

2153 1926 2270 1979 μεν
2298 1910 2370 1963 τὰ
2404 1908 2762 1979 φυλάγματα
2783 1906 2992 1974 αὐτοῦ,
3018 1905 3118 1961 καί
3134 1907 3532 1977 μακαρίζομεν
3557 1909 3754 1964 ἀλλο-

2160 2000 2390 2067 τρίους·
2421 2000 2584 2069 ἡμεῖς
2629 1996 2761 2069 γὰρ,
2790 1996 2942 2068 φησὶ,
2971 1995 3090 2051 καθ’
3110 1996 3348 2068 ἑκάστην
3391 1995 3750 2068 δουλεύομεν,

2164 2085 2313 2159 [667]
2359 2088 2454 2141 καὶ
2498 2086 2674 2156 ἐτεροι
2719 2086 2827 2139 τῶν
2867 2084 3089 2153 ἀγαθῶν
3120 2083 3471 2140 ἀπολαύουσι.
3504 2085 3754 2140 Τοιαῦτα

2161 2178 2254 2231 καὶ
2277 2176 2449 2230 δοῦλοι
2480 2176 2737 2241 πολλάκις
2757 2177 2885 2247 περὶ
2902 2174 3012 2229 τῶν
3027 2174 3301 2229 δεσποτῶν
3320 2175 3568 2245 λέγουσιν
3585 2190 3600 2205 ·
3623 2174 3752 2229 ἀλλ’

2161 2265 2444 2336 ἄνθρωπον
2478 2265 2577 2335 μὲν
2601 2265 2728 2334 περὶ
2758 2263 3045 2335 ἀνθρώπου
3064 2262 3242 2332 λέγειν
3268 2262 3463 2324 ταῦτα,
3483 2264 3581 2332 οὐχ
3601 2264 3755 2318 οὕτω

2163 2352 2354 2415 δεινὸν,
2393 2352 2595 2423 καίπερ
2635 2351 2697 2407 δν
2740 2352 2913 2406 δεινόν
2933 2366 2947 2379 ·
2981 2353 3043 2405 τὸ
3075 2352 3132 2406 δέ
3161 2352 3289 2423 περὶ
3316 2349 3410 2404 τοῦ
3438 2351 3619 2417 κοινοῦ
3646 2352 3755 2422 τῆς

2162 2441 2487 2512 οἰκουμένης
2535 2441 2804 2495 Δεσπότου
2852 2439 3026 2495 ταῦτα
3076 2438 3436 2510 φθέγγεσθαι,
3472 2439 3751 2492 Δεσπότου

2163 2530 2255 2585 τοῦ
2300 2532 2586 2603 ὲλεήμονος
2627 2534 2723 2585 καὶ
2768 2529 3171 2603 φιλανθρώπου,
3207 2529 3388 2601 πάσης
3414 2527 3481 2583 ἂν
3510 2528 3595 2600 εἴη
3630 2534 3756 2600 μεῖο

2166 2618 2300 2684 ξονι
2348 2620 2644 2690 καταδίκης
2687 2619 2783 2673 καὶ
2830 2623 2930 2692 τῆς
2971 2618 3206 2690 ἐσχάτης
3252 2616 3402 2682 ἄξιον
3451 2618 3751 2690 τιμωρίας.

2178 2707 2316 2762 Ἀλλ’
2336 2709 2423 2762 ἵνα
2453 2707 2652 2780 μάθῃς,
2680 2706 2761 2761 ὅτι
2793 2707 3131 2778 ἐγγράφεται
3155 2705 3222 2759 τὰ
3244 2705 3470 2759 τοιαῦτα
3500 2707 3756 2777 ῥήματα,

2164 2796 2395 2851 ἄκουσον
2426 2796 2478 2850 τί
2520 2812 2682 2867 φησιν
2719 2795 2747 2848 6
2791 2796 3105 2867 προφήτης·
3145 2793 3301 2849 Ἰδοὺ
3348 2793 3537 2848 ταῦτα
3586 2794 3755 2865 ἐγγέ-

2166 2899 2419 2953 γραπται
2470 2883 2541 2937 ἐν
2583 2884 2779 2951 ,ϐίϐλῳ
2824 2881 3052 2944 ζώντων
3102 2884 3189 2948 είς
3222 2881 3624 2951 μνημόσυνον
3661 2882 3751 2934 ἐν·

2164 2972 2354 3028 ώπιον
2380 2972 2487 3027 τοῦ
2521 2972 2690 3027 Θεοῦ.
2709 2970 3076 3043 Ἐγγράφεται
3114 2970 3190 3034 δὲ,
3221 2971 3321 3024 οὐκ
3349 2969 3537 3041 ἐπειδὴ
3564 2971 3594 3023 ό
3618 2969 3749 3034 Θεὸς

2167 3061 2453 3133 ἀναμνὴσῃ
2487 3059 2586 3132 τὴν
2617 3060 2855 3132 ἡμέραν,
2882 3058 3070 3131 ὥσπερ
3099 3056 3317 3131 ἐλεγχόν
3353 3075 3477 3113 τινα
3500 3056 3594 3112 καὶ
3629 3072 3754 3111 κατ-

2167 3152 2398 3225 ηγορίαν
2448 3152 2529 3215 είς
2580 3150 2744 3223 μέσον
2795 3150 3058 3222 παράγων
3096 3149 3157 3203 τὸ
3193 3148 3414 3220 βιϐλίον.
3445 3148 3604 3219 Τάχα
3631 3166 3760 3203 κατ-

2170 3238 2357 3294 έσεισα
2387 3239 2539 3311 ὑμῶν
2570 3238 2666 3312 τὴν
2694 3238 2929 3294 διάνοιαν
2954 3238 3034 3310 τῷ
3065 3237 3247 3310 φόϐῳ·
3280 3237 3401 3309 οὐχὶ
3439 3236 3538 3307 τὴν
3566 3236 3762 3307 ὑμετέ-

2174 3344 2292 3400 ραν,
2324 3327 2462 3381 ἀλλά
2491 3327 2592 3399 τὴν
2634 3325 2873 3398 ἐμαυτοῦ
2907 3325 3190 3397 πρότερον.
3227 3323 3365 3397 Φέρε
3396 3321 3490 3378 οῦν
3541 3323 3761 3378 ἐκλύσω

2170 3415 2261 3467 τὸν
2290 3413 2469 3481 λόγον,
2510 3413 2708 3484 μᾶλλον
2729 3413 2787 3468 δέ
2810 3412 2904 3467 τὸν
2937 3411 3099 3481 φόϐον
3118 3429 3131 3442 ·
3162 3411 3361 3483 μᾶλλον
3385 3411 3443 3466 δέ
3468 3412 3572 3467 οὐκ
3600 3412 3763 3466 ἐκλιὲ⁴

2174 3519 2288 3569 σω,
2327 3500 2464 3555 ἀλλὰ
2507 3502 3005 3573 παραμυθήσομαι·
3060 3501 3268 3571 μενέτω
3312 3499 3423 3571 γὰρ
3472 3499 3762 3572 καθαίρων

2172 3590 2271 3662 τὴν
2303 3590 2541 3644 διάνοιαν
2583 3591 2767 3661 ὑμῶν·
2804 3588 2864 3641 τὸ
2891 3588 2948 3641 δὲ
2975 3588 3248 3659 ἀφόρητον
3286 3585 3451 3640 αὐτοῦ
3498 3587 3762 3658 περιέλω-

2175 3697 2299 3752 μεν.
2339 3679 2465 3740 Πῶς
2496 3674 2589 3733 οὖν
2618 3678 2779 3732 αὐτὸν
2804 3676 3144 3748 δυνησόμεθα
3178 3676 3483 3747 περιελεῖν;
3518 3677 3620 3728 Ἂν
3656 3676 3763 3730 δεί-

2173 3767 2374 3839 ξωμεν,
2406 3768 2490 3821 ὅτι
2524 3767 2624 3821 οὐκ
2652 3766 2990 3837 ἐγγράφεται
3036 3764 3215 3836 μόνον,
3241 3763 3379 3818 ἀλλά
3411 3764 3507 3818 καὶ
3548 3763 3763 3829 ἐξαλεί-

2174 3872 2334 3926 φεται
2366 3856 2763 3928 ἁμαρτήματα.
2782 3854 2869 3908 Ἐν
2898 3852 3230 3923 δικαστηρίῳ
3251 3852 3361 3924 γάρ
3384 3852 3530 3924 άπερ
3559 3850 3630 3905 ἃν
3670 3848 3765 3903 ἐπὶ

2174 3944 2583 4015 ὑπομνημάτων
2639 3943 2669 3994 6
2726 3941 3077 4014 δικαζόμενος
3138 3940 3473 4011 φθέγξηται,
3538 3940 3765 4001 πάντως

2174 4032 2508 4105 ἐγγράφεται
2547 4026 2831 4102 διηνεκῶς,
2860 4030 2953 4083 καὶ
2986 4028 3368 4100 ἐξαλειφθῆναι
3398 4028 3499 4081 οὐκ
3530 4027 3612 4081 ἔνι
3647 4028 3759 4080 λοι-

2175 4122 2303 4176 πόν·
2334 4123 2391 4173 ἐν
2417 4120 2609 4191 ἐκείνῳ
2630 4119 2687 4172 δέ
2705 4118 2783 4190 τῷ
2808 4117 2993 4189 βιϐλίῳ
3017 4117 3121 4171 κᾶν
3148 4116 3354 4187 φθέγξῃ
3378 4119 3500 4169 τινά
3522 4117 3759 4188 πονηρὰ,

2176 4211 2272 4265 καὶ
2301 4209 2587 4282 βουληθῇς,
2617 4209 2776 4264 πάλιν
2808 4207 3171 4277 ἐξαλείφεται.
3203 4205 3373 4259 Πόθεν
3399 4204 3589 4276 δῆλον;
3628 4204 3762 4257 Ἀπὸ

2174 4299 2274 4371 τῆς
2324 4298 2576 4369 Γραφῆς·
2615 4298 3030 4365 Ἀπόστρεψον
3063 4295 3192 4367 γάρ,
3244 4296 3400 4364 φησὶ,
3447 4293 3514 4347 τὸ
3571 4294 3753 4361 πρόσ-

2176 4386 2340 4439 ωπόν
2370 4400 2487 4439 σου
2512 4383 2632 4439 ἀπὸ
2664 4382 2781 4437 τῶν
2810 4380 3108 4452 ἁμαρτιῶν
3130 4400 3272 4452 μου,
3298 4381 3396 4435 καί
3424 4380 3632 4447 πάσας
3657 4380 3763 4447 τὰς

2176 4472 2426 4542 ἀνομίας
2450 4489 2569 4540 μου
2606 4468 2952 4540 ἐξάλειψον.
2982 4470 3169 4534 Οὐδεὶς
3194 4471 3249 4524 δέ
3283 4468 3556 4539 ἐξαλείψει
3588 4470 3653 4522 τὸ
3685 4471 3763 4541 μὴ

2176 4552 2561 4632 γεγραμμένον
2582 4577 2596 4589 ·
2623 4558 2763 4613 ὥστε
2794 4559 2981 4631 ἐπειδὴ
3008 4559 3434 4630 ἐγγεγραμμένα
3464 4554 3630 4630 ἦσαν,
3664 4577 3766 4611 πα-

2183 4650 2407 4721 ρακαλεῖ
2448 4646 2845 4718 ἐξαλειφθῆναι.
2876 4646 3126 4700 Διδάσκει
3159 4646 3216 4698 δὲ
3245 4647 3339 4699 καὶ
3390 4645 3507 4709 πῶς
3553 4643 3766 4710 ἐξαλεί-

2178 4759 2370 4812 φονται
2415 4740 2602 4813 ἐτερός
2642 4758 2725 4804 τις
2776 4739 2981 4809 λέγων·
3018 4736 3487 4805 Ἐλεημοσύναις
3530 4736 3629 4788 καὶ
3676 4733 3775 4786 ,πι-

2178 4847 2392 4886 στεσιν
2423 4830 2923 4897 ἀποκαθαίρω-ται
2954 4829 3013 4881 αἱ
3045 4825 3343 4894 ἁμαρτίαι.
3375 4824 3511 4893 Οὐχὶ
3553 4820 3769 4886 ἐξαλεί-

2179 4936 2367 4989 φονται
2402 4919 2582 4990 μόνον,
2616 4917 2753 4971 ἀλλά
2792 4917 2886 4970 καὶ
2923 4912 3405 4983 ἀποκαθαίρονται,
3431 4910 3574 4965 ὥστε
3628 4908 3768 4979 μηδέ

2179 5003 2429 5074 λείψανον
2473 5003 2652 5073 μένειν
2684 5001 2781 5071 τῆς
2818 4998 3066 5069 ἀλοιφῆς.
3098 4997 3174 5049 Οὐ
3204 4995 3273 5048 τά
3299 4993 3438 5066 μετά
3469 4994 3531 5047 τὸ
3568 4994 3767 5064 βάπτι-

2183 5104 2296 5159 σμα
2327 5086 2384 5140 δὲ
2420 5084 2764 5153 ἐξαλείφεται
2798 5084 2976 5155 μόνον,
3008 5079 3144 5135 ἀλλά
3174 5081 3269 5134 καὶ
3309 5078 3345 5132 ἀ
3384 5078 3494 5149 πρὸ
3518 5076 3616 5131 τοῦ
3648 5076 3770 5131 λου-

2177 5173 2308 5243 τροῦ
2337 5172 2685 5241 ὲγγέγραπτο
2706 5167 2996 5239 ἐξηλείφθη
3024 5166 3201 5220 πάντα
3228 5166 3410 5217 ἐκεῖνα
3438 5162 3518 5233 τῷ
3545 5160 3643 5215 τοῦ
3669 5160 3769 5231 βα·-

2181 5258 2483 5328 πτίσματος
2505 5254 2658 5307 ῦδατι
2685 5253 2779 5306 καὶ
2806 5251 2885 5322 τῷ
2913 5249 3130 5322 σταυρῷ
3144 5250 3172 5290 ι
3205 5248 3299 5302 τοῦ
3318 5250 3360 5299 Χ
3374 5246 3580 5317 ριστοῦ,
3600 5244 3771 5299 καθά-

2180 5358 2288 5413 περ
2336 5338 2547 5401 Παῦλος
2592 5353 2778 5407 φησιν,
2811 5338 2893 5389 ὅτι
2931 5334 3286 5401 Ἐξαλείψας
3323 5331 3390 5384 τὸ
3429 5331 3561 5383 καθ’
3594 5328 3769 5413 ἡμῶν

2181 5410 2592 5499 χειρόγραφον,
2629 5422 2661 5477 ὃ
2689 5419 2769 5493 ἦν
2794 5420 3071 5475 ἐναντίον
3097 5418 3288 5499 ἡμῶν,
3320 5415 3416 5469 καὶ
3446 5414 3595 5499 αυτὸ
3614 5410 3769 5499 ᾖρεν

2179 5494 2247 5567 ἐκ
2267 5494 2283 5498 ⁷
2289 5494 2484 5581 μέσου
2522 5506 2927 5576 προσηλώσας
2960 5501 3105 5556 αὐτὸ
3154 5498 3233 5567 τῷ
3284 5496 3547 5567 σταυρῷ.
3608 5494 3769 5560 Εἶδες

2183 5599 2298 5661 πῶς
2335 5594 2624 5665 ἐξηλείφθη
2658 5595 2717 5647 τὸ
2758 5591 3117 5663 χειρόγραφον
3150 5587 3356 5649 ἐκεῖνο;
3406 5584 3503 5636 καὶ
3533 5581 3633 5635 οὐκ
3677 5582 3768 5645 ἐξ-

2180 5681 2414 5756 ηλείφθη
2462 5681 2641 5751 μόνον,
2674 5679 2811 5734 ἀλλὰ
2858 5677 2952 5731 καὶ
2996 5673 3279 5745 διερρἀγη,
3325 5670 3435 5725 τῶν
3479 5669 3625 5740 ἥλων
3666 5665 3767 5721 τοῦ

2246 5824 2277 5865 ι’
2302 5824 2425 5886 Reg.
2450 5821 2497 5884 1,
2516 5821 2596 5870 καὶ
2619 5820 2689 5884 τῷ
2713 5816 2799 5867 τοῦ
2824 5812 3043 5879 σταυροῦ.
