3908 6300
81 399 181 456 Mil

78 517 257 590 gloria
283 516 454 591 (Psat.
482 515 573 570 25.
595 517 654 585 7)
687 532 700 570 :
737 515 977 571 homines
1013 531 1140 571 vero
1167 516 1576 572 descendentem
1597 515 1663 570 ad

83 624 181 665 nos
227 610 458 679 Spiritus
507 611 728 679 gratiam
781 608 1025 664 videntes
1086 608 1271 663 dicunt
1317 609 1494 663 ebrios
1551 622 1672 663 esse

81 701 169 770 qui
224 703 450 770 gratiam
497 709 830 768 receperunt,
868 708 922 753 et
964 713 1031 753 ne
1057 700 1179 753 anni
1229 698 1443 768 quidem
1474 708 1675 767 tempe-

81 803 190 846 stas
235 807 331 847 eos
361 793 642 860 repressit;
685 806 806 845 nam
841 791 982 846 veris
1017 799 1256 862 tempore
1284 791 1505 862 reperiri
1558 807 1675 845 mu-

84 893 224 938 stum
273 882 493 935 minime
534 891 708 951 potest
739 899 752 936 :
781 883 924 952 atqui
965 891 1077 936 tum
1127 896 1223 936 ver
1287 890 1418 936 erat.
1475 880 1671 935 Verum

83 977 152 1030 illi
212 975 428 1045 quidem
471 973 856 1044 relinquantur,
885 989 983 1030 nos
1028 984 1203 1029 autem
1233 972 1446 1044 benigni
1475 973 1564 1027 Dei
1589 988 1674 1026 re-

84 1070 426 1125 tributionem
473 1067 896 1123 consideremus.
944 1067 1164 1136 Accepit
1200 1065 1443 1122 Christus
1485 1066 1674 1136 primi-

84 1161 183 1215 tias
238 1169 446 1214 naturaa
489 1168 706 1225 nostrai,
761 1173 825 1213 ac
869 1158 1100 1228 Spiritus
1137 1158 1360 1228 gratiam
1393 1157 1546 1210 nobis
1591 1171 1676 1209 re-

83 1250 269 1305 tribuit
293 1267 308 1303 :
337 1260 391 1304 et
415 1247 858 1320 quemadmodum
891 1249 1048 1319 longo
1089 1248 1140 1302 in
1171 1247 1311 1301 bello
1337 1247 1415 1312 lit,
1444 1260 1566 1300 cum
1589 1245 1672 1299 di-

83 1353 288 1412 rempta
317 1357 489 1412 pugna
517 1340 694 1405 fuerit,
725 1350 779 1395 et
798 1339 1038 1396 confecta
1066 1354 1186 1409 pax,
1218 1338 1306 1410 qui
1329 1339 1428 1394 sibi
1449 1339 1673 1392 invicem

83 1437 278 1492 infensi
337 1444 508 1500 erant,
540 1436 756 1506 pignora
804 1442 988 1488 mutuo
1037 1432 1138 1487 sibi
1179 1431 1308 1486 dant
1342 1438 1393 1486 et
1428 1429 1672 1486 obsides:

84 1530 157 1584 sic
208 1538 267 1583 et
322 1527 460 1582 inter
515 1527 676 1581 Deum
724 1535 778 1580 et
844 1533 1084 1579 naturam
1120 1524 1298 1578 evenit
1349 1522 1671 1577 humanam:

85 1635 180 1690 pro
228 1618 539 1690 pignoribus
569 1627 623 1673 et
653 1617 923 1673 obsidibus
953 1616 1064 1687 ipsa
1095 1616 1350 1687 primitias
1374 1615 1518 1669 misit
1545 1629 1674 1685 quas

87 1712 135 1765 in
173 1711 369 1764 caalum
416 1709 535 1764 tulit
587 1708 828 1764 Christus
862 1708 1055 1763 :nobis
1113 1707 1199 1761 ille
1254 1705 1512 1776 Spiritum
1547 1719 1673 1759 san-

85 1812 228 1856 ctum
281 1801 520 1872 pignoris
571 1808 625 1855 et
669 1799 869 1854 obsidis
921 1799 1038 1854 loco
1097 1797 1318 1852 remisit.
1371 1796 1538 1852 Porro
1577 1809 1676 1849 nos

87 1895 311 1964 pignora
360 1901 413 1948 et
460 1890 674 1948 obsides
700 1891 896 1946 habere
947 1891 1069 1946 hinc
1108 1890 1310 1960 liquet:
1334 1904 1454 1944 nam
1483 1903 1550 1943 ex
1579 1903 1674 1958 ge-

86 1999 216 2039 nere
260 1984 410 2054 regio
466 1983 683 2053 pignora
726 1992 780 2037 et
825 1981 1038 2037 obsides
1108 1996 1228 2036 esse
1284 1988 1525 2050 oportet;
1591 1979 1675 2034 id-

87 2077 232 2130 circo
280 2077 441 2128 etiam
483 2075 714 2144 Spiritus
762 2081 977 2127 sanctus
1002 2071 1067 2126 ad
1121 2087 1217 2126 nos
1257 2071 1451 2125 missus
1480 2077 1580 2133 est,
1619 2078 1678 2124 ut

87 2166 170 2234 qui
233 2165 469 2219 maxime
521 2164 664 2234 regia
727 2163 796 2218 sit
852 2163 1178 2226 substantia,
1232 2160 1674 2232 quemadmodum

89 2265 139 2311 et
177 2257 334 2325 quia
367 2255 519 2310 nobis
571 2269 781 2309 sursum
826 2262 1042 2309 evectus
1085 2261 1166 2308 est
1220 2267 1283 2307 ex
1333 2267 1528 2322 genere
1580 2251 1679 2305 fuit

91 2356 241 2400 ortus
293 2345 474 2415 regio,
529 2346 723 2415 quippe
772 2344 861 2414 qui
913 2344 1132 2412 Davidis
1161 2351 1304 2398 esset
1343 2358 1412 2397 ex
1451 2342 1674 2397 semine.

91 2437 451 2506 Quamobrem
494 2453 599 2493 non
639 2437 866 2508 amplius
891 2438 1230 2507 pertimesco,
1251 2433 1675 2506 quandoquidem

89 2546 302 2586 sursum
334 2530 579 2600 primitiae
601 2537 799 2585 nostra:
826 2530 1012 2583 sedent
1041 2545 1055 2582 :
1089 2528 1286 2583 idcirco
1310 2527 1434 2582 licet
1457 2527 1676 2580 immor-

92 2624 251 2677 talem
300 2623 429 2676 mihi
479 2636 716 2677 vermem
746 2622 998 2691 obiicias,
1051 2621 1178 2675 licet
1220 2621 1394 2691 ignem
1424 2619 1680 2674 inexstin-

89 2724 255 2776 etum,
311 2715 437 2769 licet
495 2715 630 2770 alias
673 2728 860 2785 pinnas
887 2729 950 2768 ac
975 2714 1254 2784 supplicia,
1299 2728 1404 2768 non
1452 2712 1679 2783 amplius

91 2805 430 2861 reformido:
487 2806 595 2860 imo
622 2821 750 2860 vero
799 2804 1086 2860 reformido
1134 2804 1413 2874 equidem,
1467 2817 1682 2857 verum-

92 2906 274 2954 tamen
305 2898 376 2953 dc
400 2898 570 2953 salute
611 2913 728 2953 mea
757 2914 863 2958 non
892 2898 1138 2968 despero.
1161 2897 1272 2951 Nisi
1315 2897 1462 2952 enim
1489 2910 1679 2966 magna

93 2991 139 3043 in
182 3005 362 3061 genus
423 2999 663 3044 nostrum
717 3004 1012 3059 congerere
1041 2991 1177 3044 bona
1220 2990 1491 3044 statuisset
1518 2987 1677 3054 Deus,

96 3083 364 3150 primitias
407 3093 615 3137 nostras
654 3096 866 3137 sursum
923 3096 1030 3135 non
1071 3079 1469 3149 assumpsisset.
1512 3081 1678 3132 Antea

93 3173 313 3240 quidem
367 3187 466 3228 nos
512 3173 862 3243 suSpicieutes
890 3172 942 3227 in
981 3172 1190 3239 caelum,
1245 3173 1584 3240 incorporeas
1619 3170 1685 3224 il-

95 3264 168 3318 las
191 3265 498 3335 cogitantes
523 3265 767 3330 virtutes,
807 3264 1064 3318 vilitatem
1117 3271 1352 3317 nostram
1393 3261 1530 3317 facta
1559 3276 1680 3316 cum

95 3355 347 3424 supernis
394 3355 673 3408 virtutibus
724 3355 1120 3424 comparatione
1162 3353 1547 3418 cernebamus;
1572 3353 1682 3422 jam

98 3462 226 3502 vero
299 3463 424 3502 cum
448 3447 771 3502 nobilitatem
797 3455 1034 3502 nostram
1080 3461 1304 3502 cernere
1321 3446 1646 3502 voluerimus
1663 3487 1681 3516 ,

96 3540 145 3594 in
197 3540 397 3596 caelum
446 3540 783 3609 suspicimus,
833 3539 900 3594 ad
940 3541 1143 3610 regium
1173 3539 1344 3610 ipsum
1394 3539 1681 3596 thronum:

97 3630 198 3686 illic
248 3631 395 3685 enim
438 3647 502 3685 ex
554 3631 707 3685 nobis
745 3640 967 3701 sumpta:
1005 3632 1252 3701 primitias
1275 3631 1572 3687 consident.
1609 3630 1685 3686 lla

99 3739 317 3794 quoque
367 3724 544 3778 veniet
571 3739 603 3778 e
651 3724 816 3790 caelis,
865 3731 923 3778 ut
965 3739 1063 3778 nos
1098 3723 1302 3794 judicet
1344 3725 1437 3780 Dei
1475 3723 1682 3780 Filius:

98 3814 450 3882 quamobrem
505 3814 668 3882 parati
699 3815 887 3877 simus,
937 3828 1006 3870 ne
1029 3813 1098 3868 ab
1145 3814 1232 3868 illa
1276 3815 1443 3883 gloria
1470 3815 1686 3870 excida-

99 3920 237 3960 mus.
267 3903 500 3960 Omnino
526 3905 668 3958 enim
697 3906 873 3960 veniet
919 3914 972 3960 et
996 3919 1099 3972 non
1128 3906 1357 3960 tardabit
1391 3907 1687 3962 communis

99 3996 362 4052 Dominus
407 4007 623 4062 noster;
655 3999 830 4053 veniet
881 3999 1145 4054 exercitus
1197 4013 1378 4054 secum
1431 3997 1685 4067 trahens,

99 4087 416 4156 angelorum
447 4088 680 4158 agmina,
710 4088 928 4144 ordines
978 4089 1438 4160 archangelorum,
1490 4099 1688 4161 marty-

98 4191 219 4232 rum
267 4187 492 4244 turmas,
515 4178 778 4246 justorum
804 4179 1018 4244 choros,
1057 4180 1433 4249 prophetarum
1471 4188 1524 4234 et
1563 4194 1691 4248 apo-

102 4267 368 4322 stolorum
390 4281 579 4335 cretus,
601 4270 721 4324 etin
749 4269 922 4326 medio
947 4271 1296 4338 Spiritualium
1319 4271 1525 4325 illorum
1539 4286 1691 4326 exer-

102 4358 308 4413 cituum
359 4357 612 4413 ineffabili
664 4359 889 4430 quadam
918 4369 972 4416 et
1002 4361 1357 4432 inexplicabili
1384 4360 1549 4432 gloria
1596 4376 1691 4416 rex

93 4449 468 4510 circumdatus
495 4449 789 4519 apparebit.

173 4537 231 4593 6.
260 4540 489 4594 Omnem
518 4541 674 4610 igitur
720 4555 937 4610 operam
977 4539 1352 4607 adhibeamus,
1399 4549 1457 4596 ut
1492 4541 1560 4598 ab
1603 4542 1690 4597 illa

105 4629 276 4697 gloria
328 4645 439 4684 non
478 4631 803 4686 excidamus.
837 4631 1005 4686 Vultis
1032 4631 1202 4687 dicam
1233 4633 1392 4687 etiam
1438 4647 1522 4699 ea,
1571 4648 1691 4703 qua:

105 4729 372 4776 terrorem
401 4721 694 4776 incutient?
719 4737 824 4777 non
855 4732 912 4776 ut
941 4723 1208 4778 tristitiam
1232 4724 1470 4790 afferam,
1498 4723 1593 4780 sed
1634 4733 1695 4778 ut

105 4809 172 4866 ad
210 4811 491 4866 meliorem
508 4811 708 4881 frugem
738 4812 1027 4868 traducam.
1052 4813 1186 4868 Tum
1200 4813 1397 4869 umen
1411 4815 1547 4884 ignis
1569 4825 1694 4872 ante

106 4903 344 4957 tribunal
380 4902 512 4957 illud
538 4901 762 4957 trahitur
800 4901 960 4977 (Dan.
989 4903 1176 4974 7.10),
1222 4913 1348 4960 tunc
1386 4904 1695 4975 aperiuntur

105 4991 232 5046 libri
257 5033 273 5059 ,
299 4991 558 5062 judicium
580 5002 861 5048 exercetur
885 4993 1218 5050 formidabile
1243 5010 1304 5050 ac
1324 4996 1689 5051 tremendum:

107 5093 400 5155 propterea
427 5095 693 5156 tamquam
743 5087 796 5142 in
865 5087 1064 5156 judicio
1115 5089 1237 5143 vita:
1281 5099 1477 5144 nosme
1528 5089 1692 5145 diaria

109 5176 367 5246 leguntur
391 5186 447 5233 et
473 5179 863 5243 commentarii,
895 5189 948 5235 et
972 5179 1134 5234 multa
1156 5179 1225 5235 de
1270 5179 1419 5234 libris
1453 5180 1567 5235 istis
1617 5179 1698 5236 lo-

111 5280 360 5337 quuntur
403 5269 696 5339 prophetae.
727 5272 803 5324 Ae
830 5269 1000 5325 Moses
1028 5269 1241 5340 quidem
1274 5272 1381 5324 ait:
1413 5270 1472 5326 Si
1498 5269 1696 5340 quidem

105 5360 325 5413 remittis
361 5361 431 5414 eis
472 5369 762 5430 peccatum,
791 5362 1017 5425 remitte;
1046 5363 1125 5415 sin
1163 5371 1348 5426 autem,
1380 5379 1458 5416 me
1505 5379 1697 5432 quoque

105 5451 216 5505 dele
239 5453 304 5506 de
325 5452 454 5506 libro
469 5469 612 5522 quem
628 5453 871 5522 soripsisti
893 5451 1082 5524 (Exod.
1103 5453 1191 5510 52.
1215 5452 1325 5524 52).
1347 5453 1588 5509 Christus
1604 5470 1696 5508 ve-

106 5556 165 5594 ro
192 5557 385 5598 rursus
412 5543 481 5596 ad
499 5543 787 5612 discipulos
807 5544 1046 5599 dicebat:
1073 5543 1139 5597 In
1167 5545 1259 5598 hoc
1280 5545 1434 5600 nolite
1456 5545 1692 5616 gaudere,

105 5633 244 5694 quod
268 5633 520 5687 daemonia
549 5635 686 5689 vobis
705 5635 1039 5705 subjiciuntur
1066 5652 1084 5690 :
1115 5635 1325 5705 gaudete
1347 5647 1534 5701 autem,
1564 5637 1698 5706 quod

105 5725 322 5777 nomina
373 5736 537 5781 vestra
566 5727 755 5794 scripta
793 5728 982 5781 suntin
1029 5729 1162 5782 cwlis
1193 5726 1340 5796 (Luc.
1375 5728 1460 5782 10.
1487 5729 1578 5798 20)
1606 5738 1700 5784 :ct

106 5829 302 5871 rursus
326 5817 585 5890 propheta
611 5819 775 5874 David
806 5837 819 5874 :
848 5819 912 5874 In
936 5822 1062 5876 libro
1089 5830 1174 5876 tuo
1190 5837 1359 5877 omnes
1379 5821 1694 5876 scribentur:

1074 399 1160 456 DE
1198 401 1463 458 SANCTA
1503 399 1964 459 PENTECOSTE.
2007 403 2234 462 HOMIL.
2276 406 2319 462 l.

1779 517 1883 572 dies
1904 519 2275 590 formabuntur;
2288 530 2336 574 et
2357 535 2500 576 nemo
2524 521 2576 575 in
2604 522 2673 577 eis
2692 518 2858 594 (Psal.
2889 522 3006 580 158.
3038 524 3148 596 16)
3168 535 3219 581 et
3240 543 3360 581 rur-

1777 623 1866 662 sus
1900 630 1912 662 :
1947 609 2219 664 Deleantur
2247 611 2312 664 de
2339 612 2466 665 libro
2493 613 2778 682 viventium,
2824 626 2871 670 et
2916 633 3028 670 cum
3061 619 3218 688 justis
3257 636 3359 672 non

1777 699 2058 752 scribantur
2081 699 2248 770 (Psal.
2281 701 2370 756 68.
2401 701 2518 768 29).
2543 703 2704 759 Vides
2736 707 2867 761 alios
2910 707 3124 776 quidem
3167 709 3358 772 deleri,

1779 789 1913 842 alios
1962 805 2090 845 vero
2137 791 2398 847 inscribi?
2448 794 2528 849 vis
2576 793 2782 850 discere
2836 810 2942 852 non
2985 797 3156 868 justas
3197 801 3360 854 modo

1780 879 1927 934 libris
1978 881 2028 934 in
2069 881 2170 936 illis
2216 883 2398 950 scribi,
2424 883 2518 939 sed
2559 887 2716 940 etiam
2756 897 2971 956 peccata
3029 898 3210 944 nostra
3255 889 3362 946 illic

1776 984 1897 1024 esse
1923 973 2248 1040 perscripta?
2295 973 2614 1030 Festivitatis
2665 985 2872 1046 tempus
2916 986 3039 1045 est,
3093 979 3361 1035 discamus

1779 1078 1865 1128 ea,
1913 1064 2106 1134 quibus
2134 1079 2417 1135 possumus
2447 1083 2476 1120 a
2521 1069 2779 1138 supplicio
2822 1069 3037 1126 liberari
3069 1089 3083 1126 :
3113 1073 3361 1129 terribilis

1780 1167 1862 1212 est
1887 1158 2077 1223 oratio,
2106 1158 2197 1212 sed
2229 1159 2370 1212 utilis
2407 1169 2461 1215 et
2486 1159 2776 1228 fructuosa,
2833 1163 3090 1234 siquidem
3118 1165 3359 1235 impedit,

1781 1265 1847 1304 ne
1895 1251 2067 1319 reipsa
2099 1265 2282 1321 ptenas
2332 1253 2714 1321 experiamur:
2749 1268 2879 1325 ergo
2925 1256 3192 1312 discamus
3241 1273 3360 1328 per-

1779 1342 1936 1396 scribi
1969 1354 2204 1411 peceata,
2233 1352 2286 1397 et
2334 1343 2586 1414 quidquid
2635 1345 2944 1416 hicloquuti
2970 1349 3244 1412 fuerimus,
3286 1351 3357 1404 il-

1779 1432 1864 1487 luc
1913 1434 2094 1488 statim
2133 1435 2326 1488 deferri
2361 1443 2415 1489 et
2459 1437 2732 1504 perscribi.
2781 1437 2933 1494 Unde
2958 1455 3088 1495 vero
3141 1441 3192 1495 id
3235 1456 3355 1496 con~

1779 1527 1926 1580 Stat?
1953 1541 2056 1579 non
2083 1526 2223 1582 enim
2256 1528 2375 1581 talia
2417 1530 2867 1599 suntsimpliciter
2899 1533 3230 1589 afrmanda.
3261 1533 3356 1590 Mi-

1778 1615 1954 1672 chmas
2034 1618 2099 1672 ad
2125 1618 2338 1673 Judmos
2376 1621 2450 1674 ait
2477 1638 2490 1674 :
2533 1621 2620 1676 Vw
2643 1625 2727 1690 qui
2769 1625 3048 1692 provocatis
3079 1625 3353 1680 Dominum

1789 1705 1861 1758 Et
1880 1706 2158 1774 quomodo,
2178 1708 2449 1776 inquiunt,
2464 1712 2856 1778 provocavimus
2880 1729 2995 1766 eum
3013 1712 3118 1766 21
3141 1729 3199 1767 eo
3215 1714 3354 1783 quod

1789 1814 1874 1852 vos
1906 1799 2116 1852 dicitis:
2143 1798 2327 1852 Omnis
2349 1802 2439 1867 qui
2458 1801 2587 1868 facit
2608 1802 2828 1867 malum,
2855 1804 3018 1858 bonus
3035 1814 3111 1858 est
3136 1806 3191 1858 in
3227 1811 3379 1856 con-'

1785 1900 1960 1959 spectu
1983 1890 2454 1960 DominitMalacb.
2474 1893 2526 1946 2.
2547 1892 2654 1960 17).
2676 1896 3054 1963 lmproborum
3074 1912 3353 1951 servorum

1779 1992 1903 2037 sunt
1922 1985 2022 2037 ista
2052 1984 2227 2048 verba,
2257 1993 2311 2038 et
2339 1985 2390 2038 in
2417 1985 2482 2038 iis
2514 1985 2625 2055 ipse
2651 1985 2747 2040 sibi
2765 1988 3120 2056 complacuit:
3155 1987 3205 2041 in
3234 2002 3352 2056 per-

1780 2073 1922 2137 ditis,
1955 2073 2143 2143 inquit,
2174 2073 2226 2127 in
2258 2074 2340 2137 iis,
2370 2075 2458 2144 qui
2484 2090 2588 2128 nou
2607 2075 2902 2130 servierunt
2931 2076 2997 2130 ei.
3036 2075 3169 2129 Ecce
3195 2087 3367 2130 cuslo.

1781 2164 1995 2217 divimus
2011 2163 2265 2217 custodias
2282 2167 2412 2234 ejus,
2427 2175 2473 2217 et
2496 2163 2663 2218 beatos
2681 2164 2894 2218 dicimus
2910 2166 3099 2220 alienos
3115 2164 3190 2234 (M
3198 2166 3364 2218 alach.

1781 2254 1832 2309 5.
1865 2254 1950 2310 M.
1979 2253 2090 2324 15).
2119 2253 2226 2308 Nos
2243 2255 2403 2321 enim,
2423 2255 2611 2324 inquit,
2634 2255 2870 2326 quotidie
2894 2259 3174 2322 servimus,
3199 2266 3248 2311 et
3271 2256 3363 2312 alii

1781 2347 1935 2402 bonis
1957 2348 2243 2415 potiuntur.
2269 2348 2413 2403 Talia
2441 2349 2688 2404 nimirum
2717 2365 3082 2420 smpenumero
3108 2349 3174 2405 de
3193 2351 3338 2405 domi
3353 2377 3366 2390 -

1783 2441 1865 2494 nis
1891 2439 2032 2494 servi
2058 2439 2344 2510 loquuntur
2367 2458 2382 2495 :
2411 2440 2504 2496 sed
2534 2440 2804 2496 hominem
2825 2442 3034 2510 quidem
3055 2441 3121 2496 de
3147 2442 3361 2497 homine

1783 2531 1883 2585 ista
1897 2529 2069 2585 dicere
2081 2545 2185 2584 non
2204 2531 2274 2585 ita
2291 2545 2452 2601 grave
2467 2539 2569 2595 est,
2593 2532 2802 2585 tametsi
2824 2541 2904 2586 est
2922 2547 3083 2602 grave
3099 2550 3112 2585 :
3131 2531 3199 2586 de
3215 2547 3332 2586 com
3345 2562 3364 2573 -

1786 2621 1931 2674 muni
1949 2637 2074 2675 vero
2096 2622 2256 2674 totius
2278 2620 2422 2675 orbis
2441 2631 2698 2676 terrarum
2723 2621 2947 2675 Domino
2969 2621 3081 2676 haec
3101 2621 3360 2691 proferre,

1782 2710 1851 2765 de
1872 2710 2195 2766 misericordi
2221 2727 2284 2766 ac
2313 2711 2540 2780 benigno
2566 2712 2790 2765 Domino
2818 2712 2964 2766 nulla
2993 2727 3097 2766 non
3127 2713 3363 2782 graviori

1785 2803 2170 2869 mulcta,'nullo
2195 2819 2300 2858 non
2325 2812 2564 2859 extremo
2584 2803 2842 2873 supplicio
2865 2803 3236 2858 vindicandum
3258 2813 3362 2860 est.

1787 2892 1892 2948 Sed
1913 2901 1972 2948 ut
2001 2893 2266 2963 intelligas
2281 2893 2540 2962 ejusmodi
2576 2894 2733 2948 verba
2767 2894 3059 2962 perscribi,
3089 2895 3209 2948 audi
3243 2893 3367 2964 quid

1785 2984 1927 3040 dicat
1945 2986 2201 3056 propheta
2228 3008 2241 3039 :
2269 2985 2401 3040 Ecce
2423 2987 2612 3057 scripta
2632 2995 2748 3040 sunt
2761 2987 2868 3040 Itac
2890 2988 2941 3041 in
2960 2986 3084 3041 libro
3106 2988 3369 3041 viventium

1784 3076 1838 3129 in
1855 3078 2289 3130 monumentumin
2309 3087 2577 3147 conspectu
2598 3076 2804 3147 Dei(Ib.
2840 3093 2887 3131 v.
2915 3078 3025 3147 16).
3049 3077 3368 3132 Scribuntur

1785 3177 1961 3222 autem
1988 3211 2002 3235 ,
2040 3184 2145 3222 non
2188 3169 2328 3239 quod
2359 3169 2498 3224 Deus
2526 3169 2576 3224 in
2606 3170 2914 3225 memoriam
2961 3181 3173 3224 revocet
3201 3169 3365 3234 diem,

1785 3257 1867 3311 vel
1885 3266 2146 3327 tamquam
2159 3259 2396 3311 criminis
2410 3256 2664 3327 probandi
2682 3273 2836 3312 causa
2855 3267 2909 3313 et
2923 3257 3270 3312 accusationis
3286 3256 3368 3312 lir-

1786 3358 2108 3404 mamentum
2135 3349 2324 3403 librum
2352 3347 2600 3418 proferat.
2621 3349 2867 3404 Fortasse
2886 3357 3117 3403 mentem
3137 3356 3367 3402 vestram

1789 3441 1977 3495 timore
2001 3439 2277 3506 concussi;
2307 3455 2413 3494 non
2439 3424 2690 3504 vestram,
2723 3440 2814 3494 sed
2847 3455 3016 3494 meam
3042 3439 3208 3509 prius.
3259 3441 3371 3508 Ago

1788 3532 1944 3602 igitur
1974 3533 2267 3587 orationem
2303 3531 2595 3596 absolvam,
2623 3532 2704 3587 vel
2729 3532 2900 3602 potius
2923 3532 3163 3587 timorem
3191 3532 3364 3586 cxsol-

1787 3638 1908 3678 vam
1939 3641 1953 3678 :
1979 3624 2086 3678 imo
2109 3638 2236 3677 vero
2265 3638 2368 3678 non
2397 3623 2693 3690 exsolvam,
2715 3621 2808 3677 sed
2832 3623 3058 3688 leniam;
3089 3623 3209 3678 volo
3229 3622 3369 3676 enim

1789 3724 2022 3781 maneat,
2051 3724 2105 3770 ct
2133 3725 2365 3772 mentem
2410 3725 2640 3771 vestram
2688 3723 2896 3786 purget,
2927 3715 3023 3770 sed
3064 3716 3372 3769 imminuam

1790 3807 1958 3873 illum,
1989 3823 2056 3861 ne
2075 3808 2142 3861 sit
2169 3807 2540 3862 intolerabilis.
2570 3807 2807 3872 Quanam
2837 3820 2964 3876 ergo
2992 3805 3198 3860 ratione
3227 3814 3372 3874 pou:-

1789 3899 1956 3953 rimus
1981 3899 2334 3954 imminuere?
2360 3900 2418 3954 Si
2437 3915 2540 3953 non
2559 3898 2716 3953 modo
2743 3896 2996 3968 perscribi
3023 3904 3260 3964 peccata,
3276 3892 3371 3946 sed

1789 3989 1948 4045 etiam
1972 3990 2139 4044 deleri
2177 3989 2738 4044 demonstraverimus.
2763 3987 2893 4042 Nam
2931 3987 2982 4040 in
3004 3985 3205 4054 judicio
3228 3999 3371 4054 qua:-

1791 4096 2019 4153 cumque
2062 4082 2256 4136 dixerit
2300 4082 2354 4136 in
2400 4078 2800 4136 commentariis
2841 4077 3214 4148 perscribeuda
3259 4077 3367 4140 ille,

1791 4175 1878 4246 qui
1909 4175 2094 4244 litigat,
2121 4173 2337 4228 omnino
2363 4172 2667 4226 scribuntur
2698 4171 2747 4224 in
2777 4176 3108 4239 perpetuum,
3138 4183 3236 4222 nec
3254 4182 3372 4220 am-

1794 4266 1932 4336 plius
1957 4266 2121 4321 deleri
2151 4275 2400 4335 possunt;
2432 4275 2486 4319 at
2510 4264 2562 4318 in
2593 4264 2682 4317 illo
2703 4263 2858 4324 libro,
2886 4261 3008 4318 licet
3055 4261 3192 4315 mala
3225 4275 3372 4330 quae-

1797 4363 1933 4431 piam
1956 4359 2173 4426 dixeris,
2205 4359 2248 4413 si
2277 4357 2526 4421 volueris,
2554 4370 2740 4410 rursus
2779 4354 3044 4410 delentur.
3074 4351 3229 4409 Unde
3270 4351 3374 4407 hoc

1794 4454 1994 4523 liquet?
2018 4452 2096 4506 Ex
2123 4452 2416 4521 Scriptura.
2448 4450 2626 4503 Averte
2652 4448 2800 4512 enim,
2832 4447 3018 4517 inquit,
3040 4446 3218 4516 faciem
3237 4453 3374 4497 tuam

1795 4561 1828 4598 a
1856 4544 2070 4615 peccatis
2109 4543 2250 4608 meis,
2294 4551 2339 4596 et
2375 4557 2544 4594 omnes
2577 4540 2859 4609 iniquitates
2888 4555 3024 4592 meas
3067 4537 3175 4590 dele
3201 4533 3372 4605 (Psal.

1796 4636 1883 4690 50.
1911 4633 2021 4706 11).
2049 4635 2118 4688 At
2143 4647 2300 4688 nemo
2345 4631 2486 4702 quod
2530 4631 2783 4701 scriptum
2812 4645 2916 4684 non
2944 4637 3044 4691 est,
3072 4627 3252 4682 delere
3281 4643 3378 4696 po~

1796 4735 1900 4782 test
1931 4745 1943 4782 :
1972 4726 2148 4797 itaque
2193 4725 2441 4794 quoniam
2475 4724 2668 4790 scripta
2713 4722 2948 4788 fuerant,
2979 4719 3148 4777 deleri
3190 4734 3377 4788 precao

1800 4827 1904 4872 tur.
1939 4817 2099 4872 Docet
2125 4827 2300 4871 autem
2328 4825 2382 4871 et
2407 4817 2542 4870 alius
2582 4812 2817 4884 quidam,
2849 4827 3080 4881 quonam
3106 4819 3261 4881 pacto
3284 4810 3379 4865 de-

1798 4907 2027 4974 leantur,
2048 4907 2117 4962 ita
2141 4906 2322 4962 dicens
2401 4903 2744 4975 Eleemosynis
2769 4913 2815 4958 et
2841 4903 2943 4972 [ide
2963 4911 3245 4973 purgantur
3271 4917 3378 4970 pec-

1797 4981 1910 5056 cata
1931 5000 2107 5073 (Prov.
2138 4999 2225 5054 15.
2246 4997 2338 5070 27)
2367 5017 2380 5053 :
2405 5013 2509 5052 non
2560 5005 2759 5051 tantum
2802 4993 3066 5060 delentur,
3095 4993 3187 5047 sed
3217 4993 3376 5045 etiam

1799 5103 2108 5165 purgantur,
2137 5093 2214 5147 sic
2239 5101 2296 5146 ut
2322 5105 2419 5146 nec
2445 5090 2565 5144 ulla:
2592 5088 2832 5158 reliquiae
2849 5095 3096 5142 maneant
3116 5085 3370 5138 delectio-

1799 5188 1902 5242 nis.
1945 5186 2123 5255 Neque
2169 5199 2298 5239 vero
2338 5198 2457 5251 quae
2495 5191 2616 5252 post
2658 5180 2978 5251 baptismum
3004 5179 3195 5246 scripta
3225 5184 3372 5240 sunt,

1801 5289 2000 5335 tantum
2028 5279 2301 5341 delentur;
2332 5275 2425 5332 sed
2456 5275 2612 5331 etiam
2644 5289 2760 5344 quae
2786 5281 2909 5326 ante
2934 5272 3197 5326 lavacrum
3241 5267 3373 5320 scri-

1802 5380 1887 5442 pta
1917 5370 2143 5434 fuerant,
2175 5369 2263 5422 illa
2288 5367 2464 5423 omnia
2492 5365 2740 5437 baptismi
2769 5379 2902 5434 aqua
2931 5357 3196 5416 etChristi
3218 5371 3376 5411 cruce

1800 5463 2060 5528 delentur,
2093 5463 2232 5518 sicut
2257 5469 2313 5518 et
2341 5461 2535 5516 Paulus
2575 5462 2650 5514 ait
2677 5477 2691 5514 :
2721 5457 2925 5520 Detens,
2968 5453 3101 5523 quod
3139 5451 3375 5503 adversus

1800 5570 1890 5609 nos
1911 5563 2034 5618 erat,
2066 5553 2478 5624 chirographum,
2502 5549 2636 5622 quod
2659 5558 2764 5603 erat
2781 5543 3094 5607 contrarium
3117 5541 3257 5594 nobis
3282 5555 3301 5592 :
3331 5547 3378 5593 et

1800 5647 1964 5716 ipsum
1990 5646 2101 5699 tulit
2129 5647 2190 5699 de
2209 5645 2388 5709 medio,
2413 5642 2626 5712 aigens
2643 5639 2772 5693 illud
2791 5636 2928 5691 cruci
2948 5634 3164 5702 (Coloss.
3183 5631 3237 5687 2.
3263 5631 3374 5699 14).

1801 5735 1960 5791 Vides
1977 5752 2081 5804 quo
2099 5745 2249 5804 pacto
2269 5734 2498 5788 deletum
2517 5731 2672 5785 fuerit
2690 5726 2814 5782 illud
2833 5723 3278 5796 chirographum?
3293 5735 3380 5778 ne-

1919 5829 1990 5877 sic
2011 5830 2199 5886 omnes,
2222 5824 2308 5874 sed
2329 5828 2408 5874 est.
2428 5820 2691 5880 Malacbias,
2716 5831 2811 5868 non
2840 5817 3066 5867 uictimas.
