3908 6300
532 372 637 427 465

530 508 636 564 que
655 493 885 550 deletum
906 491 1232 558 tantum,sed
1255 493 1410 546 etiam
1439 489 1703 559 diruptum
1725 498 1824 551 est,
1839 503 1958 542 cum
1977 485 2104 541 illud

532 585 708 641 crucis
732 584 867 641 clavi
886 583 1259 648 consciderint,
1275 585 1351 636 sic
1369 591 1424 636 ut
1445 583 1626 636 inutile
1651 581 1977 636 redderetur.
2009 580 2106 633 Vc-

531 693 649 732 rum
676 677 761 732 illa
789 677 1001 748 quidem
1033 678 1196 746 gratia
1225 686 1277 730 et
1317 675 1640 744 benignitate
1666 674 1876 728 virtutis
1905 671 2102 727 Christi

530 767 766 824 cruciﬁxi
793 778 978 822 cuncta
999 768 1168 821 deleta
1187 775 1338 829 sunt;
1363 781 1478 835 qua:
1498 779 1624 819 vero
1646 773 1765 834 post
1783 763 2102 832 baptismum

529 857 811 911 commissa
824 868 964 922 sunt,
985 857 1150 911 multo
1165 856 1394 926 indigent
1412 855 1604 918 studio,
1619 863 1678 908 ut
1697 868 1877 909 rursus
1893 853 2106 907 delean-

530 956 614 999 tur
633 962 648 1010 ;
671 946 1094 1017 quandoquidem
1111 961 1279 1016 neque
1301 945 1588 1000 secundum
1604 953 1686 999 est
1705 945 1991 1008 lavacrum,
2010 943 2100 998 sed

525 1036 774 1106 lacrymis
788 1035 1019 1106 indigent
1033 1037 1245 1099 nostris,
1263 1036 1588 1105 paenitentia,
1603 1033 1954 1099 confessione,
1971 1035 2104 1088 eiec-

526 1140 768 1199 mosyna,
785 1127 1283 1198 precibus,aliisque
1301 1126 1580 1196 generibus
1600 1124 1840 1179 omnibus
1863 1125 2098 1194 pietatis:

527 1217 604 1269 sic
627 1218 782 1270 etiam
811 1227 927 1286 post
944 1218 1260 1286 baptismum
1279 1217 1520 1273 delentur
1542 1225 1774 1285 peccata,
1794 1217 1958 1270 multo
1980 1231 2100 1269 cum

526 1305 706 1362 labore
731 1316 786 1362 et
812 1307 1134 1378 fatigatione.
1163 1309 1384 1362 Omnem
1413 1307 1569 1377 igitur
1606 1306 1952 1360 adhibeamus
1979 1307 2100 1360 dili-

523 1399 778 1467 gentiam,
801 1409 857 1451 ut
883 1414 944 1453 ea
971 1399 1244 1454 deleamus
1269 1413 1332 1452 ex
1363 1398 1464 1452 hoc
1495 1406 1750 1466 tempore,
1782 1405 1836 1452 et
1856 1397 1907 1450 in
1937 1397 2100 1450 altera

527 1490 634 1542 vita
674 1489 958 1544 subeundis
989 1490 1196 1559 probris
1219 1504 1282 1543 ac
1309 1488 1581 1557 suppliciis
1620 1489 1924 1542 liberemur.
1953 1487 2102 1541 Licet

523 1579 666 1631 enim
690 1589 934 1634 sexcenta
962 1589 1175 1648 peccata
1206 1580 1648 1644 commiserimus,
1672 1579 1714 1631 si
1739 1579 1981 1645 velimus,
2008 1580 2101 1634 has

524 1685 712 1725 omnes
739 1671 1026 1740 poterimus
1052 1673 1287 1726 sarcinas
1323 1680 1655 1740 peccatorum
1685 1671 1967 1740 deponere.
1996 1670 2104 1726 Ve-

528 1763 686 1818 limus
708 1779 868 1834 ergo;
901 1765 1068 1819 multo
1107 1765 1246 1818 enim
1296 1765 1485 1818 melius
1532 1774 1614 1818 est
1655 1772 1728 1828 ut,
1759 1764 1965 1817 modico
2015 1762 2100 1831 hic

524 1855 790 1909 exantlato
835 1856 1053 1920 labore,
1103 1855 1389 1910 inevitabili
1457 1854 1718 1924 supplicio
1782 1854 2096 1918 liberemur,

521 1961 676 2014 quam
703 1957 759 2000 ut
785 1947 872 2002 ubi
916 1947 1014 2002 hoc
1053 1947 1295 2016 perbrevi
1342 1956 1579 2015 tempore
1626 1945 1733 1999 otio
1775 1959 1838 1998 ac
1881 1944 2097 1999 desidiae

520 2035 916 2102 indulserimus,
942 2039 994 2091 in
1027 2053 1210 2106 pmnas
1247 2036 1362 2090 illas
1389 2044 1616 2091 aeternas
1645 2034 1957 2091 incidamus.
1991 2033 2097 2089 Sed

518 2125 628 2192 jam
661 2133 868 2196 tempus
894 2137 996 2194 est,
1023 2136 1080 2181 ut
1105 2143 1222 2198 qua“:
1247 2128 1384 2182 dicta
1413 2136 1536 2182 sunt
1575 2142 1964 2182 recenseamus.
1990 2127 2096 2182 Ob-

513 2217 839 2285 jurgavimus
869 2233 980 2282 eos,
1005 2219 1092 2288 qui
1119 2219 1284 2273 semel
1312 2227 1513 2272 tantum
1543 2232 1634 2287 per
1655 2234 1847 2271 annum
1877 2217 1981 2271 huc
2005 2233 2097 2272 ve-

519 2307 689 2374 niunt,
712 2307 853 2376 quod
880 2308 1196 2362 denudatam
1224 2323 1344 2362 esse
1373 2316 1597 2362 matrem
1627 2308 1831 2371 sinant;
1856 2316 2092 2362 veterem

515 2396 622 2449 illis
667 2395 962 2461 historiam,
1010 2393 1434 2451 maledictionem
1480 2404 1536 2450 et
1576 2395 1997 2450 benedictionem
2038 2395 2090 2448 in

518 2487 830 2539 memoriam
873 2487 1291 2554 ,‘revocavimus:
1340 2487 1408 2541 de
1453 2486 1684 2540 Judaicis
1723 2484 2093 2541 festivitatibus

514 2577 878 2640 disseruimus,
905 2586 960 2632 et
982 2593 1080 2647 qua
1110 2577 1175 2632 de
1198 2594 1354 2633 causa
1384 2587 1462 2633 ter
1502 2580 1554 2632 in
1603 2593 1741 2632 anno
1790 2578 1887 2631 sibi
1934 2592 2094 2649 appa-

516 2681 633 2720 rere
673 2667 856 2736 jnbeat
883 2667 1023 2721 Deus
1050 2667 1263 2723 Judteos
1293 2686 1304 2721 :
1334 2669 1565 2722 diximus
1611 2667 1948 2722 festivitatem
1969 2684 2090 2723 esse

511 2760 700 2826 quovis
743 2769 1000 2829 tempore,
1053 2760 1422 2826 Pentecosten,
1464 2762 1588 2816 item
1634 2760 1856 2828 Pascha,
1886 2770 1938 2815 et
1960 2760 2089 2830 Epi-

512 2849 758 2917 phaniam
789 2868 802 2904 :
831 2851 1059 2906 diximus
1088 2852 1464 2906 conscientiam
1497 2866 1679 2920 puram
1701 2851 1912 2906 efﬁcere
1940 2851 2086 2904 festi-

510 2941 767 3006 vitatem,
818 2956 925 2996 non
973 2941 1176 2996 dierum
1237 2953 1603 3012 temporumve
1663 2943 2086 2997 conversionem.

511 3028 640 3085 Inde
665 3031 888 3101 digressi
918 3046 1098 3086 sumus
1123 3033 1187 3087 ad
1209 3033 1346 3087 dona
1367 3033 1434 3088 de
1455 3033 1586 3088 caelo
1605 3033 1866 3097 demissa;
1897 3047 2087 3088 recon—

1175 371 1237 433 S.
1277 377 1556 436 JOANNIS
1591 371 2070 433 CHRYSOSTOMI
2109 372 2421 430 ARCHIEP.
2461 373 2991 431 CONSTANTINOP.
3097 370 3103 398 '

3683 379 3784 433 tot
3874 455 3875 464 γ

2210 487 2490 542 ciliationis
2534 487 2636 542 hoc
2683 487 2933 544 indicium
2979 502 3100 544 esse
3145 487 3418 544 diximus:
3458 473 3790 546 ostendimus

2208 579 2396 635 adesse
2413 579 2662 651 Spiritum
2678 591 2917 636 sanctum
2933 597 2998 637 ex
3013 582 3328 638 remissione
3347 592 3704 651 peccatorum.
3723 599 3789 638 ex

2209 672 2559 740 responsione
2599 669 2733 726 facta
2776 673 2995 742 pastori,
3023 687 3089 728 ex
3132 674 3406 742 sapientiae
3443 673 3790 740 scientiaeque

2208 777 2477 830 sermone,
2519 779 2585 818 ex
2630 763 3069 830 ordinationibus,
3109 779 3177 818 ex
3215 764 3442 835 mystico
3479 764 3742 819 sacrificio
3773 783 3786 816 :

2207 853 2438 909 diximus
2477 853 2689 909 obsides
2740 865 2950 910 mutuos
2999 870 3062 911 ac
3103 857 3321 925 pignora
3361 871 3458 909 nos
3496 856 3731 910 retinere
3771 873 3785 910 :

2207 959 2419 999 causam
2463 945 2796 1011 addidimus,
2847 946 2917 1000 ob
2959 961 3116 1016 quam
3156 947 3360 1000 sublata
3404 962 3544 1000 nunc
3593 953 3720 1000 sunt
3757 963 3789 1000 e

2209 1035 2383 1089 medio
2423 1036 2571 1104 signa
2601 1052 2614 1087 :
2647 1035 2904 1091 tremendi
2927 1047 3106 1105 postea
3133 1036 3316 1103 judicii
3356 1037 3669 1091 memoriam
3692 1052 3784 1091 res

2206 1128 2537 1189 novavimus,
2560 1141 2622 1181 ac
2646 1141 2828 1182 eorum
2855 1127 2944 1196 qui
2985 1137 3107 1182 tunc
3149 1129 3458 1195 aperiuntur
3503 1128 3782 1191 librorum,

2206 1226 2258 1270 et
2282 1216 2727 1286 quemadmodum
2770 1217 2945 1271 omnia
2992 1227 3205 1287 peccata
3245 1228 3420 1274 nostra
3449 1221 3784 1288 perscriban-

2206 1317 2291 1362 tur
2321 1326 2334 1361 :
2364 1309 2694 1364 ostendimus
2718 1323 2900 1363 rursus
2927 1325 2989 1364 ea
3017 1309 3202 1373 deleri,
3235 1309 3278 1364 si
3309 1310 3555 1365 velimus.
3576 1310 3781 1364 Horum

2205 1400 2442 1454 omnium
2490 1400 2880 1466 recordamini;
2933 1401 2976 1455 si
3022 1415 3151 1456 vero
3195 1401 3311 1455 fieri
3359 1417 3465 1456 non
3505 1412 3681 1472 potest
3723 1412 3782 1458 ut

2205 1491 2460 1555 omnium,
2487 1491 2748 1545 sermonis
2779 1491 2918 1545 illius
2945 1491 3010 1546 de
3036 1492 3182 1546 libris
3201 1492 3436 1547 omnium
3459 1493 3576 1548 loco
3595 1509 3775 1548 recor-

2203 1579 2421 1645 damini,
2449 1591 2502 1635 et
2546 1596 2892 1650 quaecumque
2936 1581 3334 1650 respouderitis,
3381 1592 3649 1653 tamquam
3679 1585 3778 1638 ha-

2203 1671 2371 1726 beatis
2417 1687 2559 1736 eum,
2593 1672 2680 1741 qui
2718 1671 2874 1736 adsit,
2902 1681 2956 1727 et
2984 1688 3044 1726 ea
3076 1673 3288 1735 scribat,
3321 1674 3391 1727 ita
3419 1683 3572 1729 caute
3602 1676 3777 1743 loqui-

2204 1762 2352 1824 mini,
2383 1777 2444 1815 ac
2473 1777 2682 1830 semper
2711 1772 2977 1817 recentem
3011 1763 3197 1817 horum
3248 1765 3528 1820 verborum
3569 1781 3778 1821 memo-

2201 1853 2334 1906 riam
2364 1861 2674 1907 conservate
2703 1871 2715 1906 :
2745 1864 2799 1906 ut
2823 1869 3005 1907 eorum
3036 1855 3272 1924 quidem,
3307 1871 3532 1924 quorum
3562 1857 3777 1912 nomina

2201 1943 2392 2011 scripta
2418 1951 2542 1996 sunt
2569 1943 2618 1995 in
2646 1943 3077 2011 librojuslorum,
3109 1953 3251 1998 recte
3283 1943 3542 2000 factorum
3588 1963 3777 2002 nume-

2200 2049 2316 2088 rum
2360 2036 2630 2103 augeatis;
2693 2051 2916 2104 quorum
2961 2046 3136 2090 autem
3178 2037 3340 2112 mplta
3385 2039 3512 2092 inibi
3561 2044 3777 2107 peccata

2199 2137 2323 2180 sunt
2339 2128 2556 2195 scripta,
2579 2126 2662 2180 hic
2679 2142 2739 2181 ea
2758 2127 2967 2182 nemine
2983 2129 3185 2183 sciente
3207 2128 3446 2182 delentes
3463 2130 3774 2200 divulgatio-

2199 2230 2319 2268 nem
2365 2217 2506 2269 illam
2546 2215 2875 2285 elfugiamus.
2922 2217 3207 2271 Possumus
3251 2219 3412 2283 enim,
3445 2227 3501 2272 ut
3531 2220 3776 2274 ostendi-

2197 2322 2336 2368 mus,
2385 2306 2622 2361 adhibito
2667 2306 2862 2372 studio,
2897 2308 3140 2375 precibus
3167 2349 3182 2374 ,
3233 2323 3296 2361 ac
3341 2307 3564 2362 ferventi
3606 2309 3775 2364 devo-

2198 2397 2360 2457 tione,
2393 2411 2508 2465 qua:
2537 2396 2730 2465 scripta
2772 2393 2914 2462 su‘nt,
2943 2398 3116 2450 omnia
3161 2405 3376 2466 peccata
3419 2397 3618 2453 delere.
3666 2399 3777 2454 Hoc

2196 2484 2352 2554 igitur
2391 2484 2574 2552 quovis
2623 2494 2858 2553 tempore
2890 2485 3214 2550 studeamus,
3246 2495 3303 2540 ut
3327 2502 3447 2541 cum
3477 2487 3604 2541 illuc
3632 2488 3777 2544 abie-

2198 2575 2384 2638 rimus,
2413 2575 2640 2644 aliquam
2666 2575 2904 2630 obtinere
2942 2577 3148 2632 veniam
3192 2579 3474 2647 possimus,
3504 2589 3557 2633 et
3588 2595 3776 2636 omnes

2197 2665 2548 2719 inexorabiles
2573 2680 2754 2734 poenas
2778 2667 3007 2737 effugere
3037 2687 3049 2721 :
3081 2668 3270 2739 quibus
3299 2685 3394 2724 nos
3427 2671 3630 2725 utinam
3655 2687 3774 2727 om-

2197 2771 2292 2810 nes
2343 2756 2600 2810 liberatos
2645 2773 2863 2827 regnum
2907 2758 3156 2812 caelorum
3195 2759 3435 2815 obtinere
3472 2763 3771 2831 contingat,

2193 2848 2356 2917 gratia
2385 2854 2436 2900 et
2463 2846 2782 2916 benignitate
2808 2845 3013 2902 Domini
3035 2842 3209 2908 nostri
3235 2849 3360 2904 Jesu
3395 2850 3610 2916 Christi,
3648 2863 3774 2906 cum

2193 2954 2296 3008 quo
2319 2938 2457 2992 Patri
2485 2946 2537 2992 et
2563 2937 2776 3006 Spiritui
2798 2947 2980 2992 sancto
3015 2940 3206 3008 gloria,
3238 2940 3428 3006 honor,
3458 2941 3762 3009 imperium,

2199 3045 2335 3084 nunc
2356 3038 2408 3084 ct
2428 3043 2656 3097 semper,
2684 3038 2737 3082 et
2763 3027 2814 3081 in
2845 3030 3036 3082 saecula
3065 3030 3398 3084 swculorum.
3432 3025 3622 3085 Amen.

2831 3136 3760 3160 Μ

1372 3208 1529 3289 DE
1582 3205 2022 3290 SANCTA
2079 3181 2843 3287 PENTECOSTE.

1831 3341 2438 3421 ωωθω»

1143 3479 1354 3522 ιιοιιιιιλ
1372 3484 1407 3522 ιι
1428 3467 1523 3537 (a).

583 3555 634 3611 Ι.
673 3555 964 3612 Pentecoste
1000 3561 1286 3628 metropolis
1326 3561 1584 3629 festorum.
1613 3588 1684 3600 --
1709 3559 1892 3627 Magna
1921 3567 2080 3621 sunt,

509 3645 869 3710 dilectissimi,
903 3662 1000 3701 nec
1027 3647 1130 3700 ulla
1177 3656 1394 3716 possunt
1419 3647 1644 3702 humana
1671 3647 1908 3702 oratione
1933 3662 2082 3702 com-

510 3734 788 3802 prehendi,
812 3751 930 3804 qua:
955 3737 1104 3792 nobis
1130 3737 1384 3793 hodierno
1408 3739 1494 3794 die
1520 3753 1549 3793 a
1576 3739 1954 3809 benignissimo
1975 3740 2082 3794 Deo

506 3827 770 3895 impertita
805 3839 927 3882 sunt
955 3829 1110 3883 dona.
1143 3829 1494 3897 Quamobrem
1521 3847 1706 3886 omnes
1731 3832 2083 3886 communiter

505 3919 863 3986 gaudeamus,
895 3929 949 3974 et
978 3920 1153 3975 Iustitia
1181 3921 1506 3978 exsultantes
1532 3922 1810 3977 Dominum
1842 3931 2081 3977 nostrum

508 4008 802 4064 laudemus.
830 4009 1108 4065 Festivitas
1133 4013 1272 4069 enim
1303 4013 1648 4083 publicusque
1671 4022 1959 4068 conventus
1988 4028 2083 4067 no-

505 4099 589 4154 bis
609 4109 689 4154 est
709 4100 822 4156 dies
843 4099 1149 4156 hodiernus.
1173 4103 1303 4158 Nam
1325 4103 1766 4173 quemadmodum
1785 4103 1837 4157 in
1859 4112 2083 4174 quatuor

505 4193 628 4246 anni
669 4202 1038 4264 tempestatum
1067 4210 1129 4250 ac
1165 4197 1510 4252 solstitiorum
1540 4197 1899 4251 vicissitudine
1927 4197 2080 4251 alteri

504 4283 739 4338 succedit
778 4286 944 4340 altera
973 4303 986 4338 :
1015 4287 1090 4340 sic
1120 4287 1366 4341 nimirum
1405 4296 1459 4342 et
1503 4288 1554 4341 in
1598 4287 1831 4342 Ecclesia
1874 4287 2092 4342 Domini

503 4371 761 4428 festivitas
788 4373 912 4429 dum
944 4373 1211 4429 festivitati
1237 4377 1502 4441 succedit,
1533 4377 1598 4431 ad
1628 4393 1745 4432 sese
1774 4387 1956 4431 mutuo
1982 4391 2079 4431 nos

505 4463 884 4519 transmittunt.
929 4463 1107 4534 Nuper
1144 4465 1318 4534 itaque
1355 4464 1548 4520 festum
1575 4466 1758 4521 Crucis
1788 4468 2077 4522 celebravi-

503 4569 658 4619 mus,
703 4554 1010 4618 Passionis,
1053 4553 1500 4618 Resurrectionis,
1537 4570 1597 4608 ac
1636 4555 1827 4611 deinde
1871 4557 2076 4612 Domini

501 4645 668 4698 nostri
695 4644 820 4722 Jesu
849 4644 1044 4699 Christi
1075 4644 1125 4698 in
1155 4645 1313 4700 caios
1339 4647 1642 4710 Ascensus;
1673 4644 1829 4700 hodie
1868 4646 2078 4702 tandem

500 4733 567 4786 ad
595 4734 762 4802 ipsum
790 4735 996 4790 culmen
1026 4735 1282 4789 bonorum
1317 4735 1546 4804 provecti
1576 4751 1787 4804 sumus,
1815 4737 1878 4792 ad
1910 4739 2076 4809 ipsam

502 4825 838 4893 metropolim
883 4826 1138 4881 festorum
1177 4827 1476 4893 evasimus,
1522 4827 1586 4882 ad
1634 4828 1856 4884 fructum
1905 4832 2075 4901 ipsum

503 4915 782 4971 dominica
831 4917 1192 4986 promissionis
1232 4918 1585 4990 pervenimus.
1618 4918 1680 4975 Si
1713 4921 1842 4974 enim
1871 4924 2038 4976 abiero
2059 4966 2073 4989 ,

504 5009 706 5078 inquit,
735 5020 824 5080 ego
851 5011 1007 5063 alium
1037 5009 1358 5066 Paracletum
1378 5011 1567 5065 mittam
1599 5013 1752 5080 vobis,
1784 5022 1829 5067 et
1867 5032 1965 5068 non
1994 5033 2075 5070 re-

501 5101 724 5171 linquam
751 5118 836 5155 vos
866 5103 1118 5172 orphanos
1145 5103 1334 5170 (Joan.
1365 5103 1450 5159 16.
1481 5105 1564 5174 7).
1591 5105 1790 5160 Videtis
1818 5108 2074 5162 sollicitu-

499 5192 723 5247 dinem?
764 5193 954 5248 videtis
996 5194 1316 5250 inelfabilem
1356 5195 1765 5266 benignitatem?
1805 5199 1941 5252 Ante
1980 5201 2076 5253 hos

498 5285 615 5340 dies
643 5287 694 5340 in
722 5286 908 5339 cadum
939 5286 1197 5351 ascendit,
1230 5287 1429 5356 regium
1463 5288 1708 5342 thronum
1744 5290 1960 5358 recepit,
1992 5305 2077 5346 se-

498 5378 618 5431 dem
649 5376 714 5430 ad
751 5375 924 5431 Patris
957 5375 1227 5432 dexteram
1268 5380 1628 5446 recuperavit;
1655 5389 1707 5434 et
1737 5379 1895 5433 hodie
1924 5380 2075 5435 nobis

498 5466 667 5520 sancti
706 5465 931 5535 Spiritus
967 5467 1249 5522 adventum
1289 5468 1508 5538 largitur
1530 5513 1542 5535 ,
1576 5485 1638 5524 ac
1676 5485 1770 5539 per
1809 5471 1977 5538 ipsum
2009 5472 2075 5526 de

497 5558 642 5614 leis
689 5571 938 5614 sexcenta
983 5559 1134 5615 nobis
1179 5563 1315 5616 bona
1363 5563 1680 5632 suppeditat.
1717 5562 1850 5630 Quid
1892 5564 2030 5617 enim
2057 5603 2070 5622 .

498 5663 680 5718 quasso
699 5691 715 5716 ,
744 5664 926 5705 eorum
950 5690 966 5717 ,
997 5651 1187 5720 auibus
1220 5653 1363 5705 salus
1395 5661 1570 5705 nostra
1601 5653 1899 5706 continetur
1919 5693 1933 5718 ,
1968 5669 2072 5708 non

503 5761 846 5880 “(asapia
858 5776 969 5816 cum
991 5770 1096 5815 ass.
1119 5771 1236 5828 Reg.
1269 5762 1406 5823 uno,
1449 5762 1592 5824 2027,
1617 5763 1756 5824 auso,
1775 5763 1914 5824 ξω,
1930 5764 2070 5827 2899,

2193 3477 2287 3530 per
2310 3459 2559 3528 Spiritum
2582 3459 2940 3528 dispensatum
2963 3469 3043 3514 est
3065 3459 3263 3514 nobis?
3289 3471 3384 3529 per
3408 3460 3575 3528 ipsum
3600 3475 3628 3514 a
3651 3473 3765 3517 ser-

2191 3552 2354 3604 vitute
2382 3549 2688 3615 liberamur,
2716 3549 2768 3602 in
2805 3550 3099 3604 libertatem
3127 3563 3396 3614 vocamur,
3432 3551 3482 3604 in
3520 3550 3764 3620 adoptio-

2192 3656 2311 3695 nem
2342 3639 2684 3704 deducimur,
2713 3654 2776 3694 ac
2810 3640 3016 3703 denuo,
3045 3649 3102 3693 ut
3142 3641 3210 3694 ita
3248 3640 3449 3703 dicam,
3483 3640 3761 3712 ﬁngimur,

2189 3745 2348 3800 grave
2379 3729 2724 3798 fmlidumqne
2767 3739 3099 3798 peccatorum
3127 3746 3259 3785 onus
3285 3730 3595 3801 deponimus
3625 3750 3640 3787 :
3669 3749 3765 3802 per

2187 3820 2442 3890 Spiritum
2479 3827 2716 3874 sanctum
2750 3822 3081 3875 sacerdotum
3116 3824 3382 3876 cernimus
3409 3822 3631 3886 choros.
3661 3824 3762 3880 do-

2187 3922 2392 3966 ctorum
2437 3909 2650 3964 ordines
2693 3909 2949 3966 habemus
2981 3929 2994 3964 :
3027 3912 3094 3965 ab
3137 3911 3238 3966 hoc
3278 3912 3422 3967 fonte
3458 3924 3676 3969 manant
3707 3925 3761 3970 et

2186 4003 2560 4058 revelationum
2591 4003 2930 4068 donationes,
2959 4012 3012 4058 et
3035 4003 3216 4074 gratiae
3242 4005 3552 4071 sanitatum;
3587 4016 3643 4062 et
3673 4022 3759 4061 re-

2186 4093 2327 4162 liqua
2354 4093 2526 4147 omnia
2548 4133 2562 4158 ,
2594 4093 2782 4162 quibus
2812 4091 3047 4147 Ecclesia
3079 4093 3169 4147 Dei
3207 4093 3551 4149 condecorari
3584 4098 3755 4160 solet,

2186 4182 2309 4237 inde
2337 4191 2666 4252 promuntur.
2697 4182 2806 4237 Hoc
2843 4182 2970 4236 illud
3007 4192 3088 4238 est
3110 4224 3124 4248 ,
3153 4185 3292 4254 quod
3330 4186 3522 4240 clamat
3564 4186 3759 4241 Paulus

2185 4271 2267 4329 bis
2295 4275 2491 4333 verbis.
2530 4274 2656 4330 Haec
2688 4277 2856 4337 omnia
2884 4285 3119 4344 operatur
3142 4292 3270 4330 unus
3297 4287 3444 4346 atque
3479 4278 3610 4332 idem
3638 4278 3764 4349 Spi-

2183 4363 2338 4430 ritus,
2370 4365 2594 4418 ditudens
2621 4366 2851 4434 privatim
2875 4365 3103 4434 singulis,
3132 4376 3277 4434 prout
3301 4367 3404 4419 vult
3428 4368 3488 4434 (l
3520 4367 3637 4421 Cor.
3667 4369 3756 4422 12.

2187 4453 2277 4521 il)
2306 4470 2318 4504 :
2347 4462 2503 4522 prout
2529 4452 2655 4517 vult,
2686 4453 2876 4522 inquit,
2905 4467 3006 4506 non
3038 4463 3192 4522 prout
3213 4455 3426 4523 jubetur
3455 4474 3467 4509 :
3491 4455 3756 4518 dividens,

2184 4559 2289 4598 non
2332 4543 2562 4608 divisus;
2603 4553 2872 4598 auctorem
2917 4557 2975 4598 se
3014 4545 3286 4614 praebens,
3319 4564 3420 4600 non
3459 4550 3761 4604 auctoritati

2184 4636 2475 4705 subjectus.
2507 4637 2758 4693 Eamdem
2781 4639 2973 4709 quippe
3001 4649 3334 4709 potestatem,
3359 4659 3513 4712 quam
3545 4644 3760 4700 Patrem

2184 4725 2378 4782 habere
2421 4735 2641 4782 testatus
2681 4736 2798 4795 est,
2834 4729 2970 4784 hanc
3002 4739 3054 4785 et
3087 4731 3302 4800 Spiritui
3343 4744 3525 4789 sancto
3564 4735 3761 4790 Paulus

2181 4816 2435 4870 attribuit.
2469 4817 2537 4872 Et
2561 4819 3003 4888 quemadmodum
3029 4821 3095 4875 de
3125 4822 3282 4877 Patre
3307 4823 3452 4882 dicit.
3483 4823 3617 4879 Deus
3642 4843 3760 4880 vero

2182 4921 2272 4975 est,
2300 4913 2383 4981 qui
2411 4924 2644 4982 operatur
2669 4915 2834 4968 omnia
2861 4915 2914 4968 in
2943 4916 3171 4969 omnibus
3196 4917 3269 4984 (l.
3294 4915 3405 4970 Cor.
3441 4917 3524 4970 12.
3555 4918 3614 4988 6)
3642 4939 3654 4971 :
3680 4923 3760 4976 sic

2180 5005 2248 5057 de
2275 5002 2472 5073 Spiritu
2507 5015 2721 5070 sancto,
2753 5005 2878 5059 Haec
2911 5011 3078 5060 omnia
3097 5051 3111 5074 ,
3140 5009 3336 5078 inquit,
3365 5020 3601 5075 operatur
3627 5029 3762 5067 unus

2181 5104 2328 5162 atque
2367 5094 2497 5148 idem
2538 5094 2761 5164 Spiritus
2780 5137 2795 5161 ,
2823 5096 3046 5150 dividens
3080 5099 3310 5167 privatim
3337 5100 3549 5170 singulis
3567 5143 3579 5164 ,
3610 5115 3763 5172 prout

2179 5187 2284 5238 vult
2312 5183 2486 5256 (Ibid.
2529 5201 2577 5240 υ.
2609 5187 2665 5239 ll
2695 5185 2734 5254 ).
2765 5186 2945 5241 Viden‘
2975 5198 3028 5242 tu
3070 5188 3353 5258 perfectam
3397 5201 3714 5259 potestatem
3741 5195 3766 5247 τ

2180 5276 2414 5343 Quorum
2446 5277 2586 5331 enim
2614 5287 2799 5331 natura
2829 5287 2912 5333 est
2939 5296 3061 5346 una,
3097 5281 3235 5335 haud
3264 5282 3477 5337 duhium
3503 5287 3629 5353 quin
3661 5300 3763 5339 eo-

2179 5381 2298 5419 rum
2343 5379 2444 5418 una
2483 5367 2552 5419 sit
2587 5368 2871 5422 auctoritas
2901 5387 2915 5422 :
2941 5377 2996 5423 et
3027 5384 3248 5439 quorum
3287 5373 3503 5441 aequalis
3540 5373 3764 5429 honoris

2178 5466 2260 5510 est
2283 5459 2551 5526 majestas,
2580 5473 2760 5512 eorum
2784 5470 2837 5514 et
2862 5461 3026 5514 virtus
3055 5476 3117 5514 ac
3141 5470 3373 5531 potestas
3398 5471 3480 5540 est
3503 5480 3625 5517 una.
3655 5465 3763 5519 Per

2179 5544 2321 5599 hunc
2346 5557 2676 5615 peccatorum
2708 5550 3072 5605 remissionem
3103 5551 3423 5606 obtinuimus
3449 5569 3462 5606 :
3491 5569 3588 5622 per
3616 5554 3761 5611 hunc

2178 5636 2363 5690 sordes
2391 5651 2576 5692 omnes
2603 5637 2946 5693 abstersimus
2977 5658 2989 5693 :
3021 5655 3114 5709 per
3143 5641 3295 5710 hujus
3320 5641 3658 5698 donationem
3690 5661 3758 5699 ex

2179 5726 2479 5782 hominibus
2505 5729 2678 5798 angeli
2709 5729 2828 5783 facti
2864 5746 3047 5786 sumus
3071 5771 3085 5795 ,
3112 5733 3198 5801 qui
3229 5732 3294 5787 ad
3320 5733 3541 5802 gratiam
3569 5750 3758 5789 accur-

2179 5819 2344 5874 rimus
2366 5861 2381 5889 ,
2409 5835 2512 5876 non
2539 5831 2722 5876 natura
2749 5823 2932 5877 mutati
2957 5862 2973 5892 ,
3001 5823 3094 5879 sed
3122 5825 3262 5894 quod
3288 5823 3457 5883 multo
3483 5838 3565 5882 est
3595 5828 3761 5882 mira-
