3908 6300
201 311 310 370 ιετ

199 437 438 526 σταυροῦ
473 443 788 526 ,σχισάντων
823 443 976 511 αὐτὸ,
1009 445 1149 501 ὥστε
1195 451 1446 518 γενέσθαι
1486 454 1778 526 ἄχρηστον.

1211 317 1301 375 DE
1337 320 1604 379 SANCTA
1638 320 2115 379 PENTECOS'I‘E.
2157 321 2389 379 IIOMIL.
2423 318 2489 376 ῐῐ.

3367 325 3475 384 δϐό

1889 442 1976 496 διά
2007 443 2104 514 τῆς
2132 443 2382 512 ἀφέσεως
2408 441 2515 496 τῶν
2543 438 2976 513 ἁμαρτημάτων,
3003 440 3094 496 διά
3119 441 3219 513 τῆς
3246 440 3475 518 ἀποκρί-

210 521 350 574 ‘AD.’
377 523 563 607 ἐκεῖνα
611 526 711 594 μὲν
754 526 938 599 χάριτι
980 530 1076 582 καὶ
1111 531 1496 607 φιλανθρωπίᾳ.
1525 521 1645 607 τῆς
1685 537 1779 592 τοῦ
1892 545 2030 592 σεως
2049 529 2148 600 τῆς
2177 528 2311 600 πρὸς
2335 528 2425 580 τδν
2452 526 2706 598 ποιμένα,
2733 525 2822 580 διὰ
2844 525 2934 580 τοῦ
2956 526 3114 595 λόγου
3135 527 3234 597 τῆς
3259 529 3471 598 σοφίας.

198 605 608 688 σταυρωθέντος
635 610 872 680 Χριστοῦ
915 612 1099 682 ἰσχύος
1139 605 1321 670 πάντα
1341 605 1656 688 ἐξήλειπται
1677 638 1690 652 ο
1713 620 1784 673 τά

195 687 254 772 δὲ
286 688 432 772 μετά
461 689 524 772 τὸ
571 689 854 764 βάπτισμα
899 695 1100 768 πολλῆς
1134 699 1321 770 χρείαν
1362 687 1475 772 ἔχει
1521 703 1780 772 σπουδῆς,

197 770 340 856 ῶστε
366 769 756 856 Δἐξαλειφθῆναι
791 769 1206 852 πάλιν.Ἐπειδὴ
1242 782 1366 854 μηδ’
1382 769 1504 837 ἔστι
1531 769 1782 856 δεύτερον

197 852 440 938 λουτρὸν,
480 847 613 938 ἀλλά
657 857 768 910 τῶν
816 859 1066 931 δακρύων
1097 847 1268 919 δεῖται
1304 847 1425 920 ’τῶν
1472 847 1779 938 ἡμετέρῶν,

200 935 512 1021 μετανοίας,
545 937 1006 1012 ἐξομολογήσεως,
1037 945 1428 1019 ἐλεημοσύνης,
1467 935 1664 1021 εῦχῆςξ
1689 953 1783 1005 καὶ

195 1018 300 1088 τῆς
325 1018 490 1104 ἀλλης
522 1021 740 1093 ἀπάσης
765 1025 1048 1092 εὐλαϐείας
1070 1043 1083 1058 ’
1113 1028 1256 1084 οὕτω
1289 1018 1384 1084 καί.
1421 1018 1564 1101 μετά
1588 1018 1652 1086 τὸ
1688 1033 1784 1104 βά-

197 1117 413 1183 πτισμα
461 1103 847 1177 ἐκκαθαίρεται
880 1108 1255 1182 ἁμαρτήματα
1287 1113 1426 1183 μετά
1460 1115 1617 1168 πόνου
1651 1103 1784 1169 πολ-

196 1181 294 1267 λοῦ
332 1185 427 1267 καὶ
457 1187 725 1256 καμάτου.
765 1191 954 1245 Πᾶσαν
984 1181 1161 1246 τοίνυν
1188 1181 1586 1267 ἐπιδαξὼμεθα
1615 1215 1784 1251 σπου-

194 1265 315 1351 δῂν,
350 1266 490 1351 ὥστε
521 1269 662 1322 αύτά
691 1270 967 1342 ἐξαλεῖψαι
991 1275 1262 1343 ἐντεῦθεν,
1290 1279 1386 1334 καὶ
1409 1265 1669 1351 αἰσχύνης
1689 1275 1784 1334 καῖ

196 1350 299 1434 τῆς
331 1349 604 1413 κολάσεως
628 1353 1010 1424 ἀπαλλαγῆναι
1040 1358 1142 1428 τῆς
1165 1361 1302 1414 ἐκεῖ.
1328 1363 1445 1416 Κᾶν
1473 1364 1583 1434 γάρ
1616 1349 1785 1434 μυρία

194 1425 350 1500 ὦμεν
374 1434 776 1504 ἡμαρτηκότες,
799 1437 865 1490 ἂν
893 1425 1165 1510 ἐθέλωμεν
1194 1425 1784 1515 δυνησόμεθαάπαντα

195 1515 371 1598 ταῦτα
403 1516 702 1570 ἀποθέσθαι
738 1518 846 1572 τῶν
869 1520 1282 1594 ἁμαρτημάτων
1308 1527 1377 1580 τὰ
1406 1528 1619 1598 φορτία.
1649 1530 1784 1582 Βου-

194 1594 453 1681 ληθῶμεν
480 1599 659 1653 τοίνυν
685 1615 699 1629 ⁸
735 1601 916 1672 πολλῷ
943 1603 1051 1675 γὰρ
1086 1605 1290 1675 βέλτιον
1325 1594 1520 1681 μικρόν
1551 1611 1784 1666 ἐνταῦθα

193 1679 538 1749 πονήσαντας
597 1682 970 1754 ἀπαραιτήτου
1029 1687 1302 1753 κολάσεως
1356 1679 1780 1766 ἀπαλλαγῆναι,

193 1760 351 1846 [ἐϐὃ]
455 1763 544 1816 τὸν
570 1763 776 1835 βραχὺν
799 1764 989 1821 τοῦτον
1018 1770 1440 1842 ρᾳθυμήσαντας
1476 1760 1665 1846 χρόνον
1704 1779 1784 1842 εἰς

192 1844 298 1930 τὰς
330 1845 647 1930 ,ἀθανάτους
690 1847 904 1913 ἐκείνας
949 1852 1207 1922 ἐμπεσεῖν
1252 1844 1689 1930 τιμωρίας.⁶Ὢρα
1726 1861 1784 1913 δὲ

192 1927 849 2014 λοιπὸνΑάναλογίσασθαι
902 1934 972 1988 τά
1021 1936 1286 2008 εἰρημένα
1311 1955 1326 1970 ·
1371 1927 1784 2014 ἐπετιμήσαμεν

193 2014 311 2074 τοῖς
351 2011 420 2064 δι’
442 2014 689 2067 ἐνιαυτοῦ
725 2015 884 2085 μόνον
911 2021 1393 2091 παραγινομένοις,
1427 2023 1509 2077 ὅτι
1535 2011 1633 2095 τὴν
1675 2011 1783 2096 μη-

192 2096 334 2163 τέρα
375 2098 672 2169 περιορῶσι
709 2102 1129 2174 γυμνουμένην·
1169 2105 1556 2178 ἀνεμνήσαμεν
1587 2108 1785 2172 αὐτοὺς

193 2178 443 2243 παλαιᾶς
475 2181 735 2252 ἱστορίας,
764 2183 859 2235 καὶ
904 2186 1150 2256 κατάρας
1181 2188 1276 2240 καὶ
1308 2189 1553 2258 εὐλογίας
1579 2205 1591 2218 ·
1624 2191 1784 2244 διελέ-

191 2262 408 2332 χθημεν
434 2262 563 2334 περὶ
579 2263 780 2334 ἑορτῶν
815 2265 1141 2333 Ἰουδαϊκῶν,
1166 2270 1260 2322 καὶ
1289 2271 1433 2334 τίνος
1461 2271 1646 2325 ἕνεκεν
1667 2273 1787 2342 τρὶς

186 2345 291 2398 τοῦ
320 2346 568 2400 ἐνιαυτοῦ
599 2346 814 2400 κελεύει
850 2351 978 2414 τοὺς
1010 2353 1294 2418 Ἰουδαίους
1323 2355 1609 2422 φαίνεσθαι
1635 2357 1786 2428 αὐτῷ

188 2430 222 2481 ὁ
247 2427 414 2492 Θεός·
447 2429 674 2501 είπομεν
699 2433 782 2486 ὅτι
811 2434 972 2505 ἑορτὴ
1004 2433 1296 2500 διαπαντός
1324 2438 1439 2492 ἐστι
1469 2440 1561 2492 καὶ
1582 2427 1788 2509 Πεντηί-

189 2513 386 2604 κρστὴ,
413 2514 530 2604 καί.
546 2515 759 2604 Πάσχα,
787 2517 881 2604 καί.
917 2518 1236 2604 Ἐπιφάνεια
1255 2538 1270 2552 ο
1306 2521 1530 2592 εἴπομεν
1559 2523 1640 2576 ὅτι
1669 2524 1788 2604 ἐορ-

187 2595 298 2663 τὴν
334 2597 576 2661 συνειδὸς
601 2602 746 2653 ποιεῖ
776 2600 1032 2671 καθαρὸν,
1063 2601 1161 2673 οὺχ
1191 2604 1411 2676 ἡμερῶν
1453 2605 1547 2659 καλ⁴
1579 2595 1787 2678 χρόνῶν

187 2679 448 2748 περίοδος
469 2699 482 2712 ·
522 2682 639 2751 μετ’
663 2683 840 2737 ἐκεῖνο
867 2683 1135 2756 ἐξέϐημεν
1165 2687 1258 2739 ἐπὶ
1301 2687 1368 2740 τά
1399 2687 1546 2760 δῶρα
1563 2689 1634 2741 τά
1655 2691 1789 2744 ἀνω-

187 2761 289 2814 θεν
341 2763 733 2834 κατενεχθέντα
759 2783 774 2797 ·
853 2766 1079 2838 εἴπομεν
1131 2770 1213 2822 ὅτι
1261 2771 1606 2843 καταλλαγῆς
1668 2774 1786 2825 ἐστι

184 2844 357 2897 τοῦτο
393 2848 619 2916 σημεῖον
639 2864 652 2878 ·
681 2849 967 2920 ἐδείξαμεν
997 2851 1079 2906 ὅτι
1111 2852 1342 2923 πάρεστι
1380 2853 1603 2924 Πνεῦμα
1633 2854 1787 2922 ἀγιον

1889 612 1984 665 καὶ
2021 613 2121 683 τῆς
2147 611 2422 680 γνώσεως,
2456 609 2552 682 διά
2593 610 2700 664 τῶν
2742 610 3106 681 χειροτονιῶν,
3137 609 3226 664 δ,ιά
3251 610 3352 681 τῆς
3380 612 3476 666 θυ-

1890 694 2011 757 σίας
2045 697 2143 764 τῆς
2178 695 2482 764 μυστικῆςο
2522 694 2746 764 εἴπομεν
2786 693 2866 747 ὅτι
2896 694 3079 765 ὅμηρα
3110 693 3353 766 ἀλλήλων
3378 697 3476 750 καὶ

1887 778 2120 848 ἐνέχυρα
2149 778 2452 847 κατέχομεν
2476 793 2486 804 ·
2518 777 2829 847 προσεθήκα
2834 794 2938 847 μεν
2965 778 3064 848 τὴν
3099 776 3301 841 αἰτίαν,
3322 777 3388 831 δι’
3409 779 3476 849 ἣν

1889 862 1958 914 τὰ
1991 864 2192 933 σημεῖα
2224 861 2492 932 ἀνῄρηται
2520 859 2614 914 νῦν
2653 861 2716 913 ἐκ
2761 859 2856 912 τοῦ
2894 859 3058 930 μέσου
3082 877 3095 890 °
3134 861 3273 932 μετά
3301 859 3474 915 ταῦτα

1892 947 2278 1016 ἀνεμνήσαμεν
2307 944 2400 997 τοῦ
2435 943 2666 1014 φοϐεροῦ
2693 943 3065 1015 δικαστηρίου,
3095 946 3191 998 καὶ
3221 946 3329 999 τῶν
3352 945 3474 999 τότε

1891 1028 2255 1098 ἀνοιγομένων
2281 1025 2520 1097 βιϐλίων,
2544 1026 2637 1080 καὶ
2659 1026 2739 1079 ὅτι
2767 1026 2944 1080 πάντα
2963 1025 3122 1097 ἡμῶν
3140 1029 3474 1098 ἐγγράφεται

1890 1110 1956 1163 τά
1983 1112 2356 1181 ἁμαρτήματα
2376 1128 2388 1140 ·
2420 1109 2783 1180 ἀπεδείξαμεν
2804 1111 2886 1163 ὅτι
2920 1110 3258 1180 ἐξαλείφεται
3286 1111 3470 1175 πάλιν,

1890 1194 1986 1247 καὶ
2019 1193 2084 1246 ἂν
2115 1194 2376 1264 θέλωμεν.
2407 1192 2592 1246 Ταῦτα
2621 1193 2799 1246 πάντα
2848 1193 3128 1264 μέμνησθε
3148 1210 3163 1225 ⁸
3213 1196 3262 1248 εἰ
3308 1194 3364 1248 δὲ
3397 1195 3472 1268 μὴ

1889 1275 2110 1330 δυνατὸν
2155 1277 2352 1339 πάντα,
2382 1277 2502 1328 ἀντὶ
2537 1275 2755 1328 πάντων
2785 1277 2881 1328 τοῦ
2917 1279 3045 1350 περὶ
3093 1275 3202 1330 τῶν
3254 1277 3474 1347 βιϐλίων

1893 1358 2170 1429 μέμνησθε
2195 1359 2352 1426 λόγου
2373 1375 2388 1389 °
2415 1359 2508 1410 καὶ
2539 1357 2717 1411 πάντα
2757 1359 2856 1411 ὅσα
2881 1359 2946 1412 ἂν
2971 1359 3365 1431 ἀποκρίνησθε,
3399 1361 3475 1424 ὼς

1889 1440 2104 1510 ἔχοντες
2151 1441 2241 1494 τὸν
2296 1440 2643 1510 παρεστῶτα,
2680 1442 2774 1493 καὶ
2807 1440 3105 1510 γράφοντα,
3133 1442 3274 1496 οῦτω
3301 1442 3471 1512 φθέγ-

1890 1524 2051 1591 γεσθε
2089 1525 2228 1595 μετά
2260 1523 2580 1592 ἀσφαλείας,
2615 1524 2710 1577 καὶ
2742 1524 3002 1594 κατέχετε
3051 1524 3342 1588 διαπαντὸς
3388 1529 3475 1580 ἐν-

1891 1607 2209 1677 ακμάξοντα
2234 1610 2300 1678 τῇ
2337 1607 2524 1678 μνήμῃ
2553 1607 2642 1660 τὸν
2667 1607 2824 1675 λόγον
2858 1608 3075 1661 τοῦτον·
3106 1608 3194 1661 ἵνα
3222 1610 3270 1663 οἱ
3300 1609 3396 1680 μὲν
3416 1612 3476 1664 ἐν

1890 1693 1956 1762 τῇ
1994 1691 2159 1761 βίϐλῳ
2191 1691 2297 1744 τῶν
2339 1691 2562 1744 δικαίων
2588 1691 3029 1762 ἐγγεγραμμένοι
3058 1692 3331 1763 προσθῆτε
3360 1697 3477 1758 τοῖς

1886 1775 2329 1846 κατορθώμασιν,
2365 1776 2414 1827 οἰ
2463 1774 2521 1827 δὲ
2569 1775 2738 1827 πολλὰ
2787 1773 2999 1845 ἔχοντες
3049 1776 3476 1848 ἐγγεγραμμένα

1887 1857 2280 1929 ἁμαρτήματα,
2302 1857 2705 1927 ἀπαλείψαντες
2729 1857 2868 1911 αύτά
2894 1857 3130 1912 ἐνταῦθα
3156 1858 3366 1922 οὐδενὸς
3398 1860 3476 1912 εἰ-

1883 1939 2054 2002 δότος,
2083 1940 2490 2010 ἀπαλλαγῶμεν
2520 1941 2616 2010 τῆς
2643 1939 3045 2010 δημοσιεύσεως
3094 1940 3329 2011 ἐκείνης.
3363 1941 3474 1994 Καί

1885 2023 1994 2092 γάρ
2035 2023 2279 2088 δυνατὸν,
2327 2022 2509 2086 καθὼς
2540 2022 2922 2094 ἀπεδείξαμεν,
2968 2023 3056 2076 διὰ
3094 2024 3332 2096 σπουδῆς
3377 2025 3475 2077 καὶ

1886 2105 2197 2176 προσευχῆς
2223 2106 2316 2158 καὶ
2354 2105 2636 2168 εὐλαϐείας
2662 2105 3058 2176 ἐπιτεταμένης
3084 2106 3380 2176 ἀπαλεῖψαι
3405 2109 3475 2160 τά

1886 2188 2316 2257 ἐγγεγραμμένα
2338 2189 2710 2258 ἁμαρτήματα
2741 2187 2972 2240 ἅπαντα.
3000 2186 3170 2240 Τοῦτο
3188 2187 3365 2240 τοίνυν
3385 2189 3476 2242 διέι

1889 2268 2086 2332 παντὸς
2112 2268 2506 2340 σπουδάζωμεν
2532 2269 2627 2322 τοῦ
2661 2269 2876 2340 χρόνου,
2906 2269 2991 2322 ἵνα
3016 2269 3340 2332 ἀπελθόντες
3360 2273 3476 2324 ἐκεῖ

1885 2350 2200 2420 δυνηθῶμέν
2227 2369 2370 2414 τινος
2397 2350 2728 2421 συγγνώμης
2760 2354 2962 2420 τυχεῖν,
2999 2353 3093 2404 καὶ
3133 2353 3335 2417 πάντες
3362 2355 3475 2407 ἀπ-

1887 2434 2214 2505 αραιτήτους
2236 2438 2429 2504 φυγεῖν
2450 2436 2701 2498 κολάσεις
2721 2451 2736 2464 ·
2767 2427 2842 2487 ὧν
2865 2434 3073 2502 γένοιτο
3095 2435 3304 2499 πάντας
3325 2439 3476 2506 ἡμᾶς

1883 2517 2296 2586 ἀπαλλαγέντας
2329 2518 2732 2588 καταξιωθῆναι
2756 2517 2854 2588 τῆς
2880 2517 3159 2587 βασιλείας
3185 2520 3294 2573 τῶν
3310 2521 3474 2591 οὐρα-

1887 2598 2013 2662 νῶν,
2043 2599 2226 2671 χάριτι
2261 2601 2354 2654 καὶ
2396 2599 2778 2671 φιλανθρωπίᾳ
2803 2599 2898 2653 τοῦ
2928 2601 3135 2672 Κυρίου
3179 2605 3336 2673 ἡμῶν
3368 2605 3474 2674 Ἰη-

1889 2683 1983 2736 σοῦ
2024 2684 2282 2754 Χριστοῦ,
2322 2685 2440 2755 μεθ⁹
2461 2677 2521 2738 οὗ
2550 2684 2627 2753 τῷ
2656 2683 2852 2755 Πατρὶ,
2884 2683 2999 2754 ἅμα
3022 2684 3099 2755 τῷ
3125 2687 3265 2756 ἁγίῳ
3298 2689 3471 2741 Πνεύ-
3581 2727 3594 2738 ρ

1891 2783 2038 2836 ματι,
2067 2767 2213 2832 δόξα,
2245 2768 2466 2839 κράτος,
2507 2769 2663 2839 τιμὴ,
2691 2767 2786 2821 νῦν
2822 2768 2916 2822 καὶ
2948 2769 3056 2835 ἀεὶ,
3089 2771 3182 2823 καὶ
3220 2772 3300 2835 εἰς
3345 2772 3473 2837 τοὺς

1889 2847 2090 2912 αἰῶνας
2117 2849 2225 2903 τῶν
2254 2849 2483 2905 αἰώνων.
2502 2852 2695 2922 Ἀμήν.

2665 3059 3312 3074 -η--Ἢ-ι-οτ-α
3320 3060 3436 3074 ———-

1288 3204 1396 3257 ΕΙΣ
1434 3202 1578 3257 ΤΗΝ
1615 3203 1824 3258 ΑΓΙΑΝ
1863 3205 2385 3261 ΠΕΝΤΗΚΟΣΤΗΝ

838 3419 1072 3489 Ὀμιλία
1095 3421 1177 3486 β’.

264 3509 315 3557 α’
323 3547 335 3558 .
360 3501 616 3572 Μεγάλα,
633 3503 928 3575 ἀγαπητοὶ,
952 3505 1046 3558 καὶ
1070 3503 1248 3560 πάντα
1266 3505 1426 3572 λόγον
1444 3505 1780 3581 ἀνθρώπινον

181 3585 598 3660 ὑπερϐαίνοντα
634 3587 704 3640 τά
745 3589 982 3658 σήμερον
1007 3589 1138 3659 ἡμῖν
1173 3589 1484 3661 δωρηθέντα
1518 3591 1668 3662 παρά
1687 3591 1778 3645 τοῦ

191 3669 584 3741 φιλανθρώπου
638 3669 772 3724 Θεοῦ
817 3672 1150 3742 χαρίσματα·
1177 3673 1267 3726 διά
1302 3689 1386 3727 τοι
1429 3674 1586 3728 τοῦτο
1627 3678 1777 3746 κοινῇ

190 3757 400 3818 πάντες
427 3755 727 3826 χαίρωμεν,
764 3756 860 3809 καὶ
907 3757 1233 3827 σκιρτῶντες
1259 3758 1660 3830 ἀνυμνήσωμεν
1687 3759 1780 3813 τὸν

185 3839 468 3910 ἡμέτερον
490 3839 785 3910 Δεσπότην.
820 3839 1010 3909 Ἐορτὴ
1035 3839 1144 3910 γάρ
1175 3842 1310 3912 ἡμῖν
1345 3842 1442 3894 καὶ
1474 3842 1780 3914 πανήγυρις

188 3925 224 3990 ἡ
255 3921 502 3992 σήμερον
543 3921 750 3992 ἡμέρα.
801 3921 1014 3985 Ὥσπερ
1051 3924 1160 3995 γὰρ
1197 3924 1290 3978 ἐπὶ
1331 3924 1432 3995 τῆς
1479 3924 1588 3978 τῶν
1620 3925 1779 3997 ὡρῶν

192 4003 290 4056 καὶ
329 4003 443 4057 τῶν
490 4003 706 4075 τροπῶν
737 4003 1034 4074 ἐναλλαγῆς
1076 4005 1240 4076 ἑτέρα
1263 4007 1362 4076 τὴν
1400 4007 1588 4077 ἑτέραν
1625 4005 1776 4081 [469]

189 4085 537 4156 διαδέχεται,
585 4085 728 4140 οὕτω
762 4085 826 4158 δὴ
856 4087 950 4139 καὶ
985 4087 1079 4140 ἐπὶ
1120 4089 1219 4159 τῆς
1264 4088 1589 4159 Ἐκκλησίας
1617 4092 1779 4162 ἑορτὴ

185 4167 392 4238 ἑορτὴν
423 4168 794 4238 διαδεχομένη,
830 4166 1003 4231 οὕτως
1045 4171 1191 4239 ἡμᾶς
1223 4172 1302 4234 εἰς
1340 4171 1575 4241 ἀλλήλας
1604 4191 1780 4243 παρα-

190 4251 501 4319 πέμπουσι.
533 4248 770 4319 Πριιῦηνιι
796 4251 892 4320 μὲν
918 4245 1010 4304 οῦν
1032 4252 1384 4323 ἐωρτάσαμεν
1413 4253 1502 4307 τὸν
1527 4255 1777 4326 σταυρὸν,

191 4333 254 4385 τὸ
291 4332 486 4394 πάθος,
519 4333 618 4403 τὴν
651 4332 967 4396 ἀνάστασιν,
1013 4334 1150 4404 μετὰ
1176 4336 1348 4389 ταῦτα
1380 4337 1480 4408 τὴν
1512 4339 1590 4400 εἰς
1613 4339 1779 4408 οὐρα-

191 4417 285 4468 νὸν
314 4415 503 4470 ἄνοδον
526 4414 618 4468 τοῦ
644 4415 850 4486 Κυρίου
867 4415 1023 4486 ἡμῶν
1057 4417 1231 4488 Ἰησοῦ
1252 4419 1510 4490 Χριστοῦ·
1541 4421 1780 4491 σήμερον

192 4497 250 4550 δὲ
278 4497 466 4550 λοιπὸν
487 4498 567 4560 εἰς
588 4498 719 4551 αὐτὸ
741 4498 801 4551 τὸ
828 4499 978 4562 τέλος
999 4500 1207 4570 ὑπηντή
1217 4517 1388 4571 σαμεν
1405 4500 1512 4554 τῶν
1537 4502 1780 4570 ἀγαθῶν,

195 4583 276 4643 εἰς
321 4580 494 4650 αὐτὴν
539 4581 638 4652 τὴν
679 4581 1011 4652 μητρόπολιν
1059 4582 1374 4653 ἐφθάσαμεν
1403 4584 1509 4637 τῶν
1553 4584 1776 4654 ἑορτῶν,

193 4665 276 4726 εἰς
304 4663 471 4716 αὐτὸν
495 4663 587 4716 τὸν
619 4665 830 4734 καρπὸν
865 4665 1280 4736 παρεγενόμεθα
1319 4667 1419 4737 τῆς
1451 4665 1546 4720 τοῦ
1571 4668 1779 4739 Κυρίου

189 4746 552 4814 ἐπαγγελίας.
600 4747 742 4801 Ἐὰν
769 4747 878 4817 γὰρ
911 4748 1171 4813 ἀπέλθω,
1198 4749 1382 4818 φησὶν,
1410 4750 1546 4819 ἐγὼ,
1586 4751 1782 4806 ἄλλον

193 4828 596 4895 Παράκλητον
634 4830 847 4898 πέμψω
873 4829 1037 4899 ὑμῖν,
1076 4829 1175 4884 καί
1212 4833 1324 4884 οὐκ
1370 4832 1586 4900 ἀφήσω
1624 4820 1780 4902 ὺμδς

186 4910 525 4978 ὀρφανούς.
565 4912 748 4965 Εῖδετε
783 4911 1139 4983 κηδεμονίαν;
1171 4912 1338 4966 εἰδετε
1369 4913 1780 4987 φιλανθρωπίαν

191 4991 431 5060 ἆφατον;
482 4995 595 5064 Πρὸ
621 4994 825 5048 τούτων
862 4995 970 5049 τῶν
1004 4995 1224 5066 ἡμερῶν
1247 4996 1474 5066 ἀνῆλθεν
1504 4999 1584 5062 είς
1617 4993 1781 5070 ούρα-

191 5075 305 5135 νὸν.
335 5078 427 5129 τὸν
464 5076 740 5146 βασιλικὸν
778 5078 1003 5131 ἀνέλαϐε
1037 5079 1244 5150 θρόνον,
1264 5081 1364 5151 τὴν
1403 5082 1460 5134 ἐν
1494 5081 1644 5152 δεξιᾷ
1679 5080 1774 5134 τοῦ

189 5161 407 5230 Πατρδς
439 5161 712 5232 καθέδραν
759 5163 1048 5233 ἀπείληφε,
1087 5163 1182 5215 καὶ
1230 5165 1469 5234 σήμερον
1503 5167 1632 5236 ἡμῖν
1677 5165 1776 5236 τὴν

188 5244 490 5315 ἐπιδημίαν
513 5244 606 5296 τοῦ
631 5245 945 5316 Πνεύματος
964 5245 1058 5300 τοῦ
1087 5247 1239 5314 ἁγίου
1265 5245 1569 5318 χαρίζεται,
1595 5249 1690 5302 καὶ
1709 5249 1774 5302 δι’

188 5327 358 5379 αὐτοῦ
387 5326 457 5380 τὰ
490 5327 659 5396 μυρία
706 5328 836 5399 ἡμῖν
865 5328 972 5381 ἀπὸ
998 5329 1105 5381 τῶν
1134 5329 1375 5398 οὐρανῶν
1400 5331 1579 5398 ἀγαθά
1612 5348 1775 5401 χορη-

185 5412 302 5476 γεῖ.
337 5410 402 5462 Τί
425 5409 557 5480 γὰρ,
581 5411 700 5463 είπέ
732 5429 840 5481 μοι,
869 5411 978 5464 τῶν
1001 5413 1350 5480 συνιχόντων,
1375 5414 1474 5484 τὴν
1503 5414 1774 5484 σωτηρίαν

183 5491 296 5560 τὴν
325 5493 601 5563 ἡμετέραν
655 5494 776 5562 οὐχὶ
809 5493 899 5545 διὰ
927 5493 1020 5546 τοῦ
1055 5494 1368 5563 Πνεύματος
1408 5498 1538 5566 ἡμῖν
1569 5497 1769 5567 ᾠκονό-

187 5590 365 5644 μηται
386 5592 401 5639 ;
419 5575 524 5636 ,διά
547 5574 738 5628 τούτου
758 5576 1000 5639 δουλείας
1025 5576 1496 5648 ἀπαλλαττόμεθα,
1525 5581 1603 5643 εἰς
1624 5579 1774 5632 ἐλευ-

264 5679 286 5707 ³
309 5679 392 5728 Sic
428 5692 620 5745 omne;
643 5694 780 5745 mss"
811 5682 992 5745 melius
1015 5694 1162 5743 quam
1209 5681 1332 5730 editi
1355 5683 1558 5745 πρῶτον.
1586 5683 1774 5734 Fronto

185 5739 403 5791 Damus
420 5743 588 5808 πρώην
609 5743 787 5824 ιοεξαιε
807 5743 1000 5790 videtur

519 5834 795 5890 l’nnoc.
842 5832 958 5894 Gn.
1007 5832 1075 5894 L.

1885 3425 2071 3497 θερίαν
2095 3424 2424 3497 καλούμεθα,
2455 3425 2534 3488 εἰς
2562 3422 2835 3478 υἱοθεσίαν
2861 3423 3196 3494 ἀναγόμεθα,
3220 3423 3314 3477 καὶ
3331 3423 3471 3478 ἀνω-

1887 3510 1998 3574 θεν,
2027 3510 2102 3573 ὡς
2126 3512 2318 3575 εἰπεῖν,
2343 3509 2813 3580 ἀναπλαττόμεθα,
2846 3507 2906 3561 τὸ
2932 3507 3070 3578 βαρὺ
3109 3508 3203 3560 καὶ
3231 3506 3467 3571 δυσῶδες

1885 3591 1995 3646 τῶν
2050 3594 2464 3665 ἁμαρτημάτων
2528 3591 2749 3664 φορτίον
2796 3589 3189 3660 ἀποτιθέμεθα·
3237 3589 3325 3644 διά
3369 3588 3467 3641 τοῦ

1887 3675 2202 3745 Πνεύματος
2240 3676 2334 3730 τοῦ
2381 3675 2538 3746 ἁγίου
2587 3675 2776 3748 ἱερέων
2817 3673 3086 3744 βλέπομεν
3131 3674 3347 3743 χοροὺς,
3381 3671 3466 3723 δι-

1884 3758 2166 3813 δασκάλων
2191 3759 2386 3831 ἔχομεν
2417 3761 2694 3830 τάγματα³
2731 3758 2840 3812 ἀπὸ
2866 3758 2965 3828 τῆς
2997 3756 3246 3809 ἐντεῦθεν
3285 3756 3468 3827 πηγῆς

1885 3843 1982 3896 καὶ
2009 3843 2402 3912 ἀποκαλύψεων
2439 3841 2658 3914 δωρεαὶ,
2700 3841 2797 3894 καὶ
2847 3841 3092 3910 ἰαμάτων
3128 3838 3462 3909 χαρίσματα·

1886 3925 1980 3980 καὶ
2005 3924 2086 3978 τὰ·
2118 3925 2282 3979 λοιπά
2315 3927 2493 3981 πάντα
2513 3967 2529 3991 ,
2566 3926 2668 3979 ὅσα
2702 3925 2803 3995 τὴν
2839 3923 3167 3992 Ἐκκλησίαν
3202 3920 3296 3974 τοῦ
3330 3921 3466 3975 Θεοῦ

1887 4011 2112 4079 κοσμεῖν
2148 4008 2358 4074 εῐωθεν,
2388 4007 2636 4061 ἐντεῦθεν
2659 4007 2770 4076 ἔχει
2792 4005 2890 4075 τὴν
2919 4005 3204 4075 χορηγίαν.
3234 4002 3343 4057 Καὶ
3367 4003 3466 4075 βοᾷ

1887 4091 2097 4154 Παῦλος
2125 4091 2318 4158 λέγων·
2363 4088 2556 4143 Ταῦτα
2585 4087 2781 4140 πάντα
2807 4085 3033 4155 ἐνεργεῖ
3068 4085 3134 4138 τὸ
3167 4085 3242 4139 ἓν
3273 4085 3372 4138 καὶ
3398 4086 3467 4138 τὸ

1885 4173 2032 4227 αὐτὸ
2062 4174 2322 4242 Πνεῦμα,
2353 4171 2623 4240 διαιροῦν
2655 4169 2773 4237 ἰδίᾳ
2809 4167 3045 4234 ἑκάστῳ
3080 4169 3274 4234 καθὼς
3311 4169 3444 4232 ,ϐοὐ-

1885 4257 2070 4309 λεται.
2102 4254 2298 4319 Καθὼς
2322 4253 2588 4324 βούλεται,
2610 4253 2794 4322 φησὶν,
2819 4252 2880 4304 οὐ
2918 4249 3099 4313 καθὼς
3133 4250 3466 4321 προστάττε-

1888 4354 1996 4389 ται·
2038 4337 2298 4409 διαιροῦν,
2330 4338 2390 4390 ού
2435 4335 2830 4407 διαιρούμενον·
2879 4331 3191 4396 αὐθεντοῦν,
3236 4333 3337 4386 οῦκ
3365 4333 3465 4385 αὐ-

1889 4420 2073 4490 θεντία
2098 4420 2473 4491 ὑποκείμενον.
2510 4419 2620 4490 Τὴν
2654 4415 2762 4486 γὰρ
2790 4416 2960 4487 αὐτὴν
2989 4415 3257 4480 ἐξουσίαν,
3287 4417 3464 4487 ἥνπερ

1888 4505 2235 4574 ἐμαρτύρησε
2263 4503 2338 4574 τῷ
2379 4502 2576 4573 Πατρὶ,
2609 4501 2812 4568 ταύτην
2862 4499 2954 4553 καὶ
2995 4497 3074 4568 τῷ
3119 4499 3258 4570 ἁγίῳ
3295 4498 3467 4551 Πνεῦ-

1893 4603 2020 4657 ματι
2053 4585 2371 4657 ἀνατίθησιν
2406 4586 2433 4637 ὁ
2463 4583 2692 4646 Παῦλος.
2727 4583 2838 4636 Καὶ
2878 4582 3066 4653 ὥσπερ
3099 4583 3192 4634 ἐπὶ
3220 4581 3313 4634 τοῦ
3347 4582 3462 4633 Πα-

1888 4669 2013 4738 τρός
2039 4685 2218 4740 φησιν·
2266 4670 2320 4720 Ὁ
2353 4668 2420 4720 δὲ
2448 4669 2588 4733 Θεός
2617 4668 2790 4720 ἐστιν
2821 4669 2854 4719 ό
2879 4660 3137 4733 ἐνεργῶν·
3165 4663 3237 4717 τὰ
3267 4663 3464 4716 πάντα

1880 4752 1951 4805 ἐν
1982 4752 2189 4816 πᾶσιν,
2220 4749 2361 4804 οὕτω
2383 4750 2477 4802 καὶ
2498 4750 2591 4802 ἐπὶ
2614 4749 2706 4801 τοῦ
2729 4748 2885 4815 ἀγίου
2909 4747 3244 4817 Πνεύματος·
3273 4746 3465 4820 Ταῦτα

1881 4833 1950 4887 δὲ
1982 4834 2198 4897 πάντα,
2228 4835 2410 4905 φησὶν,
2435 4832 2662 4901 ἐνεργεῖ
2685 4831 2751 4884 τὸ
2781 4830 2850 4884 ἒν
2874 4829 2975 4884 καί
3002 4830 3070 4883 τὸ
3093 4829 3241 4884 αὐτὸ
3273 4829 3464 4882 Πνεῦ-

1877 4933 1985 4986 μα,
2021 4917 2291 4985 διαιροῦν
2325 4917 2444 4983 ἰδίᾳ
2483 4914 2716 4979 ἑκάστῳ
2747 4914 2940 4979 καθὼς
2969 4913 3275 4979 βούλεται.
3310 4907 3463 4972 Εἶδες

1876 5000 2296 5072 ἀπηρτισμένην
2321 4998 2603 5063 ἐξουσίαν;
2640 4993 2742 5051 Ὧν
2771 4997 2880 5068 γὰρ
2971 4996 3132 5049 οὐσία
3167 4994 3281 5064 μία,
3304 4994 3461 5064 δῆλον

1877 5084 1967 5136 ὅτι
2001 5084 2096 5136 καὶ
2123 5085 2156 5153 ἡ
2187 5081 2442 5135 αὐθεντία
2473 5082 2588 5152 pia:
2620 5081 2711 5133 καὶ
2738 5073 2814 5133 ὧν
2849 5079 3086 5149 ἰσότιμος
3109 5079 3140 5146 ἡ
3166 5077 3312 5140 ἀξία,
3337 5075 3464 5126 τούς

1880 5184 1986 5219 των
2021 5167 2158 5236 καὶὴ
2193 5164 2418 5235 δύναμις
2447 5164 2540 5216 καὶ
2569 5165 2601 5233 ἡ
2632 5161 2850 5228 ἐξουσία
2883 5162 2998 5231 μία.
3019 5160 3115 5213 Διά
3142 5158 3330 5210 τούτου
3361 5156 3458 5226 τὴν

1880 5249 2198 5320 ἀπαλλαγὴν
2231 5247 2336 5300 τῶν
2368 5248 2781 5319 ἁμαρτημάτων
2813 5244 3113 5316 εὑράμεθα”
3147 5241 3233 5294 διὰ
3265 5238 3454 5290 τούτου

1881 5335 2058 5386 πᾶσαν
2089 5331 2280 5403 κηλῖδα
2309 5330 2760 5401 ἀπενιψάμεθαὺ·
2791 5328 2880 5381 διὰ
2911 5330 3008 5397 τῆς
3029 5325 3217 5378 τούτου
3248 5321 3455 5391 δωρεᾶς

1878 5416 1937 5480 ἐξ
1961 5414 2260 5485 ἀνθρώπων
2293 5414 2513 5483 ἄγγελοι
2546 5413 2845 5482 γεγόναμεν
2882 5412 2930 5462 οἱ
2964 5412 3028 5479 τῇ
3066 5407 3246 5477 χάριτι
3281 5421 3453 5474 προσ-

1876 5499 2194 5569 δραμόντες,
2237 5499 2299 5550 οῦ
2339 5499 2439 5567 τὴν
2469 5497 2631 5566 φύσιν
2667 5492 3112 5565 μεταϐληθέντες,
3137 5487 3250 5541 ἀλλ’
3277 5486 3304 5540 ὅ
3324 5486 3455 5539 πολ-

1878 5580 1954 5651 λῴ
1975 5581 2410 5651 θαυμαστότερόν
2443 5582 2580 5647 ἐστι,
2620 5579 2868 5648 μένοντες
2903 5577 2959 5628 ἐν
2980 5576 3048 5645 τῇ
3080 5571 3238 5642 φύσει
3265 5572 3330 5642 τῇ
3361 5571 3454 5624 ἀν-

1943 5742 1970 5783 b
1994 5741 2119 5804 Reg.
2145 5756 2289 5803 unus,
2311 5740 2676 5804 ἀπεῤῥιψάμεθα.
3088 5816 3129 5874 ἡ
