3908 6300
441 325 548 384 663

443 441 691 514 θρωπίνῃ
714 439 812 512 τὴν
852 440 959 494 τῶν
991 415 1241 511 ἀγγέλων
1273 443 1550 497 πολιτείαν
1575 436 2012 510 ἐπιδεικνύμεθα.

443 524 680 595 Τοιαύτη
690 524 799 596 γὰρ
811 526 843 595 ἡ
856 522 949 578 τοῦ
961 526 1277 594 ἀγίουζΠνεύ
1283 545 1449 597 ματος
1469 526 1713 596 δύναμις·
1735 523 1829 577 καὶ
1851 519 2020 575 καθά-

444 626 552 681 περ
586 608 649 661 τὸ
699 607 812 680 πῦρ
866 608 1023 663 τοῦτο
1069 611 1129 663 τὸ
1163 610 1453 682 αἰσθητὸν,
1497 609 1719 662 ἐπειδάν
1757 605 1896 676 λάϐῃ
1929 604 2022 657 τὸν
2066 667 2090 681 _

1047 325 1104 383 S.
1145 325 1433 384 JOANNIS
1467 319 1960 384 CHRYSOSTOMI
2002 316 2320 373 ARCHIEP.
2363 310 2909 375 CONSTANTINOP.

3598 313 3697 369 666

2126 432 2378 498 δέξασθαι
2401 434 2639 507 ἠδυνήθη
2667 433 2764 504 τὴν
2789 431 2988 501 γνῶσιν
3009 428 3115 484 τῶν
3150 417 3563 498 ἡτοιμασμένων
3589 429 3698 490 τοῖς

2127 526 2416 592 ἀγαπῶσιν
2451 527 2636 590 αὑτὸν,
2685 525 2849 579 πόθεν
2900 525 3081 594 ἡμεῖς,
3127 514 3174 574 ὦ
3222 518 3458 592 μακάριε
3499 514 3696 583 Παῦλε,

2126 612 2331 667 τούτων
2352 612 2450 685 τὴν
2475 613 2678 682 γνῶσιν
2703 615 2848 682 σχεῖν
2883 609 3188 680 δυνάμεθα;
3235 606 3446 678 Μικρὸν
3473 606 3698 676 ἀνάμει-

443 691 616 779 TUM"
643 691 736 744 τδν
764 690 1163 779 διειλελΡ-μένᾳν,
1186 691 1693 779 εξστεακονμῐςτριυρρν
1711 689 2023 779 αὖτδν-ἀπο·
2051 683 2089 723 θ’
2128 701 2236 769 νον,
2262 705 2355 759 καὶ
2381 683 2593 779 ἀκούσῃ
2619 703 2783 760 αὐτοῦ
2806 703 2898 757 καὶ
2922 701 3080 756 τοῦτο
3105 699 3390 772 δηλοῦντος
3409 714 3422 728 ο
3453 700 3700 768 ἐπήγαγε

443 773 733 828 δείκνυσιψ
774 773 917 829 οὕτω
941 775 1004 846 δὴ
1037 777 1132 829 καὶ
1163 775 1226 828 τὸ
1250 773 1358 846 πῦρ
1382 775 1476 829 τοῦ
1503 775 1840 846 Πνεύματος,
1870 774 2021 825 ἐπει-

442 854 538 909 δὰν
559 857 695 930 λάϐῃ
722 856 899 930 ψυχὴν
929 858 1265 930 εὐγνώμονα,
1295 859 1400 913 κᾶν
1439 859 1574 932 εὕρῃ
1613 856 1786 928 πηλοῦ
1824 853 2020 926 μᾶλλον

442 938 863 1011 διαλελυμένην,
906 941 1122 1013 σιδήρου
1170 942 1529 1014 στερροτέραν
1562 941 1732 1012 αὐτὴν
1771 939 2018 1011 ἀπεργά-

444 1021 616 1086 (erat:
642 1023 736 1077 καὶ
769 1025 860 1078 τὸν
899 1025 1004 1096 πρὸ
1033 1023 1230 1096 μικροῦ
1259 1024 1337 1094 τῷ
1364 1024 1608 1096 βορϐόρῳ
1637 1023 1742 1077 τῶν
1772 1023 2021 1094 ἁμαρτη-

445 1108 631 1178 μάτων
655 1109 1083 1180 μεμολυσμένον,
1117 1107 1310 1180 ἀθρόον
1342 1108 1436 1162 τοῦ
1466 1108 1617 1180 ἡλίου
1642 1105 2022 1179 λαμπρότερον

445 1191 807 1247 ἀναδείκνυσι.
835 1191 944 1245 Καὶ
957 1188 1109 1244 τοῦτο
1122 1187 1376 1245 διδάσκων
1392 1189 1721 1263 ήμᾶςόμἹΟ]
1755 1189 2023 1261 μακάριος

443 1274 655 1338 Παῦλος
690 1275 818 1329 ἐϐόα
847 1275 1040 1344 λέγων·
1097 1275 1194 1344 Μὴ
1243 1274 1576 1330 πλανᾶσθε·
1608 1275 1747 1328 οὔτε
1793 1275 2020 1340 πόρνοι,

443 1359 582 1411 οὔτε
629 1358 1070 1427 εἰδωλολάτραι,
1125 1359 1263 1413 οὔτε
1304 1357 1525 1428 μοιχοί,
1569 1359 1708 1413 οὔτε
1735 1356 2020 1427 μαλακοί,

443 1441 583 1495 οὔτε
628 1443 1062 1511 ἀρσενοκοῖται,
1099 1442 1236 1497 οὔτε
1279 1441 1655 1504 πλεονέκται,
1707 1441 1843 1495 οὔτε
1877 1440 2014 1494 κλέ-

444 1537 605 1584 πται,
634 1525 772 1579 οὕτε
798 1526 1071 1595 μέθυσοι,
1107 1527 1246 1581 οὔτε
1271 1525 1553 1594 λοίδοροι,
1596 1525 1734 1580 οὕτε
1763 1524 2023 1592 ἅρπαγες

439 1612 766 1677 ,Βασιλείαν
811 1613 959 1668 Θεοῦ
998 1613 1589 1683 κληρονομήσουσιν.
1653 1613 1764 1666 Καὶ
1822 1611 2025 1682 ἀπαριο

447 1695 804 1768 θμησάμενοςν
835 1695 1053 1751 ἅπαντα
1092 1696 1168 1760 ὼς
1198 1699 1372 1750 εἰπεῖν
1417 1695 1516 1767 τῆς
1549 1695 1747 1758 κακίας
1785 1693 1854 1748 τὰ
1882 1694 2020 1763 εἴδη,

445 1786 540 1838 καὶ
567 1785 800 1851 διδάξας,
840 1786 921 1839 ὅτι
947 1787 996 1838 οί
1022 1786 1284 1850 τοιούτοις
1321 1785 1609 1840 ὑπεύθυνοι
1636 1785 2023 1856 ἁμαρτήμασιν

445 1873 713 1944 ἀλλότριοι
752 1876 851 1946 τῆς
881 1873 1153 1944 βασιλείας
1179 1874 1438 1943 γίνονται,
1479 1873 1683 1936 εὐθέως
1734 1873 1981 1943 ἐπήγαγε
2005 1887 2017 1902 ⁸

443 1962 555 2014 Καὶ
584 1961 770 2016 ταῦτά
822 1954 981 2028 τινες
1023 1957 1148 2032 ἦτε,
1200 1963 1339 2017 ἀλλ’
1377 1962 1840 2024 ἀπελούσασθε,
1884 1959 2021 2014 ἀλλ’

443 2047 789 2117 ἡγιάσθητε,
818 2051 955 2105 ἀλλ’
981 2049 1378 2119 ἐδικαιώθητε.
1409 2049 1536 2113 Πῶς
1561 2049 1652 2103 καὶ
1674 2048 1776 2103 τίνι
1800 2047 2021 2120 τρόπῳ;

445 2135 567 2188 εἰπέ
584 2151 596 2166 ·
632 2135 787 2190 τοῦτο
819 2137 928 2208 γάρ
953 2138 1072 2192 ἐστι
1095 2138 1157 2191 τὸ
1179 2138 1527 2210 ζητούμενον.
1567 2139 1662 2193 Ἑν
1682 2138 1762 2206 τῷ
1781 2138 2025 2206 ὀνόματι

445 2223 550 2278 τοῦ
570 2226 790 2294 Κυρίου
831 2226 1033 2293 Ἰησοῦ
1056 2227 1333 2302 Χριστοῦ,
1359 2227 1514 2296 φησὶ,
1535 2227 1633 2281 καί
1653 2227 1723 2280 ἐν
1744 2219 1825 2293 τῷ
1848 2228 2026 2281 Πνεὺο

443 2327 580 2379 ματι
633 2311 739 2366 τοῦ
779 2313 922 2367 Θεοῦ
963 2313 1144 2389 ἡμῶν.
1189 2310 1336 2376 Εἶδες
1371 2315 1465 2369 τοῦ
1505 2315 1659 2383 ἁγίου
1705 2315 2026 2385 Πνεύματος

444 2398 542 2468 τὴν
575 2398 822 2470 δύναμιν,
856 2401 1141 2473 ἀγαπητέ;
1177 2398 1312 2466 εἶδες
1345 2403 1505 2456 ὅτιτὸ
1533 2403 1756 2474 Πνεῦμα
1784 2402 1846 2456 τὺ
1871 2403 2024 2472 ἆγιον

445 2487 627 2540 πᾶσαν
663 2487 762 2558 τὴν
805 2489 1002 2542 κακίαν
1033 2489 1237 2560 ταύτην
1263 2490 1513 2560 ἠφάνισε,
1553 2490 1800 2555 καὶτοὺς
1831 2491 2024 2563 πρότε-

449 2590 540 2643 ρον
573 2576 1039 2646 παραδεδομένους
1067 2577 1172 2630 ὑπὸ
1206 2578 1314 2633 τῶν
1349 2577 1564 2631 οἰκείων
1590 2579 2020 2651 ἁμαρτημάτων,

445 2662 639 2736 ἀθρόον
670 2665 751 2726 εἰς
786 2665 885 2734 τὴν
910 2665 1170 2718 ἀνωτάτω
1198 2667 1361 2737 τιμὴν
1389 2668 1632 2738 ἀνήγαγε
1656 2685 1670 2733 ;

519 2752 585 2821 β’.
603 2748 695 2816 Τίς
712 2748 804 2805 οῦν
821 2752 886 2806 ἂν
903 2755 1022 2806 κατ’
1038 2753 1192 2818 ἀξίαν
1214 2755 1465 2826 ὀδύραιτο
1485 2758 1579 2810 καὶ
1599 2757 1883 2828 θρηνήσειε
1898 2759 2023 2824 τοὺς

448 2839 788 2910 βλασφημεῖν
822 2840 1230 2912 ἐπιχειροῦντας
1257 2843 1351 2895 τοῦ
1376 2843 1692 2914 Πνεύματος
1722 2845 1822 2917 τὴν
1844 2846 2020 2914 ἀξίαν,

444 2928 494 2981 οἳ
546 2928 794 3000 καθάπερ
835 2932 978 2993 τινὲς
1033 2929 1336 3001 μεμηνότες
1372 2931 1493 2983 ούδέ
1529 2931 1608 3003 τῷ
1655 2932 1875 3002 μεγέθει
1913 2934 2021 2987 τῶν

446 3016 773 3088 εὐεργεσιῶν
793 3017 890 3088 τῆς
909 3017 1112 3081 οἰκείας
1143 3017 1535 3090 ἀγνωμοσύνης
1571 3019 1903 3091 ἀποσχέσθαι
1931 3023 2025 3074 ἀν-

447 3105 700 3174 έχονται,
755 3105 890 3158 ἀλλά
936 3104 1077 3159 κατά
1108 3107 1206 3177 τῆς
1248 3105 1456 3160 ἑαυτῶν
1506 3107 1782 3178 σωτηρίας
1811 3107 2024 3162 ἅπαντα

445 3197 705 3266 πράττειν
741 3195 1044 3267 τολμῶσιν,
1093 3196 1501 3268 άλλοτριοῦντες
1547 3197 1678 3250 αὐτὸ
1699 3239 1715 3264 ,
1754 3198 1816 3252 τό
1848 3217 1910 3268 γε
1945 3201 2022 3263 εἰς

446 3283 640 3346 αὐτοὺς
671 3276 824 3354 ἧκον,
853 3284 950 3353 τῆς
989 3283 1312 3354 δεσποτικῆς
1341 3284 1518 3350 ἀξίας,
1557 3285 1652 3339 καὶ
1684 3287 1765 3349 εἰς
1790 3286 1890 3357 τὴν
1915 3288 2022 3340 τῶν

445 3370 759 3439 κτισμάτων
786 3371 938 3437 τάξιν
967 3372 1230 3441 κατάγειν
1253 3373 1654 3443 ἐπιχειροῦσιν;
1683 3373 1790 3438 Οὓς
1808 3374 2021 3430 ἐϐουλό-

450 3473 558 3527 μην
593 3456 833 3526 ἐρέσθαι,
871 3457 1016 3520 τίνος
1045 3457 1253 3524 ἕνεκεν,
1289 3452 1333 3512 ὦ
1364 3455 1529 3525 οὗτοι,
1569 3461 1822 3515 τοσοῦτον
1865 3463 2022 3516 πόλε-

451 3561 550 3613 μον
587 3542 728 3597 κατὰ
763 3544 861 3612 τῆς
906 3543 999 3596 τοῦ
1045 3543 1363 3615 Πνεύματος
1412 3545 1569 3612 ἀξίας
1605 3548 2018 3616 ἐπιδείκνυσθε;

451 3629 649 3700 μᾶλλον
685 3629 743 3684 δέ
789 3640 929 3683 κατά
961 3630 1062 3700 τῆς
1096 3629 1306 3685 ἑαυτῶν
1342 3633 1636 3704 σωτηρίας,
1669 3637 1764 3690 καὶ
1790 3637 1909 3691 οὐδὲ
1942 3642 2022 3704 εἰς

448 3719 655 3772 ἔννοιαν
688 3718 874 3773 λαϐεῖν
903 3717 1156 3790 βούλεσθε
1196 3720 1266 3774 τὰ
1297 3721 1448 3793 παρά
1482 3721 1577 3775 τοῦ
1610 3725 1860 3796 Σωτῆρος
1907 3730 2020 3792 τοῖς

451 3808 718 3879 μαθηταῖς
756 3808 1033 3880 εἰρημένα
1071 3824 1085 3872 ;
1152 3808 1551 3876 Πορευθέντες
1606 3817 2021 3882 μαθητεύσατε

449 3895 644 3949 πάντα
675 3898 747 3949 τὰ
778 3896 943 3963 ἔθνη,
967 3896 1360 3964 βαπτίζοντες
1387 3898 1609 3966 αὐτοὺς
1627 3903 1716 3967 εὶς
1741 3902 1807 3956 τὸ
1834 3903 2020 3974 ὄνομα

447 3983 551 4040 τοῦ
579 3984 806 4054 Πατρός
827 3984 923 4038 καὶ
953 3985 1061 4040 τοῦ
1093 3985 1231 4040 Υἰοῦ
1260 3985 1360 4040 καί
1385 3987 1491 4041 τοῦ
1526 3988 1698 4058 ἁγίου
1750 3993 2017 4061 Πνεύμα-

443 4090 567 4139 τος.
615 4071 766 4137 Εἶδες
811 4075 1070 4146 ὁμότιμον
1114 4075 1212 4147 τὴν
1261 4073 1464 4145 ἀξίαν;
1516 4071 1653 4142 εἶδες
1702 4083 2019 4150 συμφωνίαν

449 4161 947 4233 ἁπηκριϐωμένην;
995 4158 1134 4227 εἶδες
1173 4163 1272 4234 τῆς
1314 4164 1542 4237 Τριάδος
1580 4167 1640 4220 τὸ
1678 4166 2016 4237 ἀδιαίρετον;

447 4251 522 4320 μή
556 4267 659 4302 που
691 4250 944 4321 διαφορά,
973 4251 1007 4322 ἢ
1046 4251 1333 4323 ἐναλλαγὴ,
1362 4253 1394 4326 ἢ
1430 4253 1753 4324 ὑφαίρεσιςς
1908 4261 2018 4323 τοῖς

443 4336 537 4390 τοῦ
566 4337 834 4390 Δεσπότου
864 4339 1099 4408 ῥήμασιν
1131 4339 1287 4409 ὑμεῖς
1313 4341 1785 4397 ἐπιδιατάσσεσθαι
1821 4344 2020 4417 τολμᾶ-

443 4441 533 4491 τε;
561 4424 592 4494 ἦ
622 4423 722 4481 οὑκ
751 4424 888 4490 ἴστε,
906 4425 988 4476 ὅτι
1013 4425 1109 4478 καὶ
1137 4426 1228 4478 ἐπὶ
1255 4426 1359 4481 τῶν
1390 4427 1744 4500 ἀνθρωπίνων
1769 4434 2020 4504 πραγμά-

443 4531 570 4576 των,
607 4514 655 4566 εἰ
686 4512 779 4566 καί
819 4511 902 4577 τίς
935 4529 1066 4565 ποτε
1099 4513 1518 4585 ἐπιχειρήσειεν,
1567 4517 1599 4588 ἢ
1633 4519 1713 4584 εἰς
1754 4522 2019 4596 τοσαύτην

445 4600 652 4665 ἐξέλθοι
672 4601 896 4672 τόλμαν,
923 4600 1064 4654 ὥστε
1093 4601 1409 4673 προσθεῖναί
1427 4619 1478 4656 τι
1496 4606 1609 4669 τοῖς
1630 4607 1780 4677 παρά
1808 4609 1899 4661 τοῦ
1929 4610 2018 4680 βα-

424 4690 637 4766 ,σιλέως
669 4693 1009 4762 γράμμασιν,
1027 4691 1060 4762 ἢ
1079 4691 1318 4760 ἀφελεῖν,
1340 4691 1431 4746 τοῦ
1451 4695 1744 4763 ὁμογενοῦς
1764 4700 1898 4769 ἡμῖν
1925 4702 2018 4755 καὶ

444 4779 543 4850 τῆς
561 4781 728 4851 αὐτῆς
748 4781 961 4849 φύσεως
991 4779 1388 4844 κοινωνοῦντος.
1419 4781 1518 4854 τὴν
1539 4783 1774 4857 ἐσχάτην
1795 4787 2020 4858 ὑφίστα-

444 4887 532 4924 ται
549 4868 722 4940 δίκην,
747 4869 839 4924 καὶ
852 4869 1002 4923 οὐδὲν
1022 4868 1185 4924 αὑτὸν
1204 4869 1305 4939 τῆς
1316 4871 1587 4941 τιμωρίας
1607 4873 1880 4938 ἐξελέσθαι
1898 4876 2019 4931 δυν-

444 4959 636 5028 ἡσεται
663 4975 678 5025 ;
715 4957 778 5012 Εἰ
805 4958 984 5011 τοίνυν
1012 4958 1099 5012 ἐπ’
1122 4956 1410 5029 ἀνθρώπου
1435 4960 1689 5025 τοσοῦτος
1708 4964 1736 5016 6
1753 4963 2017 5030 κίνδυνος,

447 5047 573 5101 ποία
607 5046 815 5115 γένοιτο
843 5046 908 5101 ἀν
935 5063 1066 5100 ποτε
1097 5046 1393 5117 συγγνώμη
1433 5050 1544 5112 τοῖς
1582 5051 1850 5122 τοσαύτην
1886 5054 2020 5106 ἀπό-

444 5151 592 5194 νοιαν
621 5134 1114 5205 ἐπιδεικνυμένοις,
1159 5134 1252 5187 καὶ
1271 5133 1340 5188 τά
1373 5135 1524 5205 παρὰ
1562 5135 1656 5190 τοῦ
1696 5141 1876 5193 κοινοῦ
1909 5142 2020 5194 Σω-

443 5223 606 5295 τῆρος
636 5222 794 5294 ἡμῶν
818 5222 1084 5292 εἰρημένα
1119 5221 1515 5294 παραφθείρειν
1539 5225 1894 5298 ἐπιχειροῦσι,
1926 5246 2019 5282 και

445 5311 565 5364 οὐδὲ
598 5310 810 5364 Παύλου
842 5308 937 5363 τοῦ
967 5309 1056 5363 τὸν
1089 5309 1325 5380 Χριστὸν
1353 5309 1566 5381 ἔχοντος
1599 5313 1657 5366 ἐν
1698 5315 1878 5387 ἐαυτῷ
1911 5315 1973 5370 λα
1996 5347 2017 5358 -

445 5397 638 5452 λοῦντα
667 5397 886 5453 ἀκούειν
917 5397 1277 5468 βουλομένοις,
1316 5397 1546 5470 λαμπρᾷ
1573 5403 1640 5472 τῇ
1673 5406 1823 5474 φωνῇ
1856 5404 1962 5474 βοῶ
1975 5425 2018 5461 ι-

446 5504 534 5550 τος
555 5487 649 5540 καὶ
676 5488 925 5556 λέγοντος
941 5500 954 5513 ·
1002 5485 1336 5554 Ὀφθαλμὸς
1350 5489 1461 5540 οὐκ
1487 5483 1626 5552 εἶδε,
1652 5490 1751 5543 καὶ
1777 5488 1886 5559 οὖς
1907 5493 2018 5547 οὐκ

446 5574 695 5641 ἢκουσε,
727 5575 826 5628 καὶ
856 5572 953 5626 ἐπὶ
988 5571 1240 5642 καρδίαν
1263 5573 1576 5641 ἀνθρώπου
1598 5578 1707 5630 οὐκ
1740 5578 1944 5647 ἀνέϐη,
1981 5580 2020 5634 ἃ

447 5661 773 5730 ἡτοίμασεν
797 5665 829 5715 ό
857 5661 1000 5727 Θεὸς
1023 5660 1147 5726 τοῖς
1171 5661 1484 5732 ἀγαπῶσιν
1501 5665 1725 5728 αὺτόν;
1752 5667 1814 5720 Εἰ
1840 5669 2020 5725 τοίνυν

445 5749 567 5802 οὔτε
606 5749 880 5822 ὀφθαλμὸς
910 5745 1069 5817 εἶδεν,
1112 5748 1233 5804 οὔτε
1261 5745 1352 5813 οῦς
1383 5750 1632 5821 ἤκουσεν,
1669 5751 1788 5807 οὔτε
1822 5758 2016 5826 καρδία

2127 796 2259 866 γοῦν
2287 797 2480 866 λέγων’
2523 796 2688 867 Ἡμῖν
2716 795 2787 849 δὲ
2824 798 2858 849 ό
2891 792 3035 860 Θεὸς
3073 792 3431 860 ἀπεκάλυψε
3457 789 3554 845 διὰ
3595 789 3700 844 τοῦ

2128 889 2476 958 Πνεύματος
2520 887 2727 942 αὑτοῦ.
2781 886 2892 941 Καὶ
2929 886 3052 938 οὐδὲ
3091 885 3253 957 μέχρι
3297 881 3488 936 τούτου
3536 880 3700 950 ἐστη-

2127 980 2242 1036 ἀλλ’
2277 982 2364 1036 ἵνα
2391 981 2538 1052 δείξῃ
2570 981 2664 1034 καὶ
2690 979 2788 1050 τῆς
2819 978 3100 1048 δυνάμεως
3133 975 3194 1028 τὸ
3220 974 3468 1045 μέγεθος,
3504 973 3600 1027 καὶ
3628 972 3704 1035 ὡς

2126 1073 2225 1142 τῆς
2249 1070 2416 1142 αὐτῆς
2443 1071 2592 1124 ἐστιν
2618 1069 2804 1133 οὐσίας
2825 1067 2905 1139 τῷ
2939 1066 3116 1138 Πατρὶ
3139 1066 3234 1120 καὶ
3266 1064 3344 1136 τῷ
3375 1063 3510 1134 Υίῷ.
3547 1062 3700 1132 φησί’

2130 1161 2199 1216 Τὸ
2223 1158 2332 1231 γὰρ
2363 1158 2606 1230 Πνεῦμα
2645 1157 2843 1216 πάντα
2889 1154 3124 1226 ἐρευνᾷ,
3156 1153 3256 1209 καί
3305 1155 3372 1208 τὰ
3396 1152 3558 1220 βάθη
3599 1149 3708 1205 τοῦ

2130 1251 2300 1308 Θεοῦ.
2335 1247 2471 1306 Εἶτα
2501 1251 2820 1321 βουλόμενος
2851 1249 2912 1316 ἐξ
2937 1246 3290 1317 ἀνθρωπίνων
3324 1241 3708 1316 παραδειγμά-

2127 1363 2237 1400 των
2283 1344 2682 1416 ἀκριϐεστέραν
2721 1343 2854 1413 ἡμῖν
2899 1341 3131 1396 ἐνθεῖναι
3185 1340 3286 1412 τὴν
3334 1335 3706 1401 διδασκαλίανς

2129 1438 2375 1508 ἐπήγαγε
2393 1454 2407 1468 σ
2455 1436 2550 1502 Τίς
2581 1437 2691 1506 γὰρ
2724 1431 2888 1489 οἶδεν
2914 1432 3238 1502 ἀνθρώπων
3251 1430 3324 1485 τὰ
3347 1428 3455 1484 τοῦ
3481 1429 3710 1496 ἀνθρώ-

2129 1548 2269 1596 που,
2302 1533 2355 1586 εἰ
2375 1531 2461 1601 μὴ
2487 1530 2554 1584 τὸ
2587 1529 2824 1598 πνεῦμα
2844 1527 2950 1582 τοῦ
2976 1524 3292 1594 ἀνθρώπου
3319 1523 3386 1577 τὸ
3414 1523 3485 1576 ἐν
3505 1521 3668 1587 αὐτῷ
3691 1539 3710 1584 ;

2134 1623 2296 1676 Οὕτω
2337 1621 2434 1675 καὶ
2483 1620 2557 1674 τὰ
2611 1620 2718 1674 τοῦ
2746 1618 2908 1674 Θεοῦ
2949 1617 3147 1682 οὐδεὶς
3184 1611 3368 1681 οἶδεν,
3417 1615 3470 1668 εἰ
3519 1613 3602 1684 μὴ
3641 1612 3710 1665 τὸ

2130 1712 2373 1782 Πνεῦμα
2404 1710 2512 1765 τοῦ
2560 1709 2728 1765 Θεοῦ.
2777 1704 2932 1772 Εἶδες
2968 1705 3316 1764 διδασκαλίαν
3358 1700 3709 1774 ἀπηρτισμέ-

2109 1821 2262 1874 ,νην;
2288 1803 2519 1873 Ὥσπερ,
2549 1800 2702 1872 φησὶ,
2729 1799 2798 1854 τὰ
2827 1801 2885 1853 ἐν
2916 1797 3126 1871 διανοίᾳ
3165 1797 3257 1850 τοῦ
3289 1794 3576 1868 ἀνθρώπου
3609 1794 3712 1864 οὐχ

2129 1893 2242 1950 οἷόν
2279 1912 2338 1948 τε
2366 1893 2550 1965 ἕτερόν
2573 1909 2697 1949 τινα
2732 1890 2947 1955 εἰδέναι,
2975 1888 3095 1944 ἀλλ’
3125 1887 3286 1951 αὐτὸς
3319 1886 3477 1958 μόνος
3503 1879 3611 1937 οἶδε
3641 1884 3712 1937 τὰ

2131 1985 2354 2042 ἑαυτοῦ·
2390 1984 2533 2040 οὕτω
2565 1984 2660 2038 καὶ
2695 1983 2764 2037 τὰ
2789 1981 2884 2035 τοῦ
2918 1980 3052 2035 Θεοῦ
3077 1979 3252 2044 οὐδεὶς
3275 1975 3436 2043 οἶδεν,
3467 1979 3515 2030 εί
3553 1977 3627 2048 μὴ
3651 1977 3713 2030 τὸ

2129 2080 2354 2152 Πνεῦμα
2385 2079 2480 2134 τοῦ
2511 2078 2646 2133 Θεοῦ
2665 2093 2680 2109 ο
2705 2077 2734 2131 δ
2769 2076 3028 2146 μέγιστον
3049 2074 3143 2129 καὶ
3165 2073 3368 2144 σφόδρα
3393 2070 3572 2126 ἰκανὸν
3598 2069 3712 2123 δεῖ-

2132 2173 2219 2239 ξαι
2246 2172 2339 2226 τοῦ
2368 2170 2683 2242 Πνεύματος
2713 2168 2810 2240 τὴν
2831 2165 3008 2234 ἀξίαν.
3035 2163 3391 2236 Παράδειγμα
3423 2161 3534 2233 γάρ
3563 2177 3712 2231 παρ-

2130 2267 2307 2337 ήγαγε
2349 2264 2630 2335 μονονουχὶ
2653 2260 2846 2328 λέγων,
2881 2257 2957 2328 μὴ
2990 2250 3101 2310 οἷόν
3127 2256 3189 2308 τέ
3227 2271 3351 2308 τινα
3374 2252 3484 2306 τῶν
3499 2250 3713 2324 ἀνθρώ-

2131 2376 2248 2412 πων
2271 2358 2338 2410 τά
2372 2358 2430 2409 ἐν
2457 2354 2665 2426 διανοίᾳ
2691 2351 2854 2406 αὐτοῦ
2886 2349 3152 2420 ἀγνοῆσαι
3177 2364 3328 2402 ποτε.
3369 2347 3579 2417 Ὠσπερ
3611 2342 3713 2399 οῦν

2130 2452 2287 2506 τοῦτο
2310 2452 2368 2504 ού
2398 2448 2642 2526 δυνατδν,
2665 2446 2808 2500 οὕτω
2838 2445 2934 2499 καὶ
2960 2444 3029 2497 τά
3047 2442 3141 2497 τοῦ
3171 2441 3304 2496 Θεοῦ
3341 2440 3483 2516 μετὰ
3510 2438 3712 2493 τοσαύ-

2128 2561 2229 2614 της
2252 2541 2558 2613 ἁκριϐείας,
2609 2539 2793 2611 φησὶν,
2840 2539 3127 2591 ἐπίσταται
3171 2533 3399 2605 Πνεῦμα
3440 2533 3502 2586 τὸ
3531 2532 3713 2601 ἀγιον.

2145 2635 2282 2689 Ἀλλ’
2327 2635 2427 2688 οὐκ
2475 2629 2593 2686 οἶδα
2636 2631 2756 2695 πῶς
2800 2629 2922 2684 ούδέ
2953 2628 3128 2682 ταῦτα
3160 2626 3335 2696 λέγων
3367 2627 3396 2679 6
3436 2625 3712 2696 μακάριος

2129 2722 2283 2792 οὗτος
2304 2728 2642 2782 καθικνεῖται
2665 2725 2772 2780 τῶν
2803 2724 2890 2779 διά
2916 2724 3016 2796 τὴν
3039 2721 3244 2779 οἰκείαν
3275 2719 3544 2794 πρόληψιν
3567 2719 3713 2773 κατά

2130 2823 2228 2901 τῆς
2260 2819 2469 2875 ἑαυτῶν
2505 2817 2777 2891 σωτηρίας
2795 2813 3050 2870 τοσοῦτον
3081 2813 3232 2887 [Hi]
3254 2812 3712 2883 ἐπιδεικνυμένων

2130 2898 2368 2983 πόλεμον
2385 2907 2526 2964 κατὰ
2539 2908 2639 2978 τῆς
2650 2907 2742 2962 τοῦ
2766 2905 2906 2961 Πνεύ
2914 2923 3080 2978 ματος
3091 2905 3266 2973 ἀξίας,
3289 2904 3454 2958 καὶτὸ
3474 2898 3608 2975 ἦκον
3629 2919 3654 2956 ε
3665 2903 3710 2967 ίς

2129 3005 2326 3068 αὐτους
2349 3001 2768 3074 ἀλλοτριούντων
2796 3000 2927 3054 αὐτὸ
2946 3000 3045 3070 τῆς
3069 2998 3391 3069 δεσππικῆς
3413 2997 3591 3064 ἀξίας,
3617 2998 3709 3050 καὶ

2131 3097 2478 3167 καταγόντων
2511 3097 2590 3159 εἰς
2625 3095 2723 3166 τὴν
2749 3093 2860 3148 τῶν
2891 3091 3388 3164 δημιουργημάτων
3411 3089 3709 3144 εὐτέλειαν.

2143 3186 2281 3240 Ἀλλ’
2313 3187 2361 3239 εἰ
2397 3185 2494 3239 καὶ
2536 3184 2733 3238 ἐκεῖνοι
2768 3180 3085 3252 φιλονείκως
3119 3179 3442 3242 διάκεινται,
3471 3178 3706 3231 ἀπεναν-

2129 3277 2246 3341 τίας
2281 3277 2559 3348 ἱστάμενοι
2592 3277 2706 3338 τοῖς
2739 3273 2891 3346 παρὰ
2920 3273 3020 3344 τῆς
3053 3271 3203 3336 θείας
3235 3271 3456 3342 Γρᾶφῆς
3481 3271 3707 3341 εἰρημέ-

2129 3385 2261 3434 νοις,
2301 3369 2460 3440 ἡμεῖς
2498 3366 2566 3422 τά
2598 3367 2717 3420 θεῖα
2754 3364 3060 3436 διδάγματα
3089 3364 3166 3428 ὡς
3193 3365 3472 3436 χρησμοὺς
3503 3364 3707 3419 ἄνωθεν

2128 3457 2551 3529 κατενεχθέντας
2599 3457 2914 3530 δεχόμενοι,
2951 3457 3050 3528 τὴν
3085 3456 3468 3528 προσήκουσαν
3500 3452 3706 3520 δοξολοο

2127 3551 2252 3620 γίαν
2278 3548 2710 3620 ἀναπέμψωμεν,
2745 3546 2884 3618 μετά
2916 3547 3013 3616 τῆς
3045 3545 3211 3616 ὀρθῆς
3239 3544 3475 3606 πίστεως
3495 3543 3706 3612 καὶτῆς

2127 3638 2384 3709 ἀληθείας
2399 3637 2498 3709 τὴν
2513 3635 2800 3707 ἀκρίϐειαν
2819 3633 3273 3704 ἐπιδεικνύμενοι.
3305 3632 3450 3703 Πρὸς
3481 3632 3580 3702 μὲν
3609 3627 3705 3684 οὖν

2126 3733 2252 3794 τοὺς
2274 3727 2684 3800 ἐπιχειροῦντας
2701 3725 2920 3780 ἐναντία
2946 3727 3060 3789 τοῖς
3083 3723 3235 3798 παρά
3259 3723 3354 3777 τοῦ
3389 3724 3706 3794 Πνεύματος

2125 3821 2437 3894 εἰρημένοις
2465 3819 2758 3896 διδάσκειν,
2787 3819 2944 3874 ἰκανά
2975 3819 3046 3874 τά
3079 3817 3375 3889 εἰρημένα·
3407 3819 3705 3886 ἀναγκαῖον

2125 3913 2182 3967 δέ
2220 3915 2393 3967 εἰπεῖν
2427 3911 2562 3983 πρὸς
2587 3911 2686 3982 τὴν
2724 3911 2996 3984 ὑμετέραν
3038 3910 3286 3983 ἀγάπην,
3329 3912 3476 3974 τίνος
3516 3911 3706 3966 ἕνεκεν

2126 4007 2259 4076 ἡμῖν
2287 4004 2349 4058 τὸ
2377 4004 2549 4059 αἴτιον
2575 4003 2683 4057 τῶν
2704 4002 2974 4057 τοσούτων
3001 4001 3220 4072 ἀγαθῶν
3243 4003 3344 4056 οὐκ
3370 4000 3574 4065 εὐθέως
3606 4019 3706 4072 με-

2125 4099 2192 4153 τὰ
2220 4097 2318 4169 τὴν
2343 4094 2509 4151 αὑτοῦ
2532 4095 2717 4150 ἄνοδον
2736 4097 3056 4166 κεχάρισται
3084 4097 3112 4148 6
3148 4093 3354 4166 Κύριος
3373 4111 3386 4126 ο
3418 4093 3534 4147 ἀλλ’
3557 4093 3706 4164 ἀφῆ-

2127 4211 2221 4247 κεν
2252 4192 2436 4263 ὀλίγας
2479 4191 2742 4264 πρότερον
2775 4188 3112 4262 ἐνδιατρῖψαι
3141 4189 3354 4260 ἡμέρας
3375 4227 3390 4252 ,
3445 4187 3540 4243 καὶ
3577 4187 3704 4242 καθ’

2126 4287 2352 4351 ἑαυτοὺς
2392 4284 2644 4358 γενέσθαι
2693 4285 2820 4347 τοὺς
2861 4280 3128 4354 μαθητὰς,
3178 4281 3272 4334 καὶ
3309 4279 3431 4334 τότε
3469 4279 3568 4350 τὴν
3605 4280 3706 4333 τοῦ

2125 4377 2267 4434 Πνεύ
2276 4395 2442 4450 ματος
2464 4376 2623 4448 χάριν
2645 4372 3018 4445 κατέπεμψεν.
3059 4372 3172 4444 Οὐχ
3193 4369 3402 4434 ἁπλῶς,
3425 4369 3547 4423 οὐδὲ
3577 4372 3706 4444 εἰκῇ

2125 4473 2244 4528 οὐδὲ
2269 4472 2428 4526 τοῦτο
2461 4469 2774 4538 γεγένηται.
2829 4464 3046 4536 Ἐπειδὴ
3074 4466 3184 4533 γὰρ
3211 4463 3328 4535 ᾔδει
3351 4462 3458 4516 τῶν
3489 4461 3706 4534 ἀνθρὼ-

2127 4581 2244 4618 πων
2279 4563 2341 4616 τὸ
2371 4562 2526 4632 γένος
2567 4561 2667 4630 οὐχ
2708 4559 2908 4630 ὁμοίως
2944 4557 3012 4614 τά
3045 4560 3104 4612 ἐν
3140 4556 3297 4630 χερσὶ
3325 4555 3706 4628 θαυμάζοντας

2125 4656 2329 4727 ἀγαθά,
2374 4653 2496 4708 οὐδὲ
2545 4652 2666 4708 κατ’
2701 4652 2856 4717 ἀξίαν
2897 4651 3173 4722 τιμῶντας
3217 4652 3422 4714 ἐκεῖνα,
3458 4649 3602 4719 ἅπερ
3634 4648 3706 4702 ἂν

2125 4749 2256 4822 ἡδέα
2285 4747 2380 4802 καὶ
2409 4745 2619 4818 μεγάλα
2652 4747 2961 4816 καταφανῇ,
2990 4744 3056 4798 ἂν
3093 4743 3168 4814 μὴ
3191 4741 3286 4796 καὶ
3310 4741 3418 4795 τῶν
3443 4739 3708 4794 ἐναντίων

2126 4842 2159 4912 ἡ
2185 4840 2386 4904 εἴσοδος
2414 4837 2744 4911 παρεισέλθῃ
2764 4855 2778 4869 ο
2802 4831 2913 4890 οἷόν
2940 4853 2992 4889 τι
3018 4835 3161 4904 λέγω
3180 4850 3195 4866 ο
3221 4834 3305 4888 δεῖ
3321 4833 3432 4906 γάρ
3453 4832 3585 4886 αὐτὸ
3606 4849 3709 4886 σα-

2127 4931 2389 5003 φέστερον
2419 4930 2626 4982 εἰπεῖν’
2676 4930 2706 4982 6
2745 4927 3004 4996 ὑγιαίνων
3045 4927 3138 4980 καὶ
3172 4924 3410 4979 εὑεκτῶν
3442 4923 3502 4977 τὸ
3541 4921 3710 4992 σῶμα.

2124 5025 2225 5080 ούκ
2266 5021 2600 5086 αἰσθάνεται,
2633 5020 2754 5074 οὐδὲ
2800 5017 3041 5090 ἀκριϐῶς
3090 5016 3288 5071 εἰδέναι
3329 5015 3568 5078 δύναται,
3601 5015 3709 5069 ὅσα

2125 5117 2271 5188 αὑτῷ
2300 5114 2481 5185 ἀγαθά
2511 5117 2544 5186 ἡ
2573 5112 2732 5183 ὑγεία
2764 5110 3066 5183 ἐχαρίζετο,
3104 5111 3153 5165 εἰ
3191 5109 3266 5181 μὴ
3297 5108 3388 5161 καὶ
3415 5107 3515 5175 τῆς
3543 5105 3707 5160 νόσου

2125 5211 2317 5281 πεῖραν
2335 5206 2478 5280 λάϐῃ
2494 5205 2594 5276 τῆς
2615 5204 2896 5268 ἀσθενείας
2919 5200 3378 5276 παρεισελθούσης
3396 5214 3409 5229 °
3439 5201 3532 5253 καὶ
3555 5200 3583 5251 6
3603 5198 3707 5279 τὴν

2125 5273 2336 5371 ἡμέραν
2367 5273 2526 5351 πάλιν
2552 5273 2780 5366 ’βλέπων
2812 5294 2910 5364 οὐχ
2941 5273 3140 5363 ὁμοίως
3174 5289 3443 5360 θαυμάζει
3470 5287 3532 5342 τὸ
3562 5273 3703 5358 φῶς,

2123 5388 2220 5442 ἐὰν
2246 5387 2321 5458 μὴ
2347 5385 2442 5440 καὶ
2465 5383 2527 5439 τὸ
2550 5384 2650 5455 τῆς
2673 5381 2866 5446 νυκτὸς
2895 5381 3080 5444 σκότος
3103 5377 3432 5448 διαδέξηται.
3460 5379 3571 5432 Καὶ
3591 5377 3707 5448 γάρ

2123 5482 2156 5551 ἡ
2189 5479 2298 5534 τῶν
2330 5477 2586 5532 ἐναντίων
2621 5478 2787 5546 πεῖρα
2807 5471 3120 5534 διδάσκαλος
3151 5468 3242 5523 ἀεὶ
3277 5470 3487 5538 γίνεται
3523 5468 3703 5540 σαφὴς

2125 5570 2366 5634 ἐκείνων,
2391 5563 2465 5624 ὧν
2486 5569 2748 5640 πρότερον
2775 5568 2832 5619 ἐν
2857 5561 3520 5632 ἀπολαύσειτυγχάνοντες
3535 5555 3704 5632 ἦμεν.

2125 5665 2225 5718 Διά
2251 5681 2332 5717 τοι
2363 5661 2520 5717 τοῦτο
2557 5663 2651 5714 καὶ
2681 5661 2826 5725 τότε,
2849 5657 3040 5729 ἐπειδὴ
3069 5656 3277 5727 μυρίων
3308 5650 3446 5725 ἦσαν
3477 5654 3704 5722 ἀγαθῶν

2125 5761 2174 5812 οί
2199 5757 2439 5826 μαθηταὶ
2465 5754 2605 5810 κατὰ
2624 5754 2719 5825 τὴν
2751 5751 2914 5807 αὑτοῦ
2949 5749 3248 5823 παρουσίαν
3271 5745 3702 5810 ἀπολαύσαντες,
