3908 6300
186 336 300 392 ιω

187 449 352 506 bilius
377 491 395 516 ,
442 449 496 504 in
542 456 730 504 natura
781 447 1148 518 permanentes
1195 444 1422 499 humana
1469 443 1778 514 angelorum

186 542 658 599 conversationem
710 539 1042 597 exhibemus.
1091 537 1258 593 Tanta
1304 536 1564 607 siquidem
1613 536 1783 591 virtus

186 645 272 690 est
301 633 534 704 Spiritus
563 632 753 688 sancti.
797 631 863 684 Et
897 627 1343 700 quemadmodum
1372 626 1506 698 ignis
1532 627 1664 691 iste,
1693 625 1781 696 qui

187 740 353 780 sensu
397 723 721 794 percipitur,
750 720 838 776 ubi
882 720 1048 776 molle
1087 719 1253 773 lutum
1287 717 1530 787 ceperit,
1559 716 1780 786 rigidam

186 815 320 870 illud
350 823 543 872 testam
571 813 732 870 efﬁcit
754 831 768 868 :
791 813 870 868 sic
893 812 1142 867 nimirum
1167 820 1222 866 et
1249 811 1384 880 ignis
1414 809 1642 880 Spiritus
1659 823 1780 864 cum

186 909 428 963 animam
459 907 680 976 probam
705 906 982 976 occuparit
1000 946 1016 970 ,
1047 904 1168 960 licet
1198 919 1314 959 eam
1343 904 1453 959 luto
1481 903 1780 958 molliorem

186 1001 488 1070 receperit,
522 1001 663 1055 ferro
698 984 966 1053 duriorem
1010 997 1156 1051 illam
1193 995 1400 1063 reddit;
1433 994 1633 1051 etenim
1658 1009 1780 1050 eum

185 1094 276 1164 qui
306 1092 465 1163 paulo
491 1099 614 1146 ante
645 1098 979 1160 peccatorum
1010 1089 1138 1144 faece
1166 1088 1396 1158 pollutus
1419 1098 1536 1144 erat
1556 1125 1576 1152 ,
1605 1085 1780 1142 conti-

188 1198 298 1240 nuo
337 1184 455 1238 sole
493 1184 608 1253 ipso
637 1182 801 1237 efllcit
833 1181 1134 1236 clariorem.
1166 1181 1340 1248 Atque
1379 1179 1482 1234 hoc
1506 1176 1634 1232 illud
1662 1184 1778 1242 est,

185 1277 333 1346 quod
365 1277 554 1331 beatus
584 1289 681 1328 nos
705 1273 933 1328 docebat
977 1271 1204 1338 Paulus,
1232 1285 1353 1326 cum
1393 1270 1688 1334 clamaret,
1718 1281 1782 1324 ac

186 1367 428 1429 diceret,
465 1364 644 1419 Nolite
676 1379 846 1418 errare
873 1378 892 1417 :
913 1379 1071 1434 neque
1116 1362 1378 1434 fornicarii
1395 1402 1412 1427 ,
1438 1376 1596 1432 neque
1629 1359 1782 1415 idolis

186 1458 461 1512 servientes
477 1496 495 1522 ,
525 1472 686 1525 neque
711 1455 958 1522 adulteri,
987 1471 1142 1526 neque
1166 1453 1371 1519 molles,
1399 1468 1556 1522 neque
1576 1467 1780 1506 mascu-

187 1552 360 1606 lorum
395 1551 771 1616 concubitores,
800 1565 958 1615 n'eque
993 1551 1156 1619 fures,
1194 1562 1351 1617 neque
1379 1545 1595 1610 ebriosi,
1623 1559 1782 1614 neque

187 1642 448 1706 maledici,
472 1659 628 1711 neque
646 1657 854 1711 rapaces
873 1657 1080 1711 regnum
1103 1639 1201 1693 Dei
1221 1637 1542 1709 possidebunt
1561 1638 1636 1708 (l.
1659 1635 1779 1692 Cor.

187 1735 242 1787 6.
276 1733 334 1788 9.
369 1733 484 1803 l0).
517 1734 726 1787 Etcum
768 1733 947 1786 omnia
989 1730 1157 1786 ferme
1198 1729 1550 1799 improbitatis
1585 1743 1779 1800 genera

187 1832 580 1889 enumerasset,
604 1838 810 1894 eosque
823 1822 912 1892 qui
936 1837 994 1878 se
1019 1821 1103 1876 his
1122 1822 1355 1892 peccatis
1374 1820 1778 1885 obstrinxerim,

188 1915 400 1971 alienos
427 1914 540 1970 ﬁeri
569 1930 599 1969 a
627 1930 789 1986 regno
817 1915 910 1970 Dei
937 1914 1224 1979 docuisset,
1254 1913 1506 1968 continuo
1531 1911 1776 1981 subjecit,

189 2005 257 2059 Et
283 2009 394 2061 Ιηιέ
422 2008 622 2077 quidem
651 2009 854 2078 fuistis;
880 2007 970 2062 sed
993 2006 1152 2061 abluti
1178 2007 1294 2060 estis
1312 2048 1326 2071 ,
1353 2006 1442 2060 sed
1477 2006 1779 2074 sanctiﬁcati

186 2101 328 2163 estis,
359 2100 450 2153 sed
464 2100 736 2168 justiﬁcati
764 2100 880 2154 estis
905 2099 1009 2169 (Ib.
1041 2115 1090 2153 υ.
1121 2097 1232 2171 Η).
1258 2099 1374 2167 Quo
1405 2106 1578 2168 pacto,
1609 2112 1779 2168 quave

188 2193 398 2247 ratione
413 2193 567 2258 ?-dic,
601 2206 784 2262 quaeso
816 2210 829 2246 :
862 2192 964 2246 hoc
989 2192 1130 2247 enim
1160 2191 1288 2246 illud
1314 2201 1394 2246 est
1418 2175 1782 2261 quod’quzeri-

189 2294 294 2338 tur.
330 2283 396 2336 In
421 2285 622 2338 nomine
645 2283 852 2337 Domini
875 2283 1001 2338 Iesu
1039 2283 1243 2348 Christi,
1276 2284 1463 2352 inquit,
1494 2292 1540 2337 et
1565 2284 1619 2338 in
1649 2283 1778 2352 Spi-

187 2376 290 2429 ritu
320 2375 417 2430 Dei
448 2377 606 2430 nostri
634 2375 843 2448 (Ibitl.).
875 2376 1036 2432 Vides
1059 2377 1305 2431 virtutem
1335 2375 1560 2445 Spiritus
1585 2376 1774 2442 sancti,

187 2463 511 2522 carissime?
536 2465 684 2523 vides
705 2477 763 2522 ut
787 2482 998 2523 omnem
1032 2468 1169 2523 hanc
1195 2467 1523 2538 iniquitatem
1550 2467 1778 2537 Spiritus

187 2568 406 2613 sanctus
443 2559 732 2623 deleverit,
773 2573 972 2629 eosque
1018 2560 1106 2630 qui
1151 2559 1299 2630 prius
1334 2574 1364 2613 a
1406 2559 1635 2628 peccatis
1667 2559 1778 2614 suis

189 2647 386 2717 proditi
416 2660 588 2717 erant,
615 2651 792 2705 subito
817 2652 883 2705 ad
907 2666 1144 2706 summos
1172 2652 1402 2706 honores
1431 2651 1708 2706 evexerit?

256 2739 316 2794 2.
344 2739 600 2795 Adversus
628 2740 1135 2797 Pneumatomachos.
1156 2771 1228 2781 —
1248 2741 1377 2807 Quis
1399 2755 1527 2810 ergo
1552 2756 1650 2811 pro
1675 2756 1779 2797 me-

188 2833 292 2888 rito
330 2833 510 2903 lugeat
545 2849 608 2889 ac
639 2835 880 2904 deploret
905 2850 1030 2900 eos,
1061 2837 1153 2906 qui
1178 2834 1524 2905 blasphemiis
1549 2835 1777 2907 Spiritus

186 2927 363 2980 sancti
393 2935 649 2995 appetunt
676 2909 1004 2998 majestatem
1036 2942 1097 2984 ac
1126 2943 1320 2982 numen
1342 2969 1356 2991 ,
1389 2929 1478 3000 qui
1510 2938 1774 2999 tamquam

186 3015 376 3070 furiosi
408 3018 622 3086 quidam
663 3025 718 3073 et
755 3027 996 3074 amentes
1032 3035 1100 3075 ne
1145 3019 1525 3076 beneficiorum
1562 3021 1774 3090 quidem

187 3107 554 3178 magnitudine
576 3109 644 3164 ab
670 3109 770 3164 hac
791 3124 887 3166 sua
920 3109 1110 3180 ingrati
1137 3112 1298 3166 animi
1329 3112 1665 3181 improbitate
1690 3127 1776 3166 re-

184 3206 488 3264 vocantur;
529 3199 636 3252 imo
676 3199 931 3256 adversus
970 3203 1235 3271 prepriam
1276 3203 1510 3272 ipsorum
1550 3204 1772 3261 salutem

185 3289 367 3342 omnia
407 3289 699 3345 machinari
737 3306 842 3346 non
871 3301 1154 3360 verentur,
1181 3301 1341 3364 atque
1365 3308 1393 3347 a
1424 3295 1634 3350 Domini
1659 3312 1746 3351 ma

181 3379 380 3449 jestate
409 3379 673 3449 deiectum
695 3423 710 3448 ,
741 3394 993 3453 quantum
1033 3384 1086 3439 in
1126 3385 1256 3456 ipsis
1279 3396 1394 3454 est,
1425 3386 1478 3441 in
1506 3397 1776 3444 creatura-

187 3487 304 3526 rum
335 3472 578 3543 redigere
607 3476 848 3531 ordinem
885 3479 1218 3532 moliuntur?
1244 3479 1388 3547 Quos
1415 3480 1662 3551 equidem
1688 3481 1774 3537 lu-

188 3562 318 3618 bens
339 3565 418 3618 sic
441 3566 877 3637 interrogaverim
904 3586 917 3623 :
936 3569 1071 3636 Quid
1094 3570 1302 3625 tandem
1324 3587 1498 3628 causae
1517 3582 1616 3637 est,
1640 3573 1775 3629 heus

189 3671 303 3721 vos,
332 3673 430 3712 cur
455 3659 650 3714 bellum
681 3669 785 3714 tam
811 3662 1059 3716 acerbum
1085 3662 1340 3719 adversus
1361 3663 1588 3734 Spiritus
1609 3665 1774 3738 maje-

191 3757 378 3804 statem
400 3750 654 3806 indictum
683 3751 942 3818 habeatis,
966 3753 1050 3808 vel
1072 3755 1245 3824 potius
1265 3755 1519 3812 adversus
1538 3766 1771 3812 vestram

190 3841 423 3910 ipsorum
452 3843 675 3897 salutem
696 3845 721 3896 ?
747 3859 921 3915 neque
945 3845 1094 3901 vobis
1123 3847 1175 3901 in
1205 3855 1436 3903 mentem
1468 3850 1656 3905 venire
1681 3865 1772 3919 pa-

189 3934 412 4000 tiamini,
437 3951 557 4004 qua:
578 3936 852 4006 discipulis
871 3952 899 3991 a
922 3937 1194 3996 Salvatore
1217 3943 1537 3998 suntdicta?
1557 3944 1770 4010 Euntes,

190 4023 391 4092 inquit,
421 4025 595 4079 docete
621 4042 788 4079 omnes
812 4037 981 4097 gentes
999 4071 1014 4094 ,
1045 4030 1351 4100 baptizantes
1375 4049 1457 4088 eos
1485 4034 1538 4086 in
1573 4035 1774 4088 nomine

188 4111 361 4169 Patris
380 4125 429 4169 et
451 4114 579 4170 Filii
602 4127 649 4171 et
677 4117 899 4188 Spiritus
927 4123 1088 4175 sancti
1115 4121 1324 4193 (Matth.
1356 4124 1444 4179 28.
1477 4125 1587 4194 19).
1611 4125 1772 4182 Vides

185 4207 442 4277 aequalem
471 4207 674 4265 honore
705 4213 1078 4282 maiestatem?
1106 4215 1252 4270 vides
1281 4217 1617 4272 concordiam
1645 4234 1773 4273 exa-

185 4307 267 4354 cte
304 4299 666 4370 descriptam?
692 4303 841 4358 vides
880 4314 937 4358 ut
976 4306 1205 4360 indivisa
1246 4307 1316 4362 sit
1343 4307 1616 4366 Trinitas?
1645 4311 1770 4363 num

188 4392 388 4460 uspiam
418 4392 702 4448 discrimen
741 4403 831 4450 aut
872 4396 1168 4452 immutatio
1203 4399 1606 4456 imminutiove?
1635 4402 1771 4470 Quid

186 4498 277 4537 vos
311 4484 522 4539 Domini
550 4485 728 4544 verbis
764 4502 897 4540 nova
937 4487 1178 4558 quaedam
1207 4490 1453 4545 mandata
1483 4491 1772 4562 adiungere

187 4574 434 4630 audetis?
458 4592 526 4630 an
558 4592 685 4632 vero
711 4579 927 4633 nescitis
950 4580 1002 4634 in
1024 4581 1249 4651 negotiis
1273 4582 1430 4636 etiam
1460 4583 1706 4639 humanis
1725 4585 1771 4639 si

186 4667 301 4732 quis
326 4667 465 4723 forte
493 4679 714 4725 conatus
739 4671 827 4736 sit,
855 4682 944 4726 aut
971 4688 1036 4727 eo
1064 4673 1134 4728 sit
1171 4689 1482 4745 progressus
1509 4678 1767 4746 audacite,

187 4767 239 4813 ut
263 4774 292 4813 a
317 4775 446 4831 rege
471 4763 649 4818 missis
674 4764 841 4820 literis
868 4766 1154 4836 quidquam
1191 4769 1403 4839 adjiciat
1429 4771 1769 4840 detrahatve,

186 4853 268 4921 qui
295 4854 538 4923 ejusdem
569 4856 800 4928 alioquin
825 4869 906 4914 est
929 4861 1141 4930 generis
1167 4863 1475 4933 nobiscum,
1505 4866 1740 4936 ejusdem
1786 4880 1793 4886 '

184 4960 280 5015 que
319 4961 545 5002 consors
579 4959 805 5018 naturze,
837 4953 1012 5009 solere
1048 4951 1196 5010 illum
1231 4964 1474 5012 extremo
1507 4960 1768 5029 supplicio

186 5039 448 5107 mulctari,
481 5041 731 5112 nullaque
758 5057 920 5113 posse
951 5045 1159 5102 ratione
1185 5063 1215 5103 a
1247 5050 1434 5104 merita
1464 5065 1620 5120 pmna
1650 5053 1767 5109 viu-

182 5131 376 5188 dieari?
400 5134 557 5202 Quod
583 5138 628 5190 si
657 5144 861 5191 tantum
886 5137 940 5192 in
965 5138 1197 5195 hominis
1222 5142 1448 5212 negotiis
1471 5143 1788 5212 periculumx

183 5222 437 5290 imminet,
467 5241 625 5296 quam
651 5227 866 5283 tandem
889 5231 1096 5285 veniam
1124 5231 1456 5298 obtinebunt,
1481 5236 1570 5305 qui
1599 5251 1766 5306 usque

179 5332 241 5370 eo
262 5319 547 5388 prosiliunt
568 5321 905 5392 arrogantia).
929 5331 988 5378 ut
1006 5340 1123 5394 qua:
1142 5340 1173 5379 a
1193 5329 1461 5381 communi
1488 5328 1765 5388 Salvatore

178 5419 359 5466 nostro
385 5421 510 5467 sunt
534 5412 696 5481 dicta,
724 5429 1067 5488 corrumpere
1092 5419 1396 5486 moliantur,
1422 5437 1595 5492 neque
1621 5424 1761 5479 Pau-

176 5501 313 5570 lum,
355 5506 446 5577 qui
489 5506 795 5578 loquentem
839 5511 891 5564 in
931 5526 990 5566 se
1029 5511 1295 5567 Christum
1339 5514 1532 5584 habet,
1575 5519 1760 5576 audire

174 5599 459 5669 dignentur
483 5601 625 5656 clara
656 5618 786 5660 voce
810 5605 1124 5662 clamantem
1149 5623 1212 5663 ac
1235 5609 1496 5668 dicentem
1518 5655 1534 5680 ,
1567 5613 1760 5669 Oculus

176 5709 268 5746 non
297 5694 456 5761 vidit,
487 5706 535 5750 et
559 5699 700 5751 auris
739 5715 842 5753 non
875 5702 1066 5754 audivit
1085 5742 1099 5764 ,
1129 5710 1175 5755 et
1209 5703 1262 5754 in
1298 5719 1386 5757 cor
1414 5705 1631 5762 hominis
1657 5726 1758 5763 non

178 5789 505 5843 excuderunt
532 5804 646 5860 qua:
670 5791 974 5860 prteparavit
997 5789 1128 5846 Deus
1153 5791 1236 5862 iis,
1258 5792 1346 5863 qui
1374 5793 1593 5868 diligunt
1613 5799 1757 5854 illum

1155 324 1244 382 DE
1281 324 1546 383 SANCTA
1584 323 2048 382 PENTECOSTE.
2089 325 2316 384 ΗΟΜῘΙ..
2357 326 2423 383 ll.

3363 336 3468 394 466

1893 445 1982 517 (l.
2025 445 2144 501 Cor.
2175 445 2229 504 9.
2293 445 2327 500 9
2350 446 2407 516 )?
2437 444 2491 500 Si
2524 459 2651 516 ergo
2688 458 2860 517 neque
2892 445 3079 502 oculus
3105 446 3270 515 vidit,
3298 463 3471 520 neque

1885 538 2028 593 auris
2068 536 2301 602 audivit,
2334 552 2506 608 neque
2541 553 2637 594 cor
2675 553 2864 608 cajere
2904 538 3073 609 potuit
3113 541 3471 612 cognitionem

1886 629 2167 696 bonorum,
2195 645 2312 699 quae
2344 629 2514 700 ipsum
2552 629 2891 701 diligentibus
2927 639 3050 687 sunt
3078 639 3279 701 parata,
3305 633 3470 700 unde.

1884 738 2086 794 quaeso,
2116 723 2227 778 fieri
2257 725 2466 791 poterit,
2491 737 2524 778 ο
2551 723 2702 779 beate
2730 723 2910 789 Paule,
2943 732 3003 778 ut
3027 715 3136 780 (nos
3161 739 3346 780 eorum
3373 740 3470 781 co-

1882 816 2174 885 gnitionem
2203 814 2590 884 assequamur?
2619 815 2880 885 Exspecta
2926 815 3194 886 paulisper
3227 834 3239 870 :
3270 824 3379 870 tum
3413 826 3468 872 tu

1883 906 2030 961 illum
2075 906 2245 975 ipsum
2288 905 2470 961 audies
2509 905 2610 961 hoc
2637 905 2923 962 dicentem.
2956 907 3136 978 Itaque
3163 907 3356 975 adjecit
3382 906 3470 962 di-

1883 1009 2012 1051 cens
2044 1014 2058 1050 :
2091 994 2252 1050 Nobis
2289 1006 2453 1050 autem
2487 997 2719 1050 reuelauit
2748 994 2887 1052 Deus
2923 1013 3015 1068 per
3049 997 3283 1068 spiritum
3321 1014 3471 1052 suum

1887 1088 2045 1162 (ibid.
2083 1106 2130 1144 υ.
2161 1089 2250 1161 10)
2287 1106 2300 1144 :
2332 1105 2503 1160 neque
2541 1104 2669 1145 vero
2717 1088 2802 1144 hic
2843 1088 3113 1156 substitit;
3145 1087 3238 1147 sed
3271 1097 3328 1145 ut
3367 1104 3468 1160 po-

1884 1184 2062 1238 tentia:
2087 1182 2504 1254 magnitudinem
2531 1182 2808 1248 indicaret,
2833 1191 2889 1238 et
2913 1198 3018 1254 quo
3047 1191 3203 1252 pacto
3228 1183 3466 1254 ejusdem

1882 1275 1952 1330 sit
1991 1275 2301 1337 substantia:
2335 1283 2494 1344 atque
2530 1273 2690 1329 Pater
2716 1282 2767 1328 et
2797 1263 2962 1329 Filius
2988 1291 3001 1327 :
3031 1273 3257 1344 Spiritus
3283 1274 3424 1330 enim
3447 1315 3465 1340 ,

1883 1365 2085 1433 inquit,
2117 1366 2289 1418 omnia
2327 1373 2606 1429 scrutatur,
2644 1365 2798 1418 etiam
2838 1366 3092 1435 profunda
3127 1364 3223 1419 Dei
3256 1363 3466 1436 (Ibid.).

1883 1456 2082 1512 Deinde
2115 1472 2236 1511 cum
2277 1456 2536 1526 exemplis
2571 1455 2818 1512 humanis
2858 1457 3243 1512 accuratiorem
3269 1457 3470 1514 doctri-

1883 1563 2004 1603 nam
2033 1549 2269 1604 inserere
2295 1548 2486 1603 animis
2507 1549 2702 1603 nostris
2722 1549 2899 1616 vellet,
2927 1548 3120 1618 adjecit
3145 1567 3158 1604 :
3189 1549 3315 1615 Quis
3335 1551 3469 1604 enim

1882 1640 2139 1694 hominum
2175 1642 2267 1695 scit
2304 1657 2417 1708 quae
2450 1650 2570 1695 sunt
2608 1641 2858 1708 hominis,
2889 1641 2988 1696 nisi
3015 1643 3223 1713 spiritus
3250 1643 3470 1699 hominis

1879 1735 1966 1803 qui
1990 1734 2043 1788 in
2067 1734 2178 1804 ipso
2204 1736 2315 1788 est?
2342 1734 2430 1790 Sic
2453 1743 2502 1789 et
2521 1749 2632 1799 qua:
2655 1733 2750 1788 Dei
2777 1743 2893 1788 sunt
2922 1751 3068 1789 nemo
3092 1735 3341 1806 cegnovit,
3371 1736 3469 1791 nisi

1882 1826 2108 1896 Spiritus
2132 1826 2230 1880 Dei
2258 1826 2364 1899 (Ib.
2392 1842 2440 1880 υ.
2471 1825 2581 1900 ll).
2615 1826 2770 1882 Vides
2795 1827 3044 1881 eximiam
3068 1826 3470 1899 perfectamque

1880 1917 2220 1972 doctrinam?
2242 1917 2722 1986 Quemadmodum,
2747 1917 2936 1988 inquit,
2958 1932 3045 1986 ea,
3068 1934 3187 1988 qua:
3209 1919 3262 1973 in
3289 1929 3468 1974 mente

1880 2017 2004 2064 sunt
2029 2008 2260 2063 hominis
2280 2051 2296 2075 ,
2326 2010 2438 2064 ﬁeri
2469 2008 2651 2079 nequit
2677 2016 2736 2063 ut
2769 2009 2906 2064 alter
2945 2011 3184 2078 noverit,
3213 2010 3307 2066 sed
3353 2011 3468 2081 ipse

1879 2114 1966 2155 res
1989 2113 2112 2154 suas
2141 2101 2284 2155 novit
2312 2100 2458 2155 solus
2481 2119 2494 2154 :
2524 2101 2602 2156 sic
2625 2109 2677 2154 ct
2702 2102 2821 2170 quae
2847 2100 2939 2156 Dei
2969 2109 3094 2155 sunt
3118 2101 3296 2156 nullus
3321 2102 3468 2157 novit

1879 2192 1981 2247 nisi
2024 2191 2252 2261 Spiritus
2295 2191 2422 2258 Dei,
2453 2191 2592 2263 quod
2634 2193 2920 2247 maximum
2957 2200 3039 2247 est
3063 2192 3318 2263 valdeque
3347 2192 3466 2247 ido-

1879 2299 2038 2339 neum
2059 2283 2124 2338 ad
2146 2282 2526 2338 ostendendam
2549 2283 2777 2353 Spiritus
2795 2284 3124 2355 dignitatem.
3147 2285 3464 2356 Exemplum

1879 2371 2028 2430 cnim’
2048 2375 2240 2442 attulit,
2267 2376 2416 2444 quasi
2449 2376 2551 2430 hoc
2580 2377 2818 2431 innueret
2850 2394 2864 2431 :
2890 2376 3029 2431 Fieri
3058 2390 3164 2431 non
3191 2386 3382 2447 potest,
3407 2389 3466 2432 ut

1879 2466 1998 2536 quis
2025 2465 2299 2520 hominum
2326 2480 2388 2520 ea
2411 2506 2427 2529 ,
2455 2480 2574 2535 qua:
2603 2466 2656 2519 in
2685 2481 2779 2520 sua
2815 2474 2992 2520 mente
3021 2477 3182 2532 sunt,
3213 2481 3464 2535 umquam

1880 2556 2104 2626 ignoret.
2134 2555 2206 2611 Ut
2240 2555 2400 2626 igitur
2421 2554 2536 2611 fieri
2566 2556 2667 2611 hoc
2692 2571 2798 2610 non
2828 2564 3043 2626 potest,
3070 2557 3148 2612 sic
3174 2568 3228 2614 et
3251 2573 3314 2613 ea
3344 2573 3466 2629 quze

1881 2648 1974 2703 Dei
2003 2656 2128 2703 sunt
2153 2657 2260 2702 tam
2289 2657 2475 2703 exacte
2514 2647 2742 2718 Spiritus
2780 2660 2996 2703 sanctus
3035 2650 3202 2704 novit.
3230 2649 3336 2705 Sed
3365 2667 3463 2706 ne-

1876 2741 1989 2811 gari
2014 2756 2119 2795 non
2150 2749 2341 2810 potest,
2368 2741 2492 2810 quin
2516 2739 2598 2795 his
2617 2741 2778 2796 etiam
2803 2741 2980 2795 verbis
3008 2742 3194 2797 beatus
3218 2743 3318 2798 iste
3342 2742 3464 2798 illos

1879 2819 2095 2902 tangat,
2125 2831 2214 2902 qui
2244 2831 2314 2885 ob
2339 2831 2679 2900 auticipatam
2705 2845 2856 2886 suam
2887 2831 3193 2901 opinionem
3221 2834 3342 2888 eum
3373 2847 3464 2886 sa—

1877 2922 2002 2976 lutis
2026 2937 2136 2976 sua:
2163 2922 2485 2977 detrimento
2509 2929 2711 2976 tantum
2742 2921 2941 2977 bellum
2967 2921 3194 2993 Spiritus
3222 2923 3464 2995 dignitati

1876 3029 1938 3069 se
1966 3013 2219 3068 indixisse
2245 3013 2539 3081 declarant,
2563 3022 2924 3086 quantumque
2949 3016 3107 3070 situm
3129 3015 3182 3071 in
3205 3015 3334 3086 ipsis
3359 3028 3462 3084 est,

1877 3119 2001 3160 cum
2028 3106 2262 3174 supremi
2289 3105 2593 3160 dominatus
2621 3105 2876 3174 dignitate
2915 3107 3161 3176 privant,
3200 3116 3358 3178 atque
3396 3109 3463 3163 ad
3512 3147 3516 3156 ι

1875 3206 2239 3253 creaturarum
2287 3197 2542 3268 dejiciunt
2587 3197 2868 3253 vilitatem.
2915 3197 3293 3255 Verumtamen
3337 3200 3463 3256 licet

1876 3289 1951 3343 illi
1988 3289 2343 3344 contentionis
2377 3288 2553 3344 studio
2585 3289 2728 3344 ducti
2766 3287 3054 3358 Scriptura:
3092 3303 3258 3344 sacra:
3284 3290 3462 3346 verbis

1874 3382 2209 3438 adversarios
2253 3397 2374 3438 sese
2423 3390 2731 3452 opponant,
2775 3396 2874 3438 nos
2919 3381 3092 3436 divina
3145 3380 3462 3438 documenta

1873 3475 2021 3530 velut
2044 3474 2255 3529 oracula
2281 3475 2350 3530 de
2373 3475 2505 3530 caelo
2531 3474 2693 3530 missa
2720 3475 3092 3545 suscipientes,
3121 3474 3326 3530 debitas
3350 3475 3463 3530 lau-

1875 3565 1972 3622 des
2000 3565 2290 3622 oﬂ'eramus
2309 3607 2324 3630 ,
2350 3574 2407 3620 et
2431 3581 2552 3620 cum
2579 3574 2724 3621 recta
2752 3565 2857 3622 fide
2883 3567 3044 3622 etiam
3070 3567 3308 3623 veritatis
3333 3582 3462 3622 exa-

1874 3668 2014 3714 ctam
2049 3659 2407 3730 eognitionem
2453 3674 2564 3728 prae
2599 3659 2756 3714 nobis
2788 3660 3040 3717 feramus.
3070 3662 3243 3732 Atque
3271 3661 3337 3716 ad
3366 3677 3460 3717 eos

1873 3751 2088 3822 quidem
2112 3750 2460 3807 revincendos
2482 3793 2498 3816 ,
2527 3751 2618 3822 qui
2645 3766 2706 3806 ea
2732 3792 2748 3819 ,
2773 3767 2890 3822 quae
2921 3752 3149 3822 Spiritus
3176 3753 3342 3808 sancti
3371 3769 3461 3808 re-

1875 3841 2087 3912 sponsis
2113 3843 2378 3897 contraria
2423 3852 2580 3909 sunt,
2613 3842 2808 3897 docere
2854 3858 2962 3897 non
3003 3843 3274 3910 dubitant,
3314 3843 3463 3898 sufﬁ-

1873 3934 2018 3989 ciunt
2044 3950 2104 3990 ea
2132 3949 2250 4004 quae
2289 3935 2429 3990 dicta
2472 3945 2632 4000 sunt;
2667 3950 2855 3990 verum
2882 3937 3022 3991 enim
3038 3951 3180 4017 ‘vero
3203 3936 3354 4006 cujus
3382 3939 3460 3992 rei

1872 4027 2039 4096 gratia
2087 4035 2350 4081 tantorum
2397 4041 2610 4081 causam
2656 4027 2916 4082 bonorum
2961 4043 3066 4083 non
3115 4029 3292 4083 statim
3340 4041 3462 4098 post

1875 4132 2024 4172 suam
2056 4117 2108 4171 in
2135 4117 2294 4172 caelos
2321 4118 2688 4172 ascensionem
2716 4117 2972 4172 Dominus
2996 4118 3066 4172 sit
3094 4118 3332 4189 largitus,
3364 4120 3458 4175 sed

1875 4225 2070 4280 paucos
2095 4209 2208 4264 dies
2237 4210 2384 4278 prius
2407 4208 2590 4264 siverit
2615 4217 2948 4280 exspectare,
2980 4224 3044 4264 ac
3068 4209 3212 4264 solos
3241 4225 3460 4264 manere

1874 4300 2164 4370 discipulos
2192 4299 2357 4363 domi,
2385 4307 2495 4352 tum
2517 4299 2708 4355 deinde
2724 4299 2952 4368 Spiritus
2979 4301 3203 4370 gratiam
3232 4301 3460 4357 demise-

1874 4391 1973 4455 rit,
2002 4405 2178 4460 0perae
2207 4391 2433 4460 pretium
2465 4389 2650 4445 facturi
2685 4390 2964 4458 videmur,
2995 4391 3038 4446 si
3065 4391 3336 4448 dilectioni
3368 4409 3461 4449 ve-

1873 4490 1999 4535 strae
2023 4479 2319 4535 referamus
2349 4498 2362 4534 :
2391 4495 2497 4536 non
2525 4482 2666 4536 enim
2695 4492 2895 4537 temere
2914 4523 2929 4548 ,
2963 4499 3135 4554 neque
3159 4484 3276 4538 sine
3299 4499 3457 4540 causa

1873 4573 2068 4629 factum
2095 4581 2180 4629 est
2205 4573 2353 4629 illud.
2380 4574 2511 4629 Nam
2542 4577 2791 4645 quoniam
2818 4592 2984 4646 genus
3011 4578 3300 4633 lmmanum
3328 4580 3461 4636 vidit

1873 4681 1980 4721 non
2008 4677 2152 4722 tanto
2178 4667 2229 4721 in
2261 4667 2430 4737 pretio
2456 4669 2650 4723 habere
2671 4685 2789 4739 qute
2810 4680 2933 4725 sunt
2955 4672 3006 4726 in
3029 4674 3271 4729 manibus
3296 4674 3456 4743 bona,

1872 4772 2046 4828 neque
2072 4772 2167 4828 pro
2195 4757 2448 4828 dignitate
2474 4774 2536 4814 ea
2563 4761 2769 4827 colere,
2799 4777 2917 4831 qua:
2952 4763 3183 4832 jucunda
3221 4766 3377 4820 simul
3405 4775 3460 4822 et

1871 4863 2062 4920 magna
2098 4848 2404 4916 videantur,
2434 4851 2534 4906 nisi
2573 4853 2733 4907 etiam
2773 4856 3161 4912 contrariorum
3203 4874 3457 4913 occursus

1871 4941 2184 5019 irrepserit;
2215 4942 2446 5012 exempli
2477 4958 2633 4997 causa
2668 4943 2986 5016 (dicendum
3017 4948 3158 5004 enim
3187 4958 3270 5004 est
3302 4965 3457 5020 aper-

1871 5034 2038 5101 tius),
2064 5033 2154 5103 qui
2181 5049 2314 5090 sano
2340 5044 2424 5090 est
2457 5051 2522 5092 ac
2548 5046 2735 5106 vegeto
2761 5053 2985 5110 corpore
3004 5083 3019 5104 ,
3049 5057 3224 5112 neque
3250 5047 3450 5110 sentit,

1869 5150 2044 5205 neque
2088 5139 2226 5190 scire
2266 5142 2444 5204 potest
2482 5143 2666 5190 exacte
2689 5177 2704 5202 ,
2736 5145 2930 5206 quanta
2973 5138 3045 5191 illi
3087 5139 3284 5192 sanitas
3314 5137 3450 5191 bona

1870 5227 2167 5298 largiretur.
2198 5228 2298 5282 nisi
2337 5227 2646 5283 infirmitate
2687 5228 2978 5298 obrepente
3017 5229 3258 5283 morbum
3289 5229 3449 5283 etiam

1867 5319 2027 5374 fuerit
2069 5330 2364 5390 expertus:
2395 5329 2448 5375 et
2475 5322 2566 5390 qui
2605 5321 2743 5376 diem
2793 5337 2977 5376 rursus
3015 5321 3230 5390 aspicit,
3269 5321 3448 5376 lumen

1867 5413 1995 5465 tanti
2032 5427 2138 5466 non
2179 5411 2302 5467 facit
2324 5453 2340 5477 ,
2369 5412 2468 5466 nisi
2506 5413 2664 5468 etiam
2697 5414 2866 5468 noctis
2895 5411 3137 5466 tenebras
3166 5425 3449 5479 persense~

1864 5506 1950 5557 rit.
1993 5505 2203 5560 Etenim
2251 5507 2639 5561 contrariorum
2685 5506 3007 5576 experientia
3054 5505 3304 5571 magistra
3350 5520 3448 5562 nos

1863 5605 2047 5667 aperte
2075 5597 2252 5662 docet,
2283 5598 2457 5668 qualia
2484 5598 2591 5653 sint
2615 5612 2699 5664 ea,
2723 5597 2912 5666 quibus
2936 5603 3092 5650 antea
3118 5594 3444 5651 fruebantur.

1863 5687 2067 5746 Idcirco
2107 5694 2357 5747 nimirum
2400 5703 2509 5746 tum
2553 5706 2794 5762 quoque,
2833 5689 3256 5760 quandoquidem
3303 5705 3445 5761 prm-

1864 5794 2015 5840 scntc
2059 5785 2150 5839 illo
2192 5785 2458 5841 sexcentis
2501 5785 2654 5840 bonis
2696 5782 2938 5856 discipuli
2979 5782 3130 5855 potiti
3164 5793 3350 5854 erant,
3389 5794 3444 5840 et
