3908 6300
450 320 559 379 ιω

455 434 595 502 quod
639 447 759 488 eum
811 433 900 489 illo
942 435 1136 490 versati
1185 434 1446 500 fuissent,
1493 435 1606 492 dies
1656 434 2038 505 jucundissime

456 523 838 594 transigebant.
862 525 1059 580 Omnes
1079 527 1220 582 enim
1246 526 1433 582 incolae
1455 527 1752 581 Palaestinae
1776 536 2040 597 tamquam

458 614 526 668 ad
556 615 833 670 luminaria
861 617 1105 686 quaedam
1131 617 1311 673 oculos
1340 631 1467 672 suos
1493 617 1557 672 ad
1583 632 1768 672 eorum
1795 632 1886 671 ora
1915 632 2044 672 con-

459 705 758 773 vertebant,
783 708 995 777 quando
1014 717 1068 764 et
1089 717 1326 764 mortuos
1348 709 1415 764 ad
1436 709 1596 763 vitam
1626 709 1975 774 revocabant,
1994 721 2048 764 et

462 796 702 866 leprosos
730 798 1052 854 mundabant
1072 841 1089 866 ,
1117 799 1387 854 daemones
1427 799 1760 869 expellebant
1782 839 1799 866 ,
1829 799 2046 853 morbos

461 887 750 952 curabant,
783 889 988 960 aliaque
1017 890 1178 945 multa
1210 885 1463 946 miracula
1488 891 1719 946 edebant
1748 909 1761 945 :
1792 891 2042 961 quoniam

462 979 624 1048 igitur
643 981 713 1034 ita
740 980 973 1037 illustres
993 991 1220 1038 erantet
1244 984 1503 1049 celebres,
1530 993 1805 1055 propterea
1833 984 1896 1038 ad
1922 994 2047 1039 tctu-

459 1087 562 1140 pus
586 1087 678 1127 eos
721 1075 962 1142 permisit
984 1075 1052 1130 ab
1073 1075 1189 1146 ejus
1207 1076 1402 1131 virtute
1424 1076 1652 1147 sejungi,
1678 1077 1826 1148 cujus
1847 1077 2046 1131 auxilio

463 1163 765 1218 nitebantur
793 1183 806 1219 :
834 1174 890 1220 ut
927 1181 1047 1222 eum
1083 1181 1148 1222 eo
1179 1167 1400 1222 fuissent
1427 1167 1662 1222 destituti
1688 1209 1703 1235 ,
1735 1177 1846 1223 tum
1875 1183 2046 1237 quan-

463 1262 571 1308 tum
603 1255 707 1311 illis
735 1257 850 1326 ejus
876 1257 1127 1314 bonitatis
1155 1259 1436 1329 praesentia
1476 1260 1785 1329 prodesset,
1839 1259 2045 1315 edisce-

463 1356 618 1412 rent,
659 1357 713 1404 et
741 1364 861 1404 eum
898 1353 1290 1420 praeteritorum
1341 1352 1602 1406 bonorum
1629 1352 2046 1421 magnitudinem

465 1440 896 1508 perspexissent,
928 1441 1116 1510 majori
1147 1457 1268 1496 cum
1311 1443 1487 1497 studio
1525 1443 1779 1498 Paraeleti
1807 1443 2051 1498 donatio-

466 1543 587 1581 nem
617 1529 943 1600 exciperent.
994 1531 1204 1586 Etenim
1248 1532 1368 1587 illos
1412 1542 1700 1588 manentes
1740 1536 2044 1592 consolatus

467 1628 546 1673 est
568 1661 582 1683 ,
613 1631 666 1674 et
688 1631 908 1691 propter
936 1623 1173 1694 magistri
1215 1623 1506 1680 discessum
1531 1626 1772 1696 lugentes
1799 1641 1861 1681 ac
1883 1628 2049 1683 tristi-

468 1710 537 1762 tia
559 1711 790 1779 repletos
815 1727 924 1767 sua:
947 1714 1081 1768 lucis
1101 1714 1262 1769 radiis
1292 1716 1591 1783 illustravit,
1625 1733 1789 1787 prope
1812 1719 2050 1786 jacentes

468 1801 672 1867 erexit,
720 1803 964 1858 maeroris
1007 1804 1283 1874 caliginem
1328 1804 1616 1871 discussit,
1648 1816 1702 1861 et
1730 1810 2049 1863 anxietatem

469 1906 682 1945 omnem
727 1892 951 1962 depulit.
993 1895 1428 1964 Quandoquidem
1473 1913 1701 1968 namque
1728 1898 2050 1954 dominicam

470 1998 651 2037 vocem
679 1984 956 2040 audierant
980 2026 994 2051 ,
1029 1986 1220 2041 Euntes
1247 1989 1420 2043 docete
1443 2006 1612 2044 onmes
1630 2001 1802 2061 gentes
1837 1991 2050 2062 (Matth.

470 2074 560 2129 28.
589 2074 678 2144 i9)
710 2094 723 2130 :
752 2075 1061 2132 dubitabant
1105 2088 1279 2134 autem
1320 2080 1574 2151 deinceps
1619 2091 1674 2137 et
1717 2083 2050 2153 ignorabant,

474 2180 577 2232 quo
627 2166 896 2234 proficisci
941 2184 1212 2240 quemque
1263 2181 1554 2241 oporteret,
1611 2183 1666 2229 et
1717 2174 1770 2229 in
1824 2190 2054 2246 quanam

475 2256 620 2309 orbis
651 2264 912 2312 terrarum
959 2260 1178 2330 regione
1219 2262 1441 2317 verbum
1484 2264 1577 2319 Dei
1629 2266 1952 2334 prmdicare;
2001 2269 2053 2322 in

473 2347 653 2412 specie
697 2346 992 2417 liuguarmn
1030 2349 1266 2420 Spiritus
1305 2363 1520 2408 sanctus
1545 2355 1798 2422 advenit,
1833 2360 2056 2429 singulis

475 2436 618 2490 orbis
661 2447 921 2493 terrarum
976 2442 1222 2511 regiones
1249 2444 1519 2500 docendas
1548 2446 1851 2512 distribuit,
1897 2460 2057 2522 atque

475 2528 756 2596 impertita:
807 2529 999 2601 lingua:
1043 2547 1203 2601 opera
1246 2543 1511 2605 tamquam
1555 2537 1606 2591 in
1653 2538 1828 2595 tabula
1871 2556 2055 2596 eorum

479 2617 600 2673 fidei
647 2621 916 2676 commissi
963 2624 1302 2694 magistratus
1348 2641 1410 2682 ac
1442 2629 1727 2698 magisterii
1777 2631 1920 2703 leges
1962 2633 2057 2690 de-

477 2709 710 2778 scripsit.
1517 2778 1520 2782 _

550 2801 652 2856 Cur
688 2805 740 2857 in
780 2807 942 2875 specie
987 2808 1273 2878 linguarum
1308 2809 1550 2881 Spiritus.
1578 2842 1650 2854 —-
1690 2813 1972 2886 Propterea
2008 2819 2060 2874 in

481 2895 659 2962 specie
707 2895 1000 2966 linguarum
1053 2898 1279 2970 Spiritus
1324 2903 1538 2958 advenit
1579 2922 1592 2958 :
1638 2921 1810 2977 neque
1863 2909 2061 2966 idcirco

483 2994 705 3049 tantum,
739 2988 832 3042 sed
863 2996 920 3042 ut
947 2991 1144 3045 veteris
1172 2993 1331 3047 etiam
1361 2992 1595 3050 historia:
1627 3000 1934 3054 memoriam
1967 3017 2062 3056 no-

483 3076 563 3129 bis
592 3074 884 3132 refricaret.
915 3079 1046 3135 Cum
1072 3083 1214 3137 enim
1243 3084 1368 3138 olim
1398 3082 1641 3142 homines
1671 3089 1914 3159 superbia
1939 3092 2062 3148 elati

485 3168 670 3222 turrim
698 3181 972 3227 exstruere
996 3174 1279 3242 voluerint,
1304 3191 1423 3247 qua:
1451 3177 1516 3233 ad
1542 3181 1729 3235 caelum
1757 3197 1922 3253 usque
1945 3199 2064 3253 per-

485 3259 710 3329 tingeret
730 3303 743 3324 ,
773 3271 826 3318 et
858 3265 1059 3320 invecta
1090 3267 1348 3324 divisione
1376 3269 1674 3340 linguarum
1700 3288 1914 3342 pravam
1943 3275 2064 3329 illo-

483 3365 600 3403 rum
631 3353 914 3408 coitionem
957 3365 1011 3410 et
1051 3360 1391 3414 concordiam
1435 3361 1702 3432 dissiparit
1743 3364 1882 3418 Deus
1911 3364 2064 3437 (Gen.

487 3444 574 3511 ll)
605 3461 617 3495 :
649 3443 844 3499 ideirco
870 3462 1008 3502 nunc
1037 3465 1247 3518 quoque
1274 3453 1326 3506 in
1355 3455 1535 3521 specie
1561 3455 1832 3524 ignearum
1861 3456 2065 3518 lingua-

484 3547 602 3584 t'um
633 3532 700 3586 ad
744 3549 836 3587 eos
879 3537 1088 3592 advolat
1125 3540 1352 3608 Spiritus
1397 3555 1649 3608 sanctus,
1696 3555 1752 3600 ut
1780 3561 1877 3615 per
1918 3547 2064 3603 illum

484 3623 670 3677 orbem
713 3633 969 3681 terrarum
1013 3628 1240 3684 divisum
1279 3632 1582 3704 eonjungat.
1634 3635 1704 3690 Et
1746 3637 1939 3692 accidit
1981 3654 2068 3694 res

484 3729 623 3768 nova
651 3715 808 3770 simul
854 3732 916 3772 ac
955 3719 1088 3774 mira
1121 3737 1135 3774 :
1167 3732 1224 3776 ut
1247 3723 1390 3778 enim
1423 3732 1533 3779 tum
1563 3726 1850 3797 antiquitus
1876 3728 2068 3799 lingua:

491 3815 752 3861 terrarum
779 3809 962 3864 orbem
991 3809 1314 3877 diviserunt,
1346 3824 1400 3870 et
1429 3816 1619 3870 malam
1646 3819 1983 3874 concordiam
2016 3821 2067 3876 in

485 3897 764 3954 dissidium
795 3911 1170 3958 converterunt
1207 3923 1219 3958 :
1254 3905 1326 3959 ita
1371 3923 1512 3963 nunc
1553 3923 1764 3978 quoque
1807 3918 2067 3968 terrarum

485 3989 671 4044 orbem
704 3993 896 4063 lingua:
924 3996 1255 4064 eopularunt,
1290 4007 1344 4052 et
1367 4013 1486 4068 qua:
1509 3998 1837 4056 dissidebant
1863 4002 1915 4056 in
1941 4017 2071 4058 con-

485 4082 724 4138 cordiam
755 4085 1096 4143 reduxerunt.
1140 4089 1316 4160 Itaque
1346 4091 1399 4144 in
1440 4093 1616 4161 specie
1654 4091 1951 4163 linguarum
1993 4095 2072 4150 id-

489 4174 636 4228 circo
677 4175 929 4230 advenit:
962 4189 1225 4250 tamquam
1274 4180 1410 4251 ignis
1449 4191 1626 4239 autem
1667 4183 1859 4255 lingua:
1896 4196 2067 4253 erant,

453 4277 459 4282 '
491 4264 633 4332 quod
658 4265 1016 4336 sylvesccnles
1044 4270 1095 4324 in
1123 4271 1276 4326 nobis
1308 4283 1644 4342 peccatorum
1668 4275 1835 4345 spina:
1861 4292 2073 4334 succre-

491 4357 711 4410 vissent.
742 4359 871 4414 Nam
900 4363 1346 4431 quemadmodum
1370 4374 1510 4422 terra
1537 4367 1727 4424 fertilis
1753 4384 1816 4424 ac
1841 4370 2066 4441 pinguis,

490 4447 536 4501 si
566 4447 785 4504 minimc
828 4452 1068 4521 colatur,
1111 4470 1355 4526 magnam
1393 4459 1666 4527 spinarum
1714 4461 1914 4531 sylvam
1947 4477 2072 4531 pro-

490 4541 662 4596 fundit
686 4559 700 4595 :
727 4543 803 4598 sic
827 4554 882 4600 et
907 4555 1094 4602 natura
1120 4557 1322 4616 nostra,
1346 4565 1464 4620 quae
1488 4566 1516 4604 a
1536 4550 1789 4606 Creatore
1812 4568 1910 4607 suo
1934 4552 2072 4608 bona

488 4643 570 4687 est
596 4635 843 4701 condita,
892 4646 948 4693 et
990 4639 1056 4694 ad
1087 4641 1294 4696 virtutis
1343 4641 1520 4712 fruges
1559 4643 1781 4710 idonea,
1831 4658 1898 4700 eo
1933 4645 2074 4715 quod

491 4741 662 4795 neque
700 4729 912 4798 pietatis
948 4743 1182 4789 aratrum
1222 4751 1394 4806 neque
1423 4737 1741 4808 cognitionis
1772 4738 1864 4793 Dei
1890 4754 2075 4794 semen

493 4824 824 4892 excepisset,
860 4827 1010 4895 quasi
1037 4829 1217 4898 spinas
1261 4830 1516 4900 quasdam
1559 4839 1613 4885 et
1653 4831 1808 4884 aliam
1837 4831 2074 4887 inutilem

491 4916 695 4986 sylvam
729 4917 1052 4986 impietatem
1084 4920 1349 4991 produxit.
1375 4922 1442 4977 Et
1461 4922 1904 4993 quemadmodum
1933 4939 2076 4994 smpe

493 5018 711 5080 propter
736 5010 1007 5081 spinarum
1034 5014 1424 5069 multitudinem
1443 5055 1458 5081 ,
1496 5029 1559 5070 ac
1585 5015 1846 5070 malorum
1882 5017 2078 5086 grami-

494 5118 620 5158 num
653 5112 810 5160 terra:
840 5105 999 5161 facies
1030 5121 1098 5162 ne
1138 5115 1360 5177 apparet
1391 5108 1604 5178 quidem
1637 5127 1649 5162 :
1678 5109 1755 5163 sic
1791 5118 1843 5164 et
1885 5110 2077 5163 animae

495 5206 693 5252 nostra:
717 5197 963 5254 nobilitas
983 5199 1288 5269 puritasque
1308 5200 1527 5256 minime
1546 5200 1852 5271 apparebat,
1880 5216 2078 5271 quous-

495 5305 600 5360 que
648 5301 851 5346 naturae
908 5291 1156 5346 humanm
1203 5291 1434 5362 agricola
1483 5293 1752 5355 venisset,
1805 5302 1859 5348 et
1907 5293 2076 5362 ipsam

497 5383 738 5440 immisso
783 5383 1012 5456 Spiritus
1059 5385 1181 5454 igne
1227 5393 1638 5455 perpurgasset,
1680 5393 1873 5454 atque,
1919 5396 1976 5439 ut
2009 5386 2076 5440 ad

496 5477 864 5546 excipiendum
895 5477 1108 5534 caeleste
1134 5492 1319 5533 semen
1347 5477 1536 5533 idonea
1577 5476 1887 5534 redderetur
1907 5519 1922 5543 ,
1947 5476 2078 5534 elic-

495 5577 677 5620 CISSBI.

567 5660 619 5712 5.
662 5658 826 5713 Tanta
876 5670 1037 5727 sunt,
1089 5660 1276 5732 bisque
1322 5661 1491 5716 multo
1531 5661 1717 5731 plura,
1765 5677 1883 5732 qua:
1929 5662 2081 5719 nobis

492 5751 651 5822 hujus
691 5751 797 5809 dici
838 5753 1095 5812 bcnelicio
1126 5753 1263 5811 bona
1303 5754 1648 5810 obvenerunt.
1695 5753 1823 5822 Quae
1849 5769 1967 5809 cum
2008 5755 2078 5810 ita

1194 322 1250 379 S.
1292 322 1580 380 JOANNIS‘
1609 319 2088 378 CHRYSOSTOMI
2126 323 2438 380 ARCIIIEP.
2481 325 3017 384 CONSTANTINOP.

3621 329 3724 387 468

2151 434 2258 490 sint
2273 477 2288 503 ,
2317 451 2413 492 oro
2439 437 2784 506 obtestorque
2804 453 2922 503 vos,
2955 451 3053 508 pro
3077 436 3334 510 dignitate
3358 445 3726 511 congestorum

2148 528 2199 581 in
2227 543 2324 583 nos
2353 529 2635 594 bonorum,
2668 529 2859 584 festum
2885 543 2983 584 nos
3005 545 3216 600 quoque
3238 531 3593 599 celebremus,
3621 545 3728 586 non

2142 617 2358 688 januam
2391 619 2408 650 ¹
2451 629 2810 684 coronantes,
2857 618 2953 674 sed
2998 621 3204 675 animas
3263 630 3578 687 cementes;
3624 637 3728 676 non

2147 709 2320 764 forum
2351 710 2614 781 tapetibus
2641 721 2985 777 exornantes,
3017 709 3113 766 sed
3139 712 3372 766 animam
3398 711 3730 781 splendidam

2148 801 2358 856 virtutis
2397 801 2593 873 amictu
2621 800 2942 868 reddentes,
2975 811 3032 856 ut
3057 801 3159 857 hoc
3188 811 3346 872 pacto
3387 803 3655 872 possimus
3678 812 3732 858 et

2153 889 2380 961 Spiritus
2399 892 2624 962 gratiam
2645 892 2938 962 suscipere,
2957 901 3012 948 et
3034 890 3240 948 fruetus
3268 891 3392 948 inde
3411 891 3733 963 pullulantes

2149 983 2458 1054 decerpere.

2223 1075 2326 1142 Qui
2365 1077 2465 1131 sint
2505 1079 2698 1146 fructus
2727 1075 2952 1146 Spiritus
2987 1077 3168 1131 sancti.
3201 1105 3274 1116 —
3300 1075 3429 1143 Quis
3459 1089 3620 1146 porro
3649 1075 3734 1130 ills

2150 1164 2353 1221 fruetus
2393 1174 2476 1222 est
2511 1166 2782 1236 Spiritus?
2828 1165 3121 1221 Audiamus
3163 1165 3384 1222 Paulum
3427 1167 3731 1222 dicentem:

2151 1255 2374 1312 Fructus
2398 1266 2568 1310 autem
2591 1256 2818 1325 Spiritus
2845 1265 2918 1310 est
2944 1257 3150 1321 caritas,
3173 1256 3438 1326 gaudium,
3464 1273 3568 1325 pax
3593 1256 3733 1326 (Gal.

2151 1347 2205 1403 ὅ.
2232 1346 2348 1416 22).
2377 1347 2512 1403 Vide
2540 1355 2736 1416 quanta
2778 1345 2847 1400 sit
2889 1345 3159 1401 aecuratio
3201 1345 3254 1400 in
3284 1346 3458 1400 verbis
3479 1385 3495 1411 ,
3541 1357 3738 1416 quanta

2151 1440 2206 1495 in
2245 1440 2488 1495 doctrina
2516 1438 2887 1494 convenientia
2920 1454 2934 1490 :
2967 1436 3225 1507 praemisit
3265 1437 3540 1492 caritatem
3564 1476 3580 1501 ,
3628 1444 3740 1490 tum

2152 1531 2405 1602 deinceps
2429 1546 2491 1586 ea
2521 1545 2641 1600 quas
2663 1536 3064 1598 consequuntur
3091 1527 3528 1582 commemoravit
3557 1544 3569 1580 :
3598 1526 3744 1582 radi-

2153 1637 2270 1679 cem
2298 1622 2435 1687 fixit,
2459 1635 2522 1676 ac
2543 1620 2738 1676 deinde
2765 1619 2994 1675 fructum
3023 1618 3308 1685 indicavit;
3335 1617 3740 1673 fundamentum

2150 1714 2312 1785 iecit,
2356 1726 2420 1768 ac
2445 1711 2639 1768 deinde
2662 1710 2944 1766 aedificium
2975 1709 3260 1779 imposuit;
3299 1723 3332 1763 a
3358 1709 3501 1764 fonte
3535 1709 3744 1763 initium

2154 1805 2325 1871 duxit,
2356 1813 2410 1860 et
2439 1818 2564 1858 mox
2593 1803 2658 1858 ad
2691 1802 2879 1857 ﬂuvios
2903 1801 3140 1857 devenit.
3171 1800 3288 1856 Non
3325 1801 3468 1856 enim
3501 1800 3613 1855 ﬁeri
3651 1816 3745 1870 po-

2155 1904 2296 1962 test,
2325 1906 2382 1951 ut
2421 1895 2596 1965 gaudii
2643 1893 2864 1948 materia
2909 1907 3009 1947 nos
3035 1899 3404 1957 commoveat,
3437 1891 3744 1961 priusquam

2156 1990 2382 2044 aliorum
2408 1987 2816 2058 prosperitatem
2847 1993 3084 2040 nostram
3113 1983 3372 2040 ducamus
3393 2023 3408 2050 ,
3436 1992 3491 2038 et
3518 1982 3747 2052 proximi

2159 2081 2299 2135 bona
2331 2078 2542 2149 propria
2574 2085 2918 2147 reputemus;
2953 2077 3067 2134 haec
3091 2091 3221 2132 vero
3249 2090 3354 2130 non
3382 2074 3595 2130 aliunde
3628 2092 3750 2145 pro-

2159 2185 2375 2226 manare
2411 2178 2611 2240 queunt
2641 2184 2798 2240 quam
2845 2169 2984 2239 quod
3013 2169 3250 2224 caritatis
3276 2168 3355 2222 vis
3386 2167 3748 2237 praevalnerit,

2158 2271 2320 2332 atque
2349 2261 2673 2330 dominatus.
2719 2259 2927 2315 Caritas
2955 2259 3108 2314 radix
3138 2267 3220 2314 est
3249 2267 3304 2314 et
3331 2257 3449 2314 fons
3475 2268 3754 2329 materque

2161 2335 2474 2409 cunctorum
2519 2353 2784 2407 bonorum
2817 2367 2830 2403 :
2868 2351 3064 2406 etenim
3110 2358 3378 2421 tamquam
3424 2349 3576 2405 radix
3623 2364 3753 2406 sex-

2159 2453 2347 2500 centos
2374 2444 2628 2496 virtutum
2657 2454 2834 2494 ramos
2877 2439 3174 2509 germinat,
3207 2439 3360 2509 quasi
3405 2437 3525 2494 fons
3554 2439 3756 2494 multas

2164 2537 2346 2591 latices
2387 2531 2687 2604 profundit,
2730 2539 2785 2586 et
2812 2539 2872 2585 ut
2898 2539 3071 2586 mater
3094 2531 3299 2602 gremio
3325 2545 3422 2586 suo
3445 2529 3512 2585 ad
3540 2545 3600 2585 se
3623 2545 3758 2585 con-

2163 2625 2424 2697 fugientes
2449 2633 2594 2678 arcte
2619 2621 3015 2692 complectitur.
3046 2619 3198 2688 Quod
3229 2619 3446 2691 quidem
3474 2635 3595 2675 eum
3619 2619 3758 2675 bea-

2165 2728 2250 2772 tus
2281 2717 2472 2771 Paulus
2500 2714 2663 2785 probe
2689 2721 2889 2779 nosset,
2917 2712 3145 2768 fructum
3170 2711 3398 2783 Spiritus
3421 2726 3540 2768 eam
3567 2712 3760 2783 appel-

2165 2808 2287 2864 lavit
2326 2825 2338 2861 :
2370 2807 2494 2861 alibi
2520 2821 2645 2861 vero
2677 2813 2874 2859 tantam
2900 2803 3091 2860 detulit
3126 2805 3176 2861 ei
3219 2804 3657 2874 praerogativam,
3695 2811 3758 2858 ut

2167 2916 2285 2956 eam
2316 2899 2447 2970 legis
2493 2896 2871 2968 plenitudinem
2916 2891 3239 2966 appellarit:
3269 2893 3548 2950 Plenitudo
3587 2895 3758 2960 enim,

2167 2993 2371 3065 inquit,
2399 2991 2522 3062 legis
2548 2999 2621 3045 est
2650 2989 2835 3043 caritas
2864 2987 3043 3056 (Rom.
3071 2988 3157 3041 15.
3183 2985 3292 3058 10).
3323 2986 3610 3042 Enimvero
3640 2985 3760 3056 ipse

2169 3085 2405 3141 omnium
2435 3081 2688 3137 Dominus
2730 3089 3000 3149 tamquam
3039 3076 3449 3147 descriptionem
3491 3074 3762 3131 sufficien-

2171 3187 2278 3232 tem
2307 3184 2362 3231 et
2391 3174 2494 3229 fide
2523 3173 2744 3243 dignum
2773 3169 3064 3239 Specimen,
3089 3176 3147 3222 ut
3171 3167 3292 3237 quis
3320 3180 3380 3222 se
3409 3167 3575 3237 ipsius
3599 3163 3764 3220 disci-

2168 3271 2351 3340 pulum
2379 3265 2650 3338 probaret,
2671 3277 2775 3318 non
2803 3260 2947 3317 aliud
2975 3275 3132 3331 quam
3161 3259 3301 3331 quod
3325 3274 3356 3313 a
3379 3260 3600 3315 caritate
3623 3260 3766 3327 peti-

2171 3371 2290 3430 tur,
2323 3358 2475 3415 nobis
2519 3356 2825 3426 proposuit,
2858 3369 2979 3410 cum
3012 3351 3185 3406 dixit:
3217 3349 3283 3404 In
3329 3350 3422 3404 hoc
3461 3357 3765 3418 cognoscent

2171 3467 2373 3517 omnes,
2407 3450 2526 3518 quia
2554 3445 2795 3518 discipuli
2834 3446 2931 3500 mei
2972 3446 3122 3512 estis,
3154 3445 3199 3498 si
3229 3443 3543 3496 dilectionem
3570 3440 3767 3495 habue-

2170 3546 2283 3596 ritis
2312 3549 2378 3595 aa
2405 3539 2615 3594 invicem
2637 3538 2814 3609 (Joan.
2843 3539 2929 3592 l5.
2955 3539 3070 3606 55).
3095 3534 3451 3602 Quamobrem
3471 3533 3538 3588 ad
3566 3536 3765 3602 ipsam,

2171 3647 2390 3704 quaeso,
2435 3630 2800 3698 confugiamus
2826 3641 3013 3682 omnes
3033 3666 3048 3692 ,
3080 3625 3235 3694 eique
3263 3623 3665 3688 adbtereamus,
3709 3633 3770 3677 et

2171 3739 2294 3779 cum
2345 3723 2458 3791 ipsa
2510 3719 2847 3774 festivitatem
2894 3715 3031 3769 bane
3076 3714 3421 3783 excipiamus.
3469 3711 3568 3767 Ubi
3615 3711 3769 3767 enim

2173 3817 2390 3881 caritas,
2421 3813 2611 3868 anima:
2637 3819 2852 3866 cessant
2878 3808 3152 3873 defectus;
3184 3805 3276 3860 ubi
3307 3805 3503 3861 caritas
3522 3806 3574 3870 ',
3602 3805 3771 3860 alieni

2173 3926 2203 3966 a
2229 3909 2435 3965 ratione
2471 3904 2666 3962 mentis
2690 3902 2917 3958 insultus
2941 3901 3108 3957 sedati
3133 3908 3277 3955 sunt.
3307 3895 3526 3965 Caritas,
3568 3899 3767 3969 inquit,

2175 4019 2277 4056 non
2319 4000 2424 4071 agit
2468 4012 2766 4069 perperam,
2814 4011 2914 4050 non
2951 3993 3201 4065 inﬂatur,
3243 4008 3346 4046 non
3391 4001 3464 4045 est
3498 3991 3770 4045 ambitiosa

2180 4096 2255 4166 (l.
2279 4092 2397 4150 Cor.
2419 4093 2506 4148 l3.
2525 4093 2576 4146 4.
2601 4088 2656 4162 5)
2683 4107 2694 4142 :
2721 4089 2916 4144 caritas
2941 4087 3136 4142 malum
3167 4085 3410 4155 proximo
3435 4100 3541 4139 non
3569 4084 3766 4149 infert;

2177 4186 2268 4242 ubi
2295 4184 2490 4240 caritas
2533 4181 2871 4247 dominatur,
2916 4178 3160 4248 nuspiam
3188 4177 3318 4232 Cain
3360 4177 3632 4240 cernitur,
3674 4175 3771 4243 qui

2176 4277 2392 4332 fratrem
2422 4274 2650 4330 occidat.
2695 4272 2847 4327 Tolle
2888 4269 3089 4324 fontem
3118 4267 3366 4331 invidiae,
3407 4274 3462 4320 et
3499 4265 3770 4320 malorum

2177 4368 2416 4423 omnium
2448 4365 2645 4419 ﬂumen
2671 4361 2962 4425 sustulisti;
2995 4356 3246 4414 exscinde
3272 4354 3538 4421 radicem,
3567 4365 3621 4410 et
3645 4354 3770 4410 fru-

2178 4470 2320 4514 ctum
2363 4456 2519 4513 simul
2562 4451 2858 4510 exseidisti.
2903 4449 3028 4504 Hzec
3058 4462 3184 4502 vero
3222 4461 3288 4502 eo
3315 4446 3562 4501 dicuntur
3589 4461 3618 4500 a
3655 4462 3772 4515 me,

2180 4549 2321 4620 quod
2347 4549 2414 4602 de
2443 4547 2508 4600 iis
2538 4545 2627 4616 qui
2653 4543 2892 4597 invident
2911 4583 2923 4605 ,
2958 4539 3124 4608 magis
3153 4541 3252 4592 sim
3280 4536 3539 4592 sollicitus
3559 4577 3576 4602 ,
3605 4552 3770 4606 quam

2180 4641 2248 4695 de
2272 4641 2335 4694 iis
2359 4638 2550 4709 quibus
2578 4634 2862 4690 invidetur.
2891 4631 2968 4686 llli
2999 4630 3138 4684 enim
3167 4635 3326 4693 sunt,
3357 4627 3446 4698 qui
3477 4627 3772 4683 maximam

2182 4731 2384 4788 faciunt
2401 4730 2684 4798 jacturam,
2709 4725 3036 4793 multamque
3057 4719 3155 4775 sibi
3176 4718 3465 4791 perniciem
3489 4719 3771 4785 invehunt;

2183 4841 2305 4882 nam
2348 4821 2451 4877 illis
2477 4819 2693 4892 quidem
2724 4817 2913 4888 quibus
2945 4813 3211 4869 invidetur
3231 4853 3247 4878 ,
3285 4809 3413 4866 illud
3437 4852 3450 4876 ,
3480 4810 3526 4864 si
3554 4809 3774 4880 quidem

2184 4918 2386 4982 velint,
2435 4914 2712 4970 materiam
2755 4909 2911 4964 affert
2956 4920 3297 4971 coronarum,
3336 4903 3477 4973 quod
3517 4899 3778 4957 invidiam

2185 5012 2469 5085 patiantur.
2519 5010 2597 5062 Ae
2641 5005 2782 5070 vide,
2824 5014 3026 5072 quaeso,
3073 5013 3179 5068 quo
3222 5007 3378 5067 pacto
3418 4997 3594 5085 justus
3637 4995 3776 5050 Abel

2185 5084 2485 5161 celebretur
2526 5096 2769 5152 laudibus
2793 5134 2810 5161 ,
2839 5101 2893 5148 et
2934 5092 2986 5146 in
3023 5089 3138 5144 dies
3173 5087 3451 5157 prmconiis
3493 5084 3774 5154 efferatur,

2185 5193 2328 5266 quod
2357 5190 2519 5247 cwdis
2547 5201 2704 5244 causa
2733 5183 2958 5240 celebris
2996 5179 3226 5235 nominis
3254 5175 3590 5232 occasionem
3626 5187 3778 5231 attu-

2187 5287 2326 5344 lerit.
2355 5287 2530 5352 Atque
2565 5279 2653 5334 hic
2689 5275 2900 5349 quidem
2930 5282 3051 5345 post
3086 5271 3288 5327 obitum
3326 5267 3486 5324 etiam
3531 5283 3626 5338 per
3651 5283 3779 5322 san-

2187 5381 2398 5451 guinem
2429 5375 2680 5430 audacter
2725 5370 2956 5440 loquitur
2979 5408 2992 5433 ,
3023 5375 3079 5422 et
3119 5363 3260 5420 clara
3290 5376 3423 5418 voce
3450 5362 3776 5432 parricidam

2189 5480 2406 5528 accusat
2446 5465 2596 5538 (Gen.
2624 5467 2674 5522 4.
2703 5463 2799 5537 l0)
2829 5481 2844 5520 :
2876 5462 2966 5518 ille
3008 5468 3182 5514 autem
3213 5465 3484 5529 superstes
3525 5455 3779 5512 videlicet

2254 5633 2274 5727 ζ
2477 5625 2922 5754 ὕῖιξεέζιιὲἑεαεηξηάα
2942 5678 3193 5754 expulistis
3215 5677 3444 5731 acerbum
3465 5674 3665 5728 invidia
3678 5673 3778 5738 spi-

2192 5751 2491 5810 culumft‘bi
2515 5756 2680 5814 regnat
2707 5751 2901 5805 caritas,
2926 5751 3022 5794 etc.
