3892 6294
186 478 289 539 167

192 596 279 651 καὶ
314 596 422 649 ἀπὸ
462 601 555 650 τοῦ
594 596 989 673 συιδιατριϐειν
1026 600 1178 674 αὐτῷ
1205 603 1265 657 ἐν
1297 604 1463 677 πολλῇ
1504 602 1644 677 ἦσαν
1672 607 1759 660 εὑ-

188 684 383 753 ημερίᾳ
403 701 414 711 ·
452 685 547 737 καὶ
577 685 686 757 γάρ
706 687 756 739 οἰ
777 688 876 758 τὴν
907 687 1270 760 Παλαιστίνην
1292 691 1528 757 ἅπαντες
1557 692 1767 760 οἰκοῦν-

189 781 273 827 τες
293 805 309 831 ,
350 763 542 838 ὥσπερ
580 770 660 833 εἰς
689 771 981 843 φωστῆράς
1021 771 1171 845 [ΠΩ]
1204 758 1355 838 τινας
1387 773 1558 840 οὕτως
1587 758 1667 840 El;
1700 776 1768 830 τά

187 850 384 905 τούτων
417 852 706 909 ἐνέϐλεπον
736 857 1022 928 πρόσωπα·
1056 860 1242 931 ἐπειδὴ
1277 862 1374 915 καὶ
1414 863 1638 934 νεκροὺς
1675 864 1768 916 ἀν-

191 939 370 1007 ίστων,
387 942 497 996 -καὶ
513 941 750 1019 λεπροὺς
778 945 1090 1018 ἐκάθαιρον,
1115 946 1374 1019 δαίμονας
1395 950 1643 1021 ήλαυνον,
1670 951 1766 1005 καὶ

188 1030 462 1102 νοσήματα
490 1031 840 1103 ἐθεράπευον,
878 1037 971 1090 καὶ
994 1038 1157 1110 ἕτερα
1187 1039 1358 1094 πολλά
1389 1040 1765 1097 ἐπεδείκνυντο

188 1117 433 1189 θαύματα
450 1136 464 1149 ·
492 1121 614 1175 ἐπεὶ
636 1117 728 1176 οῦν
760 1122 933 1188 οὓτως
957 1120 1096 1197 ἦσαν
1121 1127 1469 1199 περίϐλεπτοι
1494 1131 1587 1183 καὶ
1609 1147 1765 1202 περι-

186 1209 393 1276 φανεῖς,
427 1207 516 1262 διά
559 1207 718 1264 τοῦτο
753 1211 1130 1284 συνεχώρησεν
1169 1216 1367 1279 αὐτοὺς
1417 1217 1554 1288 πρὸς
1585 1217 1763 1286 ὀλίγον

186 1294 514 1366 χωρισθῆναι
534 1296 632 1368 τῆς
649 1297 742 1351 τοῦ
776 1300 1187 1371 συμμαχοῦντος
1202 1302 1503 1374 δυνάμεως,
1536 1305 1623 1359 ἵνα
1636 1306 1763 1359 ὅταν

185 1383 240 1434 ἐν
255 1382 463 1453 ἐρημίᾳ
494 1382 779 1452 γένωνται,
803 1386 1045 1456 μάθωσιν
1064 1389 1251 1460 ἡλίκον
1273 1391 1450 1455 αὐτοῖς
1482 1393 1763 1463 ἐχαρίζετο

183 1469 217 1538 ἢ
245 1468 346 1538 τῆς
373 1468 537 1523 αὐτοῦ
564 1471 896 1543 ἀγαθότητος
929 1477 1221 1547 παρουσία,
1260 1480 1354 1532 καὶ
1400 1481 1480 1543 εἰς
1512 1479 1762 1552 αἴσθησιν

185 1555 428 1619 ἐλθόντες
459 1556 568 1611 τῶν
604 1559 983 1627 παρελθόντων
1028 1563 1249 1632 ἀγαθῶν
1325 1566 1462 1637 μετά
1518 1567 1763 1637 μείζονος

182 1642 279 1711 τῆς
308 1642 618 1715 προθυμίας
645 1644 1004 1713 ὑποδέξωνται
1032 1652 1126 1704 καὶ
1154 1651 1253 1723 τὴν
1285 1652 1379 1706 τοῦ
1406 1653 1760 1725 Παρακλήτω

181 1730 405 1802 δωρεάν.
468 1733 579 1786 Kal
609 1733 715 1806 γὰρ
766 1736 1111 1807 ἀθυμοῦντας
1159 1741 1357 1806 αὐτοὺς
1395 1743 1758 1814 παρεκάλεσε,

184 1819 277 1874 καὶ
307 1817 398 1873 διὰ
429 1821 522 1875 τὸν
558 1821 653 1875 τοῦ
686 1821 1008 1879 διδασκάλου
1038 1828 1316 1900 χωρισμὸν
1363 1828 1763 1899 στυγνάζοντας

184 1908 287 1971 καὶ,
301 1908 607 1981 κατηφείας
632 1910 1098 1984 πεπληρωμένους
1123 1915 1212 1970 διὰ
1243 1917 1337 1971 τοῦ
1361 1919 1561 1973 οἰκείου
1583 1920 1762 1990 φωτὸς

182 1996 522 2070 κατηύγασε,
553 2001 648 2055 καὶ
677 2001 967 2074 κειμένους
1005 2006 1190 2076 σχεδὸν
1229 2006 1514 2080 ἀνέστησε,
1542 2010 1636 2062 καὶ
1661 2011 1762 2080 τῆς

182 2084 420 2156 ἀθυμίας
439 2086 502 2139 τὸ
522 2088 679 2156 νέφος
701 2089 1038 2157 διεσκέδασε,
1067 2093 1163 2147 καὶ
1178 2093 1276 2167 τήν
1299 2095 1533 2166 ἀπορίαν
1552 2097 1758 2153 ἔλυσεν.

196 2173 414 2246 Ἐπειδὴ
444 2175 554 2247 γάρ
572 2172 711 2248 ἦσαν
730 2179 1061 2246 ἀκούσαντες
1080 2183 1179 2254 τῆς
1203 2185 1536 2257 Δεσποτικῆς
1557 2187 1758 2258 φωνῆς,

183 2261 580 2332 Πορευθέντες
603 2269 1024 2336 μαθητεύσατε
1064 2270 1262 2326 πάντα
1297 2272 1369 2327 τά
1404 2275 1549 2341 ἔθνη
1570 2291 1584 2304 ·
1626 2276 1763 2344 ἡπό·

185 2365 309 2420 ρουν
338 2351 397 2405 δὲ
421 2351 607 2408 λοιπὸν
637 2355 731 2409 καὶ
757 2355 1005 2426 ἠγνόουν,
1031 2359 1155 2413 ὅποι
1185 2361 1268 2413 δεῖ
1295 2360 1526 2416 ἕκαστον
1554 2363 1762 2435 τραπῆ-

180 2454 291 2502 ναι,
328 2439 426 2493 καὶ
450 2441 586 2511 πρὸς
620 2445 773 2497 ποῖον
808 2444 891 2499 δεῖ
914 2445 1081 2516 κλίμα
1108 2447 1209 2518 τῆς
1241 2449 1567 2522 οἰκουμένης
1590 2450 1761 2523 κηρῦ-

181 2524 267 2591 ξαι
302 2526 398 2581 τὸν
424 2526 602 2597 λόγον,
631 2529 850 2601 ἔρχεται
901 2532 962 2586 τὸ
997 2532 1223 2606 Πνεῦμα
1248 2534 1311 2589 τὸ
1356 2534 1512 2605 ἆγιον
1535 2539 1593 2591 ἐν
1629 2537 1760 2591 εῖδει

179 2614 460 2682 γλωσσῶν,
495 2617 711 2689 ἑκάστῳ
738 2619 959 2691 μερίζον
993 2622 1093 2692 τῆς
1123 2622 1268 2677 κατὰ
1306 2623 1407 2695 τὴν
1437 2625 1759 2697 οἰκουμένην

178 2699 527 2768 διδασκαλίας
552 2705 620 2758 τὰ
648 2706 907 2778 κλίματα,
943 2710 1039 2764 καὶ
1063 2709 1151 2764 διά
1184 2712 1284 2783 τῆς
1311 2711 1557 2784 δοθείσης
1582 2712 1758 2782 γλώτ-

176 2804 275 2859 της
308 2789 567 2862 καθάπερ
588 2792 755 2865 δέλτῳ
779 2794 887 2848 τινὶ
915 2795 1180 2868 γνωρίξον
1211 2798 1427 2872 ἑκάστῳ
1454 2800 1556 2870 τῆς
1591 2801 1761 2872 ἐμπι-

178 2876 501 2950 στευθείσης
522 2880 699 2953 ἀρχῆς
724 2898 786 2936 τε
816 2883 910 2936 καὶ
930 2882 1276 2950 διδασκαλίας
1307 2885 1398 2940 τὸν
1426 2887 1575 2959 ὅρον.

242 2984 348 3041 Διά
378 2985 540 3041 τοῦτο
578 2990 637 3042 ἐν
658 2989 790 3044 εῖδει
819 2990 1082 3061 γλωσσῶν
1121 2992 1183 3047 τὸ
1237 2994 1467 3067 Πνεῦμα
1518 2996 1759 3067 παρεγέ-

174 3088 296 3126 νετο
314 3091 330 3105 ·
358 3075 460 3129 καὶ
482 3077 544 3131 οὐ
580 3076 668 3132 διὰ
696 3077 856 3134 τοῦτο
882 3080 1063 3151 μόνον,
1109 3081 1227 3136 ἀλλ’
1263 3082 1353 3138 ῖνα
1402 3084 1497 3138 καὶ
1525 3083 1761 3148 παλαιᾶς

175 3158 323 3230 ἡμᾶς
350 3161 646 3237 ὑπομνήσῃ
676 3163 1006 3233 ὑποθέσεως.
1048 3168 1267 3242 Ἐπειδὴ
1296 3170 1405 3243 γὰρ
1427 3171 1489 3225 τὸ
1525 3170 1758 3225 παλαιὸν

174 3247 256 3331 εἰς
281 3248 552 3303 ἀπόνοιαν
581 3250 952 3318 ἐξοκείλαντες
971 3255 1022 3308 οί
1045 3255 1142 3311 ἀνθ
1152 3274 1327 3329 ρωποι
1355 3257 1565 3331 πύργον
1591 3258 1759 3328 ἠϐου-

175 3330 431 3406 λήθησαν
466 3340 880 3395 κατασκευάσαι
919 3341 1025 3405 ἕως
1051 3342 1144 3396 τοῦ
1189 3344 1421 3416 οὐρανοῦ
1462 3344 1754 3415 φθάνοντα,

174 3423 270 3476 xal
306 3423 402 3478 διά
425 3423 528 3495 τῆς
563 3424 674 3479 τῶν
699 3427 962 3495 γλωσσῶν
991 3429 1313 3503 διαιρέσεως
1351 3430 1549 3486 διεῖλεν
1580 3433 1760 3490 αὐτῶν

173 3510 273 3584 τὴν
319 3513 508 3584 κακὴν
542 3516 896 3589 συμφωνίανο
945 3517 1036 3572 διὰ
1066 3518 1226 3573 τοῦτο
1258 3523 1352 3574 καὶ
1378 3521 1474 3575 νῦν
1525 3522 1585 3577 ἐν
1629 3520 1760 3580 εῖδει

173 3601 447 3668 γλωσσῶν
475 3603 718 3675 πυρίνων
764 3606 1060 3676 ἐφίπταται
1110 3608 1297 3674 αὐτοῖς
1337 3610 1396 3663 τὸ
1440 3610 1663 3683 Πνεῦμα
1698 3613 1760 3667 τὸ

174 3688 357 3757 ἀγιον,
420 3689 510 3744 ἵνα
549 3692 916 3764 διαιρεθεῖσαν
943 3694 1043 3768 τὴν
1090 3697 1418 3770 οἰκουμένην
1445 3697 1535 3753 διά
1567 3700 1760 3755 τούτου

174 3776 418 3848 συνάψῃ.
444 3776 557 3831 Kal
585 3778 806 3848 ἐγένετο
829 3783 1062 3854 πρᾶγμα
1081 3784 1269 3839 καινὸν
1302 3787 1396 3840 καὶ
1432 3786 1757 3859 παράδοξον

172 3861 365 3935 ὥσπερ
398 3865 512 3937 γὰρ
544 3867 669 3920 τότε
696 3867 758 3922 τὸ
796 3870 1028 3925 παλαιὸν
1055 3871 1301 3940 γλῶσσαι
1324 3873 1421 3946 τὴν
1435 3876 1761 3948 οἰκουμένην

172 3952 511 4023 κατέτεμον,
556 3953 653 4006 καὶ
690 3952 789 4026 τὴν
831 3956 1008 4027 κακὴν
1043 3959 1364 4028 συμφωνίαν
1390 3963 1470 4025 εἰς
1491 3962 1760 4036 διαίρεσιν

172 4036 386 4107 ἤγαγον
409 4054 426 4067 ·
468 4037 610 4093 οὕτω
637 4041 733 4094 καὶ
762 4041 856 4094 νῦν
882 4043 1125 4113 γλῶσσαι
1156 4046 1254 4118 τὴν
1282 4049 1607 4122 οἰκουμένην
1638 4068 1763 4105 συν-

170 4123 340 4195 ῆψαν,
378 4127 480 4180 καὶ
508 4126 579 4181 τά
603 4127 869 4184 διεστῶτα
886 4133 970 4195 εἰς
999 4132 1255 4203 ὁμόνοιαν
1285 4138 1614 4206 συνήγαγον.
1671 4140 1761 4193 Ἐν

169 4215 302 4269 εῖδει
344 4218 458 4288 μὲν
493 4213 588 4272 οὖν
629 4219 892 4289 γλωσσῶν
926 4221 1016 4276 διά
1062 4221 1242 4288 τοῦτο,
1295 4223 1428 4278 ὡσεὶ
1486 4227 1660 4298 πυρὸς
1703 4228 1762 4283 δὲ

171 4302 425 4371 γλῶσσαι
448 4305 538 4359 διὰ
552 4305 652 4378 τὴν
680 4309 739 4362 ἐν
760 4309 895 4380 ἡμῖν
914 4308 1337 4382 ὑλομανήσασαν
1364 4312 1463 4384 τῆς
1485 4314 1763 4386 ἁμαρτίας

169 4390 449 4448 ἄκανθαν.
487 4393 755 4467 Καθάπερ
783 4395 892 4468 γὰρ
926 4397 1038 4468 γῆ,
1081 4398 1208 4453 ὅταν
1235 4398 1444 4472 λιπαρά
1489 4403 1584 4455 καί⁹
1621 4402 1762 4456 πίων

169 4474 305 4534 οὖσα
343 4480 742 4569 τυγχάνῃ,μὴ
767 4487 1079 4556 γεωργῆται
1112 4485 1188 4552 δέ,
1213 4486 1416 4559 πολλὴν
1453 4488 1763 4569 ἐπιδείκνυ-

166 4583 260 4622 ται
292 4568 411 4622 τῶν
448 4568 704 4622 ἀκανθῶν
729 4569 829 4641 τὴν
856 4572 1059 4642 φοράνο
1090 4571 1234 4626 οὓτω
1261 4574 1326 4645 δὴ
1354 4575 1450 4628 καὶ
1478 4577 1512 4647 ή
1544 4577 1706 4646 φύσις
1726 4581 1760 4650 ἠ

169 4655 449 4726 ήμετέρα,
479 4655 619 4727 καλὴ
647 4652 782 4710 οὖσα
809 4657 897 4711 διά
924 4659 1016 4712 τὸν
1040 4663 1456 4731 παραγαγόντα,
1492 4666 1586 4718 καὶ
1628 4666 1765 4739 πρὸς

166 4743 260 4796 τὸν
286 4744 393 4815 τῆς
424 4745 631 4815 ἀρετῆς
649 4744 862 4817 καρπὸν
887 4748 1211 4818 ἐπιτηδείως
1237 4748 1457 4820 ἔχουσα,
1484 4751 1573 4806 διὰ
1596 4752 1656 4806 τὸ
1687 4754 1764 4826 μὴ

166 4829 440 4896 δέξασθαι
472 4830 533 4885 τὸ
559 4831 663 4901 τῆς
699 4832 988 4898 εὐσεϐείας
1036 4835 1286 4907 ἄροτρον,
1348 4838 1485 4908 μηδὲ
1542 4838 1634 4894 τὸν
1662 4845 1764 4912 τῆς

167 4916 517 4989 θεογνωσίας
550 4919 775 4991 σπόρον,
802 4920 1058 4994 καθάπερ
1079 4923 1324 4987 ἀκάνθας
1344 4925 1500 4990 τινὰς
1528 4929 1624 4983 καὶ
1647 4928 1767 4982 ἐτέ-

168 5022 269 5075 ραν
289 5007 584 5080 ἄχρηστον
606 5007 741 5080 ὓλην
771 5009 874 5081 τὴν
901 5010 1157 5067 ἀσέϐειαν
1176 5013 1540 5087 ἀπεγέννησε.
1568 5017 1680 5072 Καὶ
1705 5017 1765 5073 ὃν
1804 5057 1811 5065 ς

163 5095 377 5166 τρόπον
409 5096 518 5166 τῆς
555 5096 660 5167 γῆς
691 5095 755 5150 τὸ
785 5097 1081 5168 πρόσωπον
1112 5099 1221 5155 ἀπὸ
1248 5100 1345 5156 τοῦ
1377 5102 1619 5175 πλήθους
1654 5106 1766 5160 τῶν

164 5184 437 5239 ἀκανθῶν
464 5183 690 5238 καὶτῶν
714 5185 968 5257 πονηρῶν
995 5186 1232 5257 βοτανῶν
1261 5189 1524 5256 πολλάκις
1547 5193 1609 5246 οὐ
1639 5194 1767 5262 φαί-

167 5292 321 5329 νεται
343 5293 363 5309 ο
412 5271 566 5328 οὕτω
594 5274 687 5327 καὶ
725 5274 788 5328 τὸ
819 5275 1037 5345 εὐγενὲς
1065 5279 1161 5333 καὶ
1190 5282 1253 5333 τὸ
1272 5278 1511 5352 καθαρὸν
1541 5282 1642 5353 τῆς
1664 5283 1767 5354 ψυ-

162 5363 266 5433 χῆς
291 5365 404 5435 τῆς
442 5361 725 5432 ἡμετέρας
753 5362 813 5415 οὐ
839 5363 1190 5431 διεδείκνυτο,
1220 5366 1326 5431 ἕως
1343 5369 1431 5421 ὅτε
1458 5371 1768 5440 παραγενό-

163 5467 332 5519 μενος
369 5451 403 5503 ὁ
447 5450 696 5522 γεωργὸς
727 5453 828 5522 τῆς
859 5451 1076 5521 φύσεως
1106 5453 1209 5524 τῆς
1254 5454 1627 5528 ἀνθρωπίνης,
1672 5458 1768 5513 καὶ

158 5541 220 5593 τὸ
248 5538 374 5609 πῦρ
410 5538 658 5606 ἐπαφεὶς
693 5538 787 5594 τοῦ
838 5539 1178 5610 Πνεύματος,
1209 5541 1450 5614 ἐκάθηρέ
1481 5561 1542 5598 τε
1572 5546 1764 5620 αὐτὴν,

159 5630 255 5684 καὶ
281 5629 437 5703 πρὸς
470 5620 538 5680 τδ
559 5627 814 5694 δέξασθαι
836 5630 927 5686 τὸν
956 5629 1161 5702 σπόρον
1174 5630 1266 5687 τὸν
1285 5631 1535 5705 οὐράνιον
1574 5635 1766 5709 ἐπιτη-

154 5717 310 5774 δείαν
340 5715 623 5788 γενέσθαι
642 5718 1046 5789 παρεσκεύασε.

224 5813 299 5877 γ’.
324 5802 603 5860 Τοσαῦτα
624 5805 757 5877 ἡμῖν
800 5806 896 5861 καὶ
924 5807 1132 5863 τούτων
1158 5808 1378 5865 πλείονα
1400 5810 1491 5866 διά
1506 5813 1607 5886 τὴν
1624 5832 1769 5887 παρ-

154 5891 332 5949 οὖσαν
360 5886 597 5963 ἡμέραν
620 5890 837 5963 ὑπῆρχε
860 5892 930 5947 τὰ
965 5892 1167 5962 ἀγαθά.
1192 5894 1283 5951 Διὸ
1304 5897 1607 5969 παρακαλῶ
1632 5886 1768 5972 πρὸς

1210 491 1297 546 DE
1339 493 1608 552 SANCTA
1642 497 2117 555 PENTECOSTE.
2162 494 2395 553 HOMIL.
2440 492 2505 552 ll.

3335 502 3455 558 468-

1871 610 2027 676 ἀξίαν
2050 612 2159 666 τῶν
2188 610 2580 683 δεδωρημένων
2604 610 2735 683 ἡμῖν
2760 610 3003 681 ἀγαθῶν,
3034 611 3126 666 καὶ
3146 614 3305 685 ἡμεῖς
3323 616 3445 687 ἐορ-

1867 701 2119 770 τάσωμεν
2140 741 2154 765 ,
2188 699 2342 773 [475]
2387 699 2448 752 οὐ
2477 698 2577 771 τὴν
2611 699 2786 770 πύλην
2816 711 2841 741 ι
2868 700 3277 769 στεφανοῦντες,
3304 700 3444 756 ἀλλά

1865 789 1963 853 τὰς
1984 788 2161 860 ψυχὰς
2187 789 2619 853 καλλωπίζοντες
2642 806 2657 820 ’
2679 790 2738 842 οὐ
2765 790 3095 862 κοσμοῦντες
3110 790 3210 862 τὴν
3237 792 3442 863 ἀγορὰν

1865 882 2384 953 παραπετάσμασιν,
2413 881 2550 935 ἀλλά
2581 882 2965 955 φαιδρύνοντες
2989 884 3088 955 τὴν
3118 885 3298 956 ψυχὴν
3328 887 3444 949 τοῖς

1862 972 1961 1042 τῆς
1987 972 2188 1045 ἀρετῆς
2214 971 2596 1042 περιϐολαίοις,
2620 973 2706 1026 ἴνα
2725 972 2865 1027 οὕτω
2885 972 3201 1044 δυνηθῶμεν
3232 974 3443 1029 καὶτοῦ

1863 1062 2179 1134 Πνεύματος
2214 1063 2313 1136 τὴν
2341 1064 2501 1136 χάριν
2532 1064 2914 1131 ὑποδέξασθαι,
2959 1065 3055 1119 καὶ
3102 1066 3228 1130 τοὺς
3255 1064 3442 1120 ἐντεῦ-

1863 1153 1954 1208 θεν
1980 1155 2228 1227 καρποὺς
2261 1154 2643 1220 ἀποδέξασθαι.

1932 1246 2029 1310 Τίς
2046 1246 2105 1300 δέ
2134 1248 2282 1301 ἐστιν
2310 1246 2339 1299 ὁ
2370 1247 2582 1319 καρπὸς
2622 1250 2718 1303 τοῦ
2757 1249 3075 1321 Πνεύματος
3103 1267 3119 1317 ;
3171 1249 3442 1303 ’Δκούσωο
3500 1234 3505 1238 δ

1865 1355 1964 1409 μεν
1996 1339 2210 1394 Παύλου
2251 1338 2537 1408 λέγοντος·
2579 1339 2643 1395 '0
2687 1340 2756 1395 δὲ
2781 1334 3012 1411 καρπός(
3035 1341 3141 1396 τοῦ
3170 1342 3443 1410 Πνεύμαο

1862 1448 1984 1497 τος,
2014 1432 2210 1502 φησὶν,
2261 1430 2485 1501 ἀγάπη,
2522 1431 2677 1502 χαρὰ
2698 1472 2714 1497 ,
2773 1432 3003 1501 εἰρήνη.
3050 1433 3193 1504 Ὅρα
3243 1429 3443 1496 λέξεως

1861 1524 2168 1596 ἀκρίϐειαν,
2228 1523 2581 1589 διδασκαλίας
2628 1525 2980 1579 ἀκολουθίανο
3029 1524 3296 1595 προέταξε
3346 1523 3443 1593 τὴν

1861 1616 2102 1687 ἀγάπην,
2135 1617 2230 1671 καὶ
2249 1616 2371 1670 τότε
2394 1615 2505 1671 τῶν
2532 1616 2659 1688 ἐξῆς
2681 1616 3091 1689 ἐμνημόνευσεν
3108 1633 3123 1647 ο
3152 1614 3318 1687 ἔθηκε
3343 1614 3443 1684 τὴν

1863 1708 2040 1780 ῥίζαν,
2067 1709 2162 1763 καὶ
2188 1709 2309 1764 τότε
2339 1708 2429 1763 τὸν
2457 1709 2674 1781 καρπὸν
2705 1708 2956 1776 ὑπέδειξε
2980 1726 2994 1740 ·
3039 1707 3307 1762 κατέϐαλε
3351 1705 3444 1759 τὸν

1860 1800 2129 1872 θεμέλιον,
2162 1800 2258 1856 καὶ
2278 1800 2398 1855 τότε
2421 1800 2521 1874 τὴν
2545 1799 2837 1873 οἰκοδομὴν
2857 1802 3142 1871 ἐπήγαγεν
3160 1817 3172 1830 ³
3201 1794 3311 1853 ἀπὸ
3345 1798 3443 1867 τῆς

1862 1892 2044 1963 πηγῆς
2068 1891 2292 1965 ἤρξατο,
2326 1893 2422 1946 καὶ
2471 1892 2593 1946 τότε
2624 1887 2789 1964 ἦλθεν
2839 1892 2934 1947 ἐπὶ
2986 1893 3114 1956 τοὺς
3142 1890 3440 1961 ποταμούς.

1861 1982 1996 2036 Οὐδὲ
2025 1982 2136 2054 γὰρ
2159 1974 2424 2056 πρότερον
2444 1985 2477 2055 ἡ
2504 1984 2605 2056 τῆς
2626 1985 2803 2055 χαρᾶς
2822 1983 3157 2038 ἐπεισελθεῖν
3187 1981 3444 2044 ὑπόθεσις

1858 2070 2082 2127 δύναται
2103 2114 2118 2138 ,
2171 2072 2238 2126 ἀν
2270 2074 2344 2144 μὴ
2364 2073 2644 2147 οπρότερον
2678 2075 2890 2130 ἐαυτῶν
2930 2071 3072 2129 εἶναι
3126 2073 3442 2144 νομίσωμεν

1860 2162 1958 2233 τὴν
2018 2161 2224 2233 ἐτέρων
2275 2164 2603 2235 εὐημερίαν,
2643 2166 2740 2218 καὶ
2772 2166 2948 2219 οἰκεῖα
2973 2165 3042 2218 τὰ
3086 2163 3179 2217 τοῦ
3214 2162 3441 2233 πλησίον

1860 2254 2041 2324 ἀγαθά
2071 2255 2417 2326 λογισώμεθα
2443 2272 2457 2286 ο
2479 2256 2653 2312 ταῦτα
2671 2258 2728 2311 δὲ
2757 2258 2859 2311 οὐκ
2887 2258 2952 2313 ἄν
2988 2272 3118 2311 ποτε
3146 2254 3206 2322 ἐξ
3252 2253 3441 2324 ἐτέρου

1862 2344 2059 2416 φανείη
2085 2346 2250 2413 τινὸς,
2284 2346 2350 2401 ἂν
2384 2346 2459 2418 μὴ
2493 2347 2593 2418 τῆς
2615 2347 2839 2418 ἀγάπης
2873 2346 3155 2418 ὑπερϐάλῃ
3178 2346 3212 2416 ἡ
3251 2361 3444 2416 τυραν-

1860 2438 1964 2504 νίς.
2009 2439 2074 2493 Ἦ
2090 2439 2279 2510 ἀγάπη
2312 2439 2441 2512 ῥίζα
2470 2439 2565 2494 xal
2590 2439 2742 2510 πηγὴ
2768 2438 2864 2493 καὶ
2889 2438 3074 2510 μήτηρ
3100 2437 3248 2491 ἐστὶν
3269 2436 3443 2489 ἀπάν-

1859 2548 1967 2585 των
2003 2530 2114 2585 τῶν
2152 2529 2395 2601 ἀγαθῶν.
2435 2529 2545 2600 Kal
2605 2529 2713 2600 γάρ
2751 2529 2828 2592 ὡς
2873 2527 2998 2599 ῥίζα
3055 2527 3284 2598 μυρίους
3316 2527 3443 2587 τοὺς

1859 2621 2088 2686 κλάδους
2137 2622 2236 2694 τῆς
2277 2622 2479 2694 ἀρετῆς
2507 2620 2819 2687 ἀναδίδωσι,
2852 2619 2949 2673 καὶ
2987 2617 3063 2682 ῶς
3091 2616 3243 2688 πηγὴ
3274 2615 3443 2669 πολλὰ

1858 2712 2032 2768 τίκτει
2084 2713 2155 2769 τά
2182 2713 2424 2786 νάματα,
2457 2712 2554 2767 καὶ
2587 2712 2665 2775 ὡς
2719 2713 2904 2784 μήτηρ
2940 2710 3072 2764 είσω
3099 2709 3209 2764 τῶν
3240 2707 3441 2778 ἑαυτῆς
3490 2746 3493 2751 λ

1860 2806 2076 2860 κόλπων
2106 2804 2459 2877 περισφίγγει
2486 2804 2617 2868 τοὺς
2648 2805 2729 2867 είς
2760 2803 2933 2873 αὐτὴν
2970 2801 3438 2871 καταφεύγοντας.

1865 2899 1930 2951 ’0
1955 2895 2019 2968 δὴ
2045 2897 2137 2950 καὶ
2161 2898 2191 2950 ὁ
2220 2897 2489 2968 μακάριος
2521 2894 2735 2959 Παῦλος
2760 2893 3006 2960 συνιδὼν,
3036 2893 3246 2965 καρπὸν
3273 2891 3442 2962 αὐτὴν

1858 2989 1952 3044 τοῦ
1982 2990 2300 3063 Πνεύματος
2324 2988 2619 3044 ἐκάλεσενο
2659 2986 2894 3059 ἀλλαχοῦ
2926 2987 2984 3042 δὲ
3018 2986 3272 3041 τοσοῦτον
3301 2984 3441 3054 αὐτῇ

1859 3083 1920 3136 τὸ
1944 3081 2265 3154 προτέρημα
2288 3080 2603 3153 ἐχαρίσατο,
2626 3079 2703 3144 ὡς
2724 3079 2820 3133 καὶ
2848 3079 3123 3151 πλήρωμα
3151 3076 3321 3148 αὐτὴν
3340 3074 3440 3129 τοῦ

1858 3175 2025 3246 νόμου
2076 3176 2422 3246 προσειπεῖν·
2452 3173 2751 3243 Πλήρωμα
2799 3171 2909 3243 γὰρ
2936 3172 3146 3240 νόμου,
3174 3170 3361 3242 φησὶν,
3399 3171 3439 3236 η

1859 3263 2080 3336 ἀγάπη.
2134 3264 2192 3318 '0
2227 3264 2411 3334 μέντοι
2446 3256 2568 3317 τῶν
2593 3261 2850 3316 ἁπάντων
2882 3259 3161 3328 Δεσπότης
3189 3257 3284 3311 καὶ
3313 3257 3441 3327 ὅρον

1859 3355 2133 3429 ἀρκοῦντα
2172 3355 2267 3409 καὶ
2289 3354 2613 3427 χαρακτῆρα
2643 3350 2981 3417 ἀξιόπιστον,
3005 3351 3085 3414 εἰς
3113 3348 3175 3402 τὸ
3205 3348 3440 3419 φανῆναι

1858 3450 1986 3513 τοὺς
2016 3446 2211 3501 ἐαυτοῦ
2236 3445 2510 3518 μαθητάς,
2530 3445 2630 3517 οὐχ
2653 3445 2842 3516 ἐτερόν
2862 3460 3004 3509 τινα,
3034 3443 3068 3514 ἢ
3098 3441 3190 3495 τὸν
3214 3440 3442 3511 ἀπδτῆς

1859 3540 2081 3611 ἀγάπης
2118 3540 2251 3610 ἡμῖν
2282 3538 2621 3611 προεϐάλετο
2648 3535 2819 3591 εἰπών
2843 3553 2858 3568 ·
2923 3538 3025 3591 Ἐν
3062 3536 3254 3602 τούτῳ
3297 3534 3443 3605 γνώ-

1860 3606 2070 3686 σονται
2088 3606 2311 3696 πάντες
2327 3606 2419 3683 ότι
2439 3606 2846 3699 ἐμοί’μαθηταί
2865 3628 3028 3693 ἐστε,
3061 3627 3170 3681 ἐὰν
3201 3625 3443 3697 ἀγάπην

1859 3722 2040 3793 ἔχητε
2061 3723 2131 3778 ἐν
2146 3722 2465 3791 ἀλλήλοις.
2491 3723 2601 3790 Διὸ,
2621 3721 2948 3794 παρακαλῶ,
2966 3724 3052 3781 ἐπ’
3081 3721 3249 3792 αὐτὴν
3276 3737 3444 3774 καταο
3546 3744 3555 3745 ί

1861 3813 2122 3885 φύγωμεν
2174 3813 2436 3882 ἀπαντες,
2500 3814 2597 3869 καὶ
2642 3814 2819 3888 ταύτῃ
2865 3812 3315 3885 περιπλακῶμεν,
3351 3816 3444 3865 καὶ

1864 3905 1983 3976 μετ’
2012 3905 2183 3976 αὐτῆς
2218 3905 2319 3977 τὴν
2368 3905 2564 3978 ἑορτὴν
2602 3904 2808 3977 ταύτην
2842 3903 3229 3972 ὑποδεξὼμεθα
3250 3919 3263 3932 ”
3306 3903 3441 3954 ὅπου

1861 3998 1970 4068 γὰρ
1993 3998 2180 4070 ἀγάπη
2210 3999 2261 4064 ι),
2287 4000 2451 4070 ἀργεῖ
2468 3998 2566 4069 τῆς
2586 3998 2765 4068 ψυχῆς
2792 3996 2862 4049 τὰ
2885 3993 3241 4064 ἐλαττώματα
3266 4009 3279 4023 ο
3307 3993 3441 4045 ὅπου

1862 4092 2072 4160 ἀγάπη,
2100 4090 2170 4144 τά
2184 4090 2355 4160 ἀλογα
2383 4089 2484 4160 τῆς
2498 4089 2736 4152 διανοίας
2764 4088 3113 4159 σκιρτήματα
3140 4084 3438 4138 πέπαυται.

1873 4183 1936 4239 Ἡ
1960 4181 2183 4253 ἀγάπη,
2206 4180 2389 4252 φησὶν,
2420 4181 2492 4233 οὐ
2515 4179 2935 4248 περπερεύεται
2953 4217 2968 4240 ,
3000 4179 3072 4231 οὺ
3097 4174 3440 4245 φυσιοῦται,

1862 4275 1973 4327 οὐκ
1994 4272 2348 4343 ἀσχημονεῖ.
2390 4271 2458 4325 Ἦ
2489 4271 2679 4342 ἀγάπη
2733 4269 2813 4341 τῷ
2868 4268 3093 4339 πλησίον
3141 4267 3311 4321 κακὸν
3342 4267 3444 4320 οὐκ

1862 4364 2185 4435 ἐργάζεται·
2214 4365 2350 4418 ὅπου
2375 4363 2564 4435 ἀγάπη
2608 4360 2989 4427 πολιτεύεται,
3029 4358 3268 4431 οὐδαμοῦ
3300 4359 3442 4413 Κάῖν

1863 4456 2106 4526 φονεύων
2128 4455 2220 4512 τὸν
2246 4456 2492 4526 ἀδελφόν.
2523 4454 2714 4509 Ἀνελε
2754 4453 2850 4509 τοῦ
2874 4453 3069 4525 φθόνου
3102 4455 3202 4525 τὴν
3233 4452 3441 4524 πηγὴν,

1864 4552 1959 4605 καὶ
1978 4551 2187 4616 ἀνεῖλες
2215 4550 2325 4605 τῶν
2353 4549 2540 4605 κακῶν
2567 4550 2823 4604 ἁπάντων
2860 4549 2952 4603 τὸν
2996 4547 3238 4619 ποταμόν
3260 4565 3274 4578 ο
3304 4547 3441 4600 ἀπό-

1862 4660 1997 4714 τεμε
2025 4643 2124 4713 τὴν
2156 4642 2333 4714 ῥίζαν,
2384 4643 2481 4695 καὶ
2514 4641 2825 4706 συνανεῖλες
2866 4641 2958 4696 τὸν
2988 4642 3221 4713 καρπόν.
3255 4639 3443 4696 Ταῦτα

1863 4737 1921 4791 δὲ
1963 4735 2110 4806 λέγω
2155 4734 2265 4790 τῶν
2297 4734 2636 4805 φθονούντων
2686 4735 2987 4807 κηδόμενος
3020 4734 3220 4806 μᾶλλον
3271 4734 3445 4807 ἢτῶν

1865 4829 2241 4901 φθονουμένων
2264 4845 2278 4859 ·
2320 4829 2415 4889 καί.
2465 4827 2575 4900 γὰρ
2602 4829 2799 4882 ἐκεῖνοι
2841 4826 3080 4899 μάλιστά
3109 4829 3245 4883 εἰσιν
3293 4828 3344 4880 οἱ
3376 4832 3446 4880 τά

1869 4921 2105 4993 μέγιστα
2139 4920 2517 4993 ζημιούμενοι,
2546 4920 2640 4975 καὶ
2669 4919 2836 4975 πολὺν
2862 4921 3075 4985 ἑαυτοῖς
3100 4921 3191 4974 τὸν
3222 4919 3445 4991 ὄλεθρον

1865 5014 2192 5084 ἐπάγοντες·
2231 5013 2354 5066 ἐπεί
2390 5029 2455 5082 γε
2493 5013 2576 5066 ὅτι
2608 5014 2723 5076 τοῖς
2778 5012 3167 5085 φθονουμένοις
3198 5013 3293 5066 καὶ
3321 5028 3444 5064 στε-

1867 5107 2050 5177 φάνων
2076 5104 2333 5168 ὑπόθεσίς
2383 5106 2555 5171 ἐστιν,
2606 5106 2656 5159 εἰ
2692 5103 2987 5176 βούλοιντο,
3016 5104 3079 5158 τὸ
3109 5103 3441 5175 φθονεῖσθαι.

1865 5199 1977 5253 Kal
2007 5198 2109 5271 ὅρα
2143 5214 2233 5270 μοι
2253 5196 2373 5261 πῶς
2406 5196 2574 5250 Ἅϐελ
2601 5198 2631 5251 ό
2679 5196 2887 5261 δίκαιος
2922 5196 3137 5269 ᾄδεται,
3187 5195 3282 5248 καὶ
3322 5193 3445 5247 καθ’

1866 5290 2104 5361 ἑκάστην
2134 5286 2568 5360 ἀνακηρύττεται
2596 5286 2696 5359 τήν
2727 5286 2957 5359 ἡμέραν,
2988 5286 3083 5341 καὶ
3107 5288 3140 5357 ἡ
3166 5284 3265 5354 τῆς
3302 5300 3443 5352 σφα-

1864 5385 1969 5456 γῆς
2010 5382 2269 5449 ὑπόθεσις
2313 5382 2556 5449 εὐδοξίας
2601 5383 2751 5454 αὐτῷ
2792 5384 3016 5452 γέγονεν
3046 5378 3293 5451 ἀφορμή.
3334 5379 3444 5431 Kal

1864 5474 1894 5528 ὁ
1931 5476 2029 5546 μὲν
2050 5475 2144 5530 καὶ
2173 5475 2313 5544 μετὰ
2334 5476 2432 5549 τὴν
2460 5475 2716 5548 τελευτὴν
2737 5474 2827 5529 διά
2855 5472 2949 5526 τοῦ
2971 5470 3203 5543 αἵματος
3231 5473 3442 5542 παρῥη-

1872 5569 2143 5640 σιάζεται,
2176 5571 2273 5625 καὶ
2298 5569 2528 5642 λαμπρᾷ
2554 5570 2623 5640 τῇ
2654 5570 2806 5639 φωνῇ
2842 5567 3140 5636 κατηγορεῖ
3166 5563 3261 5618 τοῦ
3298 5581 3444 5635 μιαι·

1929 5818 1958 5877 ?
1974 5815 2094 5877 Reg.
2120 5815 2207 5877 τὴν
2229 5813 2382 5877 πόλιν.

1929 5876 1959 5917 1»
1981 5867 2100 5937 Rei.
2130 5867 2250 5924 ὅπου
2272 5874 2450 5937 ἀγάπῃ,
2479 5869 2671 5937 ἐκεῖΑτδ
2689 5868 2857 5934 πικρὸν
2887 5867 2968 5937 καὶ
3008 5868 3138 5931 ὠμὸν
3163 5869 3424 5930 ἀπθιήλατε

1865 5937 1950 5988 τοῦ
1973 5932 2139 5999 φθόῖθου
2164 5932 2370 6000 κέντρον.
2389 5934 2552 5984 ’Ὀπου
2583 5932 2742 5996 ἀγάπη
2767 5932 3076 5986 πολιτεύεται.
