  <div class='ocr_page' id='page_1' title='image "/cluster/home/n/w/nwhite01/storage/ocr_20150623/50/mdp.39015066055818/065.png"; bbox 0 0 3908 6300; ppageno 0'>
   <div class='ocr_carea' id='block_1_1' title="bbox 489 407 3775 517">
    <p class='ocr_par' dir='ltr' id='par_1_1' title="bbox 489 407 3775 517">
     <span class='ocr_line' id='line_1_1' title="bbox 489 407 3775 517; baseline 0.003 -13"><span class='ocrx_word' id='word_1_1' title='bbox 489 407 591 507; x_wconf 53' lang='lat'>569.</span> <span class='ocrx_word' id='word_1_2' title='bbox 1159 444 1217 500; x_wconf 84' lang='lat' dir='ltr'>S.</span> <span class='ocrx_word' id='word_1_3' title='bbox 1256 444 1546 503; x_wconf 77' lang='lat' dir='ltr'>JOANNIS</span> <span class='ocrx_word' id='word_1_4' title='bbox 1582 447 2081 507; x_wconf 72' lang='lat' dir='ltr'>CHRYSOSTOMI</span> <span class='ocrx_word' id='word_1_5' title='bbox 2117 449 2438 510; x_wconf 74' lang='lat' dir='ltr'>ARCHIEP.</span> <span class='ocrx_word' id='word_1_6' title='bbox 2473 452 3020 510; x_wconf 77' lang='lat' dir='ltr'>CONSTANTINOP.</span> <span class='ocrx_word' id='word_1_7' title='bbox 3650 457 3775 517; x_wconf 58' lang='grc' dir='ltr'>ηοξ</span> 
     </span>
    </p>
   </div>
   <div class='ocr_carea' id='block_1_2' title="bbox 488 559 3761 643">
    <p class='ocr_par' dir='ltr' id='par_1_2' title="bbox 488 559 3761 643">
     <span class='ocr_line' id='line_1_2' title="bbox 488 559 3761 643; baseline 0.002 -30"><span class='ocrx_word' id='word_1_8' title='bbox 488 564 650 632; x_wconf 68' lang='grc' dir='ltr'>φόνου</span> <span class='ocrx_word' id='word_1_9' title='bbox 677 576 690 592; x_wconf 80' lang='grc'><em>’</em></span> <span class='ocrx_word' id='word_1_10' title='bbox 724 562 756 614; x_wconf 83' lang='grc' dir='ltr'><strong>ὁ</strong></span> <span class='ocrx_word' id='word_1_11' title='bbox 808 559 866 614; x_wconf 80' lang='grc' dir='ltr'>δέ</span> <span class='ocrx_word' id='word_1_12' title='bbox 896 559 1056 631; x_wconf 81' lang='grc' dir='ltr'>δῆθεν</span> <span class='ocrx_word' id='word_1_13' title='bbox 1102 562 1524 634; x_wconf 87' lang='grc' dir='ltr'>περιγενόμενος</span> <span class='ocrx_word' id='word_1_14' title='bbox 1563 563 1654 618; x_wconf 84' lang='grc' dir='ltr'>τὸν</span> <span class='ocrx_word' id='word_1_15' title='bbox 1699 566 1909 636; x_wconf 81' lang='grc' dir='ltr'>καρπὸν</span> <span class='ocrx_word' id='word_1_16' title='bbox 1963 565 2072 618; x_wconf 84' lang='grc' dir='ltr'>τῶν</span> <span class='ocrx_word' id='word_1_17' title='bbox 2181 566 2416 635; x_wconf 87' lang='grc' dir='ltr'>μάλιστα</span> <span class='ocrx_word' id='word_1_18' title='bbox 2445 570 2573 632; x_wconf 81' lang='grc' dir='ltr'>τοὺς</span> <span class='ocrx_word' id='word_1_19' title='bbox 2597 569 2838 640; x_wconf 85' lang='grc' dir='ltr'>τήμερον</span> <span class='ocrx_word' id='word_1_20' title='bbox 2863 569 2952 622; x_wconf 83' lang='grc' dir='ltr'>διὰ</span> <span class='ocrx_word' id='word_1_21' title='bbox 3000 568 3102 639; x_wconf 87' lang='grc' dir='ltr'>τῆς</span> <span class='ocrx_word' id='word_1_22' title='bbox 3125 569 3218 623; x_wconf 82' lang='grc' dir='ltr'>τοῦ</span> <span class='ocrx_word' id='word_1_23' title='bbox 3245 569 3470 640; x_wconf 80' lang='grc' dir='ltr'>λουτροῦ</span> <span class='ocrx_word' id='word_1_24' title='bbox 3517 570 3761 643; x_wconf 77' lang='grc' dir='ltr'>χάριτος,</span> 
     </span>
    </p>
   </div>
   <div class='ocr_carea' id='block_1_3' title="bbox 489 645 3762 724">
    <p class='ocr_par' dir='ltr' id='par_1_3' title="bbox 489 645 3762 724">
     <span class='ocr_line' id='line_1_3' title="bbox 489 645 3762 724; baseline 0.002 -24"><span class='ocrx_word' id='word_1_25' title='bbox 489 648 666 720; x_wconf 76' lang='grc' dir='ltr'>ἔργων</span> <span class='ocrx_word' id='word_1_26' title='bbox 685 645 774 701; x_wconf 77' lang='grc' dir='ltr'>διὰ</span> <span class='ocrx_word' id='word_1_27' title='bbox 802 645 904 718; x_wconf 85' lang='grc' dir='ltr'>τῆς</span> <span class='ocrx_word' id='word_1_28' title='bbox 931 645 1254 711; x_wconf 77' lang='grc' dir='ltr'>ἀντιδόσεως</span> <span class='ocrx_word' id='word_1_29' title='bbox 1284 647 1396 701; x_wconf 88' lang='grc' dir='ltr'>τῶν</span> <span class='ocrx_word' id='word_1_30' title='bbox 1434 649 1612 719; x_wconf 77' lang='grc' dir='ltr'>ἔργων</span> <span class='ocrx_word' id='word_1_31' title='bbox 1664 650 1907 703; x_wconf 73' lang='grc' dir='ltr'>ἀπέλαϐε</span> <span class='ocrx_word' id='word_1_32' title='bbox 1929 691 1944 714; x_wconf 84' lang='grc'>,</span> <span class='ocrx_word' id='word_1_33' title='bbox 1982 653 2076 704; x_wconf 74' lang='grc' dir='ltr'>καὶ</span> <span class='ocrx_word' id='word_1_34' title='bbox 2176 650 2238 703; x_wconf 81' lang='grc' dir='ltr'>τὸ</span> <span class='ocrx_word' id='word_1_35' title='bbox 2271 651 2498 705; x_wconf 83' lang='grc' dir='ltr'>παλαιὸν</span> <span class='ocrx_word' id='word_1_36' title='bbox 2536 651 2645 706; x_wconf 89' lang='grc' dir='ltr'>τῶν</span> <span class='ocrx_word' id='word_1_37' title='bbox 2678 652 3090 723; x_wconf 85' lang='grc' dir='ltr'>ἁμαρτημάτων</span> <span class='ocrx_word' id='word_1_38' title='bbox 3117 652 3321 724; x_wconf 71' lang='grc' dir='ltr'>ἔνδυμα</span> <span class='ocrx_word' id='word_1_39' title='bbox 3367 652 3762 724; x_wconf 81' lang='grc' dir='ltr'>ἀποθεμένους,</span> 
     </span>
    </p>
   </div>
   <div class='ocr_carea' id='block_1_4' title="bbox 492 729 3768 808">
    <p class='ocr_par' dir='ltr' id='par_1_4' title="bbox 492 729 3768 808">
     <span class='ocr_line' id='line_1_4' title="bbox 492 729 3768 808; baseline 0.002 -24"><span class='ocrx_word' id='word_1_40' title='bbox 492 731 694 784; x_wconf 81' lang='grc' dir='ltr'>στένων</span> <span class='ocrx_word' id='word_1_41' title='bbox 720 732 812 785; x_wconf 84' lang='grc' dir='ltr'>καὶ</span> <span class='ocrx_word' id='word_1_42' title='bbox 838 731 1059 802; x_wconf 81' lang='grc' dir='ltr'>τρέμων</span> <span class='ocrx_word' id='word_1_43' title='bbox 1086 729 1272 802; x_wconf 81' lang='grc' dir='ltr'>διῆγεν</span> <span class='ocrx_word' id='word_1_44' title='bbox 1301 733 1395 786; x_wconf 83' lang='grc' dir='ltr'>ἐπί</span> <span class='ocrx_word' id='word_1_45' title='bbox 1427 733 1527 805; x_wconf 89' lang='grc' dir='ltr'>τῆς</span> <span class='ocrx_word' id='word_1_46' title='bbox 1557 733 1687 804; x_wconf 83' lang='grc' dir='ltr'>γῆς·</span> <span class='ocrx_word' id='word_1_47' title='bbox 1719 735 1747 786; x_wconf 85' lang='grc' dir='ltr'>ὁ</span> <span class='ocrx_word' id='word_1_48' title='bbox 1780 733 1838 788; x_wconf 84' lang='grc' dir='ltr'>δὲ</span> <span class='ocrx_word' id='word_1_49' title='bbox 1867 735 2076 805; x_wconf 77' lang='grc' dir='ltr'>ἀνῃρη-</span> <span class='ocrx_word' id='word_1_50' title='bbox 2177 733 2272 786; x_wconf 80' lang='grc' dir='ltr'>καὶ</span> <span class='ocrx_word' id='word_1_51' title='bbox 2306 735 2442 808; x_wconf 81' lang='grc' dir='ltr'>πρὸς</span> <span class='ocrx_word' id='word_1_52' title='bbox 2488 734 2585 799; x_wconf 82' lang='grc' dir='ltr'>τὰς</span> <span class='ocrx_word' id='word_1_53' title='bbox 2622 735 2852 806; x_wconf 82' lang='grc' dir='ltr'>ἡλιακὰς</span> <span class='ocrx_word' id='word_1_54' title='bbox 2886 736 3111 799; x_wconf 87' lang='grc' dir='ltr'>ἀκτῖνας</span> <span class='ocrx_word' id='word_1_55' title='bbox 3147 735 3509 807; x_wconf 85' lang='grc' dir='ltr'>ἁντιλάμπειν</span> <span class='ocrx_word' id='word_1_56' title='bbox 3529 735 3768 806; x_wconf 82' lang='grc' dir='ltr'>δυναμέ-</span> 
     </span>
    </p>
   </div>
   <div class='ocr_carea' id='block_1_5' title="bbox 495 813 3767 890">
    <p class='ocr_par' dir='ltr' id='par_1_5' title="bbox 495 813 3767 890">
     <span class='ocr_line' id='line_1_5' title="bbox 495 813 3767 890; baseline 0.001 -21"><span class='ocrx_word' id='word_1_57' title='bbox 495 813 655 886; x_wconf 81' lang='grc' dir='ltr'>μένος</span> <span class='ocrx_word' id='word_1_58' title='bbox 701 816 798 870; x_wconf 77' lang='grc' dir='ltr'>καὶ</span> <span class='ocrx_word' id='word_1_59' title='bbox 827 816 919 869; x_wconf 74' lang='grc' dir='ltr'>ἐπὶ</span> <span class='ocrx_word' id='word_1_60' title='bbox 942 815 1044 886; x_wconf 85' lang='grc' dir='ltr'>τῆς</span> <span class='ocrx_word' id='word_1_61' title='bbox 1076 815 1181 885; x_wconf 86' lang='grc' dir='ltr'>γῆς</span> <span class='ocrx_word' id='word_1_62' title='bbox 1206 816 1460 888; x_wconf 81' lang='grc' dir='ltr'>κείμενος</span> <span class='ocrx_word' id='word_1_63' title='bbox 1513 819 1652 888; x_wconf 77' lang='grc' dir='ltr'>μετὰ</span> <span class='ocrx_word' id='word_1_64' title='bbox 1677 817 1776 888; x_wconf 81' lang='grc' dir='ltr'>τὴν</span> <span class='ocrx_word' id='word_1_65' title='bbox 1815 817 2075 889; x_wconf 85' lang='grc' dir='ltr'>τελευτὴν</span> <span class='ocrx_word' id='word_1_66' title='bbox 2178 825 2320 879; x_wconf 86' lang='grc' dir='ltr'>νους.</span> <span class='ocrx_word' id='word_1_67' title='bbox 2361 818 2548 888; x_wconf 83' lang='grc' dir='ltr'>Ὑμεῖς</span> <span class='ocrx_word' id='word_1_68' title='bbox 2585 817 2685 888; x_wconf 88' lang='grc' dir='ltr'>μὲν</span> <span class='ocrx_word' id='word_1_69' title='bbox 2712 815 2828 884; x_wconf 78' lang='grc' dir='ltr'>οὖν,</span> <span class='ocrx_word' id='word_1_70' title='bbox 2866 818 3188 890; x_wconf 80' lang='grc' dir='ltr'>παρακαλῶ,</span> <span class='ocrx_word' id='word_1_71' title='bbox 3217 820 3268 872; x_wconf 88' lang='grc' dir='ltr'>οἱ</span> <span class='ocrx_word' id='word_1_72' title='bbox 3300 821 3537 890; x_wconf 86' lang='grc' dir='ltr'>σήμερον</span> <span class='ocrx_word' id='word_1_73' title='bbox 3562 819 3643 882; x_wconf 84' lang='grc' dir='ltr'>είς</span> <span class='ocrx_word' id='word_1_74' title='bbox 3663 817 3767 890; x_wconf 81' lang='grc' dir='ltr'>τὴν</span> 
     </span>
    </p>
   </div>
   <div class='ocr_carea' id='block_1_6' title="bbox 493 897 3768 974">
    <p class='ocr_par' dir='ltr' id='par_1_6' title="bbox 493 897 3768 974">
     <span class='ocr_line' id='line_1_6' title="bbox 493 897 3768 974; baseline 0.001 -21"><span class='ocrx_word' id='word_1_75' title='bbox 493 897 717 955; x_wconf 77' lang='grc' dir='ltr'>πλείονα</span> <span class='ocrx_word' id='word_1_76' title='bbox 736 898 886 973; x_wconf 66' lang='grc'>[474]</span> <span class='ocrx_word' id='word_1_77' title='bbox 912 899 1012 970; x_wconf 80' lang='grc' dir='ltr'>τὴν</span> <span class='ocrx_word' id='word_1_78' title='bbox 1039 899 1354 972; x_wconf 75' lang='grc' dir='ltr'>παρρησίαν</span> <span class='ocrx_word' id='word_1_79' title='bbox 1380 901 1748 954; x_wconf 89' lang='grc' dir='ltr'>ἐπεδείκνυτο.</span> <span class='ocrx_word' id='word_1_80' title='bbox 1773 902 1884 955; x_wconf 70' lang='grc' dir='ltr'>Καὶ</span> <span class='ocrx_word' id='word_1_81' title='bbox 1907 901 2078 955; x_wconf 77' lang='grc' dir='ltr'>καθά,-</span> <span class='ocrx_word' id='word_1_82' title='bbox 2178 901 2452 956; x_wconf 83' lang='grc' dir='ltr'>υἱοθεσίαν</span> <span class='ocrx_word' id='word_1_83' title='bbox 2482 902 2872 973; x_wconf 79' lang='grc' dir='ltr'>ἐγγραφέντες,</span> <span class='ocrx_word' id='word_1_84' title='bbox 2907 903 2957 955; x_wconf 84' lang='grc' dir='ltr'>οί</span> <span class='ocrx_word' id='word_1_85' title='bbox 2985 903 3044 955; x_wconf 83' lang='grc' dir='ltr'>τὸ</span> <span class='ocrx_word' id='word_1_86' title='bbox 3072 902 3326 974; x_wconf 83' lang='grc' dir='ltr'>λαμπρὸν</span> <span class='ocrx_word' id='word_1_87' title='bbox 3345 901 3507 956; x_wconf 77' lang='grc' dir='ltr'>τοῦτο</span> <span class='ocrx_word' id='word_1_88' title='bbox 3541 900 3768 973; x_wconf 80' lang='grc' dir='ltr'>περιδό-</span> 
     </span>
    </p>
   </div>
   <div class='ocr_carea' id='block_1_7' title="bbox 497 982 3864 1057">
    <p class='ocr_par' dir='ltr' id='par_1_7' title="bbox 497 982 3864 1057">
     <span class='ocr_line' id='line_1_7' title="bbox 497 982 3864 1057; baseline 0.001 -20"><span class='ocrx_word' id='word_1_89' title='bbox 497 1001 604 1054; x_wconf 83' lang='grc' dir='ltr'>περ</span> <span class='ocrx_word' id='word_1_90' title='bbox 632 985 840 1038; x_wconf 85' lang='grc' dir='ltr'>ἐκεῖνον</span> <span class='ocrx_word' id='word_1_91' title='bbox 864 985 898 1054; x_wconf 80' lang='grc' dir='ltr'>ἡ</span> <span class='ocrx_word' id='word_1_92' title='bbox 923 983 1169 1055; x_wconf 83' lang='grc' dir='ltr'>ἁμαρτία</span> <span class='ocrx_word' id='word_1_93' title='bbox 1196 984 1291 1038; x_wconf 79' lang='grc' dir='ltr'>καὶ</span> <span class='ocrx_word' id='word_1_94' title='bbox 1317 983 1494 1049; x_wconf 80' lang='grc' dir='ltr'>ζῶντα</span> <span class='ocrx_word' id='word_1_95' title='bbox 1509 982 1618 1036; x_wconf 83' lang='grc' dir='ltr'>τῶν</span> <span class='ocrx_word' id='word_1_96' title='bbox 1637 983 1849 1056; x_wconf 85' lang='grc' dir='ltr'>νεκρῶν</span> <span class='ocrx_word' id='word_1_97' title='bbox 1882 983 2079 1039; x_wconf 82' lang='grc' dir='ltr'>ἀθλιώ-</span> <span class='ocrx_word' id='word_1_98' title='bbox 2179 985 2330 1038; x_wconf 88' lang='grc' dir='ltr'>λαιον</span> <span class='ocrx_word' id='word_1_99' title='bbox 2358 985 2730 1056; x_wconf 76' lang='grc' dir='ltr'>ἐνδυσάμενοι,</span> <span class='ocrx_word' id='word_1_100' title='bbox 2763 985 2912 1057; x_wconf 79' lang='grc' dir='ltr'>πάσῃ</span> <span class='ocrx_word' id='word_1_101' title='bbox 2955 985 3168 1056; x_wconf 84' lang='grc' dir='ltr'>φυλακῇ</span> <span class='ocrx_word' id='word_1_102' title='bbox 3201 987 3301 1056; x_wconf 80' lang='grc' dir='ltr'>τὴν</span> <span class='ocrx_word' id='word_1_103' title='bbox 3347 985 3679 1057; x_wconf 78' lang='grc' dir='ltr'>φαιδρότητα</span> <span class='ocrx_word' id='word_1_104' title='bbox 3703 985 3768 1040; x_wconf 81' lang='grc' dir='ltr'>ἐν</span> <span class='ocrx_word' id='word_1_105' title='bbox 3861 1025 3864 1027; x_wconf 51' lang='grc' dir='ltr'>μ</span> 
     </span>
    </p>
   </div>
   <div class='ocr_carea' id='block_1_8' title="bbox 495 1064 3767 1144">
    <p class='ocr_par' dir='ltr' id='par_1_8' title="bbox 495 1064 3767 1144">
     <span class='ocr_line' id='line_1_8' title="bbox 495 1064 3767 1144; baseline -0 -23"><span class='ocrx_word' id='word_1_106' title='bbox 495 1085 654 1137; x_wconf 81' lang='grc' dir='ltr'>τερον</span> <span class='ocrx_word' id='word_1_107' title='bbox 683 1068 890 1136; x_wconf 85' lang='grc' dir='ltr'>διάγειν</span> <span class='ocrx_word' id='word_1_108' title='bbox 911 1067 1328 1140; x_wconf 82' lang='grc' dir='ltr'>παρεσκεύασεν</span> <span class='ocrx_word' id='word_1_109' title='bbox 1350 1085 1364 1100; x_wconf 91' lang='grc'><strong>·</strong></span> <span class='ocrx_word' id='word_1_110' title='bbox 1413 1066 1554 1120; x_wconf 75' lang='grc' dir='ltr'>οὕτω</span> <span class='ocrx_word' id='word_1_111' title='bbox 1589 1066 1779 1120; x_wconf 82' lang='grc' dir='ltr'>τοῦτον</span> <span class='ocrx_word' id='word_1_112' title='bbox 1813 1071 1846 1140; x_wconf 81' lang='grc' dir='ltr'><strong>ἡ</strong></span> <span class='ocrx_word' id='word_1_113' title='bbox 1886 1069 2078 1140; x_wconf 81' lang='grc' dir='ltr'>ἁρετὴ,</span> <span class='ocrx_word' id='word_1_114' title='bbox 2253 1069 2350 1125; x_wconf 81' lang='grc' dir='ltr'>νῦν</span> <span class='ocrx_word' id='word_1_115' title='bbox 2379 1072 2503 1123; x_wconf 80' lang='grc' dir='ltr'>ἐστε</span> <span class='ocrx_word' id='word_1_116' title='bbox 2531 1071 2921 1142; x_wconf 83' lang='grc' dir='ltr'>διατηρήσατε,</span> <span class='ocrx_word' id='word_1_117' title='bbox 2951 1069 3290 1140; x_wconf 81' lang='grc' dir='ltr'>πανταχόθεν</span> <span class='ocrx_word' id='word_1_118' title='bbox 3317 1069 3767 1140; x_wconf 81' lang='grc' dir='ltr'>ἀποτειχίσαντες</span> 
     </span>
    </p>
   </div>
   <div class='ocr_carea' id='block_1_9' title="bbox 498 1149 3772 1224">
    <p class='ocr_par' dir='ltr' id='par_1_9' title="bbox 498 1149 3772 1224">
     <span class='ocr_line' id='line_1_9' title="bbox 498 1149 3772 1224; baseline -0 -19"><span class='ocrx_word' id='word_1_119' title='bbox 498 1153 593 1205; x_wconf 79' lang='grc' dir='ltr'>καὶ</span> <span class='ocrx_word' id='word_1_120' title='bbox 627 1151 770 1222; x_wconf 75' lang='grc' dir='ltr'>μετὰ</span> <span class='ocrx_word' id='word_1_121' title='bbox 790 1151 890 1223; x_wconf 82' lang='grc' dir='ltr'>τὴν</span> <span class='ocrx_word' id='word_1_122' title='bbox 936 1151 1195 1223; x_wconf 82' lang='grc' dir='ltr'>τελευτὴν</span> <span class='ocrx_word' id='word_1_123' title='bbox 1239 1151 1402 1204; x_wconf 88' lang='grc' dir='ltr'>πλέον</span> <span class='ocrx_word' id='word_1_124' title='bbox 1458 1149 1784 1218; x_wconf 83' lang='grc' dir='ltr'>διαλάμπειν</span> <span class='ocrx_word' id='word_1_125' title='bbox 1832 1151 2077 1222; x_wconf 77' lang='grc' dir='ltr'>ἐποίησε.</span> <span class='ocrx_word' id='word_1_126' title='bbox 2180 1151 2260 1223; x_wconf 85' lang='grc' dir='ltr'>τῷ</span> <span class='ocrx_word' id='word_1_127' title='bbox 2289 1153 2521 1224; x_wconf 73' lang='grc' dir='ltr'>διαϐόλῳ</span> <span class='ocrx_word' id='word_1_128' title='bbox 2563 1154 2665 1224; x_wconf 80' lang='grc' dir='ltr'>τὴν</span> <span class='ocrx_word' id='word_1_129' title='bbox 2696 1152 2921 1218; x_wconf 71' lang='grc' dir='ltr'>εἴσοδον,</span> <span class='ocrx_word' id='word_1_130' title='bbox 2959 1153 3046 1205; x_wconf 82' lang='grc' dir='ltr'>ἵνα</span> <span class='ocrx_word' id='word_1_131' title='bbox 3098 1152 3489 1224; x_wconf 68' lang='grc' dir='ltr'>δαψιλεστέρας</span> <span class='ocrx_word' id='word_1_132' title='bbox 3529 1150 3772 1205; x_wconf 81' lang='grc' dir='ltr'>ἀπολαύ-</span> 
     </span>
    </p>
   </div>
   <div class='ocr_carea' id='block_1_10' title="bbox 499 1234 3774 1307">
    <p class='ocr_par' dir='ltr' id='par_1_10' title="bbox 499 1234 3774 1307">
     <span class='ocr_line' id='line_1_10' title="bbox 499 1234 3774 1307; baseline -0.001 -17"><span class='ocrx_word' id='word_1_133' title='bbox 499 1236 599 1290; x_wconf 87' lang='grc' dir='ltr'>Διά</span> <span class='ocrx_word' id='word_1_134' title='bbox 629 1254 712 1290; x_wconf 86' lang='grc' dir='ltr'>τοι</span> <span class='ocrx_word' id='word_1_135' title='bbox 760 1235 920 1290; x_wconf 79' lang='grc' dir='ltr'>τοῦτο</span> <span class='ocrx_word' id='word_1_136' title='bbox 961 1236 1056 1290; x_wconf 76' lang='grc' dir='ltr'>καὶ</span> <span class='ocrx_word' id='word_1_137' title='bbox 1101 1237 1282 1306; x_wconf 83' lang='grc' dir='ltr'>ἡμεῖς,</span> <span class='ocrx_word' id='word_1_138' title='bbox 1325 1235 1412 1288; x_wconf 85' lang='grc' dir='ltr'>ἵνα</span> <span class='ocrx_word' id='word_1_139' title='bbox 1453 1235 1676 1304; x_wconf 83' lang='grc' dir='ltr'>μείζονα</span> <span class='ocrx_word' id='word_1_140' title='bbox 1709 1234 1803 1287; x_wconf 75' lang='grc' dir='ltr'>καὶ</span> <span class='ocrx_word' id='word_1_141' title='bbox 1847 1235 2083 1290; x_wconf 78' lang='grc' dir='ltr'>ἐνταῦθα</span> <span class='ocrx_word' id='word_1_142' title='bbox 2185 1253 2377 1300; x_wconf 83' lang='grc' dir='ltr'>σαντες</span> <span class='ocrx_word' id='word_1_143' title='bbox 2431 1235 2529 1306; x_wconf 86' lang='grc' dir='ltr'>τῆς</span> <span class='ocrx_word' id='word_1_144' title='bbox 2578 1234 2672 1288; x_wconf 76' lang='grc' dir='ltr'>τοῦ</span> <span class='ocrx_word' id='word_1_145' title='bbox 2705 1234 3019 1306; x_wconf 86' lang='grc' dir='ltr'>Πνεύματος</span> <span class='ocrx_word' id='word_1_146' title='bbox 3063 1237 3306 1307; x_wconf 84' lang='grc' dir='ltr'>χάριτος,</span> <span class='ocrx_word' id='word_1_147' title='bbox 3343 1234 3774 1305; x_wconf 82' lang='grc' dir='ltr'>καρποφορῆσαι</span> 
     </span>
    </p>
   </div>
   <div class='ocr_carea' id='block_1_11' title="bbox 499 1316 3776 1392">
    <p class='ocr_par' dir='ltr' id='par_1_11' title="bbox 499 1316 3776 1392">
     <span class='ocr_line' id='line_1_11' title="bbox 499 1316 3776 1392; baseline -0.002 -18"><span class='ocrx_word' id='word_1_148' title='bbox 499 1322 664 1374; x_wconf 79' lang='grc' dir='ltr'>κάκεῖ</span> <span class='ocrx_word' id='word_1_149' title='bbox 712 1319 810 1391; x_wconf 77' lang='grc' dir='ltr'>τὴν</span> <span class='ocrx_word' id='word_1_150' title='bbox 852 1319 1166 1391; x_wconf 72' lang='grc' dir='ltr'>παρρησίαν</span> <span class='ocrx_word' id='word_1_151' title='bbox 1217 1316 1567 1389; x_wconf 85' lang='grc' dir='ltr'>κτησώμεθα,</span> <span class='ocrx_word' id='word_1_152' title='bbox 1617 1319 1704 1372; x_wconf 80' lang='grc' dir='ltr'>ἵνα</span> <span class='ocrx_word' id='word_1_153' title='bbox 1735 1318 1957 1372; x_wconf 84' lang='grc' dir='ltr'>πλείονα</span> <span class='ocrx_word' id='word_1_154' title='bbox 1985 1319 2084 1391; x_wconf 81' lang='grc' dir='ltr'>τὴν</span> <span class='ocrx_word' id='word_1_155' title='bbox 2182 1316 2445 1390; x_wconf 86' lang='grc' dir='ltr'>δυνηθῆτε</span> <span class='ocrx_word' id='word_1_156' title='bbox 2475 1318 2533 1372; x_wconf 83' lang='grc' dir='ltr'>ἒν</span> <span class='ocrx_word' id='word_1_157' title='bbox 2562 1318 2877 1392; x_wconf 67' lang='grc' dir='ltr'>τριάκοντα,</span> <span class='ocrx_word' id='word_1_158' title='bbox 2911 1319 3006 1370; x_wconf 74' lang='grc' dir='ltr'>καὶ</span> <span class='ocrx_word' id='word_1_159' title='bbox 3037 1317 3095 1370; x_wconf 85' lang='grc' dir='ltr'>ἒν</span> <span class='ocrx_word' id='word_1_160' title='bbox 3118 1318 3402 1390; x_wconf 84' lang='grc' dir='ltr'>ἐξήκοντα,</span> <span class='ocrx_word' id='word_1_161' title='bbox 3426 1319 3522 1370; x_wconf 74' lang='grc' dir='ltr'>καὶ</span> <span class='ocrx_word' id='word_1_162' title='bbox 3551 1318 3608 1368; x_wconf 81' lang='grc' dir='ltr'>ἓν</span> <span class='ocrx_word' id='word_1_163' title='bbox 3639 1317 3776 1368; x_wconf 83' lang='grc' dir='ltr'>ἐκα-</span> 
     </span>
    </p>
   </div>
   <div class='ocr_carea' id='block_1_12' title="bbox 501 1397 3777 1476">
    <p class='ocr_par' dir='ltr' id='par_1_12' title="bbox 501 1397 3777 1476">
     <span class='ocr_line' id='line_1_12' title="bbox 501 1397 3777 1476; baseline -0.002 -18"><span class='ocrx_word' id='word_1_164' title='bbox 501 1405 842 1476; x_wconf 81' lang='grc' dir='ltr'>εὐφροσύνην</span> <span class='ocrx_word' id='word_1_165' title='bbox 871 1405 968 1472; x_wconf 81' lang='grc' dir='ltr'>τὴν</span> <span class='ocrx_word' id='word_1_166' title='bbox 991 1403 1102 1456; x_wconf 86' lang='grc' dir='ltr'>ἀπὸ</span> <span class='ocrx_word' id='word_1_167' title='bbox 1127 1404 1224 1473; x_wconf 88' lang='grc' dir='ltr'>τῆς</span> <span class='ocrx_word' id='word_1_168' title='bbox 1259 1403 1455 1473; x_wconf 78' lang='grc' dir='ltr'>ἑορτῆς</span> <span class='ocrx_word' id='word_1_169' title='bbox 1471 1401 1919 1474; x_wconf 83' lang='grc' dir='ltr'>καρπωσώμεθα,</span> <span class='ocrx_word' id='word_1_170' title='bbox 1951 1405 2086 1459; x_wconf 83' lang='grc' dir='ltr'>πάν·</span> <span class='ocrx_word' id='word_1_171' title='bbox 2182 1402 2296 1465; x_wconf 85' lang='grc' dir='ltr'>τὸν,</span> <span class='ocrx_word' id='word_1_172' title='bbox 2324 1402 2420 1454; x_wconf 72' lang='grc' dir='ltr'>καὶ</span> <span class='ocrx_word' id='word_1_173' title='bbox 2451 1402 2589 1472; x_wconf 79' lang='grc' dir='ltr'>μετὰ</span> <span class='ocrx_word' id='word_1_174' title='bbox 2622 1402 2935 1474; x_wconf 73' lang='grc' dir='ltr'>παρρησίας</span> <span class='ocrx_word' id='word_1_175' title='bbox 2970 1402 3280 1472; x_wconf 85' lang='grc' dir='ltr'>ἀπαντῆσαι</span> <span class='ocrx_word' id='word_1_176' title='bbox 3325 1400 3646 1470; x_wconf 80' lang='grc' dir='ltr'>ἁξιωθείητε</span> <span class='ocrx_word' id='word_1_177' title='bbox 3692 1397 3777 1470; x_wconf 83' lang='grc' dir='ltr'>τῷ</span> 
     </span>
    </p>
   </div>
   <div class='ocr_carea' id='block_1_13' title="bbox 501 1481 3777 1560">
    <p class='ocr_par' dir='ltr' id='par_1_13' title="bbox 501 1481 3777 1560">
     <span class='ocr_line' id='line_1_13' title="bbox 501 1481 3777 1560; baseline -0.003 -18"><span class='ocrx_word' id='word_1_178' title='bbox 501 1506 572 1543; x_wconf 87' lang='grc' dir='ltr'>τα</span> <span class='ocrx_word' id='word_1_179' title='bbox 603 1489 700 1559; x_wconf 76' lang='grc' dir='ltr'>μὲν</span> <span class='ocrx_word' id='word_1_180' title='bbox 728 1487 798 1540; x_wconf 84' lang='grc' dir='ltr'>τὰ</span> <span class='ocrx_word' id='word_1_181' title='bbox 824 1485 1044 1560; x_wconf 78' lang='grc' dir='ltr'>ῥυπαρὰ</span> <span class='ocrx_word' id='word_1_182' title='bbox 1071 1485 1171 1556; x_wconf 87' lang='grc' dir='ltr'>τῆς</span> <span class='ocrx_word' id='word_1_183' title='bbox 1196 1486 1374 1557; x_wconf 68' lang='grc' dir='ltr'>ψυχῆς</span> <span class='ocrx_word' id='word_1_184' title='bbox 1405 1487 1747 1558; x_wconf 80' lang='grc' dir='ltr'>περιέλωμεν</span> <span class='ocrx_word' id='word_1_185' title='bbox 1785 1487 2084 1558; x_wconf 79' lang='grc' dir='ltr'>ἐνδύματα,</span> <span class='ocrx_word' id='word_1_186' title='bbox 2188 1484 2398 1556; x_wconf 81' lang='grc' dir='ltr'>βασιλεῖ</span> <span class='ocrx_word' id='word_1_187' title='bbox 2416 1485 2524 1540; x_wconf 89' lang='grc' dir='ltr'>τῶν</span> <span class='ocrx_word' id='word_1_188' title='bbox 2551 1486 2814 1558; x_wconf 83' lang='grc' dir='ltr'>οὐρανῶν,</span> <span class='ocrx_word' id='word_1_189' title='bbox 2837 1485 2966 1539; x_wconf 85' lang='grc' dir='ltr'>ὅταν</span> <span class='ocrx_word' id='word_1_190' title='bbox 2994 1484 3398 1556; x_wconf 84' lang='grc' dir='ltr'>παραγίνεσθαι</span> <span class='ocrx_word' id='word_1_191' title='bbox 3443 1481 3634 1556; x_wconf 80' lang='grc' dir='ltr'>μέλλῃ,</span> <span class='ocrx_word' id='word_1_192' title='bbox 3677 1481 3777 1536; x_wconf 78' lang='grc' dir='ltr'>καὶ</span> 
     </span>
    </p>
   </div>
   <div class='ocr_carea' id='block_1_14' title="bbox 449 1565 3777 1643">
    <p class='ocr_par' dir='ltr' id='par_1_14' title="bbox 449 1565 3777 1643">
     <span class='ocr_line' id='line_1_14' title="bbox 449 1565 3777 1643; baseline -0.002 -19"><span class='ocrx_word' id='word_1_193' title='bbox 449 1565 458 1574; x_wconf 80' lang='grc'><strong>’</strong></span> <span class='ocrx_word' id='word_1_194' title='bbox 506 1571 741 1643; x_wconf 85' lang='grc' dir='ltr'>μάλιστα</span> <span class='ocrx_word' id='word_1_195' title='bbox 794 1570 890 1623; x_wconf 79' lang='grc' dir='ltr'>τοῦ</span> <span class='ocrx_word' id='word_1_196' title='bbox 939 1569 1132 1640; x_wconf 82' lang='grc' dir='ltr'>φθόνου</span> <span class='ocrx_word' id='word_1_197' title='bbox 1164 1569 1224 1623; x_wconf 79' lang='grc' dir='ltr'>τὸ</span> <span class='ocrx_word' id='word_1_198' title='bbox 1284 1570 1630 1640; x_wconf 79' lang='grc' dir='ltr'>περιϐόλαιον</span> <span class='ocrx_word' id='word_1_199' title='bbox 1663 1571 2082 1642; x_wconf 85' lang='grc' dir='ltr'>ἀποδυσώμεθα.</span> <span class='ocrx_word' id='word_1_200' title='bbox 2185 1567 2254 1621; x_wconf 84' lang='grc' dir='ltr'>τὰ</span> <span class='ocrx_word' id='word_1_201' title='bbox 2282 1568 2568 1640; x_wconf 74' lang='grc' dir='ltr'>ἀπόρρητα</span> <span class='ocrx_word' id='word_1_202' title='bbox 2597 1567 2777 1638; x_wconf 78' lang='grc' dir='ltr'>ἀγαθά</span> <span class='ocrx_word' id='word_1_203' title='bbox 2801 1568 3077 1639; x_wconf 88' lang='grc' dir='ltr'>διανέμειν</span> <span class='ocrx_word' id='word_1_204' title='bbox 3109 1570 3224 1630; x_wconf 88' lang='grc' dir='ltr'>τοῖς</span> <span class='ocrx_word' id='word_1_205' title='bbox 3273 1567 3391 1639; x_wconf 79' lang='grc' dir='ltr'>μετ’</span> <span class='ocrx_word' id='word_1_206' title='bbox 3429 1567 3633 1638; x_wconf 84' lang='grc' dir='ltr'>ἀρετῆς</span> <span class='ocrx_word' id='word_1_207' title='bbox 3681 1565 3777 1618; x_wconf 82' lang='grc' dir='ltr'>τὸν</span> 
     </span>
    </p>
   </div>
   <div class='ocr_carea' id='block_1_15' title="bbox 503 1648 3778 1727">
    <p class='ocr_par' dir='ltr' id='par_1_15' title="bbox 503 1648 3778 1727">
     <span class='ocr_line' id='line_1_15' title="bbox 503 1648 3778 1727; baseline -0.003 -18"><span class='ocrx_word' id='word_1_208' title='bbox 503 1654 625 1709; x_wconf 73' lang='grc' dir='ltr'>Κᾶν</span> <span class='ocrx_word' id='word_1_209' title='bbox 664 1653 772 1726; x_wconf 77' lang='grc' dir='ltr'>γὰρ</span> <span class='ocrx_word' id='word_1_210' title='bbox 810 1654 980 1727; x_wconf 86' lang='grc' dir='ltr'>μυρία</span> <span class='ocrx_word' id='word_1_211' title='bbox 1013 1653 1311 1726; x_wconf 83' lang='grc' dir='ltr'>κατορθοῦν</span> <span class='ocrx_word' id='word_1_212' title='bbox 1358 1653 1631 1726; x_wconf 79' lang='grc' dir='ltr'>δόξωμεν,</span> <span class='ocrx_word' id='word_1_213' title='bbox 1682 1657 1899 1710; x_wconf 81' lang='grc' dir='ltr'>πάντων</span> <span class='ocrx_word' id='word_1_214' title='bbox 1924 1659 2087 1710; x_wconf 80' lang='grc' dir='ltr'>ὲκπε-</span> <span class='ocrx_word' id='word_1_215' title='bbox 2187 1653 2436 1723; x_wconf 79' lang='grc' dir='ltr'>παρόντα</span> <span class='ocrx_word' id='word_1_216' title='bbox 2465 1652 2576 1723; x_wconf 84' lang='grc' dir='ltr'>βίον</span> <span class='ocrx_word' id='word_1_217' title='bbox 2611 1651 2958 1715; x_wconf 88' lang='grc' dir='ltr'>διανύσασιν,</span> <span class='ocrx_word' id='word_1_218' title='bbox 2988 1653 3048 1705; x_wconf 87' lang='grc' dir='ltr'>ἐν</span> <span class='ocrx_word' id='word_1_219' title='bbox 3073 1650 3296 1722; x_wconf 81' lang='grc' dir='ltr'>Χριστῷ</span> <span class='ocrx_word' id='word_1_220' title='bbox 3335 1648 3510 1722; x_wconf 88' lang='grc' dir='ltr'>Ἰησοῦ</span> <span class='ocrx_word' id='word_1_221' title='bbox 3548 1649 3626 1720; x_wconf 80' lang='grc' dir='ltr'>τῷ</span> <span class='ocrx_word' id='word_1_222' title='bbox 3658 1649 3778 1700; x_wconf 80' lang='grc' dir='ltr'>Κυ-</span> 
     </span>
    </p>
   </div>
   <div class='ocr_carea' id='block_1_16' title="bbox 507 1730 3779 1812">
    <p class='ocr_par' dir='ltr' id='par_1_16' title="bbox 507 1730 3779 1812">
     <span class='ocr_line' id='line_1_16' title="bbox 507 1730 3779 1812; baseline -0.002 -20"><span class='ocrx_word' id='word_1_223' title='bbox 507 1737 766 1810; x_wconf 84' lang='grc' dir='ltr'>σούμεθα,</span> <span class='ocrx_word' id='word_1_224' title='bbox 797 1739 896 1810; x_wconf 84' lang='grc' dir='ltr'>τῆς</span> <span class='ocrx_word' id='word_1_225' title='bbox 922 1739 1124 1809; x_wconf 83' lang='grc' dir='ltr'>πικρᾶς</span> <span class='ocrx_word' id='word_1_226' title='bbox 1153 1740 1286 1810; x_wconf 80' lang='grc' dir='ltr'>ἡμῖν</span> <span class='ocrx_word' id='word_1_227' title='bbox 1319 1738 1413 1791; x_wconf 58' lang='grc' dir='ltr'>καὶ¹</span> <span class='ocrx_word' id='word_1_228' title='bbox 1437 1738 1596 1810; x_wconf 85' lang='grc' dir='ltr'>ὠμῆς</span> <span class='ocrx_word' id='word_1_229' title='bbox 1615 1738 1819 1812; x_wconf 86' lang='grc' dir='ltr'>ταύτης</span> <span class='ocrx_word' id='word_1_230' title='bbox 1849 1739 2089 1811; x_wconf 87' lang='grc' dir='ltr'>ἐνοχλού-</span> <span class='ocrx_word' id='word_1_231' title='bbox 2193 1738 2291 1811; x_wconf 84' lang='grc' dir='ltr'>ρίῳ</span> <span class='ocrx_word' id='word_1_232' title='bbox 2314 1737 2492 1810; x_wconf 82' lang='grc' dir='ltr'>ἡμῶν,</span> <span class='ocrx_word' id='word_1_233' title='bbox 2516 1730 2560 1805; x_wconf 81' lang='grc' dir='ltr'>ᾧ</span> <span class='ocrx_word' id='word_1_234' title='bbox 2583 1739 2616 1808; x_wconf 84' lang='grc' dir='ltr'>ἡ</span> <span class='ocrx_word' id='word_1_235' title='bbox 2645 1737 2774 1801; x_wconf 82' lang='grc' dir='ltr'>δόξα</span> <span class='ocrx_word' id='word_1_236' title='bbox 2800 1737 2896 1789; x_wconf 77' lang='grc' dir='ltr'>καὶ</span> <span class='ocrx_word' id='word_1_237' title='bbox 2927 1735 2987 1789; x_wconf 78' lang='grc' dir='ltr'>τὸ</span> <span class='ocrx_word' id='word_1_238' title='bbox 3019 1735 3220 1807; x_wconf 86' lang='grc' dir='ltr'>κράτος</span> <span class='ocrx_word' id='word_1_239' title='bbox 3243 1735 3342 1789; x_wconf 73' lang='grc' dir='ltr'>νῦν</span> <span class='ocrx_word' id='word_1_240' title='bbox 3365 1736 3462 1789; x_wconf 74' lang='grc' dir='ltr'>καὶ</span> <span class='ocrx_word' id='word_1_241' title='bbox 3499 1734 3588 1788; x_wconf 75' lang='grc' dir='ltr'>ἀεὶ</span> <span class='ocrx_word' id='word_1_242' title='bbox 3614 1773 3629 1800; x_wconf 89' lang='grc'>,</span> <span class='ocrx_word' id='word_1_243' title='bbox 3680 1730 3779 1784; x_wconf 70' lang='grc' dir='ltr'>καὶ</span> 
     </span>
    </p>
   </div>
   <div class='ocr_carea' id='block_1_17' title="bbox 509 1818 3282 1894">
    <p class='ocr_par' dir='ltr' id='par_1_17' title="bbox 509 1818 3282 1894">
     <span class='ocr_line' id='line_1_17' title="bbox 509 1818 3282 1894; baseline -0.001 -19"><span class='ocrx_word' id='word_1_244' title='bbox 509 1838 608 1894; x_wconf 85' lang='grc' dir='ltr'>σης</span> <span class='ocrx_word' id='word_1_245' title='bbox 631 1822 833 1893; x_wconf 84' lang='grc' dir='ltr'>λύμης·</span> <span class='ocrx_word' id='word_1_246' title='bbox 865 1823 931 1891; x_wconf 79' lang='grc' dir='ltr'>ἢν</span> <span class='ocrx_word' id='word_1_247' title='bbox 961 1823 1172 1887; x_wconf 82' lang='grc' dir='ltr'>πάντας</span> <span class='ocrx_word' id='word_1_248' title='bbox 1199 1823 1346 1893; x_wconf 77' lang='grc' dir='ltr'>ἡμᾶς</span> <span class='ocrx_word' id='word_1_249' title='bbox 1371 1821 1655 1892; x_wconf 86' lang='grc' dir='ltr'>διαφυγεῖν</span> <span class='ocrx_word' id='word_1_250' title='bbox 1703 1824 1934 1893; x_wconf 84' lang='grc' dir='ltr'>γένοιτο,</span> <span class='ocrx_word' id='word_1_251' title='bbox 1991 1826 2085 1880; x_wconf 79' lang='grc' dir='ltr'>καὶ</span> <span class='ocrx_word' id='word_1_252' title='bbox 2193 1822 2272 1886; x_wconf 79' lang='grc' dir='ltr'>εἰς</span> <span class='ocrx_word' id='word_1_253' title='bbox 2303 1821 2428 1884; x_wconf 80' lang='grc' dir='ltr'>τοὺς</span> <span class='ocrx_word' id='word_1_254' title='bbox 2447 1821 2646 1884; x_wconf 85' lang='grc' dir='ltr'>αἰῶνας</span> <span class='ocrx_word' id='word_1_255' title='bbox 2677 1820 2784 1874; x_wconf 86' lang='grc' dir='ltr'>τῶν</span> <span class='ocrx_word' id='word_1_256' title='bbox 2811 1818 3043 1873; x_wconf 74' lang='grc' dir='ltr'>αἰώνων.</span> <span class='ocrx_word' id='word_1_257' title='bbox 3090 1819 3282 1890; x_wconf 80' lang='grc' dir='ltr'>Ἀμήν.</span> 
     </span>
    </p>
   </div>
  </div>
