3892 6294
230 407 330 461 .569

220 532 445 589 operum
471 517 699 573 fructum
736 529 829 586 per
856 528 1080 587 operum
1121 511 1422 572 mercedem
1466 517 1705 588 recepit,
1752 527 1808 572 et

221 623 447 682 gemens
476 618 818 679 tremensque
842 607 1005 661 vitam
1049 607 1102 661 in
1136 607 1291 663 terris
1331 606 1584 663 traduxit.
1627 609 1696 662 At
1727 608 1812 662 hic

223 701 540 757 interfectus
567 709 622 756 et
644 699 828 769 jacens
867 699 920 753 in
949 708 1107 766 terra,
1139 709 1259 768 post
1278 699 1480 755 obitum
1508 698 1669 756 etiam
1697 716 1814 755 ma-

223 797 342 863 iore
396 807 520 848 cum
576 792 768 847 ﬁducia
828 792 1076 873 loquendi
1136 790 1441 849 facultatem
1492 792 1813 849 ostentabat.

226 885 296 939 Et
328 883 775 954 quemadmodum
814 883 962 938 illum
1004 884 1083 939 sic
1107 882 1372 939 afficiebat
1402 891 1673 953 peccatum
1699 925 1713 950 ,
1760 891 1819 938 ut

224 978 523 1032 etiamnum
563 975 750 1031 vivens
796 974 1058 1031 infelicius
1101 974 1327 1030 mortuis
1354 975 1513 1029 vitam
1556 973 1813 1044 degeret:

227 1068 307 1122 sic
337 1072 394 1122 et
433 1066 594 1121 istum
635 1074 756 1135 post
800 1074 1027 1121 mortem
1070 1064 1231 1122 etiam
1271 1064 1441 1121 virtus
1470 1065 1817 1121 illustriorem

228 1159 484 1216 reddidit.
510 1158 770 1226 Quocirca
800 1172 899 1213 nos
923 1172 1137 1229 quoque
1163 1166 1223 1214 ut
1258 1156 1515 1228 majorem
1554 1165 1608 1214 et
1646 1157 1732 1211 hic
1769 1163 1823 1211 et

229 1252 343 1308 illic
365 1250 610 1307 ﬁduciam
638 1249 791 1306 nobis
816 1250 1185 1319 conciliemus,
1211 1258 1269 1306 ut
1296 1250 1608 1322 ampliorem
1629 1263 1695 1305 ex
1720 1247 1821 1305 bac

230 1343 525 1399 festivitate
554 1340 792 1397 laetitiam
834 1339 1205 1412 decerpamus,
1237 1342 1415 1397 omnia
1459 1340 1672 1413 quidem
1700 1342 1819 1397 ani-

232 1450 338 1491 ma:
380 1434 594 1491 sordida
642 1434 957 1491 vestimenta
1002 1434 1341 1506 rejiciamus,
1388 1435 1655 1506 prtecipue
1694 1450 1822 1491 vero

230 1543 337 1584 nos
361 1527 573 1583 invidia:
594 1535 742 1584 veste
761 1527 1073 1598 spoliemus.
1100 1526 1249 1583 Licet
1270 1527 1413 1583 enim
1438 1538 1819 1584 sexcentarum

231 1626 383 1673 recte
406 1617 662 1673 factorum
687 1617 936 1673 meritum
958 1618 1260 1674 cumulasse
1278 1618 1572 1685 videamur,
1598 1618 1643 1674 si
1670 1634 1703 1673 ιι
1721 1619 1825 1675 ibis

232 1708 356 1763 ι)ωο
383 1706 575 1763 acerba
603 1716 843 1778 tetraque
868 1707 984 1762 lues
1011 1708 1284 1780 negotium
1320 1709 1576 1775 facessat,
1608 1710 1660 1764 in
1682 1708 1824 1765 mhi-

233 1797 351 1852 lum
395 1807 581 1854 cuncta
626 1798 886 1855 recident.
933 1798 1087 1855 Faxit
1111 1800 1253 1856 Deus
1279 1809 1336 1856 ut
1366 1799 1483 1871 ejus
1512 1816 1610 1855 nos
1638 1815 1826 1856 omnes

231 1898 489 1960 expertes
530 1890 719 1957 simus,
762 1897 922 1962 atque
946 1889 1023 1946 illi
1068 1891 1299 1949 maxime
1339 1895 1429 1964 qui
1460 1890 1716 1949 hodierna
1738 1890 1827 1950 die

1226 402 1312 459 DE
1344 401 1609 460 SANCTA
1644 403 2117 462 PENTECOSTE.
2147 397 2380 457 ilOMlL.
2412 399 2475 455 ll.

3392 404 3499 461 L70

1920 532 2014 588 per
2054 519 2277 589 gratiam
2336 510 2532 574 lavacri
2573 525 2809 574 veterem
2867 526 3206 588 peccatorum
3248 516 3502 577 amictum

1919 596 2249 681 abiecerunt,
2275 618 2329 666 et
2354 611 2520 681 ipsius
2545 609 2675 666 solis
2696 608 2857 665 radiis
2880 609 3127 664 :emulum
3144 607 3254 680 jam
3281 617 3505 678 possunt

1920 702 2097 757 lumen
2141 700 2433 757 effundere.
2478 700 2588 756 Vos
2633 700 2793 770 igitur
2838 699 3061 766 hortor,
3110 698 3201 769 qui
3247 698 3407 753 hodie
3452 699 3504 753 in

1921 791 2260 863 adoptionem
2301 792 2603 862 transcripti
2647 792 2813 857 estis,
2860 792 2951 863 qui
2994 789 3331 861 splendidum
3362 788 3506 843 hunc

1921 886 2171 939 amictum
2198 884 2463 952 induistis,
2493 884 2639 938 omni
2671 882 2931 949 custodia,
2973 897 3078 953 quo
3117 896 3260 936 nunc
3298 879 3506 951 prmditi

1922 977 2081 1043 estis,
2112 975 2448 1047 splendorem
2486 986 2834 1045 conservate,
2863 984 3022 1047 atque
3060 974 3205 1030 omni
3249 988 3315 1028 ex
3360 981 3508 1042 parte

1924 1068 2137 1124 diabolo
2181 1068 2381 1124 aditum
2446 1068 2818 1136 intercludite,
2869 1077 2927 1123 ut
2966 1065 3251 1137 copiosiori
3309 1065 3509 1136 Spiritu

1925 1163 2096 1234 gratia
2125 1168 2370 1234 percepta
2400 1160 2723 1217 fructificare
2753 1161 2969 1230 possitis
3000 1170 3159 1214 unum
3193 1158 3424 1228 triginta,
3457 1166 3512 1211 ct

1926 1273 2089 1313 unum
2134 1257 2438 1327 sexaginta,
2488 1263 2542 1310 et
2584 1270 2746 1309 unum
2793 1263 3003 1311 centum
3047 1270 3060 1308 :
3103 1261 3161 1307 ut
3205 1250 3510 1308 efficiamini

1925 1348 2071 1420 digni
2096 1348 2184 1419 qui
2214 1362 2333 1402 cum
2362 1345 2552 1401 fiducia
2581 1346 2712 1415 Regi
2750 1345 3001 1400 caelorum
3040 1343 3355 1409 occurratis,
3387 1356 3509 1397 eum

1926 1449 2181 1497 venturus
2224 1437 2413 1504 fuerit,
2458 1437 2709 1507 omnique
2736 1450 2985 1492 sermone
3025 1435 3331 1490 sublimiora
3374 1433 3510 1489 bona

1925 1531 2305 1587 distributurus
2340 1528 2474 1596 illis,
2505 1528 2592 1599 qui
2623 1536 2936 1598 praesentem
2967 1527 3127 1581 vitam
3166 1540 3285 1581 eum
3320 1525 3515 1580 virtute

1930 1622 2322 1692 transegerint,
2364 1621 2416 1675 in
2465 1618 2677 1675 Christo
2721 1616 2847 1675 Jesu
2894 1618 3120 1673 Domino
3166 1624 3384 1683 nostro,
3429 1615 3512 1668 cui

1928 1713 2095 1786 gloria
2118 1721 2171 1768 et
2201 1720 2436 1783 potestas
2459 1725 2599 1768 nunc
2626 1718 2678 1767 et
2702 1724 2935 1787 semper,
2962 1717 3015 1765 et
3052 1710 3105 1765 in
3131 1708 3322 1765 smcula
3344 1720 3507 1764 saacu~

1932 1806 2127 1862 lorum.
2157 1804 2345 1861 Amen.
