3908 6300
435 380 536 436 ΠΙ
1127 375 1186 430 S.
1226 372 1511 431 JOANNIS
1550 367 2036 428 CHRYSOSTOMI
2077 370 2398 428 ARCHIEP.
2438 372 2982 430 CONSTANTINOP.
3579 373 3689 431 £12

447 507 2754 538 mm

3270 525 3641 539 _*

1045 749 1184 846 1N
1260 746 1611 837 PAULI
1689 727 2226 840 ENCOMIA
2303 751 3041 848 ADMONITIO.

501 991 614 1049 llas
634 991 704 1049 de
727 991 870 1050 beati
903 992 1053 1048 Pauli
1081 993 1334 1050 laudibus
1354 993 1648 1050 conciones
1681 1009 1987 1051 memorare
2035 997 2250 1053 videtur
2279 997 2711 1072 Cbrysostomus
2731 1017 2896 1073 supra
2925 1003 2980 1057 in
3007 1001 3230 1058 homilia
3271 1002 3352 1058 De
3396 999 3680 1068 Kalendis,

431 1084 525 1142 ubi
545 1085 626 1141 sic
651 1084 816 1140 habet
835 1084 940 1141 sub
968 1085 1182 1140 initium
1207 1083 1273 1140 T.
1326 1084 1369 1150 l,
1394 1101 1448 1157 p.
1475 1083 1581 1141 698
1607 1101 1620 1138 :
1649 1084 1850 1157 Πρῴην
1882 1087 1974 1155 γοῦ

2148 1089 2219 1143 ὦν
2266 1090 2720 1162 ἐγκωμιαζόντων
2767 1093 2859 1147 τὸν
2917 1093 3182 1166 μακάριον
3231 1093 3463 1159 Παῦλον,
3513 1093 3691 1159 οὕτως

433 1179 816 1249 ἐσκιρτήσατε,
855 1178 931 1242 ὡς
954 1176 1118 1234 αὐτὸν
1143 1175 1378 1246 ὁρῶντες
1407 1176 1717 1248 παρόντα...
1753 1177 1847 1230 καὶ
1884 1177 2186 1251 ἐϐουλόμην
2216 1181 2316 1252 μὲν
2343 1182 2424 1245 εἰς
2452 1183 2552 1253 τὴν
2576 1184 2747 1255 αὐτὴν
2779 1183 3030 1238 ὑπόθεσιν
3068 1181 3365 1254 καταϐῆναι
3397 1182 3492 1235 καὶ
3517 1183 3694 1252 τήμε-

446 1283 562 1338 ρον,
590 1267 727 1322 ἀλλὰ
760 1267 897 1340 πρὸς
937 1268 1102 1340 ἕτερα
1124 1267 1519 1336 κατεπείγοντα
1548 1269 1679 1338 ἡμῖν
1731 1269 1760 1322 ὁ
1798 1267 1953 1336 λόγος
1979 1269 2254 1341 ὥρμηται,
2286 1270 2356 1324 τὰ
2396 1272 2635 1344 σήμερον
2685 1273 2789 1327 ὑπὸ
2817 1274 2916 1346 τῆς
2943 1273 3150 1338 πόλεως
3183 1273 3400 1343 ἁπάσης
3433 1272 3692 1342 ἁμαρτη-

435 1359 618 1414 Θέντα.
656 1361 797 1428 Τοὺς
823 1361 934 1432 γὰρ
970 1361 1265 1424 ἀκούοντας
1284 1359 1393 1414 τῶν
1426 1359 1716 1431 ἐγκωμίων
1761 1360 2000 1428 Παύλου,
2026 1363 2291 1435 πρότερον
2330 1365 2430 1434 τῆς
2457 1365 2659 1436 ἀρετῆς
2685 1365 2780 1419 τοῦ
2831 1365 3047 1420 Παύλου
3107 1365 3354 1436 ζηλωτὰς
3382 1362 3523 1418 εἶναι
3553 1364 3695 1434 χρὴ,

434 1455 529 1508 καὶ
551 1453 807 1525 τοιαύτης
831 1453 1149 1525 ἀκροάσεως
1175 1454 1381 1520 ἀξίους.
1419 1452 1477 1508 ld
1517 1462 1620 1519 est,
1657 1453 1844 1522 Nuper
1873 1455 1977 1524 igit:

2150 1471 2190 1508 at
2218 1455 2428 1510 beatum
2479 1457 2714 1512 Paulum
2762 1459 3013 1513 encomiis
3045 1457 3454 1524 celebraremus,
3490 1457 3568 1510 ita
3594 1471 3693 1510 ea:-

345 1569 350 1574 ι
435 1546 752 1611 sultavistis,
780 1548 933 1616 quasi
957 1548 1130 1618 ipsum
1157 1557 1465 1618 prwsentem
1511 1548 1844 1603 vidissetis...
1882 1549 2130 1604 Volebam
2160 1559 2335 1605 autem
2363 1552 2418 1606 in
2450 1553 2590 1606 idem
2613 1569 2816 1624 quoque
2856 1561 3224 1624 argumentum
3272 1552 3426 1606 hodie
3469 1552 3692 1606 descen-

436 1637 558 1692 dere
587 1653 605 1693 :
645 1638 735 1692 sed
767 1637 836 1692 ad
862 1637 970 1692 alia
994 1638 1255 1708 quadam,
1281 1655 1400 1710 qua:
1425 1640 1594 1710 magis
1621 1650 1828 1710 urgent,
1870 1642 2042 1695 oratio
2073 1651 2256 1696 nostra
2301 1643 2626 1712 provehitur,
2656 1647 2710 1700 in
2741 1645 2929 1717 quibus
2958 1661 2993 1700 α
3021 1654 3132 1700 tota
3153 1644 3308 1699 hodie
3335 1646 3546 1699 civitate
3573 1659 3699 1712 pec-

437 1739 612 1783 catur.
653 1728 762 1784 Eos
794 1729 934 1783 enim
970 1730 1061 1800 qui
1085 1731 1322 1785 encomia
1355 1728 1517 1784 Pauli
1543 1731 1731 1786 audire
1777 1733 2016 1801 cupiunt,
2046 1734 2192 1803 prius
2214 1736 2423 1788 virtutis
2453 1735 2617 1790 Pauli
2649 1740 2866 1792 aemulos
2893 1753 3005 1793 esse
3033 1745 3258 1807 oportet,
3297 1723 3346 1791 et
3377 1736 3691 1807 hujusmodi

437 1826 685 1880 concione
710 1827 915 1898 dignos.
948 1824 1048 1881 Hic
1077 1826 1227 1882 vides
1253 1825 1546 1881 conciones
1571 1834 1682 1880 tum
1717 1826 1830 1896 jam
1855 1827 2090 1892 habitas,
2120 1837 2234 1887 tum
2263 1838 2386 1898 post
2426 1829 2702 1886 habendas
2724 1832 3040 1899 memorari,
3091 1845 3322 1900 quarum
3354 1830 3608 1894 ὑπόθεσις
3637 1839 3710 1886 et.

438 1929 820 1991 argumentum
841 1929 999 1976 erant
1027 1921 1277 1977 encomia
1305 1919 1481 1975 Pauli.
1508 1919 1572 1975 Et
1614 1928 1794 1976 tamen
1819 1920 2173 1979 I‘lermantius
2204 1924 2459 1993 opinatus
2487 1933 2594 1988 est,
2651 1925 2782 1980 illud
2811 1925 2964 1982 Pauli
2987 1925 3296 1982 encomium
3359 1924 3414 1980 in
3465 1925 3697 1982 homilia

441 2012 519 2069 De
543 2011 799 2070 Kalendis
819 2022 1178 2070 memoratum
1201 2015 1390 2071 haberi
1418 2016 1472 2070 in
1509 2015 1738 2070 homilia
1770 2015 1844 2071 De
1873 2016 2134 2086 petitione
2157 2017 2391 2073 filiorum
2416 2017 2685 2084 Zebedmi,
2711 2033 2862 2074 num.
2897 2017 2951 2085 5,
2986 2018 3079 2073 ubi
3108 2018 3288 2075 obiter
3313 2016 3467 2073 Pauli
3500 2017 3700 2076 laudes

437 2105 654 2174 attingit
674 2103 1121 2178 Cbrysostomus.
1153 2105 1538 2162 Tillemoutius
1569 2121 1724 2175 vero,
1787 2107 1990 2176 rejeeta
2045 2107 2350 2164 Hermantii
2381 2109 2661 2180 opinione,
2717 2119 2871 2182 putat
2894 2110 3178 2166 homiliam
3224 2109 3281 2164 in
3308 2109 3570 2166 concione
3615 2108 3701 2168 De

436 2199 696 2258 Kalendis
729 2212 1093 2259 memoratam
1115 2218 1233 2259 eam
1256 2218 1402 2270 esse,
1425 2203 1514 2258 cui
1542 2201 1758 2269 titulus,
1789 2203 1984 2270 Quales
2008 2202 2260 2259 ducenda:
2311 2203 2418 2259 sint
2450 2219 2662 2270 uxores,
2692 2205 2783 2260 ubi
2833 2203 3036 2260 Paulus
3064 2203 3360 2260 identidem
3401 2203 3681 2260 laudatur.

436 2295 665 2364 Verum,
696 2305 757 2352 ut
777 2312 841 2352 es
870 2296 1123 2366 superius
1156 2295 1335 2352 allatis
1363 2295 1546 2350 verbis
1566 2295 1834 2366 liquidum
1857 2303 1960 2359 est,
1992 2309 2102 2350 non
2134 2296 2314 2366 agitur
2339 2296 2411 2351 ibi
2436 2297 2503 2352 de
2532 2296 2788 2353 laudibus
2811 2293 2987 2360 Pauli,
3008 2310 3146 2366 quas
3166 2293 3522 2350 concionibus
3547 2295 3693 2360 suis,

436 2391 732 2461 cujuslibet
760 2391 980 2446 tandem
1015 2391 1320 2460 argumenti
1349 2391 1478 2456 sint,
1505 2390 1708 2460 passim
1733 2389 2015 2459 obiterque
2040 2391 2314 2446 interserit
2335 2391 2786 2463 Chrysostomus,
2809 2389 2957 2461 quod
2987 2390 3288 2460 saepissime
3318 2404 3450 2445 sane
3479 2389 3698 2445 contin-

439 2487 556 2556 git;
585 2485 680 2540 sed
711 2485 779 2540 de
812 2483 1166 2540 concionibus
1215 2483 1485 2553 plurimis,
1514 2499 1748 2554 quarum
1777 2493 2159 2554 argumentum
2205 2494 2360 2540 erant
2409 2484 2657 2540 encomia
2688 2483 2842 2539 Pauli
2878 2503 2892 2539 :
2926 2485 2996 2538 ad
3020 2485 3277 2550 eamdem,
3329 2484 3527 2555 inquit,
3566 2501 3700 2540 rur-

438 2593 530 2632 sus
551 2575 862 2646 hypothesin
889 2573 1198 2629 descendere
1223 2574 1504 2642 volebam;
1537 2575 1691 2650 [475]
1723 2577 1827 2632 hoc
1847 2586 1952 2642 est,
1975 2593 2170 2634 rursus
2196 2579 2264 2633 de
2287 2578 2441 2633 Pauli
2464 2578 2717 2634 laudibus
2751 2578 3068 2635 concionari
3102 2579 3349 2635 volebam
3379 2595 3393 2631 :
3427 2594 3537 2650 quo
3557 2579 3698 2653 quid

440 2666 614 2734 aliud,
649 2680 859 2737 quaeso,
892 2664 1123 2721 indicari
1143 2665 1350 2742 possit,
1383 2681 1544 2736 quam
1581 2665 1818 2722 homiliae
1841 2667 1908 2722 de
1934 2665 2103 2722 Paulo
2126 2668 2393 2736 apostolo,
2423 2668 2490 2723 de
2511 2668 2711 2738 quibus
2743 2683 2890 2723 nunc
2914 2667 3170 2739 agimus?

514 2757 583 2814 Ut
611 2769 816 2814 certum
843 2766 930 2815 est
957 2758 1056 2814 bas
1084 2757 1376 2814 conciones
1404 2759 1709 2816 Antiochiae
1742 2759 1956 2816 habitas
1991 2759 2197 2827 fuisse;
2231 2775 2355 2814 nam
2388 2759 2442 2814 id
2495 2769 2681 2830 aperte
2721 2760 2926 2816 iudicat
2979 2760 3406 2831 Chrysostomus
3457 2755 3687 2813 homilia

446 2858 641 2921 quarta
671 2850 738 2906 de
764 2849 920 2906 Pauli
945 2850 1216 2916 laudibus,
1240 2851 1333 2906 ubi
1361 2851 1429 2907 de
1461 2853 1662 2923 templo
1682 2852 1949 2924 Apollinis
1973 2852 2028 2907 in
2055 2854 2320 2910 suburbio
2364 2853 2615 2924 Daphnes
2639 2869 2670 2909 a
2702 2853 2930 2909 fulmine
2959 2862 3102 2909 tacto
3135 2853 3297 2908 verba
3321 2851 3451 2906 facit
3481 2868 3495 2905 :
3520 2851 3594 2905 ita
3617 2848 3695 2906 do

444 2960 613 3012 anno,
639 2958 750 3014 quo
779 2944 893 3000 haec
919 2944 1279 3001 concionatus
1303 2955 1406 3013 est,
1437 2947 1574 3002 nihil
1598 2947 1680 3002 vel
1704 2957 1914 3004 certum
1939 2947 2026 3003 vel
2061 2948 2356 3004 admodum
2386 2947 2666 3019 probabile
2715 2947 2879 3005 statui
2909 2955 3102 3017 potest.
3133 2946 3191 3000 Si
3214 2951 3384 3001 staret
3433 2941 3683 2999 calculus

443 3034 796 3102 Tillemoutii,
827 3052 936 3108 quo
967 3037 1249 3094 homiliam
1276 3038 1344 3093 de
1373 3037 1632 3094 Kalendis
1662 3037 1830 3095 refert
1850 3038 1906 3093 in
1941 3053 2144 3095 annum
2172 3039 2299 3106 387,
2346 3039 2474 3095 hinc
2502 3048 2687 3095 notam
2718 3040 2846 3094 anni
2869 3053 3062 3094 eruere
3113 3037 3320 3093 liceret.
3356 3033 3589 3098 Etenim,
3626 3038 3694 3086 ut

444 3139 570 3186 ante
595 3129 855 3197 diximus,
889 3129 1113 3186 homilia
1137 3131 1226 3186 illa
1262 3129 1337 3187 De
1370 3130 1628 3186 Kalendis
1663 3141 1789 3201 post
1832 3132 2069 3203 aliquam
2094 3147 2163 3188 ex
2185 3130 2271 3186 his
2292 3144 2498 3201 septem
2529 3130 2597 3186 de
2649 3128 2818 3185 Paulo
2875 3128 3236 3185 concionibus
3283 3127 3467 3182 habita
3515 3125 3692 3181 fuisse

446 3223 682 3289 videtur,
711 3239 942 3295 eamque
964 3236 1172 3281 θεῖοι-ω
1199 3235 1384 3296 postea
1413 3225 1480 3281 de
1511 3223 1680 3280 Paulo
1709 3225 1942 3281 homilia:
1988 3226 2296 3284 subsecutae
2335 3232 2464 3280 sunt
2523 3221 2727 3279 Verum
2759 3223 2849 3278 illa
2879 3220 3211 3277 Tillemoutii
3235 3217 3564 3288 computatio
3592 3214 3681 3270 vel

443 3316 745 3384 levissimo,
773 3317 857 3372 vel
883 3317 1064 3386 potius
1099 3317 1251 3372 nullo
1282 3318 1474 3372 nititur
1501 3328 1845 3388 argumento,
1879 3326 1941 3372 ut
1977 3321 2032 3372 in
2064 3317 2268 3374 Μοιιίιο
2297 3317 2362 3372 ad
2387 3331 2507 3372 eam
2535 3314 2610 3372 De
2665 3313 2919 3370 Kalendis
2947 3312 3226 3367 homiliam
3256 3311 3542 3378 probatum
3572 3312 3681 3360 est.

447 3409 560 3466 lloc
593 3424 761 3464 unum
793 3408 1066 3478 expiscari
1098 3425 1410 3480 possumus,
1445 3426 1568 3466 cum
1595 3411 1817 3465 homilia
1846 3411 1934 3464 illa
1968 3410 2226 3467 Kalendis
2263 3410 2509 3466 Januarii
2538 3409 2722 3464 habita
2747 3407 2927 3469 fuerit,
2959 3422 3024 3460 ex
3048 3403 3407 3460 concionibus
3457 3401 3514 3454 in
3543 3398 3695 3453 Pau-

445 3503 561 3556 lum
596 3515 712 3562 eas,
737 3514 859 3569 quae
888 3499 1167 3553 homiliam
1199 3501 1267 3554 de
1288 3499 1543 3554 Kalendis
1568 3515 1914 3570 praecessere,
1940 3512 2064 3556 ante
2093 3498 2411 3556 Januarium
2436 3517 2451 3567 ;
2485 3515 2580 3554 eas
2600 3514 2729 3555 vero
2769 3513 2891 3566 quas
2920 3497 3224 3553 subsecutae
3259 3499 3411 3558 sunt,
3442 3501 3564 3561 post
3590 3489 3704 3545 Ka-

447 3590 639 3646 lendas
667 3587 913 3644 Januarii
937 3590 1111 3645 dietas
1139 3587 1330 3644 fuisse.

459 3727 462 3730 .
521 3679 712 3736 Restat
740 3688 801 3734 ut
826 3679 893 3735 de
919 3679 1153 3742 Aniano,
1185 3681 1300 3735 sive
1325 3679 1594 3743 Anniana,
1633 3679 1724 3750 qui
1765 3679 2017 3736 homilias
2047 3682 2210 3738 hasce
2251 3681 2441 3737 Latine
2473 3681 2864 3750 interpretatus
2903 3686 3008 3740 est,
3040 3689 3211 3746 pauca
3233 3673 3504 3728 dicamus.
3530 3668 3696 3728 Hunc

449 3787 572 3829 esse
603 3770 956 3827 Celedensem
987 3769 1138 3824 illum
1163 3772 1454 3826 diaconum
1477 3769 1852 3840 Pelagianam,
1885 3772 1977 3842 qui
2007 3772 2389 3842 Diospolitanae
2415 3769 2623 3841 synodo
2667 3765 2935 3833 interfuit,
2959 3765 3239 3833 librosque
3259 3777 3359 3832 pro
3390 3761 3689 3817 asserenda

450 3863 738 3932 Pelagiana
757 3861 952 3917 haeresi
979 3863 1224 3932 scripsit,
1253 3861 1477 3915 minime
1515 3861 1854 3926 dubitamus,
1885 3864 2031 3932 quod
2083 3862 2385 3917 luculenter
2412 3859 2661 3930 probavit
2697 3856 2938 3912 Joannes
2979 3853 3298 3918 Garnerius,
3352 3851 3577 3907 Dissert.
3638 3853 3699 3917 1,

452 3965 575 4026 post
593 3953 824 4009 Marium
855 3953 1230 4020 Mercatorem,
1257 3968 1379 4023 cap.
1404 3953 1458 4008 7.
1492 3953 1597 4008 Pro
1627 3955 1726 4008 hac
1751 3955 1951 4024 quippe
1974 3955 2231 4024 opinione
2262 3961 2507 4024 pugnant
2527 3951 2856 4006 documenta
2885 3948 3069 4004 omnia
3101 3965 3117 4002 :
3151 3945 3406 4001 nimirum
3435 3943 3690 4015 epistola,

452 4062 618 4116 quam
647 4046 992 4117 subjicimus,
1025 4044 1094 4100 ad
1127 4044 1457 4116 Evangelum
1487 4045 1660 4110 illum,
1695 4047 1998 4116 Pelagiana:
2022 4056 2182 4103 sectae
2214 4045 2629 4116 presbyterum;
2665 4043 2830 4097 altera
2863 4042 2990 4097 item
3021 4039 3249 4110 epistola
3275 4038 3394 4108 ejus
3425 4036 3494 4092 ad
3519 4035 3703 4108 oron-

451 4141 588 4196 tium
613 4141 953 4211 episcopum,
982 4139 1272 4212 Pelagiano
1293 4142 1466 4197 errori
1492 4142 1790 4206 addictum,
1816 4156 1988 4210 eaque
2017 4141 2084 4195 de
2115 4155 2279 4195 causa
2309 4149 2364 4194 et
2393 4138 2522 4194 sede
2549 4138 2790 4208 pulsum,
2822 4150 2943 4206 quae
2965 4133 3192 4204 epistola
3221 4130 3362 4187 infra
3397 4128 3699 4183 Commen-

451 4232 594 4286 tario
629 4229 687 4285 S.
719 4229 945 4287 Joannis
971 4230 1353 4303 Chrysostomi
1413 4233 1466 4287 in
1501 4231 1811 4287 Matthazum
1841 4231 2159 4302 praetigitur,
2193 4231 2320 4300 quia
2349 4237 2474 4285 octo
2505 4227 2715 4298 priores
2742 4225 2988 4296 ejusdem
3039 4218 3703 4279 Commentariibomilian

453 4324 525 4379 ab
553 4323 671 4392 ipso
701 4323 920 4378 Aniano
952 4322 1144 4379 Latine
1171 4339 1451 4380 conversze
1485 4336 1632 4391 sunt,
1661 4333 1720 4379 ut
1748 4324 1802 4378 in
1832 4324 2020 4378 eadem
2053 4323 2296 4392 Epistola
2347 4321 2564 4376 dicitur.
2603 4319 2740 4374 Hinc
2776 4319 2966 4373 odiosa
3012 4315 3437 4370 Manichaeorum
3484 4310 3702 4364 Tradu-

453 4415 848 4484 eianorumque
873 4416 1114 4480 nomina,
1147 4417 1346 4486 quibus
1381 4416 1441 4471 S.
1472 4416 1858 4486 Augustinum,
1920 4415 2021 4470 etsi
2061 4431 2170 4470 non
2205 4415 2472 4478 nominet,
2509 4424 2562 4467 et
2591 4410 2900 4467 Catholicos
2935 4408 3122 4480 gratia:
3151 4405 3353 4462 Christi
3383 4403 3708 4459 defensores

453 4503 710 4574 appellat.
740 4504 984 4575 Denique
1007 4520 1071 4558 ex
1107 4505 1240 4574 ipsis
1267 4505 1504 4558 Anniani
1528 4506 1732 4569 verbis,
1761 4521 1887 4559 eum
1933 4505 2033 4560 has
2062 4504 2354 4558 conciones
2384 4502 2576 4557 Latine
2607 4501 2728 4556 ideo
2759 4498 3102 4555 transtulisse
3123 4496 3390 4566 arguitur,
3413 4493 3558 4564 quod
3591 4507 3698 4561 nu-

454 4603 598 4651 taret
625 4594 917 4666 Pelagiano
952 4595 1153 4650 tuendo
1175 4594 1350 4649 errori
1386 4602 1743 4664 opportunas.
1776 4613 1794 4646 ι
1821 4594 1975 4660 Quod
2011 4593 2234 4663 quidem
2295 4607 2454 4661 opus,
2485 4591 2682 4661 inquit,
2713 4604 2779 4644 eo
2805 4604 2926 4644 esse
2951 4589 3091 4658 apud
3115 4596 3165 4642 te
3200 4586 3488 4640 amabilius
3539 4584 3707 4638 debet

451 4698 508 4744 et
535 4687 767 4758 gratius,
797 4686 943 4756 quod
972 4685 1038 4740 de
1067 4693 1381 4740 sanctarum
1411 4683 1818 4754 Scripturarum
1851 4687 1969 4740 luce
2003 4686 2254 4750 rutilans,
2287 4683 2582 4740 clarissimi
2617 4682 2813 4738 sideris
2842 4682 2960 4736 vice
2993 4690 3206 4735 noctem
3231 4677 3512 4732 Manicbzei
3538 4693 3699 4732 erro-

454 4782 532 4838 ris
566 4781 824 4851 exagitat.
859 4781 1134 4846 Quantum
1161 4794 1291 4832 vero
1322 4778 1481 4833 nobis
1510 4779 1902 4833 consolationis
1929 4779 2192 4846 exoritur,
2219 4794 2340 4833 cum
2366 4777 2640 4833 cernimus
2674 4785 2781 4828 tam
2800 4774 3014 4829 erudito
3037 4782 3254 4840 tamque
3284 4770 3479 4826 illustri
3506 4767 3706 4824 Orion.

452 4875 525 4930 tis
559 4873 819 4942 magistro
840 4888 981 4937 eam,
1017 4887 1181 4942 quam
1211 4870 1264 4924 in
1294 4870 1449 4925 nobis
1478 4870 1850 4925 Tradncianus
1881 4881 2177 4940 oppugnat,
2202 4869 2374 4925 astrui
2406 4869 2707 4932 veritatem,
2735 4881 2898 4936 quam
2922 4873 3068 4919 certe
3084 4863 3272 4918 beatus
3288 4861 3544 4924 Joannes,
3573 4869 3629 4913 ut
3651 4860 3707 4914 in

452 4968 712 5025 omnibus
735 4966 889 5022 libris
903 4967 1132 5028 suis,ita
1161 4965 1250 5019 hic
1275 4979 1493 5035 quoque
1528 4965 1596 5019 ab
1622 4965 1770 5018 omni
1802 4966 2066 5018 munitam
2101 4966 2266 5019 latere
2291 4964 2546 5028 custodit,
2571 4969 2770 5028 armat,
2798 4959 3072 5024 accendit,
3103 4967 3160 5012 ut
3183 4959 3427 5012 videatur
3454 4973 3559 5010 non
3592 4968 3704 5010 tam

449 5072 752 5135 praesentes
781 5061 1106 5116 informasse
1129 5059 1444 5128 discipulos,
1462 5075 1624 5129 quam
1660 5043 1818 5114 n'obis
1841 5067 2030 5111 contra
2052 5073 2191 5112 vera:
2218 5058 2336 5111 fidei
2369 5055 2823 5126 oppugnationem
2851 5053 3050 5106 auxilia
3080 5063 3427 5121 praeparasse.
3455 5047 3706 5113 Quantus

454 5159 602 5213 enim
629 5157 721 5213 illc
755 5155 1015 5210 adversus
1042 5153 1449 5218 necessitatem,
1473 5161 1710 5221 quantus
1732 5167 1828 5221 pro
1869 5152 2040 5205 libero
2082 5152 2254 5221 surgit
2288 5151 2550 5217 arbitrio;
2582 5164 2744 5219 quam
2801 5157 3117 5202 nostrorum
3148 5145 3298 5199 libris
3329 5143 3530 5211 ubique
3561 5157 3696 5195 con-

456 5252 667 5315 cinens,
692 5245 988 5302 voluntatis
1013 5244 1138 5313 jure
1171 5253 1388 5303 servato
1431 5242 1628 5296 divinae
1661 5242 1847 5310 gratiae
1882 5241 2133 5310 praesidia
2181 5240 2592 5296 commendat...
2651 5237 2836 5292 Primo
2883 5238 3101 5291 beatum
3153 5233 3378 5287 Paulum
3415 5233 3595 5286 libello
3643 5243 3700 5288 ct

458 5345 714 5402 omnibus
737 5339 1071 5412 praeferendo
1100 5336 1324 5400 sanetis,
1353 5346 1402 5390 et
1439 5335 1642 5404 angelis
1693 5334 2045 5390 conferendo.
2081 5333 2352 5401 Secundo,
2382 5350 2446 5389 ex
2479 5333 2772 5388 virtutibus
2814 5333 2932 5402 ejus
2981 5344 3143 5400 atque
3173 5329 3456 5384 sententiis
3488 5328 3691 5381 bonum

462 5433 751 5492 asserendo
779 5441 1008 5493 naturre,
1043 5438 1145 5483 etc.
1182 5447 1200 5480 ι
1240 5425 1372 5492 Quae
1393 5441 1523 5480 sane
1556 5425 1738 5488 verba,
1784 5425 1886 5479 etsi
1918 5423 2265 5493 Pelagianam
2304 5426 2450 5479 circa
2476 5424 2790 5478 interiorem
2818 5423 3018 5478 Christi
3054 5421 3280 5492 gratiam
3305 5433 3550 5472 errorem
3586 5435 3696 5472 non

464 5536 645 5596 aperte
669 5541 778 5595 pra:
808 5538 867 5579 se
896 5521 1072 5577 ferant
1099 5518 1367 5589 (solebant
1396 5516 1593 5586 quippe
1622 5515 1895 5585 Pelagiani
1946 5516 2139 5570 callide
2180 5514 2487 5586 fucatisque
2545 5515 2724 5570 verbis
2761 5515 2910 5568 virus
2949 5513 3172 5567 lneres'ts
3229 5526 3342 5566 sua:
3386 5509 3683 5581 obtegere),

461 5627 693 5671 attamen
725 5613 866 5683 quod
893 5612 967 5666 illi
999 5619 1186 5665 contra
1221 5606 1583 5677 Augustinum
1613 5614 1667 5660 ct
1693 5604 2002 5662 Catholicos
2034 5615 2292 5675 perpetuo
2320 5606 2638 5661 occincbant
2665 5620 2889 5674 :ncmpe
2919 5604 3041 5658 illos
3071 5603 3446 5658 necessitatem
3502 5599 3704 5659 inferre
