3908 6300
186 405 315 463 471⁹
1230 401 1319 457 DE
1354 398 1699 458 LAUDIBUS

1887 398 2033 458 λυιι
2069 400 2425 458 APOSTOLI.
3303 406 3430 462 ιη’

190 519 478 584 voluntati,
513 526 568 573 et
602 517 829 573 liberum
860 514 1144 570 arbitrium
1173 516 1380 581 tollere,
1413 514 1501 570 hic
1530 530 1851 584 expressum
1890 514 2178 584 videmus;
2228 517 2301 573 ita
2356 525 2416 571 ut
2446 516 2579 571 nihil
2611 516 2787 573 subsit
2809 517 2981 583 dubii,
3039 516 3168 587 quin
3198 518 3285 575 hic
3316 522 3429 590 ipse

185 616 253 670 sit
281 614 531 668 Anianus
558 613 653 683 qui
683 627 783 682 pro
809 610 1097 680 Pelagiana
1128 609 1321 665 haeresi
1355 610 1495 663 inter
1514 608 1882 679 primipilares
1912 610 2224 665 dimicabat.
2292 624 2293 627 ‘

261 706 639 776 lnterpretatio
659 706 778 776 ejus
806 703 1018 769 Latina,
1045 718 1209 773 quam
1239 703 1474 767 edimus,
1498 718 1599 758 nec
1625 703 1899 773 inelegans
1921 713 2026 769 est,
2061 719 2162 759 nec
2188 704 2537 761 accuratlone
2557 714 2709 761 caret
2741 724 2757 761 :
2788 705 3064 775 fateorque
3092 722 3181 762 me
3203 707 3256 761 in
3291 722 3428 777 pan-

184 815 279 855 cos
307 798 503 869 priscae
527 797 674 853 illius
702 796 992 852 vetustatis
1026 797 1345 866 interpretes
1374 794 1632 850 incidisse
1664 795 1757 863 qui
1785 794 2100 863 diligentius
2120 804 2414 851 verterent.
2439 795 2497 850 ln
2533 798 2809 853 nonnullis
2832 806 3011 853 tamen
3042 798 3176 853 locis
3204 814 3427 854 sensum

185 906 292 946 non
326 900 413 945 est
438 898 725 945 assecutus
757 889 1036 956 Anianus;
1072 892 1214 961 quod
1273 892 1364 946 ubi
1395 893 1610 955 accidit,
1664 892 1714 946 in
1748 892 2011 963 margine,
2058 908 2184 946 vera
2220 893 2516 947 substituta
2547 894 3015 963 interpretatione,
3042 909 3264 949 monere
3317 908 3427 949 non

184 981 418 1052 neglexi.
450 980 638 1052 Neque
666 982 879 1052 uspiam
907 982 1238 1055 deprehendi
1271 984 1448 1054 illum,
1473 995 1532 1040 ut
1558 983 1863 1057 Pelagiana:
1921 984 2128 1041 faveret
2150 984 2365 1054 ltzeresi,
2401 1000 2625 1042 sensum
2668 986 2778 1041 alio
2805 984 3123 1042 detorsisse.
3155 983 3284 1056 Ejus
3315 985 3429 1055 epi-

184 1080 377 1136 stolam
412 1079 502 1136 hic
530 1078 937 1150 subjungimus.

1796 1155 1841 1169 τσο.

953 1550 1242 1613 DOMINO
1297 1551 1582 1613 SANCTO
1628 1549 2094 1623 EVANGELIO,
2135 1548 2657 1623 PRESBYTERO,

1498 1669 1773 1717 ANIANUS
1812 1669 2117 1715 SALUTEM.

245 1799 473 1860 Recenti
495 1804 867 1875 experimento
889 1803 1074 1872 didici,
1110 1818 1274 1873 quam
1309 1803 1417 1861 sint
1446 1803 1599 1859 utilia
1644 1801 2071 1873 obsequentibus
2108 1800 2337 1870 imperia
2365 1799 2658 1864 bonorum,
2696 1799 2788 1870 qui
2822 1800 3053 1855 rectiore
3076 1799 3312 1870 quadam
3340 1800 3428 1855 in-

171 1901 482 1970 gredientes
503 1901 855 1971 benignitatis
882 1901 988 1967 via,
1019 1900 1282 1957 beneﬁcia
1305 1900 1561 1956 deferunt
1606 1900 1709 1955 sub
1736 1897 1917 1969 specie
1942 1897 2231 1967 jussionis.
2267 1895 2406 1962 Quid
2432 1897 2576 1951 enim
2609 1896 2739 1951 mihi
2766 1896 3088 1967 jucundius,
3125 1897 3253 1967 quid
3302 1896 3431 1950 fru—

171 1992 425 2047 etuosius
459 1994 728 2063 imperare
757 1994 1004 2064 potuisti,
1030 2009 1195 2064 quam
1224 2002 1285 2048 ut
1315 2009 1379 2048 ex
1405 1994 1547 2048 beati
1570 1992 1674 2047 viri
1713 1993 1888 2047 sancti
1915 1990 2144 2047 Joannis
2167 1991 2421 2060 operibus
2448 1991 2502 2044 in
2528 1999 2768 2045 nostram
2798 1990 3035 2060 linguam
3073 1990 3224 2063 [478]
3247 1992 3429 2060 aliqua

172 2082 556 2147 transferrem,
600 2085 652 2139 id
688 2094 792 2151 est,
828 2083 920 2140 νιι
950 2085 1194 2156 ejusdem
1220 2085 1455 2153 libellos,
1513 2084 1716 2154 quibus
1768 2098 1933 2151 super
1979 2081 2132 2136 Pauli
2185 2080 2421 2151 apostoli
2456 2081 2710 2135 laudibus
2740 2081 2794 2135 in
2834 2079 3077 2135 Ecclesia
3132 2081 3429 2150 aliquando

168 2175 475 2231 disseruit?
513 2175 569 2230 ln
599 2192 707 2247 quo
736 2178 891 2243 mihi,
921 2182 1026 2233 etsi
1050 2179 1103 2232 in
1138 2192 1392 2234 sermone
1421 2177 1710 2248 peregrino
1757 2175 2049 2230 admodum
2092 2174 2237 2239 rudi,
2272 2174 2395 2242 plus
2429 2175 2610 2228 evcnit
2658 2181 2841 2226 tamen
2866 2172 3159 2242 voluptatis
3187 2181 3239 2227 et
3272 2188 3427 2226 com-

172 2266 351 2329 modi,
377 2280 544 2336 quam
579 2267 804 2324 laboris.
839 2269 1095 2325 Secutum
1118 2278 1204 2325 est
1231 2268 1377 2325 enim
1403 2277 1465 2323 ut
1495 2282 1643 2332 cum,
1687 2266 1817 2321 dum
1850 2266 1948 2320 tibi
1985 2274 2195 2321 vertere
2224 2278 2397 2320 conor
2426 2279 2457 2317 e
2484 2262 2694 2326 Graeco,
2720 2263 2964 2334 pressius
3004 2262 3119 2332 ipse
3143 2264 3422 2318 combibe-

169 2374 318 2425 rem,
346 2359 676 2431 pleniusque
702 2370 810 2415 tam
841 2361 1074 2433 insignis
1095 2362 1357 2418 doctrina:
1382 2362 1615 2419 veritate
1642 2360 1977 2432 perfruerer,
2004 2360 2248 2414 maxime
2269 2373 2395 2413 cum
2420 2357 2623 2426 ubique
2637 2356 2788 2411 dives
2807 2357 3083 2427 ingenium
3117 2358 3170 2411 in
3193 2359 3425 2413 materia

165 2452 535 2522 locupletiore.
592 2465 863 2510 versetur.
890 2455 1091 2512 Beatus
1110 2456 1257 2513 enim
1292 2456 1381 2512 hic
1413 2455 1615 2512 Paulus
1663 2455 2010 2526 exprimitur,
2042 2469 2152 2509 non
2184 2452 2380 2507 fucata:
2410 2450 2646 2521 alicujus
2678 2451 2854 2507 laudis
2884 2451 3241 2506 adumbratus
3277 2452 3430 2506 colo-

168 2546 352 2611 ribus,
394 2547 491 2602 sed
526 2548 825 2604 inviolabili
852 2551 1111 2605 virtutum
1139 2566 1365 2607 suarum
1398 2551 1625 2607 veritate
1645 2550 1933 2613 formatus,
1965 2564 2128 2620 quem
2162 2557 2271 2603 tam
2309 2548 2517 2618 integre
2551 2547 2772 2618 ubique,
2804 2556 2916 2602 tam
2958 2547 3150 2614 solide,
3174 2561 3324 2602 nunc
3351 2562 3419 2601 ex

166 2630 552 2707 mag‘nitudine
586 2654 836 2710 operum,
861 2658 1009 2696 nunc
1032 2658 1099 2699 ex
1122 2642 1555 2711 _illuminatione
1583 2642 1879 2708 dictorum,
1913 2641 2078 2696 modo
2105 2655 2170 2698 ex
2206 2640 2439 2696 consilio
2462 2640 2639 2705 vario,
2676 2640 2838 2695 modo
2859 2655 2924 2694 ex
2956 2639 3427 2709 dispensationum

163 2728 476 2797 profundo,
506 2739 622 2786 tum
665 2747 731 2787 ex
764 2733 1054 2789 tolerantia
1077 2736 1420 2804 passionum.
1451 2744 1566 2791 tum
1590 2750 1657 2791 ex
1678 2733 1927 2790 claritate
1946 2734 2228 2804 signorum
2254 2732 2489 2787 eximius
2515 2731 2767 2787 laudator
2788 2731 3049 2798 asseruit,
3079 2740 3137 2786 ut
3160 2746 3284 2786 eum
3315 2746 3424 2785 non

162 2819 495 2888 depinxisse
522 2823 718 2887 solum,
754 2839 945 2879 verum
982 2826 1140 2896 quasi
1178 2826 1246 2882 ad
1285 2826 1636 2897 praebendum
1685 2842 1879 2882 rursus
1905 2825 2254 2897 perfectionis
2272 2826 2585 2894 exemplum
2618 2824 2979 2880 resuscitasse
3008 2824 3416 2894 quodammodo

161 2912 441 2969 videatur.
473 2914 610 2971 Nam
639 2932 762 2973 cum
786 2919 856 2973 ab
890 2921 1014 2975 aliis
1044 2928 1362 2975 caeterorum
1393 2919 1588 2975 merita
1615 2920 1925 2984 laudantur,
1973 2919 2234 2975 usitatum
2283 2918 2543 2989 quiddam
2576 2918 2715 2973 solet
2745 2925 2906 2986 atque
2936 2916 3075 2971 exile
3130 2932 3415 2981 resonare,

160 3013 225 3059 et
257 3005 410 3062 velut
439 3006 496 3062 in
519 3009 811 3079 superficie
838 3012 1283 3082 circumvagante
1315 3026 1591 3077 sermone,
1624 3012 1855 3067 virtutes
1884 3011 2016 3081 ipsae
2042 3010 2359 3066 nominibus
2388 3009 2560 3079 magis
2589 3008 2705 3064 suis
2736 3009 2803 3062 ad
2842 3008 3424 3064 commemorationem

161 3098 429 3154 videntur
460 3102 668 3164 venire,
701 3117 866 3172 quam
896 3103 1080 3158 rebus.
1106 3102 1309 3159 Beatus
1336 3118 1467 3158 vero
1494 3100 1735 3159 Joannes
1764 3101 2002 3157 Paulum
2042 3101 2209 3156 altius
2235 3100 2520 3166 intuendo,
2556 3097 2902 3167 dilucidcque
2931 3100 2986 3153 in
3018 3100 3257 3154 medium
3289 3116 3417 3169 pro-

164 3184 421 3257 ferendo,
458 3190 606 3260 ipsas
627 3192 763 3247 mihi
790 3193 1003 3249 videtur
1037 3194 1347 3264 inspexisse
1377 3209 1544 3250 venas
1576 3209 1642 3250 ac
1688 3193 1955 3250 medullas
1989 3191 2327 3262 expressisse
2356 3191 2639 3261 virtutum.
2693 3187 2825 3254 Quae
2854 3188 2928 3242 ita
2985 3204 3176 3243 omnes
3233 3189 3288 3242 in
3319 3188 3423 3243 ista

162 3276 487 3336 laudatione
510 3280 718 3349 vivunt,
748 3293 803 3337 et
831 3283 906 3338 ita
943 3283 1171 3339 floribus
1200 3284 1317 3340 suis
1344 3283 1673 3339 decorantur
1703 3291 1758 3339 et
1784 3281 2075 3348 fructibus,
2104 3290 2162 3335 ut
2193 3296 2288 3336 eas
2318 3294 2486 3350 prope
2514 3295 2625 3333 non
2657 3279 2843 3333 minus
2877 3277 2945 3333 ab
2985 3278 3087 3332 hoc
3114 3278 3425 3333 sublimiter

161 3374 488 3442 explicatas,
514 3392 679 3447 quam
703 3379 773 3433 ab
798 3379 1055 3449 apostolo
1074 3377 1314 3435 fortasse
1334 3380 1618 3439 miremur.
1654 3376 1812 3445 Quod
1866 3377 2086 3447 quidem
2112 3392 2250 3447 opus
2283 3392 2349 3432 eo
2375 3391 2499 3431 esse
2548 3376 2691 3446 apud
2738 3384 2790 3431 te
2822 3374 3111 3430 amabilius
3167 3374 3328 3445 debet
3364 3384 3423 3430 et

162 3466 401 3536 gratius,
438 3472 586 3537 quod
615 3471 683 3525 de
714 3479 1029 3526 sanctarum
1053 3470 1459 3541 Scripturarum
1486 3471 1606 3526 luce
1632 3470 1887 3534 rutilans,
1925 3469 2217 3524 clarissimi
2247 3468 2446 3525 sideris
2478 3469 2615 3535 vice,
2647 3478 2863 3523 noctem
2895 3467 3178 3522 Manichaei
3210 3469 3423 3525 erroris

168 3559 432 3630 exagitat.
458 3560 736 3627 Quantum
758 3577 891 3618 vero
923 3564 1079 3619 nobis
1107 3565 1502 3620 consolationis
1523 3564 1787 3627 exoritur,
1822 3577 1947 3617 cum
1976 3562 2276 3629 cernimus,
2309 3569 2419 3616 tam
2453 3562 2671 3618 erudito
2704 3570 2927 3633 tamque
2951 3562 3151 3617 illustri
3183 3561 3422 3618 Orientis

168 3652 463 3722 magistro,
499 3667 643 3719 eam,
679 3668 844 3724 quam
867 3653 923 3709 in
946 3656 1108 3710 nobis
1143 3654 1521 3712 Traducianus
1559 3663 1857 3727 oppugnat,
1910 3655 2084 3711 astrui
2127 3654 2438 3719 veritatem,
2466 3669 2631 3724 quam
2658 3666 2807 3709 certe
2838 3656 3033 3711 beatus
3061 3653 3323 3725 Joannes,
3359 3671 3419 3715 ut

169 3745 230 3798 in
264 3744 528 3801 omnibus
562 3744 719 3800 libris
748 3745 884 3811 suis,
928 3746 1003 3801 ita
1036 3746 1123 3802 hic
1153 3763 1372 3819 quoque
1391 3749 1459 3804 ab
1490 3749 1641 3804 omni
1677 3749 1946 3803 munitam
2002 3749 2171 3802 latere
2195 3745 2453 3811 custodit,
2501 3755 2700 3814 armat,
2749 3748 3021 3818 accendit,
3056 3759 3115 3805 ut
3170 3751 3421 3807 videatur

164 3853 277 3891 non
316 3845 430 3890 tam
461 3845 760 3906 praesentes
792 3837 1121 3895 informasse
1152 3840 1473 3911 discipulos,
1514 3856 1679 3911 quam
1710 3839 1872 3895 nobis
1901 3846 2093 3894 contra
2135 3853 2279 3895 vera:
2307 3838 2433 3894 fidei
2466 3839 2925 3909 oppugnationem
2960 3841 3162 3895 auxilia
3207 3857 3418 3912 praepa-

162 3942 341 3985 rasse.
376 3926 630 3995 Quantus
659 3930 805 3983 enim
835 3929 924 3985 ille
946 3931 1209 3988 adversus
1242 3934 1644 3997 necessitatem,
1669 3941 1909 4002 quantus
1941 3946 2040 4000 pro
2060 3930 2232 3986 libero
2264 3930 2441 4002 surgit
2463 3930 2715 3999 arbitrio,
2741 3946 2906 4002 quam
2926 3941 3236 3987 nostrorum
3263 3935 3421 4003 libris

165 4021 374 4092 ubique
401 4022 723 4087 concinens,
756 4024 1053 4082 voluntatis
1079 4024 1205 4095 jure
1229 4035 1444 4082 servato
1465 4026 1663 4082 divinae
1683 4026 1873 4096 gratiae
1896 4025 2151 4096 praesidia
2177 4025 2543 4089 commendat,
2574 4041 2737 4095 quam
2773 4036 2963 4080 contra
2990 4026 3231 4081 omnium
3256 4026 3418 4080 vitio-

163 4130 290 4169 rum
328 4116 605 4181 tenebras,
637 4132 799 4187 quam
824 4134 923 4190 pro
950 4132 1275 4177 cunctarum
1310 4124 1536 4193 speculo
1585 4123 1852 4177 virtutum
1904 4119 2411 4191 splendidissimum
2461 4135 2559 4175 vas
2587 4120 2871 4175 electionis
2916 4121 3172 4191 opponit!
3231 4121 3418 4176 Primo

163 4204 383 4261 beatum
408 4206 642 4263 Paulum
674 4210 857 4268 libello
894 4221 949 4271 et
982 4214 1237 4270 omnibus
1266 4216 1605 4285 praeferendo
1627 4214 1858 4282 sanctis,
1886 4222 1944 4269 et
1969 4213 2178 4284 angelis
2199 4212 2555 4268 conferendo.
2586 4212 2859 4278 Secundo,
2886 4229 2954 4269 ex
2986 4204 3274 4270 virtutibus
3295 4215 3417 4284 ejus

162 4304 330 4365 atque
365 4298 655 4354 sententiis
683 4300 886 4357 bonum
915 4305 1212 4361 asserenda
1234 4314 1461 4360 naturae.
1496 4304 1708 4373 Tertio,
1753 4306 2075 4360 charitatem
2102 4305 2223 4377 ejus
2251 4318 2350 4374 pro
2377 4312 2700 4360 cunctorum
2756 4304 2934 4359 salute
2955 4303 3415 4361 ferventissimam

161 4390 604 4459 comprobanda.
640 4392 849 4459 Quarto
878 4398 943 4452 de
973 4399 1257 4454 vocatione
1283 4400 1403 4468 ejus
1424 4408 1480 4455 et
1530 4400 1849 4456 confirmata
1880 4399 2082 4469 ubique
2107 4398 2179 4454 ab
2209 4399 2328 4468 ipso
2353 4397 2629 4469 Evangelii
2656 4399 2883 4456 veritate
2909 4400 3159 4456 dicendo.
3190 4399 3412 4467 Quinto,

161 4482 228 4536 de
252 4483 610 4552 passionibus
640 4486 756 4556 ejus
781 4497 835 4543 et
861 4489 1330 4559 dispensationum
1360 4491 1715 4547 varietatibus
1759 4491 2097 4546 disserendo.
2145 4488 2332 4557 Sexto,
2363 4492 2628 4547 solvendo
2658 4507 2849 4559 omnes
2905 4493 3024 4548 illas
3058 4492 3412 4562 quzestiones,

160 4578 366 4647 quibus
397 4578 778 4639 Traducianus
800 4584 1059 4652 innitens,
1088 4586 1306 4642 beatum
1332 4586 1561 4641 Paulum
1592 4587 1848 4642 vitiorum
1873 4586 2257 4643 obfuscatione
2280 4568 2669 4655 coinmaculat,
2697 4597 2756 4642 ut
2783 4589 2995 4644 scilicet
3022 4589 3271 4644 fidelibus
3296 4588 3415 4644 suis

163 4672 469 4741 apostolico
494 4674 746 4743 exemplo
796 4686 1017 4745 peccata
1046 4679 1317 4734 conciliet.
1357 4678 1623 4749 Septimo,
1663 4680 1843 4751 ignem
1875 4680 1979 4735 zeli
2008 4680 2129 4750 ejus
2160 4679 2214 4734 in
2244 4678 2467 4735 Christo
2495 4686 2549 4733 et
2569 4688 2696 4734 ante
2726 4679 2986 4735 honorem
3014 4696 3234 4751 quoque
3277 4696 3412 4750 apo-

160 4765 403 4820 stolatus
435 4763 709 4822 fervorem
738 4766 969 4822 docendi
1002 4783 1167 4838 supra
1216 4780 1443 4827 caeteros
1477 4772 1772 4837 efferendo,
1803 4780 1866 4827 ut
1894 4773 2030 4828 satis
2092 4772 2301 4842 liquido
2354 4772 2561 4827 clareat
2609 4773 2933 4829 exstinctam
2990 4788 3111 4829 esse
3146 4776 3409 4843 peccandi

165 4857 576 4921 necessitatem,
604 4873 770 4928 quam
801 4863 1067 4917 adversus
1097 4862 1427 4919 Manichaeos
1468 4874 1523 4919 et
1578 4865 1829 4921 doctrina
1868 4865 2103 4936 apostoli
2130 4865 2479 4935 deprmliatur
2526 4874 2580 4919 et
2600 4865 2731 4920 vita.
2785 4863 2987 4919 Verum
3048 4880 3151 4921 nos
3196 4867 3253 4922 in
3298 4877 3409 4922 tam

158 4951 363 5021 egregii
390 4952 842 5023 interpretatione
868 4957 1067 5026 operis,
1096 4958 1199 5013 etsi
1229 4959 1366 5013 nihil
1400 4968 1460 5015 ut
1496 4970 1630 5030 puto
1661 4961 1730 5016 de
1759 4976 2019 5031 sensuum
2052 4962 2298 5027 veritate,
2328 4976 2436 5021 non
2468 4969 2648 5015 tamen
2679 4977 2871 5031 parum
2904 4962 2970 5017 de
3001 4962 3205 5032 eloquii
3238 4978 3411 5018 venu-

160 5053 302 5098 state
325 5044 689 5113 perdidimus,
726 5048 1070 5117 splendorem
1111 5059 1220 5106 tam
1254 5053 1457 5109 nobilis
1482 5053 1607 5124 styli
1658 5062 1713 5107 et
1743 5052 2119 5109 elocutionum
2142 5053 2372 5121 gratiam
2408 5054 2712 5124 exprimere
2745 5070 2856 5109 non
2895 5055 3136 5111 valentes
3170 5073 3183 5108 :
3214 5055 3307 5110 sed
3340 5070 3409 5109 ne

158 5135 240 5188 sic
265 5136 490 5205 quidem
522 5146 574 5192 te
604 5138 749 5193 istud
782 5139 1083 5209 imperasse
1109 5144 1389 5212 poeniteat.
1426 5142 1612 5214 Neque
1639 5144 1786 5199 enim
1815 5145 2113 5200 verendum
2144 5145 2239 5199 tibi
2286 5152 2371 5199 est
2410 5160 2481 5200 ne
2525 5144 2666 5200 forte
2710 5146 3004 5216 asperitate
3034 5145 3408 5201 translationis

164 5225 432 5291 offensus,
482 5229 737 5288 lectionis
772 5233 936 5304 hujus
967 5249 1157 5290 careas
1210 5236 1506 5306 voluptate,
1563 5251 1687 5291 cum
1721 5236 1987 5308 quidquid
2031 5237 2190 5292 nobis
2237 5251 2303 5292 ex
2334 5236 2483 5292 cultu
2522 5236 2696 5292 defuit
2726 5246 3031 5306 ornatuque
3086 5236 3398 5303 verborum,

162 5322 214 5375 id
276 5332 457 5379 totum
523 5326 695 5390 illius,
730 5344 890 5397 quem
927 5330 1327 5396 transtulimus,
1392 5330 1681 5402 magnifica
1718 5333 1938 5387 inventa
1987 5342 2364 5402 compensent.
2418 5332 2516 5389 Est
2544 5334 2691 5389 cnim
2731 5342 2955 5388 sanctus
3002 5330 3239 5387 Joannes
3293 5340 3403 5386 tam

157 5420 338 5473 clarus
363 5426 518 5474 totus
552 5436 617 5476 ac
646 5419 906 5492 fulgidus,
942 5432 1003 5479 ut
1032 5422 1191 5480 facile
1223 5425 1401 5493 possit,
1427 5425 1823 5483 sententiarum
1848 5438 2079 5481 suarum
2111 5425 2317 5483 lumine
2345 5426 2509 5483 etiam
2543 5427 2684 5483 inter
2717 5425 2890 5483 nostri
2921 5424 3194 5481 sermonis
3216 5424 3404 5481 nubila

155 5528 247 5575 001⁵
249 5530 472 5572 uscare.

1623 5659 1941 5672 *ψη-ι.-
