3892 6294
1160 387 1217 443 S.
1256 384 1539 442 JOANNIS
1577 373 2068 438 CllliYSOSTOMI

2188 370 2423 424 lCHlEP.
2464 368 2998 426 CONSTANTINOP

487 606 3716 647 Mm

1520 943 1629 997 E12
1665 941 1802 998 TON
1849 941 2056 995 APION
2095 940 2508 995 ΔΠΟΣΤΟΛΟΝ
2539 921 2843 996 ΠΑΥΛοΝ.

1117 1521 1347 1592 Ὀμιλία
1382 1525 1453 1575 a'.

553 1650 670 1705 Οὐκ
702 1647 769 1703 ἄν
799 1663 883 1710 τις
908 1643 1145 1715 ἁμάρτοι
1165 1638 1409 1711 λειμῶνα
1442 1634 1653 1708 ἀρετῶν
1687 1632 1781 1687 καὶ
1804 1630 2062 1703 παράδει-

484 1761 577 1799 σον
614 1737 985 1811 πνευματικὸν
1028 1732 1263 1796 καλέσας
1301 1731 1400 1803 τὴν
1423 1727 1637 1783 Παύλου
1683 1724 1890 1795 ψυχήνο
1921 1720 2063 1774 οὕτω

484 1835 637 1909 [477]
666 1832 801 1888 πολὺ
827 1831 925 1903 μὲν
954 1827 1108 1902 ἧνθει
1141 1828 1208 1899 τῇ
1231 1820 1432 1896 χάριτι,
1452 1820 1609 1887 ἀξίαν
1632 1818 1690 1872 δέ
1716 1818 1815 1889 τῆς
1842 1815 2065 1888 χάριτος

484 1906 832 1982 ἐπεδείκνυτο
857 1922 958 1994 τῆς
975 1916 1155 1992 ψυχῆς
1180 1915 1280 1989 τὴν
1317 1911 1658 1985 φιλοσοφίαν.
1707 1907 1928 1979 Ἐπειδὴ
1956 1906 2066 1977 γὰρ

486 2019 681 2085 σκεῦος
709 2016 940 2088 ἐκλογῆς
960 2014 1175 2085 γέγονε,
1201 2010 1295 2065 καὶ
1323 2006 1504 2071 καλῶς
1530 2002 1723 2061 ἑαυτὸν
1742 2000 2066 2071 ἐξεκάθηρε,

485 2111 713 2184 δαψιλὴς
741 2112 777 2183 η
811 2108 907 2164 τοῦ
940 2102 1258 2177 Πνεύματος
1289 2098 1521 2173 ἐξεχύθη
1558 2098 1637 2163 εἰς
1672 2093 1836 2150 αὐτὸν
1866 2090 2063 2164 δωρεά.

486 2205 653 2261 Ὅθεν
673 2183 816 2276 ἡμῖν
840 2199 1087 2261 καὶτοὺς
1115 2194 1467 2268 θαυμαστοὺς
1494 2191 1648 2246 έτεκε
1679 2185 1981 2258 ποταμοὺς,
2006 2183 2070 2238 ού

487 2298 630 2357 κατά
671 2295 771 2367 τὴν
808 2293 907 2349 τοῦ
963 2290 1290 2366 παραδείσου
1329 2285 1515 2357 πηγὴν
1542 2282 1817 2352 τέσσαρας
1851 2277 2070 2349 μόνους,

486 2389 626 2446 ἀλλά
660 2384 841 2457 πολλῷ
870 2380 1090 2446 πλείους
1119 2381 1244 2436 καθ’
1277 2377 1516 2448 ἑκάστην
1556 2374 1779 2444 ῥέοντας
1809 2368 1915 2440 τὴν
1936 2367 2073 2440 ἡμέ-

490 2497 616 2555 ραν,
646 2480 709 2533 οὐ
741 2478 841 2550 τὴν
860 2474 966 2548 γῆν
994 2472 1279 2545 ἄρδοντας,
1312 2468 1448 2523 ἀλλά
1488 2465 1588 2528 τὰς
1616 2461 1725 2517 τῶν
1768 2458 2072 2555 ἀνθρώπων

491 2545 670 2644 ᾦυχάς
693 2571 775 2635 εἰς
795 2545 1166 2641 καρπογονίαν
1189 2560 1390 2635 ἀρετῆς
1420 2554 1807 2628 διεγείροντας.
1835 2551 1935 2616 Τίς
1978 2545 2075 2605 οῦν

493 2641 718 2735 ἀρκέσει
770 2659 931 2728 λόγος
978 2656 1091 2721 τοῖς
1130 2654 1324 2709 τούτου
1383 2648 1846 2722 κατορθώμασιν;
1876 2643 1911 2716 ἢ
1946 2641 2076 2697 ποία

492 2734 782 2826 δυνήσεται
810 2748 1031 2821 γλῶσσα
1060 2743 1346 2817 ἐφικέσθαι
1373 2742 1482 2796 τῶν
1514 2734 1809 2809 ἐγκωμίων
1833 2734 2072 2801 ἐκείνους

498 2824 669 2903 Ὅταν
693 2846 802 2918 7&9
822 2844 1039 2899 ἅπαντα
1059 2838 1129 2894 τὰ
1160 2840 1217 2892 ἐν
1240 2833 1549 2908 ἀνθρώποις
1576 2830 1718 2886 καλὰ
1739 2824 2080 2883 συλλαϐοῦσα

498 2939 594 3011 εχῃ
616 2936 765 3009 ψυχὴ
800 2935 919 3009 μία,
957 2934 1053 2989 καὶ
1090 2931 1273 2989 πάντα
1300 2925 1419 3001 μεθ’
1452 2921 1793 2998 ὑπερϐολῆς,
1826 2920 1888 2975 ού
1920 2918 2081 3011 μόνρν

496 3005 649 3087 δέ
684 3005 1140 3098 ἀνθρώπων,
1164 3019 1301 3077 ἀλλά
1330 3019 1425 3074 καὶ
1446 3017 1516 3072 τὰ
1541 3017 1653 3071 τῶν
1675 3011 1944 3083 ἀγγέλων,
1964 3005 2083 3072 πῶς

499 3119 874 3194 περιεσόμεθα
903 3116 1001 3173 τοῦ
1051 3113 1317 3191 μεγέθους
1347 3110 1458 3165 τῶν
1497 3106 1822 3180 ἐγκωμίωνς
1862 3102 1938 3157 Ού
1976 3099 2089 3171 μὴν

500 3192 589 3270 διά
607 3208 768 3268 τοῦτο
803 3210 1124 3283 σιγήσομεν,
1155 3205 1293 3264 ἀλλά
1316 3203 1384 3258 δι’
1406 3202 1560 3270 αὐτὸ,
1592 3201 1686 3255 καὶ
1716 3199 1783 3253 δι’
1822 3194 1955 3253 αὐτὸ
1984 3192 2084 3265 μὲν

501 3298 595 3359 οὖν
615 3299 774 3357 τοῦτο
801 3301 1036 3374 μάλιστα
1060 3296 1315 3370 ἐροῦμεν.
1345 3287 1459 3350 Καὶ
1484 3293 1597 3365 7&9
1608 3289 1703 3345 καὶ
1720 3287 1881 3342 τοῦτο
1911 3287 2087 3354 ἐγκω-

506 3397 631 3470 μίου
670 3394 928 3466 μέγιστον
956 3387 1118 3455 εἷδος,
1147 3390 1209 3444 τὸ
1235 3387 1393 3458 νικᾷν
1417 3385 1527 3439 τῶν
1565 3378 2006 3453 κατορθωμάτων
2025 3374 2086 3428 τὸ

509 3469 740 3560 μέγεθος
765 3485 907 3555 μετὰ
937 3483 1118 3551 πάσης
1144 3477 1463 3550 περιουσίας
1484 3471 1581 3529 τοῦ
1608 3474 1771 3542 λόγου
1807 3470 1907 3541 τὴν
1935 3469 2089 3522 εὐκο-

504 3578 649 3645 λίαν,
677 3576 771 3630 καὶ
795 3577 829 3647 ἡ
858 3570 1000 3646 ἧττα
1030 3572 1239 3643 μυρίων
1277 3568 1556 3640 τροπαίων
1607 3563 1756 3619 ἐστὶν
1782 3564 1914 3634 ἡμῖν
1947 3561 2089 3633 λαμο

507 3668 772 3743 προτέρα.
817 3664 990 3719 Πόθεν
1018 3657 1111 3716 οῦν
1144 3659 1399 3730 εὔκαιρον
1448 3658 1531 3728 εῐη
1580 3652 1647 3710 ἂν
1691 3651 1933 3724 ἅψασθαι
1980 3652 2093 3707 τῶν

507 3760 834 3832 ἐγκωμίων;
871 3756 1041 3812 Πόθεν
1065 3752 1308 3818 ἄλλοθεν,
1335 3752 1368 3824 ἢ
1396 3752 1490 3806 ἀπ’
1510 3746 1676 3804 αὐτοῦ
1710 3744 1905 3802 τούτου
1936 3744 2091 3818 πρώ-

506 3872 602 3910 του
625 3894 640 3919 ,
674 3848 770 3906 τοῦ
792 3849 963 3917 δεῖξαι
990 3847 1059 3901 τά
1086 3845 1342 3900 ἁπάντων
1377 3843 1575 3915 ἔχοντα
1597 3839 1811 3911 ἀγαθά;
1838 3840 1963 3894 Είτε
1984 3839 2093 3910 7&9

508 3941 789 4019 προφῆται
820 3933 1165 4005 ἐπεδείξαντό
1200 3946 1255 3986 τι
1275 3931 1542 4001 γενναῖον,
1595 3928 1707 3982 είτε
1733 3927 2089 3999 πατριάρχαι,

509 4018 623 4091 εἴτε
676 4036 898 4102 δίκαιοι,
950 4029 1060 4085 εἴτε
1092 4025 1405 4091 ἀπόστολοι,
1439 4022 1549 4077 είτε
1582 4022 1881 4094 μάρτυρες,
1912 4018 2091 4072 πάντα

510 4130 683 4187 ταῦτα
709 4126 845 4202 ὁμοῦ
870 4122 1148 4181 συλλαϐὼν
1174 4121 1289 4193 ἔχει
1324 4117 1463 4191 μετά
1483 4115 1755 4188 τοσαύτης
1785 4114 2092 4188 ὑπερϐολῆς

515 4222 636 4296 μεθ’
664 4223 796 4294 ὅσης
827 4218 1003 4282 οὐδεὶς
1047 4212 1292 4279 ἐκείνων,
1321 4214 1464 4283 ὅπερ
1485 4210 1717 4271 ἕκαστος
1757 4202 1873 4278 εἶχε
1906 4205 2091 4269 καλὸν,

513 4315 799 4383 ἐκέκτητο.
830 4309 1030 4364 Σκόπει
1051 4307 1139 4361 δέ⁸
1172 4305 1555 4377 Προσήνεγκεν
1578 4299 1746 4355 Ἅϐελ
1768 4296 1979 4363 θυσίαν,
2002 4297 2095 4352 καὶ

515 4405 767 4463 ἐντεῦθεν
799 4399 1261 4483 ἀνακηρύττεταιο
1292 4396 1407 4451 ἀλλ’
1424 4395 1524 4449 ἐὰν
1542 4394 1642 4465 τὴν
1665 4391 1880 4448 Παύλου
1902 4389 2096 4445 θυσίαν

516 4501 598 4564 εἰς
624 4497 786 4570 μέσον
825 4482 1062 4567 ἀγάγῃς,
1106 4489 1371 4544 τοσοῦτον
1390 4486 1666 4541 δείκνυται
1706 4484 1931 4555 βελτίων
1953 4482 2099 4536 ἐκείο

519 4607 639 4662 νης,
671 4589 798 4643 ὅσον
826 4586 925 4658 τῆς
981 4582 1089 4654 γῆς
1123 4584 1153 4637 ό
1178 4581 1425 4652 οὐρανός.
1477 4580 1646 4635 Ποίαν
1694 4572 1789 4632 σῦν
1841 4576 2099 4648 βούλεσθε

519 4681 660 4736 εἴπω
684 4698 700 4749 ;
730 4678 852 4734 οὐδὲ
875 4676 985 4750 γὰρ
1011 4675 1111 4748 μία
1136 4674 1301 4747 μόνον
1316 4672 1456 4726 ἐστί.
1486 4672 1599 4728 Καὶ
1626 4671 1743 4742 γὰρ
1756 4669 1949 4724 ἑαυτὸν
1974 4668 2100 4724 καθ’

520 4772 760 4845 ἑκάστην
785 4769 1048 4826 κατέθυεν
1068 4767 1306 4841 ἡμέραν,
1337 4764 1434 4820 καὶ
1460 4764 1666 4834 ταύτην
1698 4762 1861 4818 πάλιν
1906 4759 2102 4833 διπλῆν

522 4866 696 4923 ἐποίει
725 4864 827 4936 τὴν
845 4861 1166 4935 προσφοράν
1188 4874 1209 4891 α
1234 4858 1395 4912 τοῦτο
1422 4856 1523 4929 μὲν
1554 4854 1677 4910 καθ’
1702 4853 1945 4923 ἑκάστην
1968 4852 2103 4923 ἠμέ-

526 4975 631 5032 ραν
656 4956 1037 5029 ἀποθνήσκων,
1066 4951 1228 5007 τοῦτο
1253 4952 1310 5005 δὲ
1344 4951 1444 5022 τὴν
1479 4950 1749 5021 νέκρωσιν
1774 4945 1835 5000 ἐν
1882 4944 1963 5016 τῷ
1998 4944 2104 4998 σώ-

528 5067 657 5124 ματι
678 5046 847 5104 αὐτοῦ
866 5046 1199 5119 περιφέρων.
1220 5043 1329 5100 Καὶ
1349 5044 1458 5114 7&9
1478 5040 1616 5113 πρὸς
1635 5037 1917 5102 κινδύνους
1935 5036 2106 5108 διηνε-

526 5143 638 5207 κῶς
659 5141 1047 5213 παρετάττετο,
1080 5139 1174 5193 καὶ
1221 5136 1520 5207 ἐσφάττετο
1545 5136 1617 5204 τῇ
1642 5130 1987 5204 προαιρέσει,
2012 5130 2105 5185 καὶ

528 5234 625 5305 τῆς
654 5230 855 5303 σαρκὸς
879 5231 981 5303 τὴν
1008 5228 1176 5298 φύσιν
1194 5225 1367 5289 οὕτως
1392 5223 1712 5293 ἐνέκρωσεν,
1734 5221 1812 5283 ὡς
1837 5219 1948 5274 τῶν
1971 5234 2108 5288 σφα-

528 5326 872 5400 γιαζομένων
903 5323 1115 5397 ἱερείων
1150 5320 1318 5392 μηδὲν
1346 5318 1567 5372 ἐλαττον
1599 5314 1929 5379 διακεῖσθαι,
1969 5313 2111 5367 ἀλλά

530 5422 626 5475 καὶ⁷
660 5416 844 5489 πολλῷ
866 5415 1050 5470 πλέον.
1072 5412 1207 5468 Οὐδὲ
1239 5410 1349 5481 7&9
1379 5409 1507 5480 βοῦς
1539 5408 1634 5460 καὶ
1664 5404 1915 5476 πρόϐατα
1947 5418 2110 5472 προσ-

530 5511 744 5583 έφερεν,
775 5508 889 5564 ἀλλ’
937 5506 1127 5560 ἑαυτὸν
1159 5503 1319 5573 διπλῇ
1378 5500 1501 5554 καθ’
1543 5497 1781 5568 ἑκάστην
1811 5490 2109 5561 ἐσφαγίαζε

530 5602 627 5672 τὴν
680 5601 913 5671 ἡμέραν.
947 5596 1039 5651 Διό
1072 5597 1167 5650 καὶ
1213 5594 1521 5665 ἐθάρρησεν
1573 5591 1765 5652 εἰπεῖν,
1814 5585 1961 5655 Ἐγὼ
1998 5584 2110 5654 γὰρ

531 5691 650 5761 ἤδη
682 5689 1038 5759 σπένδομαι,
1064 5685 1295 5757 σπονδὴν
1322 5682 1517 5738 ἑαυτοῦ
1554 5681 1615 5734 τὸ
1638 5676 1779 5750 αἷμα
1816 5678 2070 5738 καλέσας.

602 5780 678 5837 ού
717 5780 822 5850 μὴν
855 5779 1097 5850 ἠρκέσθη
1118 5780 1238 5842 ταῖς
1268 5776 1482 5839 θυσίαις
1498 5774 1741 5837 ταύταις,
1775 5770 1891 5828 ἀλλ’
1923 5770 2109 5825 ἐπειδὴ

2167 1508 2345 1573 καλῶς
2370 1511 2562 1566 ἑαυτὸν
2590 1510 2917 1585 καθιέρωσε,
2964 1514 3057 1569 καὶ
3080 1517 3180 1588 τὴν
3216 1517 3542 1591 οἰκουμένην
3573 1538 3752 1592 προσ-

2165 1602 2386 1671 ήνεγκε,
2408 1601 2502 1656 καὶ
2524 1603 2628 1672 γῆν
2663 1604 2756 1657 καὶ
2776 1603 3068 1670 θάλατταν,
3098 1606 3195 1659 καὶ
3233 1592 3458 1674 Ἐλλάδα
3489 1611 3583 1663 καὶ
3619 1611 3757 1682 βάρ-

2168 1687 2355 1760 ϐαρον,
2390 1690 2487 1743 καὶ
2520 1691 2700 1743 πᾶσαν
2733 1691 3071 1756 ἁπαξαπλῶς
3102 1694 3237 1765 ὅσην
3257 1694 3409 1765 ἥλιος
3430 1696 3603 1767 ἐφορᾷ
3621 1697 3756 1767 γῇν,

2165 1756 2390 1850 ταύτην,
2441 1780 2693 1853 καθάπερ
2726 1782 3032 1855 ὑπόπτερός
3063 1802 3147 1849 τις
3189 1756 3501 1856 γενόμενος,

2168 1868 2384 1935 πᾶσαν,
2432 1870 2531 1940 οὐχ
2585 1868 2774 1935 ἁπλῶς
2826 1870 3144 1942 ὁδοιπορῶν,
3206 1872 3344 1928 ἀλλὰ
3375 1872 3474 1938 τάς
3506 1874 3762 1937 ἀκάνθας

2168 1957 2275 2010 τῶν
2299 1957 2716 2030 ἁμαρτημάτων
2739 1959 3020 2028 ἀνασπῶν,
3052 1959 3149 2015 καὶ
3176 1961 3268 2015 τὸν
3297 1960 3455 2031 λόγον
3486 1961 3584 2032 τῆς
3607 1962 3766 2014 εὐσε-

2170 2043 2322 2111 ϐείας
2341 2046 2751 2119 κατασπείρων,
2780 2048 2881 2121 τὴν
2910 2048 3120 2122 πλάνην
3136 2048 3479 2115 ἀπελαύνων,
3503 2049 3604 2119 τὴν
3630 2048 3769 2120 ἀλή-

2172 2133 2321 2188 θειαν
2351 2133 2664 2204 ἐπανάγων,
2689 2133 2749 2201 ἐξ
2776 2134 3084 2209 ἀνθρώπων
3105 2137 3370 2207 ἀγγέλους
3410 2135 3601 2200 ποιῶν,
3631 2136 3773 2207 μᾶλ-
3864 2176 3865 2179 η

2171 2220 2262 2275 λον
2278 2221 2334 2276 δὲ
2350 2222 2459 2277 ἀπὸ
2480 2223 2749 2295 δαιμόνων
2765 2224 3034 2293 ἀγγέλους
3045 2226 3173 2289 τοὺς
3194 2224 3291 2279 ἀνθ
3298 2225 3537 2296 ρώπους.
3554 2224 3649 2278 Διὸ
3668 2224 3772 2278 καὶ

2176 2310 2385 2381 μέλλων
2402 2313 2621 2368 ἀπιέναι
2645 2311 2783 2384 μετὰ
2811 2314 2938 2378 τοὺς
2967 2312 3193 2376 πολλοὺς
3215 2312 3443 2384 ἱδρῶτας
3461 2312 3557 2365 καὶ
3578 2312 3653 2366 τὰ
3672 2331 3774 2365 πυ-

2174 2399 2277 2453 κνὰ
2307 2401 2482 2455 ταῦτα
2508 2402 2768 2474 τρόπαια,
2800 2397 3296 2473 παραμυθούμενος
3326 2401 3453 2463 τοὺς
3483 2400 3772 2471 μαθητὰς,

2175 2489 2325 2564 [478]
2364 2490 2548 2559 ἔλεγεν
2570 2506 2585 2522 ο
2615 2490 2687 2545 Εἰ
2710 2490 2811 2544 καὶ
2838 2488 3175 2557 σπένδομαι
3202 2486 3300 2541 ἐπὶ
3335 2486 3412 2556 τῇ
3439 2487 3626 2555 θυσίᾳ
3664 2490 3775 2543 καί

2175 2579 2515 2649 λειτουργίᾳ
2540 2576 2653 2647 τῆς
2700 2577 2960 2641 πίστεως
2990 2574 3194 2646 ὑμῶν,
3245 2575 3428 2644 χαίρω
3475 2574 3575 2628 καὶ
3612 2593 3778 2646 συγ-

2178 2668 2362 2739 χαίρω
2396 2665 2588 2723 πᾶσιν
2642 2665 2789 2737 ὑμῖν
2820 2681 2833 2696 ·
2877 2663 2972 2718 διὸ
3019 2662 3120 2718 καὶ
3157 2660 3328 2731 ὑμεῖς
3370 2661 3605 2731 χαίρετε
3642 2665 3774 2721 ,καὶ

2179 2754 2541 2828 συγ-χαίρετέ
2574 2766 2695 2825 μοι.
2755 2751 2823 2806 Τί
2874 2750 3055 2805 τοίνυν
3086 2748 3283 2819 γένοιτ’
3314 2748 3381 2803 ἂν
3416 2750 3520 2820 τῆς
3573 2748 3777 2814 θυσίας

2180 2846 2384 2918 ταύτης
2415 2844 2529 2900 ἴσον
2548 2884 2563 2910 ,
2596 2842 2664 2915 ἣν
2691 2838 2793 2915 τὴν
2826 2840 3100 2912 μάχαιραν
3145 2837 3239 2892 τοῦ
3270 2837 3411 2891 Πνεύ
3421 2855 3589 2911 ματος
3628 2855 3781 2893 σπα-

2185 2937 2417 3009 σάμενος
2443 2934 2664 2999 ἔθυσεν,
2696 2931 2765 3003 ἢν
2816 2930 2876 2985 ἐν
2912 2928 2991 3000 τῷ
3042 2927 3409 3000 θυσιαστηρίῳ
3445 2930 3780 2999 προσήγαγε

2182 3030 2262 3101 τῷ
2289 3025 2543 3101 ὑπεράνω
2574 3023 2686 3079 τῶν
2708 3020 2991 3094 οὑρανῶν;
3033 3018 3173 3073 Ἀλλ’
3212 3017 3456 3091 ἀνῃρέθη
3493 3017 3782 3087 δολοφονη-

2188 3120 2301 3183 θεὶς
2326 3116 2433 3171 ὑπὸ
2461 3114 2555 3169 τοῦ
2585 3110 2721 3167 Κάϊν
2756 3114 2785 3164 ό
2810 3108 3011 3175 Ἅϐελ,
3041 3109 3137 3162 καὶ
3172 3108 3345 3181 ταύτῃ
3394 3105 3780 3177 λαμπρότερος

2186 3211 2440 3281 γέγονενς
2481 3202 2622 3259 Ἀλλ’
2654 3203 2765 3273 ἐγὼ
2803 3217 2887 3255 σοι
2923 3197 3148 3271 μυρίους
3175 3197 3456 3270 ἠρίθμησα
3486 3195 3779 3260 θανάτους,

2187 3300 2282 3354 καὶ
2308 3296 2628 3359 τοσούτους,
2661 3291 2793 3354 ὅσας
2824 3288 3037 3361 ἡμέρας
3061 3286 3347 3359 κηρύττων
3384 3283 3577 3355 ἔζησεν
3602 3283 3632 3334 ό
3670 3301 3783 3354 μα-

2187 3390 2377 3460 κάριος
2401 3377 2575 3447 οὗτος.
2618 3382 2680 3434 Εἰ
2711 3379 2770 3432 δέ
2800 3377 2897 3432 καὶ
2920 3378 3023 3448 τὴν
3048 3374 3211 3446 μέχρι
3240 3373 3341 3445 τῆς
3368 3372 3565 3443 πείρας
3600 3371 3784 3441 αὐτῆς

2189 3458 2554 3550 προελθοῦσαν
2589 3467 2767 3540 βούλει
2794 3466 2985 3537 μαθεῖν
3008 3462 3258 3534 σφαγὴν,
3299 3462 3507 3523 ἐκεῖνος
3537 3458 3638 3529 μὲν
3673 3459 3785 3513 ὑπὸ

2187 3545 2283 3622 τοῦ
2306 3560 2537 3634 ἀδελφοῦ
2580 3559 2716 3631 μήτε
2741 3552 3090 3624 ἀδικηθέντος
3108 3588 3124 3616 ,
3159 3550 3295 3621 μήτε
3324 3545 3786 3634 εὐεργετηθέντος

2192 3631 2522 3713 κατέπεσενο
2558 3640 2714 3711 οὗτος
2738 3643 2795 3698 δὲ
2822 3641 2927 3697 ὑπὸ
2951 3638 3158 3694 τούτων
3189 3636 3444 3707 ἀνῃρεῖτο
3463 3672 3479 3697 ,
3510 3631 3606 3695 οὓς
3627 3633 3789 3703 ἐξαρς

2191 3746 2365 3802 πάσαι
2384 3738 2495 3795 τῶν
2519 3733 2728 3809 μυρίων
2758 3729 3009 3798 ἐπείγετο
3030 3722 3239 3786 κακῶν,
3268 3721 3364 3809 καλ.
3386 3721 3453 3773 δι’
3479 3717 3573 3784 οὒς
3599 3721 3787 3775 πάντα

2193 3836 2468 3901 ἔπασχεν,
2504 3807 2648 3895 άπερ
2684 3818 2906 3875 ἔπαθεν.
2952 3812 3113 3868 Ἀλλά
3129 3809 3266 3901 ⁸Νῶε
3299 3807 3541 3874 δίκαιος,
3573 3807 3787 3871 τέλειος

2194 3928 2252 3978 ὲν
2287 3892 2543 3992 τῆγενεᾷ
2570 3892 2768 3974 αύτοῦ,
2799 3905 2896 3960 καὶ
2920 3900 3089 3973 μόνος
3126 3898 3184 3952 ἐν
3204 3896 3378 3952 ἅπασι
3409 3895 3650 3959 τοιοῦτος
3671 3892 3745 3967 ἦν
3771 3914 3785 3960 ;

2208 3980 2370 4065 ,Αλλᾶ
2393 3980 2748 4060 ’καὶ’Παῡλος
2798 3991 2956 4063 μόνος
2982 4000 3008 4030 ι
3054 3988 3112 4043 ἐν
3160 3984 3332 4040 ἅπασι
3371 3980 3631 4046 τοιοῦτος.
3675 3983 3790 4036 Καὶ

2198 4098 2404 4157 ἐκεῖνος
2435 4090 2531 4163 μὲν
2572 4083 2763 4140 ἑαυτὸν
2790 4077 2929 4151 μετὰ
2957 4074 3065 4130 τῶν
3095 4072 3298 4127 παίδων
3321 4070 3546 4125 διέσωσε
3580 4069 3747 4141 μόνον
3770 4086 3784 4099 ·

2197 4180 2353 4248 οὗτος
2383 4159 2475 4244 δέ,
2516 4174 2649 4229 πολὺ
2690 4165 3072 4243 χαλεπωτέρου
3116 4162 3216 4234 τὴν
3262 4159 3586 4248 οἰκουμένην
3619 4175 3789 4213 κατα..

2195 4245 2438 4342 κλυσμοῦ
2471 4258 2865 4319 καταλαϐόντος
2887 4294 2901 4320 ,
2941 4252 3003 4306 ού
3057 4248 3276 4312 σανίδας
3324 4246 3637 4318 πηξάμενος
3696 4245 3789 4299 καὶ

2195 4333 2428 4419 κιϐωτὸν
2466 4351 2733 4422 ποιήσας,
2782 4342 2899 4398 ἀλλ’
2944 4338 3067 4395 ἀντὶ
3109 4337 3338 4392 σανίδων
3366 4335 3466 4401 τὰς
3499 4333 3790 4395 ἐπιστολὰς

2197 4446 2411 4510 συνθεὶς
2429 4482 2446 4510 ,
2477 4440 2539 4496 οὐ
2566 4420 2659 4492 δύο
2686 4433 2781 4489 καὶ
2810 4431 2959 4500 τρεῖς
2983 4427 3077 4481 καὶ
3108 4426 3271 4479 πέντε
3302 4423 3586 4493 συγγενεῖς
3604 4463 3620 4488 ,
3651 4420 3791 4474 ἀλλά

2195 4540 2297 4611 τὴν
2324 4509 2648 4602 οἰκουμένην
2679 4522 2918 4587 ἃπασαν,
2950 4512 3439 4578 καταποντίζεσθαι
3466 4509 3789 4581 μέλλουσαν,

2198 4597 2266 4679 ἐκ
2305 4597 2726 4696 μέσων-ἥρπασε
2768 4609 2877 4663 τῶν
2910 4604 3193 4676 κυμάτων.
3236 4600 3374 4655 Οὐδὲ
3420 4598 3529 4669 7&9
3562 4597 3790 4666 τοιαύτη

2198 4710 2267 4788 ἦν
2363 4687 2623 4770 κιϐωτός,
2663 4704 2739 4765 ὡς
2781 4701 2841 4755 ἐν
2888 4697 2969 4750 ἐνὶ
3007 4689 3405 4788 περιφέρεσθαι
3438 4688 3626 4788 τόπῳ,
3655 4687 3789 4740 ἀλλά

2200 4774 2271 4857 τὰ
2297 4774 2550 4871 τέρματα
2577 4793 2675 4863 τῆς
2702 4784 3028 4858 οἰκουμένης
3048 4778 3340 4844 κατέλαϐε,
3366 4776 3462 4831 καὶ
3492 4774 3552 4841 ἐξ
3579 4774 3789 4828 ἐκείνου

2203 4863 2415 4951 πάντας
2446 4883 2655 4951 εἰσάγει
2684 4877 2846 4950 μέχρι
2885 4872 2980 4927 τοῦ
3006 4870 3104 4925 νῦν
3140 4870 3223 4933 εἰς
3254 4867 3354 4939 τὴν
3382 4864 3630 4936 λάρνακα
3660 4863 3791 4917 ταύ-

2201 4997 2323 5051 την.
2351 4976 2676 5047 Σύμμετρον
2701 4966 2812 5037 γὰρ
2841 4961 2920 5034 τῷ
2965 4960 3161 5032 πλήθει
3195 4956 3302 5010 τῶν
3331 4951 3658 5023 σωζομένων
3694 4952 3790 5006 αὐ-

2203 5040 2309 5141 την
2334 5040 2757 5119 κατασκευάσας
2776 5094 2790 5119 ,
2824 5049 3113 5120 δεχόμενος
3141 5045 3353 5113 ἀλόγων
3381 5040 3791 5111 ἀνοητοτέρους,

2204 5127 2322 5222 ταῖς
2342 5155 2455 5211 ἄνω
2477 5149 2771 5219 δυνάμεσιν
2797 5139 3129 5211 ἐφαμίλλους
3158 5132 3475 5206 ἐργάζεται,
3489 5220 3496 5222 _
3510 5129 3605 5182 καὶ
3624 5127 3793 5195 ταύτῃ

2207 5219 2371 5302 νικῶν
2402 5243 2502 5313 τὴν
2525 5236 2756 5293 κιϐωτὸν
2781 5231 3015 5301 ἐκείνην.
3063 5225 3275 5313 Ἐκείνη
3308 5220 3551 5313 μὲν-γάρ
3589 5219 3795 5290 κόρακα

2207 5307 2489 5395 λαϐοῦσα,
2530 5327 2742 5399 κόρακα
2770 5320 2935 5374 πάλιν
2979 5311 3297 5399 ἐξέπεμψε,
3343 5309 3440 5363 καὶ
3467 5307 3795 5399 λύκονιύποο

2211 5388 2509 5491 δεξαμένην,
2538 5388 2640 5484 την
2669 5407 2964 5482 θηριωδίαν
2990 5404 3052 5458 ού
3083 5396 3378 5491 μετέϐαλεν
3395 5412 3410 5425 ·
3438 5388 3594 5459 οὗτος
3621 5392 3679 5446 δὲ
3701 5394 3793 5491 οὑξ(

2211 5480 2383 5572 οὕτως
2405 5548 2420 5574 ,
2447 5480 2792 5559 ἀλλάτλαϐῶν
2813 5497 3011 5558 λύκους
3039 5535 3055 5560 ,
3086 5488 3337 5560 πρόϐατα
3357 5486 3677 5574 εἰργάσατο,
3708 5480 3795 5535 καὶ

2213 5596 2391 5654 λαϐὼν
2420 5593 2641 5665 ἱέρακας
2668 5588 2761 5641 καὶ
2783 5582 3051 5647 κολοιοὺς,
3087 5573 3416 5647 περιστερὰς
3456 5570 3675 5634 τούτους
3698 5570 3792 5622 ἀπ·

2282 5780 2309 5809 ⁸
2334 5776 2389 5828 ln
2411 5775 2533 5831 Reg.
2558 5770 2699 5821 deest
2718 5764 2869 5828 μόνος.
