3908 6300
190 413 306 472 ηε

1026 422 1114 479 DE
1148 424 1496 484 LAUDIBUS
1537 426 1596 485 S.
1635 427 1844 489 PAULI
1881 430 2246 491 APOSTOLI.
2293 435 2526 493 HOMIL.
2567 437 2607 493 l.

3328 431 3441 497 474

213 663 3438 723 W

1083 929 1225 1001 DE
1274 928 1789 1003 LAUDIBUS
1841 928 2221 1039 SANCTI
2270 934 2588 1006 PAULI

1678 1095 2004 1141 APOSTOLI.

800 1369 1018 1409 HOMILIA
1042 1370 1057 1410 ι
1082 1355 1182 1427 (a).

265 1439 408 1498 Nihil
430 1456 651 1513 prorsus
687 1446 966 1513 erraverit,
998 1446 1086 1516 qui
1120 1456 1327 1516 pratum
1357 1447 1627 1518 quoddam
1657 1448 1785 1505 insi-

189 1548 299 1606 gne
322 1535 598 1602 virtutum,
621 1544 675 1592 et
701 1536 1001 1606 paradisum
1024 1539 1353 1609 spiritualem
1377 1542 1523 1596 Pauli
1544 1542 1783 1596 animum

193 1628 584 1699 nuncupaverit
627 1648 640 1684 :
676 1640 782 1684 tam
824 1631 989 1686 multa
1016 1633 1157 1688 enim
1186 1635 1354 1704 gratia
1408 1635 1608 1704 ﬂoruit,
1653 1644 1783 1690 tam—

191 1735 301 1789 que
325 1718 449 1774 huic
477 1720 662 1791 gratiae
686 1730 1015 1791 congruente
1036 1724 1158 1777 vitae
1186 1724 1523 1795 perfectione
1544 1727 1785 1795 resplen-

193 1809 342 1865 duit:
395 1811 646 1881 quoniam
686 1810 827 1866 enim
880 1828 974 1867 vas
1023 1813 1300 1870 electionis
1330 1816 1553 1871 eﬂ‘ectus
1579 1826 1679 1883 est,
1729 1826 1784 1874 et

193 1900 331 1959 bene
346 1902 692 1972 semetipsum
716 1902 1002 1958 emendare
1017 1904 1245 1971 curavit,
1263 1905 1559 1976 largissime
1581 1907 1631 1960 in
1658 1922 1781 1961 eum

192 1994 364 2049 sancti
392 1994 622 2063 Spiritus
647 2009 840 2050 munus
867 1995 1093 2050 effusum
1117 2005 1219 2051 est.
1254 1997 1405 2054 Unde
1433 2008 1487 2053 et
1514 1999 1781 2054 mirabiles

192 2086 352 2143 nobis
395 2087 584 2142 ﬂuvios
624 2088 826 2159 genuit,
851 2103 957 2143 non
1007 2089 1298 2145 secundum
1329 2089 1559 2160 paradisi
1607 2090 1781 2146 fontes

191 2188 423 2248 quatuor
454 2188 654 2233 tantum
679 2219 694 2243 ,
717 2178 812 2234 sed
847 2179 1016 2234 multo
1070 2180 1230 2236 etiam
1261 2181 1440 2250 plures
1472 2189 1524 2237 et
1544 2182 1782 2252 quotidie

194 2268 463 2325 ﬂuentes:
492 2284 597 2323 non
643 2277 841 2324 terram
862 2270 1116 2340 rigantes,
1147 2270 1243 2325 sed
1270 2270 1479 2325 animas
1504 2270 1780 2325 hominum

193 2363 265 2418 ad
312 2361 658 2433 producenda
699 2362 955 2417 virtutum
998 2363 1236 2433 germina
1279 2366 1616 2419 suscitantes.
1651 2364 1781 2431 Quis

193 2470 326 2525 ergo
348 2455 513 2523 ipsius
542 2454 746 2509 meritis
773 2454 1003 2509 sufﬁciet
1017 2455 1234 2510 sermo?
1258 2470 1377 2525 quae
1403 2464 1580 2510 autem
1602 2456 1781 2525 lingua

194 2545 443 2602 laudibus
475 2544 935 2615 ejusvinvenietur
961 2545 1201 2615 aequalis,
1248 2560 1369 2601 cum
1419 2545 1599 2600 omnia
1649 2561 1771 2617 quae

193 2647 322 2693 sunt
350 2639 405 2693 in
434 2637 738 2693 hominibus
767 2638 906 2693 bona
929 2678 945 2704 ,
977 2653 1080 2693 una
1108 2638 1286 2693 anima
1315 2638 1605 2708 possideat,
1635 2648 1689 2695 et
1716 2655 1780 2695 ea

193 2740 387 2787 cuncta
443 2731 602 2801 plene
648 2740 811 2801 atque
844 2730 1109 2785 cumulate
1139 2773 1155 2798 ,
1187 2746 1303 2801 quac
1333 2747 1439 2786 non
1470 2731 1641 2788 solum
1674 2732 1776 2788 ho-

194 2824 400 2878 minum
428 2830 573 2888 sunt,
616 2822 712 2878 sed
750 2822 933 2889 etiam,
983 2822 1127 2893 quod
1170 2831 1254 2878 est
1277 2823 1529 2893 amplius,
1571 2823 1781 2893 angelo-

193 2914 351 2970 rum?
369 2912 712 2983 Nequaquam
737 2928 866 2983 ergo
894 2928 1176 2983 possumus
1203 2912 1318 2983 ejus
1346 2914 1616 2984 explicare
1644 2930 1781 2985 prae-

194 3004 351 3062 conia
391 3019 534 3060 :nec
571 3013 751 3060 tamen
794 3003 992 3060 idcirco
1030 3004 1391 3071 reticebimus,
1429 3004 1554 3075 quin
1607 3004 1781 3074 potius

195 3104 482 3167 propterea
516 3093 778 3150 dicemus.
828 3095 925 3150 Est
952 3095 1096 3151 enim
1126 3094 1229 3150 hoc
1272 3096 1561 3150 maximum
1609 3095 1781 3152 laudis

190 3203 383 3260 genus,
400 3202 520 3243 cum
534 3188 791 3243 orationis
804 3187 1011 3259 copiam
1026 3188 1190 3243 virtus
1208 3196 1510 3258 exsuperat,
1523 3198 1575 3243 et
1589 3204 1782 3259 magm-

198 3281 327 3337 tudo
347 3281 545 3336 laudati
570 3297 584 3335 :
617 3280 799 3352 sicque
826 3280 967 3335 vinci
996 3278 1151 3337 nobis
1169 3288 1254 3337 est
1281 3280 1448 3335 multo
1471 3280 1775 3351 gloriosius,

197 3388 357 3443 quam
382 3387 529 3442 smpe
557 3371 770 3427 vicisse.
804 3370 957 3427 Unde
986 3371 1149 3442 igitur
1169 3371 1521 3441 opportunius
1565 3370 1778 3425 laudum

195 3467 312 3536 ejus
352 3479 632 3521 sumemus
657 3458 978 3521 exordium?
1000 3463 1171 3532 Unde,
1198 3464 1433 3535 inquam,
1465 3464 1781 3534 incipiemus

196 3557 436 3623 aliunde,
460 3555 563 3611 nisi
590 3556 658 3611 ab
678 3556 780 3611 hoc
801 3556 918 3625 ipso
934 3555 1193 3627 primum,
1221 3564 1279 3610 ut
1302 3556 1645 3611 ostendamus
1657 3570 1778 3610 eum

196 3652 335 3705 bona
356 3650 597 3703 omnium
624 3648 985 3716 possidentem
1012 3647 1036 3700 τ
1061 3647 1187 3704 Sive
1216 3647 1358 3704 enim
1384 3648 1657 3717 prophetae
1676 3662 1776 3718 po-

197 3741 397 3796 tentius
424 3740 479 3794 in
506 3755 566 3795 se
590 3738 789 3809 aliquid
820 3739 1190 3805 ostenderunt,
1218 3740 1490 3809 magisque
1511 3738 1777 3806 mirabile,

196 3836 306 3890 sive
325 3832 663 3904 patriarchae,
694 3832 808 3888 sive
827 3832 981 3903 justi,
1014 3834 1126 3888 sive
1150 3832 1399 3901 apostoli,
1435 3832 1547 3888 sive
1570 3839 1779 3902 marty-

200 3945 306 3997 res,
328 3930 447 3984 hme
470 3929 650 3983 omnia
677 3927 837 3982 simul
866 3927 1122 3998 colligens
1148 3926 1342 3981 Paulus
1367 3941 1491 3981 cum
1518 3934 1667 3981 tanto
1690 3925 1777 3980 ha-

200 4022 285 4078 bet
312 4022 551 4087 cumulo,
584 4036 704 4075 cum
748 4028 951 4090 quanto
988 4020 1166 4076 nullus
1191 4034 1375 4075 eorum
1424 4021 1645 4087 bonum,
1673 4035 1778 4090 quo

198 4113 529 4178 excellebat,
578 4111 833 4180 implevit.
867 4111 979 4166 Hoc
1003 4112 1181 4182 itaque
1220 4110 1523 4181 diligentius
1548 4112 1773 4168 intuere.

199 4205 328 4260 Abel
375 4203 569 4258 obtulit
612 4201 929 4256 sacriﬁcium
954 4242 969 4267 ,
1000 4210 1055 4256 et
1105 4201 1227 4255 inde
1256 4200 1501 4256 laudatur
1542 4200 1692 4273 (Gen.
1721 4201 1774 4255 4.

197 4297 287 4367 4);
342 4294 440 4351 sed
492 4294 539 4350 si
580 4294 729 4349 Pauli
770 4293 996 4348 hostiam
1046 4291 1371 4347 adducamus
1413 4292 1467 4346 in
1522 4291 1775 4357 medium,

195 4395 452 4457 quantum
479 4383 666 4439 caelum
698 4392 856 4450 terra,
884 4381 1126 4452 superior
1143 4382 1434 4453 apparebit.
1466 4381 1635 4450 Quam
1651 4397 1779 4451 ergo

196 4479 355 4534 vultis
398 4487 456 4533 ut
483 4475 816 4533 memorem?
860 4490 965 4530 non
1010 4475 1156 4531 enim
1186 4489 1288 4529 una
1317 4484 1518 4529 tantum
1544 4482 1627 4530 est
1658 4491 1672 4528 :
1701 4474 1777 4529 sic

197 4571 409 4641 quidem
458 4568 807 4637 semetipsum
850 4583 943 4637 per
983 4566 1099 4624 dies
1149 4567 1386 4638 singulos
1430 4567 1776 4623 immolabat:

197 4679 350 4735 quam
384 4672 567 4718 tamen
594 4675 780 4717 rursus
802 4660 1026 4716 hostiam
1056 4660 1335 4731 dupliciter
1355 4661 1632 4728 oﬂ'erebat,
1654 4676 1777 4716 cum

182 4757 431 4827 quotidie
475 4756 713 4813 moriens
750 4755 825 4825 (l.
858 4755 976 4811 Cor.
1018 4756 1108 4811 15.
1140 4753 1254 4826 3i),
1288 4762 1398 4810 tum
1451 4755 1505 4810 in
1552 4769 1779 4825 corpore

196 4863 292 4905 suo
328 4848 793 4904 mortiﬁcationem
837 4848 953 4903 sine
978 4845 1370 4903 intermissione
1396 4848 1777 4904 circumferens

196 4941 251 5008 (2
272 4941 391 4996 Cor.
420 4941 476 4997 4.
506 4940 621 5010 l0).
665 4940 796 4995 Nam
833 4948 888 4995 et
908 4939 974 4995 ad
1003 4938 1236 5009 pericula
1268 4939 1466 5010 jugiter
1492 4939 1775 5011 parabatur

195 5046 577 5088 eonsummans
604 5032 873 5086 voluntate
896 5031 1209 5102 martyrium
1229 5070 1245 5096 ,
1276 5038 1332 5085 et
1365 5038 1607 5086 naturam
1635 5030 1689 5086 in
1716 5044 1776 5086 se

197 5123 570 5180 mortiﬁcando
593 5123 791 5188 carnis,
822 5121 950 5178 nihil
980 5123 1156 5177 minus
1171 5137 1330 5193 quam
1356 5121 1645 5178 immolatae
1665 5123 1776 5179 Deo

201 5214 383 5271 hostia:
428 5230 627 5271 munus
675 5215 950 5284 implebat,
979 5214 1086 5269 imo
1115 5214 1275 5269 etiam
1318 5214 1488 5269 multo
1525 5214 1773 5285 amplius.

195 5305 310 5362 Non
340 5308 486 5362 enim
518 5320 648 5361 oves
674 5304 951 5371 oﬂerebat,
972 5314 1064 5361 aut
1090 5305 1252 5362 boves
1270 5348 1287 5374 ,
1309 5305 1404 5362 sed
1433 5307 1776 5376 semetipsum

199 5414 290 5469 per
310 5401 427 5456 dies
450 5400 692 5469 singulos
716 5398 1020 5467 dupliciter,
1054 5408 1113 5454 ut
1145 5398 1396 5466 diximus,
1423 5399 1732 5456 immolabat
1761 5417 1775 5455 :

195 5500 412 5561 propter
438 5490 583 5558 quod
625 5490 898 5546 conﬁdens
922 5490 1057 5546 dixit
1111 5509 1126 5546 :
1154 5489 1269 5561 Ego
1292 5492 1423 5546 enim
1437 5492 1555 5562 jam
1594 5492 1777 5548 immo-

200 5582 277 5635 tor
311 5582 388 5653 (‘2.
418 5581 557 5637 Tim.
590 5581 643 5635 ι.
668 5582 749 5654 6),
794 5583 1108 5653 sanguinem
1139 5583 1319 5653 utique
1348 5597 1503 5640 suum
1532 5584 1775 5653 immola-

197 5672 390 5730 tionem
420 5687 642 5728 vocans.

1781 1218 1892 1275 Elii?!

1897 1248 2094 1261 -Ψ

1965 1363 2093 1429 Qum
2140 1364 2390 1432 sacriﬁcia
2425 1362 2627 1421 Paulus
2671 1367 2894 1434 oﬂ'erret.
2923 1400 2997 1412 —
3027 1370 3212 1443 Neque
3240 1388 3366 1430 vero
3389 1374 3477 1432 llis

1887 1454 2254 1510 tantummodo
2278 1455 2552 1512 sacriﬁciis
2578 1465 2862 1515 contentus
2884 1461 2980 1518 fuit
3007 1479 3021 1517 :
3049 1465 3144 1519 sed
3172 1468 3293 1537 quia
3337 1466 3473 1524 bene

1886 1559 1947 1600 se
1977 1546 2145 1614 ipsum
2169 1558 2577 1604 consecraverat
2600 1550 2709 1605 Deo
2730 1589 2744 1617 ,
2773 1552 2934 1608 etiam
2954 1549 3140 1610 orbem
3167 1558 3471 1615 universum

1885 1636 2088 1691 studuit
2104 1638 2296 1694 offerre
2315 1657 2329 1694 :
2349 1640 2437 1710 qui
2461 1649 2655 1697 terram
2676 1642 2920 1699 videlicet
2937 1660 3000 1701 ac
3016 1660 3186 1714 mare,
3210 1646 3471 1704 Gmciam

1885 1728 2047 1783 simul
2068 1745 2131 1785 ac
2157 1730 2463 1787 Barbariam
2480 1773 2497 1801 ,
2528 1740 2849 1805 omnemque
2874 1748 3092 1805 prorsus
3113 1778 3128 1805 ,
3164 1747 3361 1809 quanta
3388 1749 3472 1797 est

1883 1821 1984 1876 sub
2002 1822 2159 1886 casio,
2195 1824 2497 1893 regionem,
2529 1825 2680 1894 quasi
2703 1821 2934 1884 volitans
2956 1869 2972 1895 ,
3001 1827 3332 1899 eireumivit,
3361 1845 3469 1886 non

1884 1914 2113 1984 simplici
2131 1914 2344 1981 labore,
2375 1916 2539 1971 veluti
2566 1916 2621 1971 in
2647 1930 2871 1972 vacuum
2893 1918 3081 1975 itinera
3112 1933 3469 1990 percurrens;

1886 2003 1982 2059 sed
2041 2014 2377 2073 peccatorum
2424 2005 2605 2075 spinas
2632 2006 2829 2077 pariter
2852 2008 3123 2076 evellens,
3153 2016 3210 2066 et
3249 2008 3470 2065 verbum

1883 2095 2154 2151 seminans
2182 2096 2385 2165 ubique
2400 2094 2645 2166 pietatis,
2693 2097 2882 2168 fugans
2907 2110 3121 2155 errores
3144 2138 3162 2167 ,
3191 2100 3467 2155 veritatem

1886 2186 2183 2252 reducens,
2231 2200 2298 2241 ex
2343 2186 2648 2242 hominibus
2688 2188 2908 2257 angelos
2937 2187 3137 2245 faciens
3163 2204 3177 2243 :
3207 2190 3333 2260 quin
3357 2189 3468 2245 imo

1886 2280 2030 2350 ipsos
2056 2277 2299 2335 homines
2326 2279 2478 2350 quasi
2504 2292 2571 2335 ex
2590 2278 2922 2336 daemonibus
2951 2281 3005 2336 in
3029 2281 3249 2351 angelos
3278 2290 3469 2351 prove-

1885 2370 2039 2426 hens.
2084 2370 2308 2440 Propter
2348 2370 2489 2441 quod
2513 2369 2623 2439 jam
2654 2370 2780 2427 hinc
2808 2381 2930 2441 post
2961 2371 3186 2428 sudores
3209 2370 3467 2440 plurimos

1884 2476 1949 2517 ac
1976 2470 2175 2531 tropaea
2200 2458 2605 2516 innumerabilia
2643 2461 2991 2527 transiturus,
3036 2476 3136 2531 pro
3174 2460 3465 2530 discipulo-

1882 2566 2000 2607 rum
2020 2551 2384 2608 consolatione
2405 2550 2615 2607 dieebat
2640 2568 2655 2606 :
2682 2550 2789 2607 Sed
2816 2562 2862 2607 et
2884 2546 2929 2607 si
2953 2550 3187 2607 immolar
3210 2564 3362 2621 super
3378 2567 3467 2606 sa-

1878 2644 2131 2714 criﬁcium
2150 2651 2199 2698 et
2217 2643 2507 2711 obsequium
2526 2641 2646 2711 ﬁdei
2666 2650 2862 2708 vestrm,
2890 2642 3104 2713 gaudeo,
3128 2650 3177 2696 et
3200 2650 3469 2713 congratu-

1883 2736 1963 2790 ιον
1983 2735 2213 2790 omnibus
2231 2734 2369 2789 vobis
2389 2748 2412 2789 :
2439 2743 2644 2804 prapter
2661 2734 2795 2803 quod
2818 2740 2866 2788 et
2891 2746 2979 2788 vos
3003 2734 3216 2804 gaudete
3234 2772 3249 2798 ,
3266 2741 3463 2786 etcen-

1876 2827 2212 2899 gratulamim'
2234 2829 2360 2883 mihi
2385 2827 2645 2900 (Philipp.
2667 2826 2723 2882 2.
2754 2822 2844 2881 17.
2876 2824 2988 2894 18).
3018 2823 3281 2893 Quidnam
3310 2822 3468 2894 igitur

1884 2917 2010 2974 huic
2058 2918 2246 2974 hostiae
2287 2918 2583 2989 reperietur
2605 2915 2838 2988 aequale,
2863 2926 3020 2986 quam
3046 2913 3244 2970 Paulus
3281 2912 3468 2969 stricto

1883 3012 2052 3067 sancti
2079 3010 2307 3081 Spiritus
2326 3010 2503 3082 gladio
2524 3009 2821 3065 immolavit
2838 3049 2854 3074 ,
2884 3022 3151 3080 quamque
3182 3008 3237 3063 in
3265 3006 3359 3063 illo
3385 3006 3466 3062 al-

1884 3103 1985 3157 tari
2010 3103 2222 3168 obtulit,
2254 3103 2396 3174 quod
2421 3116 2580 3173 supra
2609 3103 2770 3159 caelos
2798 3101 3026 3158 locatum
3056 3101 3176 3157 est?
3196 3100 3303 3158 Sed
3332 3099 3466 3157 Abel

1882 3195 2008 3249 dolo
2056 3196 2292 3264 germani
2343 3208 2627 3265 percussus
2680 3193 2927 3250 occubuit
2960 3192 3114 3265 (Gen.
3144 3194 3179 3248 4
3212 3193 3231 3263 )
3264 3208 3279 3245 :
3307 3200 3467 3263 atque

1886 3284 2010 3340 hinc
2029 3284 2249 3340 ell‘ectus
2275 3292 2358 3340 est
2376 3283 2588 3339 clarior.
2611 3283 2681 3338 At
2707 3297 2806 3353 ego
2832 3282 3139 3339 innumeras
3166 3280 3259 3337 tibi
3284 3289 3466 3337 osten-

1884 3376 2005 3430 dam
2033 3384 2251 3439 mortes,
2280 3383 2358 3430 tot
2376 3373 2577 3445 utique,
2603 3381 2733 3445 quot
2755 3373 2917 3430 etiam
2941 3372 3056 3429 dies
3076 3371 3260 3428 beatus
3286 3368 3389 3426 iste
3409 3370 3463 3425 in

1883 3465 2261 3536 praedicatione
2286 3464 2434 3520 vixit.
2452 3464 2508 3521 Si
2528 3476 2655 3520 vero
2676 3477 2795 3520 eam
2820 3477 3032 3534 quoque
3048 3462 3128 3518 vis
3145 3474 3306 3517 nosse
3320 3474 3466 3515 mor-

1880 3568 1989 3614 tem
2013 3600 2029 3625 ,
2060 3574 2179 3629 qua:
2219 3558 2508 3613 novissime
2548 3557 2709 3613 etiam
2752 3556 2913 3612 rebus
2941 3554 3158 3625 impleta
3183 3562 3303 3609 est:
3330 3546 3463 3609 Abel

1883 3650 2099 3721 quidem
2126 3665 2156 3704 a
2182 3649 2344 3705 fratre
2364 3691 2378 3715 ,
2407 3660 2467 3704 ut
2497 3647 2627 3704 nihil
2649 3664 2680 3703 a
2708 3662 2768 3704 se
2795 3647 2953 3714 laaso,
2985 3648 3057 3702 ita
3086 3645 3247 3702 nullis
3272 3644 3464 3700 aﬂ'ecto

1883 3743 2158 3798 beneficiis
2178 3743 2527 3811 interemptus
2543 3750 2658 3807 est;
2682 3739 2879 3795 Paulus
2903 3752 3032 3795 vero
3057 3735 3125 3793 ab
3152 3735 3218 3791 iis
3247 3734 3464 3791 interfe-

1881 3840 2000 3888 ctus
2046 3840 2163 3899 est,
2206 3846 2340 3902 quos
2374 3829 2667 3886 innumeris
2694 3828 2850 3885 malis
2873 3827 3119 3898 cupiebat
3136 3826 3378 3894 eripere,
3409 3834 3465 3879 et

1882 3933 2102 3995 propter
2121 3937 2255 3993 quos
2299 3922 2548 3978 sustinuit
2572 3921 2830 3976 'universa
2866 3930 2985 3987 quae
3013 3928 3200 3987 passus
3224 3923 3325 3970 est.
3355 3914 3462 3969 Sed

1883 4016 1996 4073 Noe
2011 4014 2184 4085 justus
2201 4014 2254 4068 in
2274 4012 2616 4083 generatione
2636 4025 2755 4077 sua,
2785 4016 2944 4078 atque
2964 4004 3231 4077 perfectus
3251 4046 3266 4071 ,
3291 4013 3344 4059 et
3368 4019 3462 4059 so-

1884 4107 1966 4161 lus
1993 4110 2108 4161 erat
2136 4104 2255 4160 talis
2279 4104 2331 4158 in
2358 4103 2563 4158 cunctis
2582 4098 2733 4172 (Gen.
2760 4099 2813 4155 ϐ.
2837 4098 2871 4154 9
2903 4098 2943 4165 ):
2966 4096 3063 4154 sed
3078 4103 3133 4152 et
3154 4094 3353 4150 Paulus
3376 4108 3464 4149 so-

1884 4199 1968 4253 lus
1996 4198 2136 4252 inter
2163 4208 2351 4252 omnes
2377 4194 2518 4249 talis.
2549 4192 2621 4247 Et
2643 4193 2735 4248 ille
2761 4189 2977 4262 quidem
3005 4202 3066 4246 se
3091 4186 3464 4243 tantummodo

1882 4290 2072 4361 legitur
2089 4301 2333 4345 servasse
2356 4301 2477 4342 cum
2496 4285 2711 4349 liberis;
2733 4281 2823 4338 hic
2846 4289 3025 4337 autem
3047 4280 3216 4336 mqu
3240 4277 3465 4335 saeviore

1883 4381 2137 4437 mundum
2179 4380 2469 4435 inundante
2521 4376 2719 4434 diluvio
2744 4417 2761 4444 ,
2810 4388 2919 4431 non
2960 4388 3138 4430 arcam
3165 4371 3463 4443 coaptando

1882 4473 2283 4545 compaginibus
2310 4472 2606 4527 tabularum
2632 4510 2647 4536 ,
2678 4468 2773 4526 sed
2811 4467 3065 4539 epistolas
3091 4464 3465 4537 componendo

1882 4582 1980 4639 pro
2010 4567 2203 4623 tabulis
2221 4608 2236 4633 ,
2259 4581 2365 4621 non
2390 4562 2525 4621 duos
2545 4562 2628 4619 vel
2656 4573 2766 4618 tres
2793 4567 2884 4616 aut
2904 4558 3143 4631 quinque
3170 4563 3426 4628 cognatos
3442 4597 3459 4623 ,

1882 4661 1976 4718 sed
1995 4660 2299 4716 universum
2325 4671 2543 4728 prorsus
2570 4654 2754 4711 orbem
2784 4653 2950 4725 mergi
2981 4650 3366 4723 periclitantem
3398 4666 3464 4705 ex

1870 4753 2071 4810 mediis
2093 4752 2340 4808 ﬂuctibus
2356 4749 2619 4806 liberavit.
2643 4747 2753 4804 Nec
2767 4759 2895 4802 vero
2910 4752 3027 4800 erat
3045 4743 3161 4799 haec
3182 4743 3299 4799 talis
3317 4753 3463 4809 arca,

1882 4855 1942 4901 ut
1960 4856 2067 4900 uno
2086 4842 2519 4899 circumferretur
2536 4839 2674 4906 loco,
2697 4852 2815 4909 quae
2832 4834 3013 4907 utique
3038 4832 3184 4891 Orbis
3200 4843 3465 4890 terrarum

1883 4937 2140 4994 terminos
2163 4932 2583 5005 comprehendit.
2613 4928 2743 4988 Nam
2780 4940 2949 5000 usque
2992 4940 3133 4984 nunc
3173 4938 3361 4983 omnes
3412 4926 3469 4980 in

1884 5030 2023 5086 hanc
2046 5043 2225 5084 arcam
2246 5026 2441 5082 Paulus
2460 5025 2696 5092 inducit,
2726 5038 2883 5093 quam
2908 5030 3055 5079 certe
3080 5033 3332 5091 capacem
3361 5018 3481 5073 sal-

1882 5121 2069 5177 vandze
2098 5117 2450 5174 multitudinis
2484 5115 2822 5187 prteparavit,
2852 5129 2970 5185 quae
2999 5112 3296 5182 suscipiens
3329 5108 3465 5164 irra-
3506 5134 3508 5137 τ

1884 5210 2227 5267 tionabilibus
2255 5224 2389 5280 pene
2413 5206 2728 5263 animalibus
2746 5207 3037 5271 Stultiores,
3066 5203 3359 5258 imitatores
3384 5200 3467 5254 el-

1885 5305 1993 5360 ﬁcit
2016 5302 2352 5375 angelorum.
2393 5301 2460 5356 Et
2484 5299 2609 5355 hinc
2636 5314 2846 5371 quoque
2889 5298 3030 5353 illam
3058 5296 3220 5350 vincit
3246 5309 3456 5360 arcam,

1882 5397 2005 5469 quia
2029 5396 2117 5451 illa
2160 5393 2374 5464 quidem
2416 5408 2635 5449 corvum
2685 5390 2982 5460 recipiens,
3024 5384 3240 5443 corvum
3270 5400 3464 5439 rursus

1882 5488 2059 5544 emisit
2090 5484 2241 5561 (Gen.
2268 5485 2302 5541 8
2328 5486 2371 5554 ),
2402 5494 2457 5540 et
2482 5483 2758 5539 includens
2782 5482 2966 5550 lupum
2992 5520 3008 5544 ,
3053 5476 3316 5532 feritatem
3343 5474 3462 5545 ejus

1882 5588 2091 5635 mutare
2134 5592 2239 5633 non
2268 5577 2440 5647 potuit
2471 5594 2485 5631 :
2513 5575 2627 5629 base
2666 5589 2792 5628 vero
2818 5587 2922 5626 non
2950 5570 3019 5624 ita
3040 5610 3056 5636 ,
3092 5567 3187 5623 sed
3216 5574 3464 5635 acceptos

1864 5671 2037 5744 (lupos
2061 5686 2188 5730 oves
2231 5667 2488 5739 reddidit,
2519 5664 2801 5725 accipitres
2841 5662 3137 5734 milvosque
3164 5658 3464 5730 suscipiens

381 5794 457 5856 (a)
479 5789 579 5843 Col.
594 5804 704 5841 cum
717 5791 822 5840 Cod.
850 5799 963 5855 Reg.
991 5793 1123 5853 1936,
1148 5794 1197 5844 in
1214 5806 1308 5854 quo
1332 5793 1484 5857 prima
1507 5794 1661 5847 solum
1678 5796 1900 5850 habetur.
