3892 6294
479 391 582 454 ινδ
602 359 625 369 ’

475 506 599 563 fecit
625 510 900 571 columbas
924 514 1022 589 (a),
1050 528 1103 575 et
1129 523 1419 582 excludens
1445 543 1657 587 omnem
1676 534 2050 595 irrationabili-

478 607 643 655 tatem
672 611 830 675 atque
856 606 1207 680 ferocitatem,
1235 620 1691 677 mansuetudinem
1720 624 1947 695 Spiritus
1970 630 2048 684 in-

477 689 716 745 troduxit
744 702 757 747 ‘:
789 705 1072 767 manetque
1100 701 1256 759 hodie
1282 705 1396 761 haec
1424 689 1922 784 arcananavigans,
1954 734 2052 775 nec

476 786 652 835 tamen
678 783 960 853 aliquando
985 789 1331 862 dissolvitur,
1360 813 1460 854 nec
1504 801 1645 857 valet
1687 783 1915 861 tabulas
1937 810 2051 877 ejus

476 866 581 921 ulla
611 871 827 927 malitiae
862 875 1041 933 laxare
1065 887 1386 951 tempestas:
1419 888 1544 957 quin
1568 892 1743 959 potius
1776 895 1887 964 ipsa
1915 866 2050 952 tein-

476 963 695 1029 pestatis
722 975 895 1022 motus
914 974 1207 1043 navigando
1232 984 1579 1049 compescuit,
1607 986 1745 1055 quod
1767 963 1894 1044 satis
1920 1006 2049 1046 con-

476 1063 759 1120 sequenter
787 1058 1027 1115 effectum
1054 1075 1154 1119 est.
1186 1067 1303 1123 Non
1333 1071 1476 1125 enim
1501 1073 1762 1132 bitumine
1782 1090 1872 1133 aut
1898 1083 2046 1150 pice,

473 1143 568 1237 sed
611 1158 797 1237 sancto
828 1150 1030 1221 Spiritu
1080 1159 1196 1227 ejus
1227 1161 1418 1217 tabulae
1464 1176 1583 1221 sunt
1614 1143 1913 1237 perunctae.-

475 1233 755 1302 Abraham
776 1242 1037 1299 mirantur
1065 1262 1273 1315 omnes,
1303 1253 1424 1321 quia
1445 1270 1564 1309 cum
1595 1233 1861 1315 audisset:
1886 1263 2049 1317 Abrao

473 1696 673 1740 ramur.
701 1684 806 1742 Sed
830 1690 955 1759 quid
984 1692 1147 1750 Paulo
1168 1700 1336 1767 possit
1371 1705 1572 1773 aequari
1598 1684 1860 1777 ?qui_non
1890 1712 2049 1767 modo

474 1777 722 1872 patriam,
746 1796 1021 1854 cognatos,
1034 1802 1097 1843 ac
1121 1790 1359 1861 domum,
1375 1796 1468 1851 sed
1488 1798 1658 1868 ipsum
1671 1816 1880 1872 quoque
1896 1820 2048 1858 mun-

471 1865 600 1923 dum
639 1872 891 1942 reliquit:
934 1877 1042 1933 imo
1067 1881 1228 1936 etiam
1249 1885 1470 1953 caalum,
1503 1865 1558 1943 et
1593 1891 1783 1945 czelum
1811 1894 1960 1959 caeli,
1996 1902 2049 1949 et

473 1955 590 2013 haec
607 1962 783 2016 omnia
804 1963 1069 2021 Christum
1095 1972 1435 2040 suSpiciendo
1459 1976 1738 2047 despexit:
1768 1997 1929 2035 unum
1946 1955 2048 2053 pro

470 2052 677 2105 eunetis
700 2062 754 2109 et
775 2057 947 2111 solum
967 2100 982 2127 ,
1003 2058 1056 2114 id
1085 2070 1167 2116 est
1185 2104 1199 2127 ,
1227 2063 1422 2120 Christi
1444 2070 1717 2126 caritatem
1748 2075 2043 2145 requirens,

474 2138 656 2210 Neque
682 2151 978 2216 prasentia,
1013 2151 1213 2224 inquit,
1236 2173 1392 2226 neque
1418 2163 1609 2229 futura,
1632 2180 1787 2235 neque
1810 2138 2045 2237 altitudo,

470 2248 628 2303 neque
654 2240 982 2309 profundum,
1013 2260 1172 2314 neque
1198 2248 1303 2301 alia
1330 2261 1560 2305 creatura
1582 2256 1762 2322 poterit
1791 2272 1882 2309 nos
1902 2273 2049 2327 sepa-

378 2384 382 2393 ‘
466 2337 584 2377 rare
600 2340 633 2379 a
654 2328 861 2382 caritate
882 2329 995 2397 Dei,
1018 2349 1129 2401 quae
1152 2345 1225 2388 est
1257 2336 1310 2389 in
1334 2337 1530 2392 Christo
1557 2340 1683 2395 Jesu
1712 2342 1926 2398 Domino
1950 2362 2045 2399 no-

467 2423 574 2469 stro
594 2414 615 2485 (
638 2415 790 2470 Rom.
817 2419 870 2474 8.
899 2421 986 2475 58.
1005 2423 1119 2491 39).
1145 2425 1249 2480 Sed
1273 2428 1539 2483 Abraham
1567 2432 1799 2501 seipsum
1830 2435 1881 2488 in
1910 2437 2046 2503 peri-

466 2505 646 2563 eulum
686 2509 932 2577 tradens,
988 2511 1229 2570 hostibus
1276 2517 1439 2572 ﬁlium
1492 2520 1670 2576 fratris
1721 2525 1942 2593 eripuit;
1990 2537 2045 2581 at

468 2593 665 2651 Paulus
688 2612 792 2652 non
814 2599 991 2655 fratris
1016 2602 1178 2658 lilium
1197 2646 1212 2672 ,
1242 2622 1414 2677 neque
1448 2618 1554 2664 tres
1579 2623 1669 2665 aut
1692 2612 1923 2682 quinque
1950 2631 2042 2669 ur-

467 2683 593 2751 bes,
641 2686 738 2740 sed
782 2689 967 2744 orbem
1013 2693 1316 2749 universum
1369 2697 1439 2753 de
1494 2698 1606 2767 ipsa
1658 2700 2041 2759 daemoniorum

464 2776 689 2831 extorsit
711 2792 901 2845 manu,
930 2781 1336 2840 innumerabilia
1374 2803 1468 2857 per
1486 2790 1603 2846 dies
1634 2791 1868 2862 singulos
1897 2796 2040 2863 peri-

467 2863 583 2918 cula
609 2866 921 2923 sustinendo
943 2909 961 2937 ,
993 2874 1327 2943 propriisque
1352 2879 1610 2934 mortibus
1638 2882 1919 2936 maximam
1950 2898 2039 2939 se-

465 2954 741 3010 curitatem
770 2957 889 3014 aliis
915 2964 1291 3031 comparando.
1316 2965 1485 3037 Caput
1531 2970 1789 3026 bonorum
1820 2973 2040 3042 ejuSque

462 3042 673 3100 culmen
702 3047 1050 3120 philosophia:
1070 3062 1170 3121 est,
1199 3055 1364 3112 filium
1389 3060 1803 3129 sacrificavisse;
1831 3064 1925 3119 sed
1954 3064 2040 3119 hic

463 3147 675 3207 quoque
705 3140 1031 3198 inveniemus
1059 3143 1278 3201 Paulum
1304 3150 1502 3220 primas
1529 3162 1705 3221 partes
1734 3161 1999 3210 tenentem
2019 3196 2036 3223 ,

462 3226 552 3293 qui
576 3243 683 3283 non
709 3229 895 3300 filium,
918 3233 1013 3290 sed
1041 3239 1405 3308 semetipsum,
1436 3250 1492 3297 ut
1523 3242 1665 3311 dixi,
1713 3245 1905 3301 millies
1929 3247 2031 3300 im-

467 3319 701 3375 molavit.
725 3322 785 3377 ln
805 3322 949 3381 Isaac
963 3328 1174 3396 quidem
1199 3330 1386 3402 aliquis
1405 3333 1712 3401 admiratur,
1737 3346 1787 3391 et
1808 3336 1910 3391 alia
1926 3337 2041 3406 qui-

466 3408 588 3465 dem
613 3412 854 3481 plurima,
883 3418 976 3471 sed
1003 3421 1267 3489 praecipue
1298 3425 1599 3492 patientiam
1628 3444 1643 3480 :
1667 3428 1915 3497 quoniam
1936 3444 2037 3498 pu-

461 3507 578 3554 teos
599 3502 824 3572 fodiens,
841 3513 896 3559 et
911 3510 1138 3578 propriis
1157 3513 1445 3581 exagitatus
1468 3516 1732 3571 laboribus
1770 3517 1845 3588 (b)
1881 3517 2033 3587 (Gen.

466 3589 580 3661 26),
612 3592 829 3647 minime
863 3596 1175 3653 resistebat:
1197 3600 1291 3655 sed
1338 3604 1503 3658 factos
1535 3619 1563 3656 a
1583 3620 1643 3660 se
1669 3615 1857 3675 puteos
1882 3607 2034 3663 obrui

462 3679 777 3750 patiebatur,
804 3692 962 3754 atque
1004 3686 1069 3741 ad
1112 3687 1273 3743 alium
1320 3705 1531 3761 semper
1556 3694 1813 3764 migrabat
1838 3696 2033 3751 locum.

464 3769 645 3841 Neque
670 3773 888 3828 collecta
914 3790 1132 3831 suorum
1150 3793 1309 3834 manu
1340 3781 1392 3835 in
1416 3782 1749 3840 adversarios
1774 3786 2029 3855 irruebat,

464 3859 557 3917 sed
584 3862 791 3931 propria
816 3866 1151 3933 possessione
1181 3868 1373 3940 ubique
1413 3871 1664 3939 cedebat,
1695 3875 2036 3945 quoadusque

463 3951 849 4022 iniquissimam
874 3955 1082 4014 illorum
1108 3961 1344 4029 expleret
1367 3964 1723 4033 cupiditatem.
1749 3968 1820 4022 At
1843 3968 2036 4024 Paulus

468 4059 573 4100 non
615 4058 803 4116 puteos
826 4064 1051 4107 cernens
1094 4053 1349 4122 lapidibus
1372 4056 1588 4111 obrutos
1606 4098 1622 4125 ,
1645 4059 1739 4113 sed
1765 4061 2035 4129 proprium

464 4151 654 4208 corpus
671 4181 688 4206 ,
713 4156 816 4197 non
839 4144 1010 4198 solum
1036 4144 1173 4199 sicut
1196 4145 1285 4201 ille
1304 4147 1544 4214 cedebat,
1573 4148 1666 4203 sed
1687 4150 1845 4204 etiam
1872 4165 1965 4207 eos
2002 4166 2034 4206 a

463 4230 653 4299 quibus
700 4222 1064 4301 lapidabatur,
1118 4236 1172 4290 in
1226 4237 1414 4292 cmlum
1474 4238 1719 4294 studebat
1785 4241 2031 4298 evehere.

463 4318 673 4385 Quanto
715 4323 856 4376 enim
904 4325 1130 4393 amplius
1173 4327 1494 4383 obruebatur
1540 4328 1657 4385 fons
1704 4331 1837 4397 iste,
1886 4341 2034 4391 tanto

464 4410 771 4479 erumpebat
797 4412 982 4481 magis,
1004 4428 1066 4468 ac
1086 4414 1264 4481 plures
1282 4431 1347 4471 ex
1376 4432 1435 4472 se
1461 4416 1647 4475 ﬂuvios
1678 4420 2030 4492 eﬂ'undendo,

467 4498 730 4554 manabat.
762 4500 839 4555 De
863 4500 1259 4572 longanimitate
1298 4520 1359 4561 ac
1404 4508 1653 4576 patientia
1685 4512 1839 4581 hujus
1866 4513 2031 4571 lilium

467 4588 628 4645 Iacob
673 4589 964 4646 admiratur
1002 4591 1295 4663 Scriptura.
1340 4596 1405 4651 Et
1430 4613 1670 4667 quaenam
1700 4602 1788 4656 illa
1814 4613 1897 4658 est
1927 4613 2032 4659 tam

464 4678 800 4734 adamantina
823 4694 1038 4750 prorsus
1057 4683 1252 4751 anima,
1271 4701 1388 4755 qua:
1413 4686 1556 4743 Pauli
1575 4691 1879 4759 patientiam
1906 4709 2033 4763 pos-

458 4768 532 4823 sit
556 4769 750 4825 imitari
773 4771 797 4824 τ
824 4770 1005 4841 Neque
1024 4771 1167 4828 enim
1191 4774 1272 4831 bis
1291 4785 1492 4846 septem
1520 4793 1799 4848 annorum,
1829 4784 1922 4839 sed
1948 4793 2032 4839 to-

464 4860 568 4914 tius
616 4861 737 4915 vita:
782 4864 1053 4919 servitium
1082 4880 1179 4934 pro
1203 4880 1397 4937 sponsa
1422 4871 1637 4938 pertulit
1665 4872 1861 4930 Christi
1882 4917 1896 4941 ,
1925 4893 2031 4934 non

461 4948 680 5004 adustus
702 4951 871 5006 solum
892 4962 1026 5008 aestu
1048 4954 1150 5009 diei
1165 4965 1218 5011 et
1242 4958 1412 5013 noctis
1430 4960 1571 5029 gelu,
1599 4961 1693 5017 sed
1716 4966 2031 5022 tentationes

465 5039 609 5095 mille
655 5042 958 5111 perpetiens
988 5061 1001 5096 :
1033 5052 1088 5099 et
1109 5061 1250 5102 nunc
1266 5048 1477 5118 quidem
1506 5050 1811 5109 verberibus
1829 5093 1845 5120 ,
1892 5040 2033 5111 nunc

466 5146 591 5187 vero
620 5132 880 5204 lapidibus
904 5136 1100 5192 scissus
1123 5147 1279 5209 atque
1304 5142 1541 5209 eollisus,
1572 5154 1626 5200 et
1651 5161 1791 5202 nunc
1815 5147 2031 5218 quidem

464 5237 583 5277 cum
627 5224 844 5292 bestiis,
893 5225 1055 5281 modo
1090 5238 1267 5284 autem
1292 5230 1539 5289 ﬂuctibus
1564 5250 1800 5306 pugnans
1829 5256 1842 5292 :
1873 5238 2034 5294 modo

466 5313 627 5367 etiam
667 5314 842 5369 nimiae
867 5325 1025 5386 atque
1073 5321 1337 5376 continuae
1380 5325 1643 5381 reluctans
1690 5326 1814 5382 fami
1844 5327 2034 5384 diebus

462 5413 618 5473 atque
644 5407 883 5462 noctibus
905 5448 921 5475 ,
951 5416 1005 5464 et
1043 5407 1180 5466 inter
1210 5415 1494 5471 certamina
1521 5416 1715 5487 ubique
1753 5418 2033 5489 prosiliens

464 5494 537 5565 (2.
568 5495 686 5551 Cor.
716 5497 848 5571 ιι),
871 5511 1050 5570 captas
1072 5518 1198 5558 oves
1223 5520 1287 5560 ex
1312 5506 1502 5563 diaboli
1528 5510 1764 5565 faucibus
1786 5513 2036 5569 extrahe-

523 5585 741 5663 (ξυμ
768 5590 1006 5663 habentur
1028 5594 1076 5641 in
1094 5596 1254 5663 aliqua
1286 5598 1589 5650 Homiliarum
1629 5601 1695 5651 de
1727 5605 2031 5663 Ptnnitentia,

457 5646 706 5755 qumglirln
730 5653 869 5756 t'ertia
894 5646 1260 5721 numerabatixr;
1284 5646 1415 5710 nunc
1430 5646 1593 5713 ἁδιἑῶ
1616 5646 1695 5713 est

461 5717 588 5767 quin:
652 5722 714 5756 te
754 5723 921 5761 .azaro.

522 5765 597 5831 (b)
628 5777 787 5820 «mea
806 5776 967 5825 versio
989 5775 1150 5841 habet,
1176 5784 1369 5846 proprie
1385 5790 1585 5835 exactus
1618 5782 1816 5847 ﬁnibus.

1238 410 1297 468 Β.
1335 413 1611 475 JOANNIS
1640 422 2106 486 CHRYSUSTUII
2145 432 2463 496 ARCHIEP.
2503 441 3040 504 CONSTANTINOP.

3632 451 3746 509 I76

2158 548 2267 604 bat.
2312 551 2415 608 Sed
2458 566 2511 611 et
2556 558 2751 629 Ioseph
2803 562 3066 630 pudicitia:
3096 563 3287 619 virtute
3328 561 3608 622 decoratus
3653 577 3743 621 est

2159 642 2311 712 (Gen.
2339 645 2430 715 39)
2463 663 2477 711 ;
2509 659 2561 701 at
2584 664 2683 718 ego
2718 666 2907 706 vereor
2937 668 3002 707 ne
3022 653 3132 723 jam
3173 654 3453 709 ridiculum
3503 658 3571 710 sit
3608 659 3745 711 hinc

2154 734 2376 792 Paulum
2406 741 2539 795 velle
2568 742 2804 811 laudare,
2828 746 2915 814 qui
2943 756 3108 800 semet
3136 747 3306 816 ipsum
3331 748 3529 803 mundo
3553 750 3742 803 cruci-

2155 825 2320 898 ﬁgens
2359 830 2554 901 (Galat.
2588 834 2686 902 6),
2722 852 2826 891 non
2869 838 3042 892 solum
3073 839 3421 895 humanorum
3448 855 3741 911 corporum

2157 920 2575 987 pulchritudines
2594 967 2607 987 ,
2635 926 2730 981 sed
2755 928 2929 981 omnia
2959 929 3027 983 ita
3058 931 3339 997 cernebat,
3382 932 3742 1003 quemadmo-

2154 1013 2279 1066 dum
2308 1029 2404 1070 nos
2447 1015 2677 1072 favillam
2705 1019 3045 1090 cineremque
3074 1022 3398 1091 despicimus
3418 1066 3434 1091 ,
3463 1024 3552 1094 qui
3579 1024 3741 1093 quasi

2154 1117 2394 1161 mortuus
2414 1123 2629 1177 prorsus
2656 1112 2720 1165 ad
2746 1122 3009 1167 mortuum
3050 1114 3334 1170 immobilis
3365 1116 3738 1187 permanebat.

2154 1195 2334 1266 Itaque
2360 1213 2480 1253 cum
2506 1209 2655 1254 tanta
2671 1202 2831 1255 animi
2870 1218 2995 1257 cura
3043 1206 3418 1275 comprimeret
3466 1208 3737 1261 incentiva

2153 1285 2398 1342 vitiorum
2427 1301 2481 1344 et
2524 1300 2760 1359 naturae,
2808 1294 2936 1348 nihil
2984 1294 3272 1351 humanum
3302 1296 3369 1351 ab
3412 1298 3589 1367 aliquo
3633 1298 3739 1352 ali-

2152 1378 2364 1447 quando
2391 1395 2671 1449 perpessus
2692 1393 2790 1438 eSt.
3378 1460 3385 1467 _

2222 1468 2419 1524 Paulus
2462 1488 2575 1526 cum
2623 1471 2723 1529 Job
2761 1479 3132 1546 confertur.—
3175 1477 3399 1548 Stupent
3436 1486 3583 1533 certe
3626 1477 3739 1533 Job

2152 1577 2337 1617 omnes
2385 1564 2656 1629 homines,
2686 1574 2739 1621 et
2780 1567 2933 1622 valde
2980 1568 3160 1638 utique
3210 1571 3605 1624 convenienter.
3638 1570 3741 1623 Est

2153 1654 2294 1707 enim
2324 1654 2410 1708 ille
2436 1655 2633 1711 athleta
2667 1658 2922 1712 mirabilis
2948 1677 2961 1713 :
2987 1667 3035 1714 et
3060 1661 3148 1729 qui
3171 1660 3387 1714 Paulum
3421 1660 3591 1730 ipsum
3619 1660 3740 1714 vel-

2151 1754 2209 1798 ut
2236 1761 2299 1799 ex
2346 1745 2571 1801 adverso
2607 1749 2773 1815 possit
2814 1749 3054 1818 aspicere
3096 1751 3163 1804 ob
3188 1751 3490 1821 patientiam
3524 1751 3737 1820 purita-

2153 1843 2365 1904 temque
2395 1836 2536 1904 vitat,
2570 1836 2638 1890 ob
2667 1838 3025 1894 testimonium
3053 1840 3169 1908 Dei,
3203 1849 3414 1910 prepter
3436 1841 3577 1894 illam
3605 1856 3740 1894 cum

2150 1924 2363 1980 diabolo
2400 1927 2741 1981 fortissimam
2783 1944 3031 1999 pugnam,
3065 1940 3280 2000 propter
3306 1932 3579 1985 victoriam
3608 1945 3741 2000 qum

2150 2030 2379 2086 pugnam
2405 2027 2624 2087 sequuta
2652 2029 2767 2084 est;
2795 2020 3056 2074 atPaulus
3079 2035 3183 2075 non
3215 2021 3480 2075 mensibus
3497 2030 3736 2082 tantum,

2149 2108 2242 2162 sed
2272 2108 2424 2161 annis
2453 2108 2691 2177 plurimis
2739 2109 2792 2163 in
2850 2124 3017 2178 agone
3043 2110 3335 2180 pertlurans
3354 2152 3370 2175 ,
3414 2102 3521 2163 tam
3548 2110 3739 2163 clarus

2148 2200 2383 2266 emicuit,
2417 2216 2524 2254 non
2549 2209 2702 2254 terra:
2734 2200 2886 2270 gleba
2907 2201 3108 2253 saniem
3131 2200 3307 2254 carnis
3334 2199 3559 2254 eradens
3582 2240 3597 2263 ,
3632 2197 3738 2252 sed

2150 2290 2201 2344 in
2234 2290 2397 2359 ipsius
2426 2290 2769 2359 intelligibilis
2792 2304 2853 2343 os
2884 2290 3052 2343 leonis
3087 2288 3387 2356 frequenter
3421 2290 3736 2351 incurrens,

2147 2389 2201 2433 et
2249 2395 2485 2449 pugnans
2536 2380 2791 2433 adversus
2838 2379 3154 2433 tentationes
3204 2377 3545 2443 innumeras,
3575 2379 3739 2433 omni

2148 2480 2265 2525 erat
2299 2470 2471 2539 lapide
2502 2468 2828 2533 tolerantior,
2859 2468 2947 2537 qui
2979 2482 3082 2520 non
3125 2481 3155 2520 a
3186 2466 3351 2521 tribus
3379 2476 3467 2520 aut
3496 2477 3739 2535 quatuor

2147 2561 2353 2625 amicis,
2382 2560 2476 2615 sed
2503 2576 2531 2614 a
2553 2560 2757 2615 cunctis
2786 2558 3107 2622 infidelibus,
3137 2573 3167 2611 a
3190 2556 3332 2611 falsis
3352 2559 3509 2612 etiam
3541 2558 3737 2613 fratri-

2146 2655 2245 2708 bus
2269 2653 2551 2722 opprobria
2591 2651 2920 2717 sustinebat,
2952 2658 3294 2719 conSpntatus
3341 2650 3407 2704 ab
3433 2652 3689 2705 omnibus
3712 2692 3731 2717 ,

2144 2756 2302 2815 atque
2331 2743 2661 2799 maledictus.
2684 2742 2789 2799 Sed
2814 2742 2953 2797 illius
2991 2751 3107 2796 erat
3135 2756 3320 2811 magna
3348 2740 3684 2810 hospitalitas
3712 2783 3729 2805 ,

2147 2845 2202 2891 et
2228 2850 2354 2889 cura
2378 2848 2705 2904 pauperum:
2746 2848 2844 2887 nec
2870 2847 2966 2886 nos
3000 2834 3213 2901 quidem
3256 2833 3395 2888 istud
3425 2847 3727 2901 negamus;

2141 2927 2234 2983 sed
2260 2927 2404 2982 Pauli
2427 2941 2544 2982 eam
2574 2923 2882 2981 liberalitate
2904 2923 3205 2979 inferiorem
3225 2922 3497 2990 docemus,
3520 2932 3575 2976 et
3594 2930 3730 2975 tan-

2142 3028 2197 3074 to
2223 3018 2545 3083 inferiorem,
2564 3025 2758 3086 quanto
2773 3017 2946 3070 anima
2975 3023 3056 3069 est
3078 3029 3270 3083 corpus
3286 3014 3521 3069 inferius.
3544 3014 3727 3080 Quam

2140 3112 2280 3166 enim
2308 3110 2396 3164 ille
2420 3124 2600 3163 curam
2623 3106 2960 3176 impendebat
2986 3121 3145 3161 carne
3170 3103 3598 3165 debilibus,hanc
3617 3105 3728 3158 iste

2140 3203 2315 3256 anima
2334 3200 2588 3256 morbidis
2607 3200 2908 3263 exhibebat,
2929 3214 3072 3254 nunc
3091 3199 3286 3253 mentis
3302 3197 3546 3252 sensibus
3566 3196 3727 3250 clau-

2140 3294 2378 3349 dicantes
2406 3290 2682 3361 dirigendo
2719 3290 2772 3345 in
2804 3292 2934 3365 recti
2982 3289 3187 3345 itineris
3235 3289 3498 3342 incessum
3530 3328 3543 3354 ,
3574 3300 3724 3341 nunc

2140 3382 2378 3438 nuditate
2437 3381 2703 3437 deformes
2766 3378 2900 3435 stola
2950 3380 3179 3435 emlestis
3220 3378 3570 3448 philosophiae
3621 3391 3726 3431 ve-

2139 3473 2368 3529 stiendo.
2402 3472 2458 3527 ln
2492 3471 2858 3541 corporalibus
2902 3486 3114 3540 quoque
3137 3469 3408 3523 beneficiis
3436 3478 3583 3521 tanto
3624 3468 3725 3521 ille

2139 3562 2441 3633 superabat,
2466 3571 2662 3633 quanto
2690 3570 2773 3623 est
2798 3560 3022 3631 amplius
3051 3561 3101 3615 in
3128 3558 3263 3613 fame
3293 3566 3346 3612 et
3368 3565 3604 3629 egestate
3631 3558 3721 3611 v1-

2138 3666 2347 3711 ventem
2374 3654 2727 3725 indigentibus
2748 3654 2884 3710 ferre
2914 3653 3236 3723 praesidium,
3262 3667 3419 3721 quam
3453 3647 3508 3705 id
3536 3652 3721 3720 ipsum

2137 3746 2203 3801 de
2228 3746 2525 3800 divitiarum
2551 3744 2818 3800 afﬂuentia
2841 3744 3158 3798 ministrare.
3180 3742 3310 3796 Nam
3338 3741 3477 3795 illius
3496 3740 3720 3809 quidem

2138 3840 2284 3893 omni
2312 3836 2610 3892 advenienti
2648 3835 2980 3905 aperiebatur
3000 3833 3220 3899 domus,
3251 3830 3405 3900 hujus
3443 3845 3575 3884 vero
3600 3829 3722 3883 ani-

2142 3945 2227 3985 ma
2251 3931 2500 3984 universo
2526 3927 2737 3999 patebat
2758 3927 2875 3982 orbi
2900 3967 2915 3993 ,
2948 3941 3011 3980 ac
3041 3925 3271 3979 fidelium
3305 3921 3529 3992 populos
3559 3920 3718 3975 beni-

2137 4038 2253 4093 gna:
2291 4021 2485 4076 mentis
2512 4020 2801 4089 recipiebat
2828 4019 3092 4087 hospitio,
3116 4016 3298 4071 dicens
3331 4032 3344 4067 :
3387 4014 3510 4067 Non
3550 4030 3721 4085 angu-

2137 4115 2361 4169 stiamim’
2383 4114 2437 4166 in
2462 4114 2603 4167 nobis
2627 4152 2641 4176 ,
2683 4110 3041 4181 angustiamini
3067 4118 3232 4160 mitem
3261 4107 3313 4159 in
3338 4105 3613 4159 visceribus
3640 4121 3721 4158 vc—

2136 4204 2275 4276 stris(
2297 4204 2353 4257 2.
2386 4202 2505 4257 Cor.
2537 4202 2589 4257 6.
2620 4201 2729 4272 Η).
2768 4202 2835 4254 Ει
2861 4199 2950 4253 ille
2987 4197 3199 4267 quidem
3227 4210 3347 4249 cum
3376 4209 3506 4248 oves
3532 4203 3591 4248 et
3618 4194 3719 4247 bo-

2137 4311 2230 4352 ves
2284 4295 2501 4350 haberet
2542 4294 2879 4354 innumeras,
2909 4298 3022 4343 erat
3069 4288 3121 4341 in
3154 4299 3411 4356 pauperes
3455 4285 3716 4347 liberalis;

2138 4388 2224 4443 hic
2250 4401 2378 4441 vero
2400 4385 2530 4438 nihil
2558 4382 2785 4452 amplius
2811 4394 3036 4448 corpore
3063 4393 3161 4432 suo
3189 4376 3486 4446 possidens,
3520 4376 3593 4430 de
3617 4375 3721 4429 hoc

2136 4480 2253 4547 ipso
2278 4476 2602 4532 sufﬁcienter
2644 4470 2998 4540 indigentibus
3041 4468 3369 4521 ministrabat
3399 4485 3413 4520 :
3446 4466 3594 4535 quod
3620 4467 3720 4519 ali—

2136 4569 2256 4623 cubi
2284 4568 2397 4636 ipse
2421 4575 2864 4627 commemorans,
2895 4560 3303 4624 Necessitatibus,
3337 4558 3530 4627 inquit,
3571 4560 3719 4623 meis,

2135 4670 2181 4714 et
2207 4661 2282 4713 his
2308 4659 2395 4729 qui
2414 4673 2605 4710 mecum
2629 4662 2769 4708 erant
2808 4654 3208 4706 ministraverunt
3232 4667 3410 4704 manus
3439 4651 3553 4703 ista:
3583 4652 3720 4721 (Act.

2135 4752 2225 4808 20.
2257 4754 2325 4807 54
2352 4753 2393 4821 ).
2424 4750 2676 4819 Corporis
2701 4747 2843 4802 enim
2870 4746 2952 4800 sui
2981 4760 3196 4813 operam
3222 4744 3368 4798 velut
3393 4760 3459 4799 ex
3485 4745 3723 4813 quadam

2138 4846 2476 4916 possessione
2500 4842 2700 4897 fructus
2727 4839 3083 4895 esurientibus
3106 4837 3413 4905 dcputabat.
3461 4835 3573 4891 Sed
3605 4852 3721 4890 ver-

2136 4951 2251 4992 mes
2272 4934 2532 4999 videlicet,
2550 4943 2707 5004 atque
2733 4932 2969 4993 vulnera,
2992 4942 3161 4982 sazvos
3181 4939 3339 4997 atque
3355 4926 3727 4982 intolerabiles

2139 5034 2327 5081 saneto
2353 5024 2455 5080 Job
2480 5023 2777 5079 inferebant
2802 5020 3013 5076 dolores
3046 5036 3059 5071 :
3087 5026 3143 5074 et
3178 5036 3279 5089 ego
3307 5020 3517 5083 fateor;
3558 5020 3657 5075 sed
3684 5019 3725 5073 si

2138 5132 2234 5186 per
2273 5125 2381 5170 tam
2429 5114 2624 5168 multos
2668 5127 2838 5168 annos
2875 5111 3022 5167 Pauli
3049 5113 3270 5167 verbera
3298 5151 3313 5177 ,
3356 5118 3413 5165 et
3458 5125 3589 5165 cum
3615 5110 3725 5180 jugi

2138 5207 2280 5262 fame
2312 5207 2473 5261 etiam
2515 5205 2829 5269 nuditatem,
2855 5213 3088 5269 catenas,
3115 5219 3388 5259 carcerem
3408 5245 3425 5271 ,
3458 5205 3689 5260 insidias
3712 5243 3728 5269 ,

2140 5298 2482 5370 periculaque
2506 5296 2834 5363 consideres,
2862 5310 2981 5364 quae
3005 5309 3033 5347 a
3062 5294 3369 5349 domesticis
3386 5335 3402 5360 ,
3445 5295 3516 5349 ab
3541 5307 3727 5351 extra-

2140 5388 2274 5455 neis,
2307 5403 2337 5441 a
2366 5386 2640 5456 tyrannis,
2667 5400 2698 5440 a
2747 5393 2859 5439 toto
2888 5392 3157 5453 postremo
3202 5384 3506 5451 patiebatur
3556 5386 3728 5439 orbe:

2140 5478 2303 5533 addas
2356 5477 2460 5531 huc
2503 5476 2662 5529 etiam
2690 5475 2773 5529 his
2823 5471 3061 5544 profecto
3102 5472 3386 5538 amariora,
3415 5473 3467 5527 id
3495 5484 3607 5541 est,
3636 5489 3729 5545 pro

2139 5572 2222 5627 eis
2248 5570 2339 5641 qui
2387 5569 2696 5624 labebantur
2717 5608 2734 5633 ,
2778 5567 2990 5621 dolores
3012 5605 3029 5630 ,
3065 5563 3479 5619 sollicitudinem
3511 5607 3528 5632 ,
3575 5582 3730 5637 quam

2143 5674 2242 5731 pro
2268 5659 2520 5715 Eeclesiis
2549 5659 2813 5720 omnibus,
2844 5657 3131 5717 ustionem,
3165 5670 3326 5722 quam
3371 5671 3471 5724 pro
3500 5659 3729 5713 scanda-

2144 5753 2315 5811 lizatis
2342 5751 2561 5823 singulis
2586 5750 2904 5822 perferebat,
2927 5745 3129 5802 videbis
3144 5747 3265 5817 quia
3286 5748 3432 5803 omni
3455 5758 3577 5805 erat
3606 5765 3733 5807 saxo
