3892 6294
184 342 299 398 475

184 461 401 516 ετέλεσε
422 501 437 528 ,
472 463 568 516 καὶ
613 461 793 514 πᾶσαν
827 457 1049 527 ἀλογίαν
1085 455 1180 511 καὶ
1207 453 1497 527 θηριωδίαν
1526 451 1625 523 τῆς
1659 447 1771 502 τῶν

183 562 493 636 ἀνθρώπων
548 559 764 630 φύσεως
815 557 1060 613 ἐκϐαλὼν
1085 597 1102 623 ,
1151 554 1251 626 τὴν
1306 551 1401 607 τοῦ
1455 550 1773 621 Πνεύματος

1003 322 1095 381 DE
1140 319 1485 381 LAUDIBL‘S
1524 320 1581 375 S.
1625 319 1830 375 PAULI
1871 322 2093 378 APOST
2098 324 2232 380 0L1.
2276 325 2508 388 HOMIL.
2549 328 2621 385 II.

3345 333 3451 392 -Πϐ

1873 453 1974 522 τῆς
2019 456 2114 511 τοῦ
2157 459 2399 513 διαϐόλου
2454 436 2735 530 φάρυγγος
2766 455 3125 529 ἀφαρπάζων.
3152 457 3312 512 Ἀλλά
3344 464 3452 513 σώ-

1875 570 2025 625 φρων
2047 554 2075 605 6
2113 552 2348 624 Ἰωσήφ;
2382 552 2543 605 Ἀλλά
2565 553 2777 607 δέδοικα
2813 552 2886 623 μὴ
2918 552 3090 621 γέλως
3189 553 3281 606 τὸν
3303 553 3453 607 Παῦ-

184 662 554 733 ὲπεισήγαγεν
576 657 909 729 ἡμερότητα,
931 653 1027 709 καὶ
1054 652 1216 723 μέχρι
1242 647 1336 703 νῦν
1362 649 1511 721 μένει
1536 648 1771 701 πλέουσα
1783 684 1851 751 4,.
1871 646 1963 701 λον
2002 644 2251 698 ἐντεῦθεν
2281 646 2668 717 ἐγκωμιάζειν,
2699 646 2758 708 ὃς
2788 646 3135 716 ἐσταύρωσεν
3164 644 3354 699 ἑαυτὸν
3379 644 3455 717 τῷ

183 761 218 829 ἡ
255 756 491 819 κιϐωτὸς
520 754 661 824 αὕτη
678 794 693 816 ,
731 753 826 807 καὶ
847 752 907 806 οὑ
931 751 1228 807 διαλύεται.
1254 748 1387 803 Οὑδέ
1413 748 1523 818 γὰρ
1555 747 1773 816 ίσχυσεν

183 857 358 927 αὐτῆς
384 855 483 919 τάς
514 854 734 918 σανίδας
780 851 1058 935 χαυνῶσαι
1110 850 1211 920 τῆς
1238 851 1436 913 κακίας
1484 851 1512 903 ό
1544 848 1769 919 χειμὼν,

183 953 304 1007 ἀλλ’
332 952 716 1023 ὑπερπλέουσα
747 950 949 1023 μᾶλλον
980 949 1079 1004 τοῦ
1118 949 1387 1021 χειμῶνος
1407 991 1423 1017 ,
1453 951 1554 1022 τὴν
1604 949 1773 1021 ζάλην

184 1051 453 1105 κατέλυσε
475 1067 491 1081 ’
532 1051 627 1104 καὶ
658 1049 803 1121 μάλα
830 1049 1057 1113 εἰκότως
1079 1062 1095 1078 '
1145 1048 1205 1103 οὐ
1248 1048 1358 1118 γάρ
1395 1047 1653 1118 ἀσφάλτῳ
1680 1048 1774 1101 καί⁸

186 1148 358 1219 πίσσῃ
380 1188 394 1210 ,
418 1146 557 1201 ἀλλά
585 1146 862 1218 Πνεύματι
890 1146 1030 1218 ἀγίῳ
1073 1144 1429 1217 κεχρισμέναι
1459 1144 1515 1197 αἱ
1566 1142 1776 1207 σανίδες

184 1239 352 1300 αὗταί
386 1246 543 1299 εἰσιν.
591 1244 752 1299 Ἀλλά
782 1245 872 1299 τὸν
911 1243 1164 1314 Ἀϐραὰμ
1197 1242 1568 1313 θαυμάζουσιν
1601 1240 1777 1295 ἄπαν-

185 1359 279 1405 τες
303 1382 319 1407 ,
351 1342 434 1396 ὅτι
457 1340 730 1405 ἀκούσας,
762 1341 1006 1406 Ἔξελθε
1031 1341 1101 1394 ἐκ
1141 1339 1251 1408 τῆς
1288 1339 1401 1410 γῆς
1430 1355 1548 1393 σου
1582 1337 1681 1391 καί
1707 1337 1776 1391 ἐκ

185 1437 302 1506 τῆς
330 1439 685 1508 συγγενείας
734 1453 852 1492 σου
876 1478 891 1504 ,
934 1438 1114 1510 ἀφῆκε
1155 1437 1422 1509 πατρίδα,
1450 1436 1545 1490 καὶ
1576 1435 1773 1500 οἰκίαν,

189 1537 285 1590 καί
324 1535 510 1605 φίλους
544 1537 638 1589 καὶ
680 1539 1005 1605 συγγενεῖς,
1035 1537 1131 1590 καί
1184 1535 1363 1590 πάντα
1406 1530 1474 1606 ἦν
1519 1534 1668 1607 αὐτῷ
1716 1532 1777 1587 τὸ

187 1634 474 1705 ἐπίταγμα
506 1633 599 1688 τοῦ
645 1632 816 1700 Θεοῦ;
846 1635 960 1688 Kal
987 1634 1098 1707 γάρ
1142 1635 1237 1687 καὶ
1260 1635 1423 1705 ἡμεῖς
1452 1632 1609 1686 τοῦτο
1643 1631 1776 1685 θαυ-

191 1731 463 1802 μάζομεν.
505 1730 668 1786 Ἀλλά
712 1730 765 1785 τί
816 1730 1032 1785 Παύλου
1071 1730 1266 1799 γένοιτ’
1297 1730 1363 1784 ἂν
1400 1729 1542 1793 ἷσονς
1585 1730 1681 1793 Ὃς
1710 1728 1773 1782 ού

190 1830 433 1902 πατρίδα
454 1829 546 1883 καὶ
573 1828 751 1882 οἰκίαν
784 1829 878 1884 καί
914 1830 1195 1898 συγγενεῖς
1219 1827 1453 1899 ἀφῆκεν,
1480 1826 1596 1881 ἀλλ’
1616 1826 1777 1880 αὐτὸν

188 1926 284 1979 τὸν
313 1926 517 1996 κόσμον
549 1924 639 1980 διὰ
660 1925 753 1981 τὸν
785 1924 994 1997 Ἰησοῦν
1013 1966 1027 1988 ,
1063 1925 1263 1996 μᾶλλον
1297 1924 1353 1977 δὲ
1381 1923 1543 1977 αὐτὸν
1575 1923 1664 1977 τὸν
1690 1922 1782 1975 ού-

194 2022 378 2093 ρανὸν,
411 2022 505 2076 καὶ
523 2022 615 2076 τὸν
647 2022 874 2094 οὐρανὸν
904 2021 1001 2076 τοῦ
1028 2022 1258 2094 ούρανοῦ
1292 2020 1563 2093 ὑπερεῖδε,
1599 2020 1692 2074 καὶ
1722 2020 1781 2074 ἓν

194 2121 362 2190 μόνον
390 2121 598 2192 ἐζήτει,
621 2118 715 2172 τοῦ
746 2117 924 2191 Ἰησοῦ
956 2119 1057 2192 τὴν
1080 2119 1321 2189 ἀγάπην.
1357 2118 1469 2172 Kal
1495 2118 1657 2172 ἄκουε
1686 2117 1784 2172 αὑ-

190 2217 289 2270 τοῦ
318 2217 479 2270 τοῦτο
513 2214 800 2287 δηλοῦντος
836 2215 930 2270 καί
963 2215 1212 2286 λέγοντος
1236 2232 1251 2245 ·
1283 2215 1431 2270 Οὔτε
1461 2211 1780 2279 ἐνεστῶτα,

193 2316 336 2370 οὔτε
372 2315 708 2386 μέλλοντα,
736 2314 886 2388 [479]
922 2315 1061 2370 οὔτε
1104 2314 1354 2385 ὕψωμα,
1409 2314 1549 2368 οὔτε
1591 2312 1785 2379 βάθος

192 2414 529 2481 δυνήσεται
584 2412 743 2483 ἡμᾶς
771 2413 1024 2483 χωρίσαι
1077 2412 1196 2467 ἀπὸ
1248 2409 1358 2480 τῆς
1401 2408 1784 2485 ἀγάπηςχωῦ

196 2512 370 2567 Θεοῦ.
413 2511 549 2565 Ἀλλ’
581 2511 789 2574 ἐκεῖνος
810 2512 891 2574 εἰς
912 2508 1186 2572 κινδύνους
1211 2507 1417 2579 ῥίπτων
1445 2507 1659 2574 ἐαυτὸν,
1693 2505 1785 2559 τὸν

193 2607 516 2676 ἀδελφιδοῦν
544 2604 822 2678 ἐξήρπασε
845 2605 954 2659 τῶν
989 2604 1313 2678 βαρϐάρων;
1356 2604 1495 2658 Ἀλλ’
1526 2598 1680 2668 οὗτος
1722 2603 1782 2657 ού

190 2707 291 2758 τὸν
322 2703 673 2775 ἀδελφιδοῦν,
707 2703 829 2757 οὐδὲ
856 2705 1004 2776 τρεῖς
1052 2704 1148 2758 καὶ
1186 2703 1347 2756 πέντε
1394 2701 1579 2764 πόλεις
1600 2740 1614 2764 ,
1648 2701 1785 2755 ἀλλά

193 2803 299 2874 τὴν
327 2802 656 2873 οἰκουμένην
686 2802 887 2869 πᾶσαν,
928 2800 1028 2854 οῦκ
1059 2799 1169 2855 ἀπὸ
1201 2798 1511 2872 βαρϐάρων,
1547 2798 1661 2851 ἀλλ’
1690 2798 1784 2851 ἀπ’

197 2900 371 2972 αὐτῆς
410 2901 509 2971 τῆς
562 2898 670 2954 τῶν
702 2898 970 2969 δαιμόνων
1006 2899 1284 2971 ἐξήρπασε
1315 2897 1494 2969 χειρὸς
1515 2937 1531 2962 ,
1560 2897 1786 2968 μυρίους

196 2998 325 3052 καθ’
354 2998 593 3069 ἐκάστην
622 2997 908 3069 ὑπομένων
937 2994 1248 3059 κινδύνους,
1281 2995 1374 3049 καὶ
1414 2996 1525 3057 τοῖς
1568 2993 1788 3056 οἰκείοις

198 3094 455 3158 θανάτοις
496 3093 701 3166 ἐτέροις
740 3093 939 3165 πολλὴν
970 3093 1271 3163 ἀσφάλειαν
1310 3091 1606 3163 κτώμενος.
1647 3088 1789 3143 Ἀλλ’

200 3188 322 3240 ἐκεῖ
351 3186 413 3239 τὸ
442 3185 735 3254 κεφάλαιον
773 3184 881 3238 τῶν
921 3183 1143 3254 ἀγαθῶν
1178 3183 1296 3236 ἐστι
1336 3182 1430 3236 καὶ
1480 3183 1514 3250 ὴ
1562 3181 1790 3252 κορωνὶς

200 3280 303 3349 τῆς
343 3277 661 3347 φιλοσοφίας
681 3321 695 3342 ,
725 3277 787 3331 τὸ
823 3277 917 3330 τὸν
965 3276 1079 3329 υἱὸν
1121 3274 1460 3340 καταθῦσαι;
1500 3273 1664 3327 ’Δλλά
1696 3273 1791 3326 καί.

201 3369 443 3423 ἐνταῦθα
491 3369 560 3423 τά
592 3371 835 3441 πρωτεῖα
864 3367 1017 3437 παρά
1049 3367 1127 3439 τῷ
1155 3367 1354 3436 Παύλῳ
1397 3365 1524 3419 ὅντα
1565 3365 1791 3437 εύρήσοο

206 3477 339 3534 μεν·
371 3462 431 3516 ού
463 3460 573 3532 γὰρ
604 3463 748 3526 υἰὺν,
788 3460 902 3515 ἀλλ’
945 3460 1136 3514 ἐαυτὸν
1174 3459 1430 3533 μυριάκις
1469 3459 1790 3526 κατέθυσεν,

201 3557 344 3627 ὅπερ
372 3555 543 3625 ἔφθην
582 3555 770 3609 εἰπών.
803 3555 870 3608 Τί
909 3554 975 3610 ἄν
1005 3572 1089 3619 τις
1123 3555 1420 3627 θαυμάσειε
1446 3555 1540 3611 τοῦ
1584 3557 1791 3622 Ίσαάκ;

203 3647 388 3701 Πολλά
430 3647 527 3715 μὲν
560 3647 654 3701 καὶ
692 3647 827 3701 ἄλλα
850 3687 865 3711 ,
908 3647 1139 3719 μάλιστα
1190 3647 1246 3700 δὲ
1294 3647 1392 3719 τὴν
1419 3648 1790 3715 ἀνεξικακίαν,

203 3737 291 3789 ὅτι
330 3736 542 3807 φρέατα
594 3737 871 3808 ὀρύττων,
911 3738 1144 3792 καὶτῶν
1169 3739 1386 3792 οἰκείων
1438 3738 1794 3809 ἐλαυνόμενος

204 3832 387 3900 ὅρων,
428 3830 527 3883 οὑκ
560 3831 777 3903 ἐπεξῄει
802 3870 816 3895 ,
849 3830 985 3886 ἀλλά
1026 3833 1120 3887 καὶ
1161 3832 1622 3903 καταχωννύμενα
1650 3832 1793 3905 ὁρῶν

208 3922 462 3993 ἠνείχετο
480 3962 496 3989 ,
529 3922 793 3994 καὶπρὸς
822 3924 1005 3995 ἕτερον
1038 3925 1126 3978 ἀεὶ
1156 3925 1447 3994 μεθίστατο
1469 3925 1634 3979 τόπον
1653 3966 1668 3990 ,
1699 3925 1797 3997 οὐχ

209 4015 380 4084 ὁμόσε
399 4014 531 4085 [ἀεὶ]
560 4017 672 4078 τοῖς
696 4013 926 4068 λυποῦσι
949 4015 1162 4087 χωρῶν,
1187 4016 1301 4070 ἀλλ’
1321 4016 1671 4088 ἐξιστάμενος
1701 4017 1796 4071 καὶ

212 4107 563 4179 παραχωρῶν
616 4106 891 4177 πανταχοῦ
934 4106 1043 4160 τῶν
1093 4108 1307 4161 οἰκείων
1340 4108 1663 4178 κτημάτων,
1692 4108 1797 4172 ἓως

212 4200 394 4252 αὑτῶν
437 4199 535 4270 τὴν
572 4200 755 4255 ἄδικον
787 4200 1041 4271 ἐκόρεσεν
1071 4199 1386 4271 ἐπιθυμίαν.
1428 4200 1563 4252 Ἀλλ’
1594 4201 1623 4253 6
1650 4200 1800 4254 Παῦ-

214 4291 303 4354 λος
329 4291 392 4344 ού
422 4291 633 4363 φρέατα
658 4290 824 4355 λίθοις
865 4290 1324 4363 καταχωννύμενα
1357 4291 1499 4362 ὀρῶν
1522 4332 1537 4353 ,
1577 4291 1712 4344 ἀλλὰ
1737 4291 1800 4345 τὸ

212 4382 414 4436 ἐαυτοῦ
445 4381 635 4453 σῶμα,
688 4385 746 4437 οὺ
778 4383 1129 4455 παρεχώρει,
1163 4384 1414 4454 καθάπερ
1437 4384 1644 4447 ἐκεῖνος
1665 4424 1682 4449 ,
1713 4385 1803 4455 μό-

215 4495 325 4540 νον,
360 4475 478 4530 ἀλλ’
518 4476 699 4531 εἰσιὼν
730 4479 855 4541 τοὺς
887 4478 1054 4542 λίθοις
1091 4477 1382 4547 βάλλοντας
1423 4477 1585 4531 αὑτὸν
1611 4478 1689 4540 εἰς
1710 4478 1801 4532 τὸν

216 4570 445 4641 οὐρανὸν
475 4571 694 4639 ἀνάγειν
709 4569 1029 4638 ἐφιλονείκει
1058 4587 1072 4601 υ
1097 4571 1207 4641 ὅσῳ
1229 4569 1339 4641 γὰρ
1370 4569 1742 4641 κατεχώννυτο
1767 4571 1801 4641 ἠ

218 4661 392 4732 πηγὴ,
422 4661 662 4732 τοσούτῳ
696 4662 895 4733 μᾶλλον
944 4661 1326 4733 ἐξερῤήγνυτο,
1356 4662 1449 4715 καὶ
1478 4662 1694 4725 πλείους
1718 4660 1803 4727 ἐξ-

220 4754 337 4824 έχεε
369 4754 651 4823 ποταμοὺς
676 4755 756 4817 είς
784 4754 1083 4826 ὑπομονήν.
1102 4754 1260 4807 Ἀλλά
1282 4755 1374 4807 τὸν
1390 4754 1554 4808 παῖδα
1574 4754 1665 4807 τὸν
1682 4752 1805 4807 τού-

218 4864 310 4899 του
345 4846 620 4916 θαυμάζει
669 4847 772 4917 τῆς
805 4848 1100 4920 καρτερίας
1143 4849 1177 4918 ή
1227 4848 1457 4919 Γραφής
1513 4846 1624 4900 Kal
1672 4846 1802 4899 ποία

217 4938 555 5010 ἀδαμαντίνη
580 4938 723 5011 ψυχή
751 4939 849 5011 τὴν
873 4940 1086 4994 Παύλου
1108 4938 1311 4993 δύναιτ’
1335 4941 1400 4992 ἂν
1432 4936 1801 5005 ἐπιδείξασθαι

221 5032 534 5103 ὑπομονήν;
572 5033 705 5085 υύδέ
734 5032 842 5105 γὰρ
874 5034 954 5096 δίς
987 5034 1128 5088 ἐπτά
1166 5032 1259 5105 ἔτη
1301 5033 1641 5098 ἐδούλευσεν,
1669 5032 1804 5087 ἀλλὰ

218 5123 308 5177 τὸν
336 5124 517 5178 πάντα
553 5124 666 5194 βίον
701 5125 842 5197 ὑπὲρ
877 5126 976 5196 τῆς
1010 5124 1105 5178 τοῦ
1158 5125 1394 5198 Χριστοῦ
1441 5124 1658 5196 νύμφης
1682 5164 1698 5190 ,
1742 5125 1802 5178 οὐ

224 5216 619 5287 συγκαιόμενος
656 5217 816 5287 μόνον
852 5218 930 5288 τῷ
963 5217 1202 5289 καύματι
1253 5219 1353 5290 τῆς
1409 5218 1622 5292 ἡμέρας
1647 5260 1663 5287 ,
1712 5219 1807 5273 καὶ

221 5304 297 5376 τῷ
325 5306 552 5376 παγετῷ
576 5308 673 5378 τῆς
705 5308 927 5373 νυκτὸς,
959 5308 1095 5362 ἀλλά
1128 5310 1329 5381 μυρίας
1351 5310 1579 5379 νιφάδας
1612 5329 1806 5382 πειρα-

223 5398 378 5468 σμῶν
426 5398 748 5468 ὑπομένων,
797 5400 893 5455 νῦν
934 5401 1032 5471 μὲν
1070 5402 1337 5472 μάστιγας
1367 5402 1679 5475 λαμϐάνων,
1711 5404 1807 5458 νῦν

219 5488 280 5544 δέ
312 5490 486 5555 λίθοις
516 5491 576 5544 τὸ
626 5491 782 5562 σῶμα
816 5493 1138 5565 βαλλόμενος
1158 5535 1172 5560 ,
1223 5497 1317 5549 καί
1344 5494 1441 5549 νῦν
1473 5496 1570 5568 μὲν
1601 5496 1809 5569 θηρίοις

226 5581 668 5653 μαχόμενος,νῦν
693 5584 748 5637 δέ
771 5584 997 5654 πελάγει
1024 5585 1329 5653 πυκτεύων,
1346 5588 1441 5641 καὶ
1467 5588 1610 5659 λιμῷ
1634 5589 1810 5659 διηνε-

224 5677 313 5728 κεῖ
345 5674 565 5747 ἡμέρας
611 5676 703 5729 καὶ
731 5678 921 5741 νυκτὸς
944 5717 958 5741 ,
988 5678 1084 5732 καὶ
1113 5678 1341 5750 κρυμῷ,
1387 5680 1479 5733 καὶ
1530 5677 1807 5751 πανταχοῦ

224 5768 362 5839 ὑπὲρ
416 5768 487 5823 τὰ
543 5771 838 5846 σκάμματα
878 5773 1097 5845 πηδῶν,
1148 5775 1242 5829 καὶ
1294 5774 1362 5827 τὰ
1402 5773 1645 5847 πρόϐατα
1701 5772 1809 5827 ἀπὸ

1872 739 2062 810 κόσμῳ
2086 779 2100 804 ,
2129 740 2225 793 καὶ
2271 738 2333 792 ού
2365 737 2435 792 τά
2473 738 2703 810 λαμπρά
2755 739 2813 792 ἐν
2855 741 2966 802 τοῖς
3019 735 3232 808 σώμασι
3271 737 3453 807 μόνον,

1873 832 2011 895 ἀλλὰ
2048 834 2224 886 πάντα
2254 832 2325 885 τὰ
2354 832 2655 904 πράγματα
2682 831 2854 894 οὕτως
2882 831 3049 903 ἐώρα.
3073 830 3147 893 ὼς
3178 832 3334 901 ἡμεῖς
3359 830 3455 902 τὴν

1874 924 2021 979 κόνιν
2047 926 2141 979 καὶ
2166 925 2264 996 τὴν
2296 925 2504 996 τέφραν
2527 967 2541 991 ,
2565 923 2660 978 καὶ
2689 924 2764 988 ὼς
2789 923 2855 978 ἂν
2882 923 3073 995 νεκρὸς
3097 923 3232 994 πρὸς
3264 923 3456 995 νεκρὸν

1875 1016 2129 1089 ἀκίνητος
2157 1016 2386 1086 γένοιτο.
2419 1015 2574 1071 Οὕτω
2615 1016 2752 1088 μετά
2783 1016 3067 1088 ἀκριϐείας
3092 1017 3190 1087 τῆς
3242 1015 3457 1084 φύσεως

1876 1111 1945 1165 τὰ
1974 1112 2321 1182 σκιρτήματα
2351 1111 2715 1174 κατευνάζων,
2740 1110 2894 1164 οὐδὲν
2926 1110 3181 1163 οὐδέποτε
3208 1108 3343 1181 πρὸς
3363 1109 3458 1162 οὑ⁹

1876 1202 1966 1256 δέν
1994 1200 2330 1269 ἀνθρώπινον
2359 1200 2531 1264 πάθος
2551 1200 2768 1254 ἔπαθεν.

1962 1295 2384 1366 Ἐκπλήττονται
2426 1293 2517 1347 τὸν
2560 1291 2683 1345 Ἰὼϐ
2720 1292 2962 1355 ἅπαντες
2996 1289 3305 1362 ἀνθρώποις
3352 1291 3459 1344 Kal

1882 1387 2027 1459 μάλα
2050 1388 2304 1451 εἰκότως⁶
2334 1386 2430 1440 καὶ
2454 1385 2562 1456 γὰρ
2589 1385 2761 1456 μέγας
2786 1384 3022 1455 ἀθλητὴς
3042 1424 3057 1448 ,
3084 1384 3178 1437 καὶ
3205 1384 3337 1454 πρὸς
3362 1392 3459 1436 ao-

1877 1482 1968 1535 τὸν
1997 1481 2087 1535 τὸν
2110 1476 2324 1533 Παῦλον
2352 1478 2713 1551 παρισοῦσθαι
2747 1476 3070 1548 δυνάμενος,
3098 1475 3188 1530 διὰ
3212 1476 3311 1546 τὴν
3338 1478 3461 1530 ὑπο-

1882 1573 2069 1645 μονὴν.
2098 1573 2185 1627 διὰ
2208 1574 2307 1644 τὴν
2328 1573 2422 1626 τοῦ
2446 1572 2560 1643 βίου
2585 1571 2954 1644 καθαρότητα,
2981 1569 3069 1624 διὰ
3089 1569 3186 1641 τὴν
3211 1569 3303 1623 τοῦ
3324 1570 3461 1624 Θεου

1883 1665 2224 1737 μαρτυρίαν,
2256 1663 2344 1719 διὰ
2392 1664 2488 1735 τὴν
2543 1663 2815 1735 καρτερὰν
2867 1664 3047 1734 μάχην
3084 1662 3297 1731 ἐκείνην
3322 1701 3336 1725 ,
3372 1659 3462 1715 διὰ

1878 1759 1980 1830 τὴν
2016 1758 2337 1830 θαυμαστὴν
2383 1756 2538 1827 νίκην
2577 1756 2675 1827 τὴν
2725 1756 2864 1826 μετά
2910 1755 3007 1826 τὴν
3052 1755 3251 1826 μάχην.
3302 1753 3463 1807 Ἀλλά

1880 1853 2091 1916 Παῦλος
2118 1852 2237 1921 ούχί
2269 1851 2445 1921 μῆνας
2472 1849 2700 1913 πολλοὺς
2753 1849 3152 1919 ἀγωνιζόμενος
3188 1848 3330 1902 οὕτω
3380 1848 3461 1901 δι-

1881 1944 2017 2013 ῆγεν
2043 1982 2059 2005 ,
2091 1942 2204 1996 ἀλλ’
2243 1941 2337 2013 ἔτη
2368 1940 2557 2005 πολλὰ,
2578 1941 2697 2011 ούχὶ
2725 1941 2906 2009 τήκων
2938 1939 3187 2009 βώλακας
3226 1939 3329 2009 γῆς
3354 1938 3464 1992 ἀπὸ

1886 2034 2082 2105 ἰχῶρος
2119 2034 2213 2087 καὶ
2261 2032 2355 2086 ἐπὶ
2401 2031 2636 2101 κοπρίας
2667 2032 3007 2102 καθήμενος,
3039 2031 3154 2084 ἀλλ’
3203 2032 3285 2093 εἰς
3331 2030 3464 2084 αὑτὸ

1882 2124 1977 2179 τοῦ
2001 2125 2217 2187 λέοντος
2244 2124 2307 2176 τὸ
2339 2122 2529 2195 νοητὸν
2558 2122 2731 2193 στόμα
2758 2120 2994 2192 συνεχῶς
3020 2121 3339 2192 ἐμπίπτων,
3370 2123 3465 2175 καὶ

1888 2214 2100 2287 μυρίοις
2155 2212 2401 2268 παλαίων
2438 2214 2794 2284 πειρασμοῖς,
2848 2210 2998 2285 [480]
3046 2213 3225 2282 πάσης
3257 2211 3464 2284 πέτρας

1887 2306 2237 2379 στερρότερος
2272 2301 2338 2377 ἦν
2363 2322 2375 2335 ·
2416 2306 2535 2376 ούχὶ
2585 2305 2733 2375 παρά
2770 2304 2937 2375 τριῶν
2977 2303 3176 2372 φίλων,
3208 2304 3240 2375 ἢ
3269 2305 3465 2359 τεσσάο

1889 2416 2019 2471 ρων,
2047 2398 2181 2455 ἀλλά
2206 2398 2357 2470 παρά
2380 2398 2597 2451 πάντων
2624 2395 3013 2466 ὀνειδιζόμενος
3038 2396 3145 2449 τῶν
3177 2396 3467 2449 ἀπιστούν-

1884 2510 1991 2548 των
2018 2492 2415 2564 ψευδαδέλφων,
2447 2491 2851 2561 ἐμπτυόμνος,
2879 2488 3305 2561 λοιδορούμενος.
3324 2489 3464 2543 Ἀλλ’

1886 2590 1920 2661 ἡ
1961 2586 2233 2657 φιλοξενία
2259 2585 2354 2639 τοῦ
2395 2585 2513 2639 Ἰὼϐ
2566 2583 2805 2655 μεγάλη,
2840 2583 2933 2637 καὶ
2963 2584 2995 2653 ἡ
3022 2583 3159 2653 πρὸς
3196 2584 3322 2646 τοὺς
3352 2583 3468 2636 δεο-

1891 2679 2083 2752 μένους
2103 2678 2432 2751 κηδεμονία;
2459 2678 2593 2731 Οὐδὲ
2618 2678 2781 2747 ήμεῖς
2805 2674 3136 2750 ἀντεροῦμεν
3154 2692 3167 2706 ο
3205 2675 3345 2729 ἀλλὰ
3370 2678 3467 2744 τῆς

1888 2770 2101 2824 Παύλου
2124 2769 2376 2824 τοσοῦτον
2399 2766 2827 2838 καταδεεστέραν
2854 2767 3160 2838 εὑρήσομεν
3181 2809 3195 2829 ,
3219 2766 3341 2819 ὅσον
3365 2766 3467 2836 qm-

1888 2865 1986 2933 χῆς
2022 2861 2179 2931 σῶμα
2205 2861 2531 2930 ἀφέστηκεν.
2571 2859 2638 2911 Ἀ
2675 2857 2784 2928 γὰρ
2810 2859 3017 2917 ἐκεῖνος
3051 2858 3180 2929 περὶ
3215 2857 3342 2921 τοὺς
3367 2859 3470 2928 τὴν

1890 2953 2070 3024 σάρκα
2097 2950 2528 3023 πεπηρωμένους
2554 2949 2898 3004 ἐπεδείκνυτο
2919 2988 2933 3012 ,
2963 2949 3133 3002 ταῦτα
3157 2943 3309 3013 οὗτος
3339 2952 3470 3022 περί

1886 3044 2013 3106 τοὺς
2044 3041 2144 3114 τὴν
2169 3040 2344 3113 ψυχὴν
2383 3038 2794 3111 λελωϐημένους
2823 3038 3078 3110 ἔπραττε,
3111 3040 3319 3104 πάντας
3343 3041 3472 3106 τοὺς

1888 3135 2097 3207 χωλοὺς
2130 3134 2224 3188 καὶ
2249 3134 2566 3204 ἀναπήρους
2617 3132 2708 3185 τὸν
2753 3132 3011 3202 λογισμὸν
3053 3131 3469 3204 διορθούμενος,

1892 3224 1985 3279 καὶ
2017 3226 2142 3287 τοὺς
2165 3223 2405 3294 γυμνοὺς
2437 3223 2531 3275 καὶ
2560 3218 3004 3292 ἀσχημονοῦντας
3027 3221 3367 3293 περιϐάλλων
3403 3225 3471 3296 τῇ

1891 3316 1990 3387 τῆς
2010 3313 2326 3384 φιλοσοφίας
2353 3313 2510 3385 στολῇ
2537 3330 2552 3347 ο
2592 3313 2684 3367 καὶ
2705 3315 2763 3366 ἐν
2801 3315 2914 3377 τοῖς
2943 3318 3274 3385 σωματικοῖς
3295 3316 3352 3371 δέ
3385 3335 3476 3372 το-

1895 3406 2083 3461 σοῦτον
2121 3406 2285 3461 αὑτοῦ
2318 3406 2543 3478 περιῆν,
2573 3406 2682 3476 ὅσῳ
2724 3405 2902 3477 πολλῷ
2944 3406 3127 3477 μεῖζον
3173 3407 3265 3462 τὸν
3313 3411 3475 3482 πενίᾳ.

1897 3500 2143 3565 συζῶντα
2171 3511 2197 3541 ει
2244 3499 2339 3553 καί.
2378 3498 2521 3569 λιμῷ
2553 3497 2766 3571 βοηθεῖν
2811 3501 2922 3562 τοῖς
2950 3498 3223 3571 δεομένοις
3242 3540 3260 3567 ,
3287 3502 3381 3556 τοῦ
3411 3506 3476 3558 ἐκ

1896 3592 2214 3664 περιουσίας
2244 3578 2403 3645 τοῦτο
2430 3593 2605 3644 ποιεῖν
2628 3608 2642 3622 ο
2672 3591 2768 3646 καὶ
2794 3587 2888 3644 τοῦ
2926 3590 3024 3661 μὲν
3071 3592 3104 3662 ή
3142 3592 3287 3646 οἰκία
3315 3595 3478 3648 παντὶ

1895 3684 2103 3738 ἐλθόντι
2138 3684 2400 3755 ἀνέῳκτο,
2434 3681 2529 3737 τοῦ
2556 3683 2614 3737 δὲ
2647 3685 2681 3753 ή
2702 3682 2850 3754 ψυχὴ
2880 3682 3032 3756 πάσῃ
3086 3687 3154 3755 τῇ
3184 3685 3476 3757 οἰκουμένῃ

1894 3776 2145 3846 ήπλωτο,
2178 3776 2277 3829 καὶ
2318 3773 2646 3845 ὁλοκλήρους
2691 3773 2897 3845 δήμους
2924 3775 3231 3846 ὑπεδέχετο.
3267 3777 3357 3830 Διὸ
3384 3779 3479 3833 καὶ

1897 3869 2114 3937 ἐλεγενο
2159 3868 2241 3921 οὐ
2264 3866 2733 3937 στενοχωρεῖσθε
2776 3867 2846 3920 ἐν
2872 3866 3015 3936 ἡμῖν
3035 3906 3052 3932 ,
3090 3869 3478 3938 στενοχωρεῖ-

1897 3964 2007 4016 σθε
2026 3959 2096 4013 δὲ
2126 3959 2197 4014 ὲν
2223 3958 2346 4025 τοῖς
2366 3958 2745 4028 σπλάγχνοις
2770 3958 2956 4027 ὑμῶν.
2991 3959 3100 4013 Kal
3126 3961 3154 4013 6
3187 3959 3304 4030 μὲν,
3341 3979 3479 4034 προ-

1900 4051 2077 4106 ϐάτων
2108 4049 2256 4120 αὐτῷ
2284 4050 2378 4102 καὶ
2400 4048 2539 4119 βοῶν
2567 4049 2735 4102 ὄντων
2762 4048 3021 4119 ἀπείρων,
3048 4049 3327 4122 φιλότιμος
3350 4053 3481 4123 περί⁸

1898 4145 2024 4208 τοὺς
2060 4144 2345 4214 δεομένους
2387 4138 2486 4213 ἦν’
2515 4136 2668 4205 οὗτος
2708 4142 2793 4209 δέ,
2824 4141 2974 4195 ούδέν
3024 4141 3185 4196 πλέον
3212 4145 3481 4215 κεκτημέο

1900 4252 1989 4298 νος
2020 4232 2114 4287 τοῦ
2158 4232 2444 4304 σώματος,
2491 4232 2584 4286 ἀπ’
2630 4230 2796 4284 αὑτοῦ
2838 4229 3028 4284 τούτου
3055 4234 3165 4296 τοῖς
3208 4231 3482 4304 δεομένοις

1900 4328 2162 4398 ἐπήρκει,
2193 4325 2289 4379 καὶ
2316 4326 2415 4397 βοᾷ
2436 4324 2643 4394 λέγων’
2677 4323 2811 4391 Ταῖς
2831 4323 3058 4392 χρείαις
3078 4341 3199 4393 μου
3225 4325 3323 4379 καί
3356 4325 3483 4392 τοῖς

1901 4420 2042 4474 οὖσι
2072 4419 2198 4490 μετ’
2228 4418 2373 4488 ἐμοῦ
2409 4415 2806 4486 ὑπηρέτησαν
2833 4417 2890 4470 αἱ
2920 4415 3114 4485 χεῖρες
3141 4412 3351 4485 αὗται,
3384 4418 3481 4488 τὴν

1902 4513 2008 4568 ἀπὸ
2034 4513 2128 4566 τοῦ
2159 4511 2409 4583 σώματος
2431 4511 2691 4584 ἐργασίαν
2713 4510 2972 4583 πρόσοδον
2995 4512 3109 4575 τοῖς
3142 4511 3366 4566 πεινῶσι
3390 4513 3483 4567 καὶ

1902 4605 2229 4677 λιμώττουσι
2264 4604 2622 4676 κεκτημένος.
2679 4604 2839 4658 Ἀλλά
2886 4606 2935 4658 οἰ
2977 4603 3255 4675 σκώληκες
3288 4605 3383 4660 καί
3413 4606 3483 4660 τὰ

1904 4698 2192 4769 τραύματα
2222 4696 2463 4767 χαλεπὰς
2514 4696 2610 4749 καί
2651 4696 3059 4767 ἀκαρτερήτους
3110 4699 3369 4769 παρεῖχον
3405 4697 3485 4768 τῷ

1917 4790 2036 4844 Ἰὼϐ
2062 4790 2158 4855 τάς
2198 4788 2427 4853 όδύνας;
2463 4787 2741 4858 Ὀμολογῶ
2788 4784 2945 4856 κάγώ
2967 4805 2981 4819 ·
3020 4787 3136 4844 ἀλλ’
3174 4789 3269 4843 ἐὰν
3301 4792 3401 4853 τὰς
3426 4792 3484 4845 ἐν

1903 4882 2178 4946 τοσούτοις
2201 4881 2345 4936 ἔτεσι
2365 4879 2460 4934 τοῦ
2489 4879 2705 4933 Παύλου
2737 4880 3037 4951 μάστιγας,
3070 4880 3163 4935 καὶ
3199 4882 3291 4935 τὸν
3325 4882 3485 4953 λιμὸδ

1905 4974 1995 5027 τὸν
2022 4972 2245 5043 διηνεκῆ
2267 5012 2282 5037 ,
2314 4970 2409 5024 καὶ
2446 4969 2545 5041 τὴν
2589 4970 2932 5040 γυμνότητα,
2979 4970 3074 5025 καὶ
3104 4970 3204 5034 τὰς
3242 4971 3483 5038 ἁλύσεις,

1906 5065 2002 5118 καὶ
2044 5063 2107 5116 τὸ
2140 5062 2544 5133 δεσμωτήριον,
2577 5062 2671 5113 καὶ
2720 5062 2847 5125 τοὺς
2893 5061 3173 5126 κινδύνους
3197 5101 3213 5125 ,
3258 5063 3349 5115 καί
3386 5064 3485 5126 τὰς

1906 5154 2233 5219 ἐπιϐουλάς,
2284 5153 2385 5217 τὰς
2433 5154 2580 5226 παρὰ
2611 5155 2720 5209 τῶν
2771 5154 3017 5218 οἰκείων,
3050 5154 3150 5217 τάς
3180 5153 3331 5225 παρὰ
3380 5154 3486 5207 τῶν

1905 5247 2221 5320 ἀλλοτρίων,
2250 5246 2348 5311 τὰς
2375 5246 2527 5317 παρὰ
2559 5247 2667 5300 τῶν
2700 5248 2979 5318 τυράννων
3003 5286 3019 5311 ,
3069 5245 3168 5309 τὰς
3207 5244 3358 5315 παρά
3385 5247 3486 5316 τῆς

1852 5365 1870 5388 κ
1906 5339 2231 5411 οἰκουμένης
2278 5340 2497 5408 ἀπάσης
2545 5339 2805 5409 ἀντιθῇς,
2843 5339 2938 5392 καὶ
2994 5337 3133 5407 μετὰ
3184 5335 3388 5391 τούτων
3417 5338 3487 5391 τὰ

1905 5429 2110 5484 τούτων
2137 5426 2457 5499 πικρότερα,
2488 5427 2630 5495 λέγω
2661 5428 2725 5499 δὴ
2755 5428 2855 5490 τὰς
2878 5426 3016 5496 ὑπὲρ
3037 5425 3147 5480 τῶν
3180 5426 3488 5481 πιπτόντων

1906 5522 2097 5584 ὀδύνας
2116 5563 2132 5587 ,
2160 5520 2259 5591 τὴν
2306 5518 2564 5592 φροντίδα
2592 5520 2701 5572 τῶν
2761 5516 3094 5588 Ἑκκλησιῶν
3138 5518 3356 5581 πασῶν,
3389 5517 3488 5587 τὴν

1910 5612 2155 5684 πύρωσιν
2178 5652 2192 5679 ,
2225 5611 2293 5684 ἢν
2339 5611 2480 5681 ὑπὲρ
2533 5611 2763 5664 ἑκάστου
2820 5609 2927 5666 τῶν
2988 5608 3488 5682 σκανδαλιζομένων

1972 5780 1989 5804 ⁸
2018 5781 2141 5844 Reg.
2164 5780 2232 5845 τῷ
2252 5777 2386 5839 πενίᾳ
2404 5776 2619 5831 συζῶντι.
