3892 6294
465 328 573 385 677

470 437 758 508 ὑπέμενεν,
793 437 913 508 ὕψει
942 439 1059 502 πῶς
1093 440 1298 511 πέτρας
1337 438 1666 510 στερροτέρα
1689 433 1756 508 ἦν
1794 439 1827 508 ἡ
1877 435 2049 490 ταῦτα

471 521 709 593 φέρουσα
743 520 931 593 ψυχὴ,
972 522 1067 576 καὶ
1118 523 1334 593 σίδηρον
1387 524 1481 574 καὶ
1529 522 1812 592 ἀδάμαντα
1869 520 2043 574 ἐνίκα.

468 604 649 675 "Amp
703 601 798 658 οῦν
850 608 1055 670 ἐκεῖνος
1094 605 1328 675 ἔπασχεν
1384 606 1442 658 ἐν
1486 605 1563 675 τῷ
1598 604 1849 676 σώματι,
1876 603 2049 657 ταῦτα

464 681 618 750 οῦτος
649 689 706 740 ἐν
729 690 794 759 τῇ
821 688 986 760 ψυχῇ,
1014 691 1109 743 καὶ
1142 688 1421 760 σκώληκος
1451 688 1647 753 παντὸς
1670 687 2048 760 χαλεπώτερον

461 771 497 839 ἡ
529 769 651 823 καθ’
681 770 908 824 ἕκαστον
938 772 1047 825 τῶν
1076 772 1575 842 σκανδαλιζομένων
1599 772 1806 842 ἀθυμία
1830 771 2050 841 διέτρω-

462 869 558 921 γεν
585 852 748 906 αὐτοῦ
771 853 868 924 τὴν
891 854 1089 926 ψυχήν.
1116 855 1276 909 Ὅθεν
1300 857 1393 908 καὶ
1416 854 1598 926 πηγὰς
1621 856 1873 926 δακρύων
1898 854 2047 924 ἡφίει

461 935 768 1004 διηνεκεῖς,
820 938 882 990 οὐ
941 939 1038 1001 τὰς
1103 940 1317 1008 ἡμέρας
1372 939 1569 1008 μόνον.
1622 939 1758 992 ἀλλά
1806 939 1901 992 καὶ
1949 935 2048 1000 τὰς

461 1019 661 1080 νύκτας
685 1060 699 1081 ,
732 1019 826 1072 καὶ
879 1020 1060 1090 πάσης
1106 1022 1362 1089 γυναικὸς
1394 1021 1691 1092 ὠδινούσης
1727 1021 2048 1092 δριμύτερον

459 1101 719 1154 διεσπᾶτο
772 1103 866 1156 καὶ
920 1105 1040 1158 καθ’
1089 1105 1320 1158 ἕκαστον
1355 1105 1553 1158 αὐτῶν.
1584 1105 1676 1158 Διὸ
1725 1105 1820 1158 καὶ
1869 1103 2044 1171 ἔλεγε·

467 1186 676 1238 Τεκνία
696 1204 837 1254 μου.
869 1187 976 1252 οὓς
1005 1187 1192 1241 πάλιν
1233 1187 1440 1242 ὠδίνω.
1481 1188 1614 1242 Τίνα
1660 1187 1727 1242 ἀν
1781 1205 1864 1251 τις
1909 1185 2047 1256 μετὰ

457 1266 549 1320 τὸν
590 1267 710 1320 Ἰὼϐ
761 1270 1102 1340 ἐκπλαγείη;
1145 1271 1248 1323 Τὸν
1295 1271 1532 1325 Μωῦσέα
1590 1272 1827 1336 πάντως.
1889 1270 2048 1324 Ἀλλά

458 1351 554 1403 καὶ
582 1351 771 1405 τοῦτον
818 1355 882 1408 ἐκ
911 1353 1106 1408 πολλοῦ
1162 1354 1253 1409 τοῦ
1294 1356 1576 1427 περιόντος
1605 1355 2001 1428 ὐπερηκόντισε
2031 1373 2044 1386 ·

462 1433 671 1501 μεγάλα
703 1436 800 1504 μὲν
822 1435 931 1506 γὰρ
961 1437 1124 1489 αὐτοῦ
1155 1439 1247 1491 καὶ
1277 1436 1345 1490 τὰ
1377 1438 1534 1500 ἄλλα,
1566 1439 1628 1491 τὸ
1669 1439 1726 1491 δὲ
1753 1438 2048 1508 κεφάλαιον

462 1518 553 1568 καὶ
610 1519 642 1585 ἡ
683 1519 913 1588 κορωνὶς
964 1519 1065 1590 τῆς
1097 1521 1480 1592 ἁγίαςψυχῆς
1526 1523 1782 1593 ἐκείνης,
1823 1523 1908 1575 δτι
1960 1522 2049 1589 ἐξ-

461 1599 781 1670 αλειφθῆναι
804 1603 978 1655 εἵλετο
1001 1605 1098 1674 τῆς
1109 1604 1202 1656 τοῦ
1227 1604 1362 1658 Θεοῦ
1393 1619 1418 1646 ο
1440 1605 1622 1674 βίϐλου
1653 1607 1790 1678 ὑπὲρ
1811 1607 1910 1678 τῆς
1940 1624 2047 1658 σω·

459 1683 654 1752 τηρίας
694 1683 801 1736 τῶν
843 1683 1128 1741 Ἰουδαίων.
1167 1687 1308 1740 Ἀλλ’
1333 1683 1487 1752 οὗτος
1528 1690 1626 1759 μὲν
1657 1689 2048 1743 συναπολέσθαι

458 1766 665 1836 ἐτέροις
695 1770 881 1837 ᾑρεῖτο
905 1785 919 1798 ·
967 1771 996 1822 6
1043 1771 1100 1823 δέ
1129 1769 1339 1834 Παῦλος
1366 1771 1426 1824 οὐ
1459 1772 1876 1835 συναπολέσθαι,
1910 1771 2046 1834 ἀλλ’,

458 1850 664 1921 ἐτέρων
710 1852 1074 1923 σωζομένων,
1119 1855 1281 1918 αὐτὸς
1326 1857 1578 1908 ἐκπεσεῖν
1611 1857 1709 1925 τῆς
1755 1856 1912 1926 δόξης
1947 1855 2048 1925 τῆς

457 1934 790 2005 ἀπεράντου.
823 1938 932 1989 Καὶ
963 1939 992 1990 ό
1041 1939 1138 2008 μὲν
1170 1939 1248 2009 τῷ
1281 1938 1482 2011 Φαραὼ
1508 1980 1524 2004 ,
1551 1941 1579 1992 6
1623 1940 1680 1993 δὲ
1710 1939 1788 2010 τῷ
1820 1939 2048 2008 διαϐόλῳ

457 2017 582 2070 καθ’
613 2018 830 2090 ἡμέραν
863 2018 1014 2092 [481]
1054 2021 1320 2077 ἐπύκτευε
1343 2041 1358 2054 ο
1395 2025 1488 2078 καὶ
1526 2026 1554 2078 6
1589 2024 1687 2093 μὲν
1741 2024 1879 2095 ὑπὲρ
1929 2023 2047 2086 ἐνὸς

457 2100 644 2165 ἔθνους
667 2143 682 2167 ,
714 2104 744 2156 6
781 2103 838 2156 δὲ
884 2104 1026 2175 ὐπὲρ
1063 2107 1163 2176 τῆς
1208 2108 1534 2180 οἰκουμένης
1571 2107 1791 2179 ἀπάσης
1819 2107 2044 2179 ἔκαμεν,

455 2185 556 2254 οὐχ
582 2185 766 2256 ἱδρῶτι
791 2226 807 2247 .
835 2186 972 2242 ἀλλά
1002 2190 1096 2243 καὶ
1125 2190 1316 2261 αἵματι
1344 2191 1468 2245 ἀντὶ
1515 2191 1738 2263 ἱδρῶτος
1785 2191 2046 2247 πάντοθεν

456 2269 918 2340 περιρρεόμενος,
952 2273 1073 2342 οὐχὶ
1099 2273 1196 2342 τὴν
1223 2273 1546 2344 οἰκουμένην
1584 2275 1762 2344 μόνον,
1792 2273 1926 2328 ἀλλά
1954 2276 2046 2329 καὶ

456 2352 556 2422 τὴν
587 2353 841 2423 ἀοίκητον
869 2353 1250 2426 διορθούμενος
1270 2395 1286 2422 ,
1318 2359 1440 2427 οὐχὶ
1472 2358 1570 2427 τὴν
1611 2357 1837 2410 Ἐλλάδα
1861 2359 2042 2429 μόνον,

455 2433 593 2488 ἀλλά
623 2436 716 2488 καὶ
746 2435 846 2507 τὴν
872 2436 1167 2509 βάρϐαρον.

540 2515 700 2586 Ἐνῆν
729 2519 825 2570 καὶ
863 2519 956 2574 τὸν
994 2519 1202 2590 Ἰησοῦν
1235 2520 1317 2584 εἰς
1347 2520 1513 2591 μέσον
1542 2519 1917 2592 παραγαγεῖν,
1949 2523 2045 2576 καὶ

456 2599 550 2652 τὸν
587 2599 841 2672 Σαμουὴλ
863 2601 958 2655 καὶ
983 2603 1111 2666 τοὺς
1134 2602 1327 2666 ἄλλους
1347 2603 1633 2674 προφήτας
1656 2621 1669 2635 ο
1699 2605 1816 2657 ἀλλ’
1851 2606 1936 2657 ἵνα
1968 2605 2042 2678 μὴ

460 2683 801 2754 μακρότερον
829 2684 1074 2756 ποιῶμεν
1095 2685 1186 2738 τὸν
1209 2685 1385 2755 λόγον,
1421 2686 1514 2739 ἐπὶ
1554 2687 1682 2749 τοὺς
1715 2687 2043 2758 κορυφαίους

456 2765 637 2819 αὐτῶν
667 2767 972 2840 βαδίσωμεν
998 2785 1012 2798 θ
1049 2771 1179 2824 ὅταν
1211 2770 1320 2841 γὰρ
1349 2769 1555 2824 τούτων
1583 2775 1724 2842 φανῇ
1753 2773 2038 2842 κρείττων,

455 2848 682 2918 οὐδεμία
712 2852 842 2922 περὶ
878 2852 988 2906 τῶν
1019 2853 1194 2908 ἄλλων
1217 2852 1627 2926 ἀμφισϐήτησις
1655 2855 1918 2910 λείπεται.
1945 2855 2042 2909 Τί-

457 2949 547 2997 νες
573 2930 669 2988 οῦν
695 2936 745 2988 οἱ
771 2939 1057 3007 κορυφαῖοι
1083 2955 1099 3005 ;

481 3077 487 3084 ι
527 3017 685 3082 Τίνες
730 3019 787 3072 δὲ
819 3019 967 3075 ἄλλοι
1019 3022 1158 3093 μετά
1192 3020 1447 3087 τούτους,
1496 3023 1531 3094 ἡ
1579 3024 1608 3078 6
1653 3023 1853 3091 Δαυῒδ,
1889 3025 1980 3079 καὶ
2014 3027 2042 3080 6

470 3098 688 3165 Ἠλίας,
723 3102 817 3156 καὶ
846 3105 876 3158 6
921 3105 1208 3177 Ἰωάννης;
1239 3103 1314 3161 ὧν
1341 3107 1370 3159 6
1402 3105 1501 3174 μὲν
1521 3106 1622 3178 τῆς
1665 3107 1970 3179 προτέρας,
2014 3109 2043 3162 ὁ

454 3181 515 3237 δὲ
542 3183 645 3255 τῆς
679 3185 939 3260 δευτέρας
974 3189 1282 3262 πρόδρομος
1331 3189 1428 3244 τοῦ
1459 3191 1666 3263 Κυρίου
1701 3193 2004 3264 παρουσίας
2025 3210 2041 3225 ο

453 3267 536 3348 διὸ
560 3268 654 3326 καὶ
701 3271 805 3342 τῆς
849 3275 1220 3347 προσηγορίας
1258 3275 1507 3347 ἀλλήλοις
1563 3274 1948 3348 ἐκοινώνησαν.
1979 3278 2044 3331 Τί

453 3346 549 3405 οὖν
577 3352 640 3405 τὸ
659 3354 936 3424 ἐξαίρετον
960 3357 1055 3411 τοῦ
1088 3346 1251 3411 Δαυῖδ
1287 3375 1303 3426 ;
1344 3346 1409 3412 Ἥ
1442 3346 1912 3431 ταπεινοφροσύνη
1951 3361 2045 3414 καὶ

454 3435 489 3513 6
515 3434 649 3507 πρὸς
679 3437 814 3491 Θεὸν
839 3437 998 3509 ἔρως.
1033 3440 1143 3493 Καὶ
1169 3441 1256 3504 τίς
1300 3441 1398 3512 μὲν
1444 3440 1647 3511 μᾶλλον
1667 3481 1682 3504 ,
1714 3442 1798 3505 τίς
1844 3443 1900 3495 δὲ
1947 3444 2045 3513 οὐχ

454 3511 621 3590 ἧττον
650 3519 751 3588 τῆς
779 3519 992 3574 Παύλου
1039 3521 1218 3594 ψυχῆς
1257 3511 1548 3594 ἀμφότερα
1601 3523 1774 3582 ταῦτα
1829 3511 2046 3596 κατὼρξ

449 3601 628 3666 ιθωσε;
660 3601 726 3654 Τί
751 3603 808 3655 δὲ
838 3603 898 3656 τὸ
929 3604 1245 3675 θαυμαστὸν
1269 3605 1364 3660 τοῦ
1413 3606 1628 3674 Ἦλίου;
1662 3603 1810 3677 Ἆρα
1851 3608 1931 3661 ὅτι
1954 3608 2046 3661 τὸν

453 3685 686 3756 οὐρανὸν
723 3685 958 3755 ἔκλεισε,
989 3689 1084 3743 καὶ
1120 3688 1276 3760 λιμὸν
1311 3690 1557 3762 ἐπήγαγε
1587 3730 1602 3754 ,
1639 3690 1869 3762 καὶπῦρ
1916 3709 2048 3745 κατ-

457 3771 705 3840 ήγαγεν;
740 3770 855 3824 Οὐκ
889 3771 1066 3842 ἔγωγε
1094 3769 1247 3845 οἶμαι
1273 3791 1287 3804 °
1323 3775 1441 3828 ἀλλ’
1474 3776 1556 3828 ὅτι
1610 3773 1879 3846 ἐζήλωσεν
1907 3775 2046 3846 ὐπέρ

456 3852 552 3906 τοῦ
591 3854 864 3909 Δεσπότου
887 3898 904 3924 ,
945 3858 1040 3911 καὶ
1067 3859 1240 3930 πυρὸς
1277 3860 1632 3931 σφοδρότερος
1676 3856 1765 3932 ἦν.
1812 3860 1948 3913 Ἀλλ’
1997 3863 2046 3914 εί

456 3937 550 3990 τὸν
580 3939 794 3994 Παύλου
842 3941 1005 4012 ζῆλον
1037 3943 1166 4007 ἴδοις
1185 3985 1200 4009 ,
1256 3944 1509 3998 τοσοῦτον
1541 3943 1662 4014 όψει
1717 3944 2046 4014 κρατοῦντα,

458 4022 582 4076 ὅσον
629 4024 836 4088 ἐκεῖνος
890 4024 998 4080 τῶν
1041 4025 1216 4081 ἄλλων
1253 4026 1552 4099 προφητῶν
1592 4027 1813 4099 περιῆν.
1845 4029 1910 4082 Τί
1939 4028 2048 4100 γὰρ

457 4104 522 4159 ἂν
555 4107 760 4175 γένοιτο
779 4109 886 4162 τῶν
920 4111 1183 4182 ῥημάτων
1208 4110 1432 4166 ἐκείνων
1458 4112 1593 4179 ἴσον,
1621 4111 1768 4184 άπερ
1790 4112 1929 4180 ὑπὲρ
1950 4112 2049 4182 τῆς

455 4189 550 4242 τοῦ
604 4192 872 4246 Aean/nou
912 4192 1078 4266 δόξηςΔ
1117 4194 1296 4264 ζηλῶν
1345 4194 1566 4264 ἔλεγεν,
1618 4195 1700 4250 ὃτι
1755 4196 2044 4264 Ηὺχόμην

456 4273 722 4342 ἀνάθεμα
749 4271 902 4329 εἶναι
932 4278 1086 4345 ὑπὲρ
1117 4277 1236 4332 τῶν
1269 4277 1546 4347 ἀδελφῶν
1567 4297 1707 4348 μου,
1738 4276 1858 4332 τῶν
1894 4293 2042 4348 συγ-

457 4355 647 4426 γενῶν
673 4375 792 4425 μου
835 4360 984 4412 κατὰ
1035 4359 1272 4429 σάρκα;
1319 4359 1418 4413 Διά
1449 4361 1609 4414 τοῦτο
1659 4360 1767 4416 τῶν
1798 4359 2042 4432 οὐρανῶν

457 4439 608 4509 αὐτῷ
659 4442 1036 4511 προκειμένων
1061 4481 1077 4505 ,
1136 4445 1231 4496 καὶ
1282 4443 1393 4496 τῶν
1448 4445 1727 4512 στεφάνων
1782 4445 1877 4497 καὶ
1931 4443 2042 4498 τῶν

459 4523 728 4588 ἐπάθλων,
759 4522 951 4595 ἔμελλε
991 4525 1085 4577 καὶ
1115 4525 1376 4596 ἐϐράδυνε
1407 4525 1602 4592 λέγων’
1649 4525 1718 4579 Τὸ
1749 4526 2043 4595 ἐπιμεῖναι

458 4603 534 4674 τῇ
579 4607 758 4675 σαρκί
797 4608 1262 4676 ἀναγκαιότερον
1288 4608 1364 4662 δι’
1405 4606 1564 4677 ὑμᾶς
1592 4624 1606 4638 ⁸
1629 4607 1718 4662 διὰ
1743 4608 1900 4663 τοῦτο
1921 4610 2042 4664 οὐδὲ

519 4791 550 4821 ⁸
569 4785 622 4836 In
644 4782 768 4846 Reg.
795 4784 940 4836 deest
954 4783 1042 4834 τοῦ
1064 4783 1207 4835 Θεοῦ.

1192 336 1248 388 S.
1288 331 1571 388 JOAN'A'IS
1603 330 2100 388 CHRYSOSTOMI
2135 331 2455 389 ARCHIEP.
2501 332 3056 391 CONSTANTINOP.

3619 321 3732 379 ιη

2148 434 2250 504 τὴν
2277 435 2452 487 κτίσιν
2480 433 2684 504 ταύτην
2713 434 2815 505 τὴν
2847 431 3154 504 ὁρωμένην,
3185 429 3300 485 ἀλλ’
3327 429 3450 485 οὐδὲ
3479 431 3579 506 τὴν
3610 452 3746 506 νοη.

2148 517 2245 588 τὴν
2283 517 2536 588 ἐνόμισεν
2565 519 2755 587 ἀρκεῖν
2792 517 2873 580 εἰς
2902 517 3245 586 παράστασιν
3267 514 3367 585 τῆς
3398 516 3621 587 ἀγάπης
3647 518 3746 572 καὶ

2147 599 2239 653 τοῦ
2277 600 2439 670 ζήλου
2465 639 2479 663 ,
2509 599 2646 653 ἀλλὰ
2675 600 2768 652 κα⁸ι
2791 599 2983 669 ἐτέραν
3013 598 3114 650 οὐκ
3146 592 3310 650 οὖσαν
3346 595 3565 668 ἐζήτει,
3599 599 3746 654 ὥστε

2149 682 2486 750 ἐνδείξασθαι
2517 683 2652 754 ὅπερ
2683 681 2841 753 ¹ἡθελε
2875 681 2971 734 καὶ
3000 678 3284 750 ἐπεθύμει.
3322 679 3462 733 Ἀλλ’
3483 681 3516 735 6
3559 681 3748 735 Ἰωάν-

2149 783 2246 837 νης
2277 765 2505 837 ἀκρίδας
2535 766 2692 836 ἤσθιε
2739 765 2833 819 καὶ
2884 762 3006 834 μέλι
3049 765 3275 834 ἀγριονς
3325 757 3651 829 Ἀλλόῦτος
3686 765 3748 818 ἐν

2152 850 2293 921 μέσῃ
2326 852 2394 920 τῇ
2439 848 2767 922 οἰκουμένῃ,
2801 849 3054 917 καθάπερ
3082 847 3291 909 ἐκεῖνος
3321 848 3380 900 ἐν
3421 849 3490 918 τῇ
3525 849 3746 918 ἐρήμῳ,

2148 932 2414 1005 διέτριϐεν
2440 972 2456 999 ,
2489 933 2720 1004 ἀκρίδας
2752 931 2852 1002 μὲν
2881 931 2977 986 καὶ
3015 930 3138 1000 μέλι
3178 928 3369 1001 ἄγριον
3399 931 3462 983 οὐ
3493 931 3750 1001 σιτούμε-

2149 1035 2279 1082 νος,
2325 1017 2459 1072 πολὺ
2510 1017 2566 1070 δὲ
2618 1016 3008 1086 εὐτελεστέραν
3054 1014 3257 1086 ταύτης
3309 1014 3749 1087 παρατιθέμενος

2147 1101 2428 1173 τράπεζαν
2450 1141 2466 1165 ,
2497 1101 2594 1154 καὶ
2625 1100 2745 1153 οὐδέ
2793 1099 2892 1168 τῆς
2919 1097 3224 1165 ἀναγκαίας
3255 1097 3505 1168 εὐπορῶν
3535 1099 3749 1170 τροφῆς

2147 1184 2236 1238 διὰ
2277 1185 2375 1256 τὴν
2415 1184 2557 1254 ὑπὲρ
2589 1181 2685 1237 τοῦ
2717 1181 3072 1252 κηρύγματος
3107 1179 3365 1250 σπουδήν.
3407 1180 3569 1234 Ἀλλά
3612 1183 3751 1236 πολ-

2147 1268 2246 1340 λὴν
2274 1267 2410 1339 πρὸς
2437 1267 2528 1320 τὸν
2561 1267 2807 1338 Ἡρώδην
2846 1259 3004 1329 οὗτος
3046 1264 3361 1336 παρρησίαν
3387 1265 3748 1333 ἐπεδείξατος

2161 1352 2299 1407 Ἀλλ’
2326 1347 2480 1416 οὗτος
2509 1353 2607 1421 οὐχ
2644 1350 2741 1404 ἕνα
2767 1349 2860 1402 καὶ
2889 1348 2983 1401 δύο
3014 1349 3108 1401 καὶ
3128 1351 3277 1418 τρεῖς
3300 1388 3315 1413 ,
3345 1347 3488 1402 ἀλλά
3515 1349 3750 1418 μυρίους

2149 1436 2268 1490 κατ’
2291 1437 2498 1489 ἐκεῖνον
2535 1433 2884 1502 ἐπεστόμισε,
2919 1430 3119 1502 μᾶλλον
3145 1431 3202 1484 δέ
3241 1431 3334 1484 καὶ
3363 1431 3544 1502 πολλῷ
3582 1431 3750 1503 χαλε-

2151 1518 2429 1588 πωτέρους
2459 1516 2670 1572 ἐκείνου
2695 1515 2789 1568 τοῦ
2821 1513 3110 1586 τυράννου.
3140 1515 3403 1568 Λείπεται
3447 1513 3585 1584 πρὸς
3614 1517 3750 1588 τοὺς

2149 1580 2412 1672 ἀγγέλους
2436 1601 2598 1656 αὐτὸν
2633 1580 3104 1678 ἐξετάσαι-λοιπόν
3121 1616 3134 1629 ο
3173 1599 3361 1671 διόπερ
3389 1580 3620 1670 ἀφέντες
3641 1580 3749 1670 ζτὴν

2149 1687 2254 1756 γῆν
2274 1727 2290 1752 ,
2323 1685 2459 1756 πρὸς
2505 1685 2603 1748 τὰς
2637 1685 2744 1738 τῶν
2783 1684 3026 1755 οὐρανῶν
3069 1683 3474 1755 ἀναϐησώμεθα
3501 1685 3703 1755 ἀψῖδας
3733 1701 3746 1712 ·

2149 1770 2285 1823 ἀλλὰ
2317 1769 2506 1840 μηδεὶς
2554 1769 2761 1839 τόλμαν
2811 1768 3272 1837 καταγινωσκέτω
3309 1769 3405 1822 τοῦ
3442 1769 3628 1838 λόγου.
3681 1768 3751 1822 Εἰ

2148 1854 2258 1925 γὰρ
2309 1855 2404 1906 καὶ
2451 1853 2546 1907 τὸν
2591 1853 2845 1923 Ἰωάννην
2875 1853 3105 1922 ἄγγελον
3143 1845 3402 1906 ἐκάλεσεν
3447 1854 3480 1925 ἡ
3525 1853 3750 1925 Γραφὴν

2149 1937 2242 1990 καὶ
2288 1937 2412 2000 τοὺς
2469 1936 2690 2008 ἱερέας,
2732 1937 2785 1989 τί
2839 1935 3188 2008 θαυμαστὸν,
3240 1937 3291 1990 εί
3345 1937 3440 1992 τὸν
3484 1938 3752 1992 ἁπάντων

2146 2018 2356 2090 ἀμείνω
2382 2022 2499 2083 ταῖς
2523 2020 2788 2090 δυνάμεσι
2817 2019 3238 2091 παραϐάλλομεν
3258 2019 3530 2085 ἐκείναις;
3553 2019 3621 2072 Τί
3648 2015 3752 2073 οὖν

2145 2104 2298 2158 ἐστιν
2332 2104 2558 2158 ἐκείνων
2595 2103 2656 2157 τὸ
2690 2103 2862 2174 μέγα;
2900 2105 3024 2159 ’Ὁτι
3059 2104 3198 2176 μετά
3242 2105 3420 2176 πάσης
3455 2103 3753 2174 ἀκριϐείας

2149 2187 2482 2241 ὑπακούουσι
2512 2186 2590 2258 τῷ
2617 2187 2738 2259 Θεῷ
2762 2206 2774 2219 ·
2806 2188 2944 2260 ὅπερ
2974 2187 3068 2241 καὶ
3101 2189 3130 2240 6
3155 2186 3324 2244 Δαυῒδ
3363 2187 3753 2258 ἐκπληττόμε-

2147 2288 2235 2334 νος
2267 2271 2454 2339 έλεγε’
2499 2270 2750 2324 Δυνατοί
2781 2271 2980 2338 ίσχίιτ,
3038 2271 3356 2337 ποιοῦντες
3405 2269 3514 2324 τὸν
3555 2271 3754 2338 λόγον

2145 2354 2353 2407 αὐτοῦ.
2379 2352 2582 2405 Τούτου
2631 2351 2740 2421 γὰρ
2788 2355 2902 2405 ἴσον
2941 2351 3094 2403 οὐδὲν
3117 2391 3133 2414 ,
3161 2351 3264 2404 κᾶν
3298 2353 3560 2422 μυριάκις
3609 2346 3750 2406 ὦσιν

2145 2435 2462 2504 ἀσώματοι*
2505 2434 2565 2486 τὸ
2608 2435 2716 2509 γὰρ
2767 2433 3002 2502 μάλιστα
3050 2431 3240 2485 ποιοῦν
3284 2432 3508 2495 τούτους
3559 2432 3751 2504 μα’κα-

2147 2517 2328 2588 ρίους,
2379 2514 2536 2570 τοῦτό
2586 2518 2754 2580 ἐστιν,
2793 2517 2875 2568 ὅτι
2907 2514 3056 2588 [482]
3097 2515 3372 2569 πείθονται
3427 2521 3542 2581 τοῖς
3577 2537 3751 2588 προσ-

2143 2600 2573 2671 τάγμασιν,,ὃτι
2612 2599 2850 2670 οὐδαμοῦ
2912 2598 3312 2670 παρακούουσι.
3350 2599 3524 2653 Τοῦτο
3561 2603 3749 2655 τοίνυν

2145 2683 2237 2736 καὶ
2265 2683 2370 2737 ὑπὸ
2401 2681 2496 2736 τοῦ
2534 2681 2747 2737 Παύλου
2783 2682 2923 2752 μετά
2970 2683 3259 2753 ἀκριϐείας
3289 2683 3437 2738 ἔστιν
3487 2684 3615 2738 ἰδεῖν
3640 2705 3746 2755 φυ-

2143 2767 2469 2836 λαττόμενον
2493 2783 2506 2796 '
2531 2766 2594 2819 οὐ
2639 2765 2748 2837 γὰρ
2772 2767 2836 2837 δὴ
2873 2766 2964 2819 τὸν
2997 2766 3156 2836 λόγον
3195 2767 3358 2821 αὐτοῦ
3381 2768 3603 2840 ἐποίησε
3640 2770 3746 2840 μό·

2143 2871 2265 2921 νον,
2296 2853 2430 2906 ἀλλὰ
2457 2854 2548 2908 καὶ
2571 2853 2640 2906 τὰ
2666 2853 3094 2926 προστάγματα,
3129 2855 3223 2908 καὶ
3274 2855 3414 2927 ὑπὲρ
3457 2857 3527 2911 τὰ
3567 2873 3758 2927 προσε-Δ

2142 2937 2432 3009 τάγματα,
2477 2938 2572 2994 καὶ
2618 2936 2777 2991 τοῦτο
2823 2937 2998 3007 δηλῶν
3049 2938 3204 3006 ἔλεγε
3257 2955 3271 2969 ·
3334 2939 3432 3006 Τίς
3479 2935 3594 2994 οὖν
3636 2941 3749 3009 μοί

2143 3023 2313 3077 ἐστιν
2341 3027 2375 3077 ό
2414 3021 2631 3093 μισθὸς
2659 3063 2674 3089 ,
2717 3023 2820 3076 ἵνα
2844 3021 3370 3092 εὐαγγελιζόμενος
3425 3023 3748 3078 ἀδάπανον

2144 3107 2312 3176 θήσω
2343 3109 2409 3159 τὸ
2442 3105 2817 3176 Εὐαγγέλιον
2849 3106 2956 3160 τοῦ
2971 3106 3266 3174 Χριστοῦς
3300 3108 3365 3160 Τί
3387 3106 3574 3179 ἓτερον
3603 3108 3744 3161 θαυ-

2147 3190 2337 3262 μάζων
2377 3190 2576 3252 αὐτοὺς
2625 3192 2654 3243 6
2686 3190 2973 3260 προφήτης
3019 3189 3235 3258 ἐλεγενο
3280 3190 3335 3243 '0
3379 3189 3569 3244 ποιῶν
3596 3193 3747 3259 τοὺς

2143 3271 2439 3343 ἀγγέλους
2475 3272 2662 3327 αὑτοῦ
2703 3273 3048 3341 πνεύματα,
3092 3272 3261 3344 φησὶ,
3302 3273 3402 3327 καὶ
3437 3274 3581 3340 τοὺς
3615 3279 3745 3329 λει-

2146 3362 2436 3432 τοιεργοὺς
2465 3361 2652 3416 αὑτοῦ
2693 3361 2815 3429 πῦρ
2844 3360 3112 3431 φλέγον;
3153 3361 3316 3416 Ἀλλά
3340 3364 3434 3415 καὶ
3458 3362 3617 3416 τοῦτο
3646 3365 3743 3418 ἐπὶ

2145 3453 2359 3508 Παύλου
2393 3453 2542 3509 ἐστιν
2573 3454 2731 3507 ἰδεῖν·
2779 3453 3030 3525 καθάπερ
3059 3453 3190 3526 ἰγάρ
3229 3453 3447 3525 πνεῦμα
3476 3455 3568 3508 καὶ
3603 3455 3740 3526 πῦρ,

2145 3546 2288 3601 οὕτω
2334 3547 2434 3617 τὴν
2481 3547 2808 3617 οἰκουμένην
2860 3545 3150 3618 διέδραμεν
3198 3547 3459 3613 ἃπασαν,
3495 3547 3592 3602 καὶ
3639 3547 3742 3618 τήν

2145 3640 2250 3710 γῆν
2287 3637 2638 3708 ἐξεκάθηρεν.
2686 3638 2825 3692 Ἀλλ’
2867 3637 3021 3692 οὐπω
3047 3640 3140 3692 τὸν
3172 3639 3401 3710 οὐρανὸν
3431 3638 3629 3710 ﬂuxa;
3664 3641 3742 3695 T6

2147 3724 2257 3794 γὰρ
2285 3721 2597 3792 θαυμαστὸν
2621 3721 2801 3788 τοῦτο,
2827 3722 2908 3776 ὅτι
2951 3723 3011 3776 ἐν
3033 3725 3099 3793 τῇ
3129 3725 3199 3794 γῇ
3237 3722 3476 3786 τοιοῦτος
3512 3719 3604 3794 ἦν,
3645 3725 3741 3777 καὶ

2150 3814 2310 3884 σῶμα
2362 3812 2554 3882 θνητὸν
2591 3813 3010 3884 περικείμενος,
3067 3815 3207 3886 πρὸς
3254 3813 3353 3879 τὰς
3406 3816 3740 3886 ἀσωμάτους

2147 3906 2411 3978 ἡμιλλᾶτο
2443 3905 2723 3976 δυνάμεις.
2753 3906 2936 3978 Πόσης
2968 3902 3064 3961 οῦν
3115 3908 3216 3960 οὐκ
3245 3907 3314 3962 ἂν
3339 3905 3533 3978 εἴημεν
3565 3925 3740 3962 κατα-

2147 3995 2400 4066 γνώσεως
2421 3996 2584 4061 ἄξιοι,
2612 3997 2739 4051 ὅταν
2776 3998 2897 4061 ἐνὸς
2932 3998 3223 4070 ἀνθρώπου
3264 3998 3442 4053 πάντα
3494 4000 3739 4071 συνειλη-

2147 4091 2302 4159 χότος
2331 4089 2510 4161 ἐαυτῷ
2541 4089 2613 4143 τά
2633 4090 2796 4155 καλά,
2822 4091 2984 4162 ἡμεῖς
3017 4091 3139 4146 οὐδὲ
3161 4092 3222 4146 τὸ
3247 4092 3536 4146 πολλοστὸν
3570 4093 3736 4166 μέρος

2151 4184 2493 4256 μιμήσασθαι
2541 4185 2703 4242 αὐτὸν
2747 4186 3183 4258 σπουδάζωμεν;
3219 4186 3385 4242 Ταῦτ’
3413 4185 3507 4243 οῦν
3551 4191 3736 4260 ἐννοή-

2150 4293 2370 4343 σαντες,
2420 4277 2516 4332 καὶ
2556 4277 2655 4348 τῆς
2689 4279 3026 4350 κατηγορίας
3058 4279 3284 4343 ἑαυτοὺς
3309 4278 3732 4351 ἀπαλλάξωμεν,

2148 4369 2244 4434 καὶ
2278 4369 2666 4440 σπουδάσωμεν
2691 4369 2830 4440 πρὸς
2850 4369 2942 4424 τὸν
2979 4371 3190 4424 ἐκείνου
3225 4370 3384 4443 ζῆλον
3411 4371 3588 4425 ἐλθεῖν
3607 4413 3623 4435 ,
3651 4373 3735 4426 ῖνα

2148 4460 2467 4532 δυνηθῶμεν
2499 4461 2595 4514 καὶ
2616 4459 2724 4514 τῶν
2755 4459 2932 4513 αὐτῶν
2953 4461 3178 4530 ἀγαθῶν
3211 4464 3490 4534 ἐπιτυχεῖν
3509 4504 3523 4524 ,
3554 4465 3733 4536 χάριτι

2150 4553 2245 4606 καὶ
2269 4551 2650 4624 φιλανθρωπίᾳ
2696 4551 2792 4604 τοῦ
2830 4553 3037 4623 Κυρίου
3079 4554 3237 4624 ἡμῶν
3275 4555 3448 4628 Ἰησοῦ
3473 4555 3730 4628 Χριστοῦ,

2147 4635 2194 4710 ᾧ
2225 4645 2259 4714 ἡ
2288 4641 2415 4709 δόξα
2457 4641 2552 4696 καὶ
2584 4641 2645 4696 τὸ
2674 4643 2910 4715 κράτος,
2934 4643 3030 4699 νῦν
3075 4647 3170 4700 καὶ
3199 4648 3321 4716 ἀεὶ,
3359 4649 3454 4702 καὶ
3493 4650 3577 4714 εἰς
3610 4650 3731 4712 τοὺς

2149 4734 2353 4799 αἰῶνας
2391 4734 2500 4788 τῶν
2523 4733 2758 4792 αἰώνων.
2803 4736 2998 4809 Ἀμήν.

1435 5251 1544 5308 ειΣ
1580 5252 1722 5308 TON
1760 5249 1966 5307 APION
2004 5251 2418 5307 ΑΠοΣτοΑοΝ
2438 5233 2750 5308 nAr'AON.

1081 5677 1307 5733 Ὀιιιλία
1337 5675 1420 5733 β’.

1081 5677 1135 5731 '0
1161 5679 1307 5733 ιιλία
1387 5677 1420 5732 ’.

521 5771 583 5826 Τί
618 5767 738 5824 ποτέ
781 5773 925 5822 ἐστιν
951 5697 1258 5834 ἄνθρωπος,
1290 5677 1386 5822 κάξ
1411 5767 1511 5834 ὅση
1550 5764 1647 5834 τῆς
1695 5761 1912 5835 φύσεως
1937 5765 2035 5832 τῆς

2143 5676 2420 5747 ἡμετέρας
2445 5677 2478 5746 ὴ
2519 5675 2791 5744 εὐγένεια,
2822 5673 2916 5729 καὶ
2946 5675 3076 5744 ὅσης
3099 5674 3217 5727 ἐστὶ
3250 5673 3499 5730 δεκτ.κδν
3527 5674 3723 5750 ἀρετῆς

2144 5768 2293 5821 τουτὶ
2329 5767 2390 5821 τὸ
2419 5767 2576 5832 ζῶον,
2622 5767 2786 5830 ἔδειξε
2823 5765 3058 5827 μάλιστα
3101 5767 3319 5824 πάντων
3364 5768 3668 5840 ἀνθρώπων
3693 5767 3722 5819 6
