3892 6294
151 349 261 403 «77

156 465 345 520 durior
365 461 546 517 anima
584 458 688 513 ista
724 454 1061 527 perpetiens,
1089 461 1145 507 et
1186 450 1385 506 ferrum
1423 456 1585 519 atque
1613 446 1739 501 ada-

159 564 396 611 mantem
420 549 722 622 superabat.
750 548 878 615 Quae
893 546 1033 602 enim
1055 543 1156 599 Job
1183 556 1430 613 corpore,
1454 541 1569 595 haec
1608 539 1743 593 Pau-

160 650 242 702 lus
271 653 454 701 mente
472 642 742 704 sustinuit,
770 653 928 709 quem
967 636 1113 693 omni
1140 648 1323 689 verme
1373 632 1653 688 molestior
1675 630 1743 686 de

159 740 382 810 singulis
409 737 704 807 quibusque
750 731 1050 789 labentibus
1097 728 1349 784 maestitia
1374 725 1740 782 consumebat.

162 832 313 888 Unde
344 841 398 886 et
424 833 575 900 juges
602 828 955 898 lacrymarum
980 839 1047 879 ex
1082 838 1149 878 eo
1194 822 1367 877 fontes
1403 834 1507 874 non
1556 818 1743 877 diebus

159 926 360 991 solum,
393 922 487 977 sed
515 923 672 976 etiam
718 920 962 974 noctibus
991 916 1277 973 efﬂuebant
1300 954 1316 980 ,
1345 912 1593 980 omnique
1621 925 1742 964 mu-

161 1017 292 1070 liere
314 1013 644 1085 parturiente
671 1009 1038 1065 vehementius
1062 1005 1394 1076 afﬂigebatur
1416 1003 1470 1058 in
1499 1001 1743 1071 singulis,

162 1114 382 1174 propter
406 1102 548 1173 quod
574 1102 733 1156 etiam
763 1100 975 1155 dicebat
1006 1114 1019 1151 :
1049 1096 1226 1151 Filioli
1250 1096 1346 1149 mei
1370 1136 1384 1159 ,
1414 1110 1537 1163 quos
1562 1094 1743 1147 iterum

161 1198 395 1266 parturio
425 1194 580 1264 (Gal.
606 1194 661 1249 4.
692 1194 760 1249 i9
784 1193 826 1263 ).
855 1192 1023 1259 Quem
1057 1205 1181 1244 vero
1202 1190 1313 1259 jam
1337 1188 1597 1258 quispiam
1624 1195 1747 1257 post

160 1288 265 1343 Job
291 1296 443 1358 putet
488 1301 608 1341 esse
654 1284 951 1339 mirabilem
977 1284 1001 1338 3
1030 1282 1247 1354 Moysen
1295 1279 1536 1350 profecto
1576 1296 1590 1332 :
1646 1278 1742 1333 sed

161 1379 304 1433 hunc
324 1378 484 1433 etiam
512 1374 709 1431 Paulus
738 1374 868 1429 satis
897 1373 1148 1429 eminenti
1175 1376 1369 1427 virtute
1394 1369 1738 1426 transcendit.

159 1468 326 1537 Cujus
354 1468 568 1537 quidem
610 1466 771 1520 multa
798 1473 922 1520 sunt
950 1463 1052 1517 alia
1100 1463 1397 1533 praeclara:
1440 1460 1537 1516 sed
1582 1468 1742 1527 caput

161 1566 362 1612 sanctae
392 1557 532 1612 illius
554 1556 746 1610 animae
768 1564 924 1625 atque
948 1552 1213 1623 fastigium
1244 1560 1346 1617 est,
1372 1552 1618 1620 quoniam
1646 1564 1742 1619 pro

161 1648 470 1703 Judxeorum
529 1648 700 1703 salute
749 1645 919 1701 deleri
974 1644 1132 1713 elegit
1178 1658 1244 1697 ex
1288 1644 1422 1697 libro
1450 1640 1741 1696 vitansed

162 1741 374 1811 Moyses
400 1754 524 1794 cum
567 1737 776 1793 ueteris
805 1736 1008 1806 Optavit
1034 1736 1211 1805 perire
1238 1773 1254 1800 ,
1298 1733 1491 1787 Paulus
1514 1745 1612 1801 pro
1632 1746 1741 1785 cte-

165 1833 330 1886 teris:
361 1845 469 1885 non
517 1829 658 1885 enim
690 1843 809 1882 cum
837 1826 1183 1896 pereuntibus
1213 1825 1386 1894 perire
1415 1823 1620 1889 voluit,
1648 1821 1743 1876 sed

164 1933 221 1976 ut
244 1923 576 1976 salvarentur
597 1919 836 1988 alii,ipse
859 1919 926 1974 de
948 1918 1130 1989 gloriae
1151 1916 1448 1971 atternitate
1472 1914 1740 1971 decidere.

165 2014 232 2067 Et
252 2014 342 2067 ille
370 2012 581 2081 quidem
610 2009 889 2075 Pharaoni,
920 2010 1006 2064 hic
1047 2016 1223 2063 autent
1261 2006 1474 2061 diabolo
1510 2004 1743 2075 quotidie

163 2105 533 2174 repugnabat;
579 2112 635 2158 et
662 2103 751 2157 ille
778 2117 878 2173 pro
902 2116 1007 2156 una
1037 2110 1239 2156 tantum
1266 2107 1422 2169 gente
1443 2139 1460 2164 ,
1491 2097 1591 2157 iste
1615 2111 1744 2151 vero

166 2211 263 2264 pro
297 2196 547 2250 universo
571 2194 703 2249 orbe
725 2193 968 2255 certavit,
997 2206 1105 2245 non
1130 2190 1346 2256 sudore,
1367 2188 1460 2244 sed
1487 2188 1746 2258 sanguine

164 2289 281 2342 vice
298 2286 512 2342 sudoris
542 2286 772 2354 undique
807 2282 1103 2353 proﬂuente
1133 2300 1147 2335 :
1172 2297 1291 2337 cum
1321 2296 1427 2337 non
1454 2280 1623 2336 solum
1649 2278 1745 2335 ha-

164 2378 413 2433 bitabiles
464 2376 647 2431 mundi
678 2384 874 2446 partes,
905 2390 1089 2429 verum
1113 2374 1270 2429 etiam
1309 2372 1520 2428 deserta
1546 2370 1612 2425 ad
1635 2372 1747 2425 cul-

165 2482 276 2525 tum
308 2469 583 2540 religionis
610 2469 898 2524 adduceret
925 2509 941 2535 ,
976 2482 1078 2521 nee
1118 2466 1292 2521 solum
1318 2465 1623 2522 Graacorum
1650 2479 1745 2534 po-

166 2561 340 2630 pulos,
370 2575 555 2615 verum
584 2560 744 2615 etiam
773 2559 1141 2613 barbarorum.

234 2652 506 2721 Confertur
524 2667 639 2704 cum
666 2650 780 2703 aliis
800 2649 987 2703 sanctis
1013 2649 1144 2703 viris.
1170 2677 1242 2689 —
1261 2646 1505 2702 Poteram
1530 2645 1743 2716 quidem

162 2756 216 2802 et
244 2746 427 2801 Jesum
457 2745 621 2811 Nave,
650 2753 705 2798 et
741 2743 1042 2799 Samueiem
1070 2784 1085 2807 ,
1118 2752 1173 2798 et
1199 2742 1334 2796 alios
1378 2741 1666 2811 prephetas
1691 2741 1744 2794 in

162 2838 625 2908 comparationem
675 2851 902 2901 vocare;
956 2836 1049 2891 sed
1086 2850 1154 2890 ne
1208 2840 1509 2890 sermonem
1556 2833 1744 2889 faciam

164 2930 483 2999 longiorem,
509 2929 575 2983 ad
622 2929 735 2998 ipsa
788 2943 970 2983 eorum
1007 2929 1178 2997 capita
1208 2927 1583 2983 conscendam.
1613 2925 1745 2981 Cum

164 3022 308 3076 enim
350 3019 467 3077 istis
506 3020 851 3075 excellentior
890 3018 1236 3089 apparuerit,
1267 3017 1409 3072 nulla
1438 3032 1652 3087 prorsus
1678 3016 1747 3072 de

164 3112 281 3165 aliis
305 3110 622 3181 ambiguitas
648 3110 993 3181 relinquetur.
1026 3107 1253 3175 Quinam
1282 3122 1409 3178 ergo
1433 3107 1750 3162 eminentio-

167 3216 259 3258 res
285 3201 533 3257 videntur
563 3200 587 3255 ?

232 3293 366 3358 Quis
428 3300 552 3362 post
620 3291 717 3347 hos
778 3291 913 3347 alius
939 3333 954 3357 ,
1010 3290 1115 3345 nisi
1164 3289 1326 3345 David
1352 3330 1367 3355 ,
1420 3301 1473 3345 et
1529 3289 1743 3355 Helias,

168 3394 220 3440 et
279 3385 549 3450 Joannes,
600 3398 829 3455 quorum
875 3398 1014 3437 unus
1065 3382 1296 3452 prioris,
1345 3381 1481 3436 alter
1530 3381 1747 3437 secundi

168 3485 246 3530 est
325 3489 629 3546 praecursor
698 3473 1001 3529 adventus?
1073 3483 1290 3542 propter
1360 3472 1502 3542 quod
1586 3472 1745 3527 etiam

170 3568 399 3622 nominis
445 3566 819 3621 communione
866 3565 1135 3634 conjuncti
1191 3572 1333 3623 sunt.
1394 3564 1531 3633 Quid
1592 3564 1750 3635 igitur

168 3661 217 3714 in
269 3659 438 3713 David
490 3660 812 3729 pmipuum
872 3658 1178 3727 reperitur?
1240 3657 1367 3713 Siue
1423 3657 1588 3711 dubio
1645 3656 1748 3711 hu-

171 3751 401 3814 militas,
461 3759 620 3819 atque
662 3762 786 3818 erga
827 3748 990 3803 Deum
1037 3746 1246 3802 fervens
1290 3762 1460 3802 amor.
1517 3747 1585 3801 Et
1631 3748 1749 3816 quis

171 3841 432 3910 amplius,
502 3840 611 3894 imo
675 3839 794 3909 quis
841 3838 957 3903 ita,
1028 3846 1086 3892 ut
1149 3838 1323 3892 anima
1376 3837 1561 3903 Pauli,
1635 3837 1750 3894 haec

172 3942 394 4004 utraque
420 3931 710 4003 complevit
728 3932 753 3984 τ
780 3929 1164 3985 Admirandum
1190 3939 1366 3985 autem
1397 3931 1448 3984 in
1480 3930 1626 3985 Helia
1650 3944 1750 4000 ego

172 4024 389 4078 minime
429 4037 589 4086 reor,
614 4022 739 4093 quia
777 4021 965 4077 caelum
1002 4022 1226 4086 clausit,
1265 4021 1387 4091 quia
1424 4021 1629 4076 induxit
1667 4021 1749 4076 fa-

174 4128 307 4168 mem
331 4155 347 4180 ,
388 4114 513 4183 quia
553 4113 728 4183 ignem
766 4112 835 4167 de
866 4113 998 4167 caelo
1034 4125 1282 4181 sermone
1318 4112 1610 4181 compluit;
1656 4111 1749 4167 sed

174 4203 286 4272 quia
322 4203 518 4258 zeiavit
554 4216 653 4271 pro
690 4202 800 4258 Deo
824 4243 839 4268 ,
882 4209 1000 4256 erat
1035 4202 1088 4255 in
1134 4201 1237 4257 hoc
1277 4202 1472 4256 mentis
1514 4201 1705 4256 aii'ectu
1729 4242 1748 4268 ,

175 4294 282 4362 ipso
315 4295 440 4364 igne
465 4293 848 4349 vehementior.
876 4292 982 4349 Sed
1008 4294 1052 4348 si
1078 4293 1226 4349 Pauli
1261 4293 1435 4348 zelum
1472 4292 1751 4363 diligenter

177 4386 420 4456 inspicias
443 4425 459 4453 ,
489 4395 637 4441 tanto
661 4401 781 4441 eum
808 4386 1047 4441 invenies
1076 4386 1353 4441 celsiorem
1377 4426 1394 4453 ,
1431 4394 1629 4455 quanto
1664 4386 1752 4441 ille

176 4476 444 4547 prophetis
482 4476 692 4530 caeteris
735 4475 1021 4530 eminebat.
1066 4474 1204 4544 Quid
1246 4475 1389 4531 enim
1428 4475 1605 4531 verbis
1648 4476 1752 4531 illis

177 4566 467 4635 reperiatur
493 4566 698 4636 aequale
717 4606 734 4634 ,
762 4581 858 4637 per
879 4581 997 4637 quae
1020 4567 1242 4637 gloriam
1280 4566 1490 4622 Domini
1531 4568 1752 4623 zelando

176 4654 383 4712 dicebat
407 4674 421 4710 :
456 4656 709 4723 Quoniam
727 4657 964 4725 optabam
986 4672 1076 4728 ego
1096 4659 1365 4712 anathema
1391 4674 1498 4714 esse
1522 4676 1613 4729 pro
1641 4660 1745 4729 fra-

178 4749 330 4803 tribus
376 4749 500 4802 meis
522 4789 538 4814 ,
586 4751 670 4819 qui
710 4757 828 4803 sunt
866 4750 1065 4820 cognati
1106 4751 1203 4804 mei
1238 4751 1514 4805 secundum
1550 4767 1753 4807 corneus

179 4836 373 4909 (Rom.
417 4838 473 4895 9.
510 4841 545 4895 5
568 4839 617 4909 )‘l
655 4839 941 4909 Propterea
966 4879 983 4905 ,
1026 4839 1172 4895 eisiis
1225 4841 1324 4894 sibi
1364 4841 1649 4910 propositis
1691 4858 1753 4895 ue

182 4932 412 4997 praemiis
464 4940 521 4987 et
565 4931 813 4998 coronis,
860 4930 1090 4987 tardavit
1130 4946 1195 4986 ac
1238 4931 1477 4999 distulit,
1524 4932 1748 4988 dicens:

184 5021 484 5078 Permanere
526 5033 694 5078 autem
737 5025 791 5078 in
828 5040 981 5079 carne
1007 5066 1023 5092 ,
1065 5026 1399 5081 necessarium
1439 5035 1511 5079 est
1549 5036 1753 5096 propter

178 5129 259 5168 vos
309 5115 589 5186 (Philipp.
631 5117 683 5172 1.
724 5114 857 5188 24).
905 5117 1191 5187 Propterea
1236 5132 1341 5170 non
1386 5118 1555 5171 solum
1596 5118 1750 5171 istam

1013 335 1101 392 DE
1137 331 1477 391 LAUDIBUS
1510 332 1568 389 S.
1610 328 1810 386 PAULl
1848 326 2199 385 APOSTOLI.
2242 325 2471 383 iiOMIL.
2513 323 2576 379 ΙΙ.

3308 318 3415 375 4³78

1848 461 1966 516 qua:
2020 448 2294 511 cernitur,
2339 445 2433 500 sed
2490 444 2631 498 illam
2683 456 2891 516 quoque
2946 459 3065 517 qua:
3112 448 3427 525 intelligitur

1846 547 2180 604 creaturam,
2236 554 2569 609 nequaquam
2623 539 2870 597 sufficere
2927 541 3028 597 sibi
3084 544 3308 601 credidit
3353 548 3420 603 ad

1846 630 2234 687 ostendendum
2277 632 2448 685 zelum
2493 640 2547 685 et
2592 631 2902 699 caritatem,
2950 648 3054 704 qua
3100 634 3322 693 ardebat
3370 638 3422 693 in

1846 720 2114 776 Christum
2139 737 2155 787 ;
2187 721 2281 776 sed
2309 722 2468 775 ctiam
2498 722 2657 775 aliam
2681 763 2696 787 ,
2725 738 2844 794 quse
2881 739 2986 778 non
3024 733 3108 780 est
3128 765 3144 792 ,
3175 740 3426 783 sermone

1847 813 2132 881 formavit,
2164 823 2222 869 ut
2243 816 2384 885 quod
2415 822 2523 869 tota
2561 815 2833 871 voluntate
2866 816 3114 887 cupiebat
3152 819 3422 889 exprime-

1848 916 1950 961 ret.
1979 906 2083 961 Sed
2108 906 2339 963 Joannes
2366 906 2419 959 in
2445 905 2620 960 cibum
2652 907 2883 964 locustas
2919 916 2974 963 et
3014 908 3120 963 mel
3164 910 3425 980 sylvestre

1848 995 2094 1053 sumebat
2120 997 2139 1068 (
2165 996 2352 1051 Matth.
2376 998 2410 1052 5
2429 996 2471 1069 ),
2495 1005 2550 1051 at
2570 996 2763 1052 Paulus
2790 998 2860 1053 ita
2886 999 2939 1053 in
2964 1000 3149 1055 mundi
3175 1002 3422 1071 strepitu,

1847 1092 2291 1162 quemadmodum
2316 1092 2408 1151 ille
2428 1093 2481 1147 in
2504 1094 2671 1150 eremi
2699 1096 2877 1164 quiete
2896 1104 3139 1152 versatus
3162 1105 3244 1153 est
3270 1114 3284 1151 :
3316 1113 3425 1153 non

1847 1182 2060 1252 quidem
2088 1191 2269 1253 pastus
2293 1184 2512 1239 locustis
2538 1193 2596 1240 et
2620 1185 2779 1242 melle
2804 1186 3051 1258 sylvestri
3073 1228 3089 1255 ,
3130 1190 3227 1247 sed
3255 1190 3427 1245 multo

1848 1272 1933 1328 his
1956 1276 2099 1329 victu
2128 1275 2317 1331 viliore
2344 1284 2627 1332 contentus
2652 1316 2668 1342 ,
2701 1291 2765 1335 ac
2790 1293 2859 1333 ue
2884 1280 3186 1335 necessario
3210 1281 3424 1351 quidem

1846 1364 2124 1435 indulgens
2163 1366 2320 1431 cibo,
2360 1381 2469 1435 prae
2510 1365 2721 1422 fervore
2766 1376 2821 1423 et
2861 1368 3038 1425 studio
3080 1369 3424 1439 praedicandi.

1844 1453 2041 1512 Verum
2074 1456 2215 1512 illius
2242 1455 2503 1512 adversus
2524 1456 2786 1512 Herodem
2808 1460 3052 1527 apparuit
3074 1474 3262 1530 magna
3290 1476 3424 1517 con-

1845 1546 2042 1602 stantia
2069 1545 2089 1619 (
2116 1545 2305 1602 Matth.
2335 1548 2404 1603 l4
2430 1547 2471 1618 );
2502 1556 2557 1602 at
2598 1548 2700 1604 iste
2740 1562 2845 1604 non
2883 1565 3043 1604 unum
3068 1592 3084 1618 ,
3125 1559 3218 1607 aut
3251 1552 3425 1618 duos,

1845 1647 1937 1694 aut
1957 1647 2065 1694 tres
2088 1679 2104 1706 ,
2132 1639 2229 1695 sed
2270 1640 2578 1696 innumeros
2618 1641 2672 1696 in
2717 1642 2875 1699 simili
2921 1644 3122 1713 positos
3162 1654 3427 1716 potestate

1848 1729 2138 1800 corripuit,
2167 1731 2275 1785 imo
2316 1732 2472 1801 longe
2511 1731 2604 1787 illo
2640 1732 2891 1789 saeviores
2930 1744 3202 1805 tyrannos.
3240 1737 3428 1794 Restat

1847 1829 1905 1877 ut
1932 1820 2151 1877 Paulum
2177 1821 2287 1891 jam
2317 1823 2518 1893 angelis
2544 1838 2914 1894 comparemus
2942 1842 2957 1884 :
2999 1826 3224 1898 ideoque
3261 1829 3425 1885 relin-

1846 1923 2072 1984 quentes
2113 1925 2310 1970 terram
2334 1958 2349 1983 ,
2398 1916 2465 1970 ad
2513 1916 2763 1972 caelorum
2816 1917 3022 1988 fastigia
3072 1930 3423 1980 transeamus.

1849 2007 1955 2064 Sed
1982 2008 2157 2063 nullus
2178 2010 2439 2064 sermonis
2461 2010 2626 2063 nostri
2646 2020 2860 2066 accuset
2882 2011 3179 2068 audaciam.
3206 2016 3262 2069 Si
3280 2017 3424 2072 enim

1848 2100 2106 2155 Joannem
2133 2109 2184 2155 et
2204 2101 2511 2156 sacerdotes
2536 2101 2628 2155 Dei
2653 2100 2925 2169 Scriptura
2946 2104 3160 2172 angelos
3185 2108 3427 2162 nomina-

1846 2191 1923 2246 vit
1953 2207 1967 2244 :
1998 2190 2123 2261 quid
2153 2192 2346 2245 mirum
2369 2232 2386 2258 ,
2417 2191 2463 2245 si
2492 2192 2914 2261 praestantiorem
2935 2193 3179 2250 omnibus
3204 2195 3426 2253 Paulum

1848 2281 1953 2337 illis
1979 2283 2259 2338 virtutibus
2284 2284 2621 2339 conferamus
2642 2284 2666 2337 ‘i
2688 2282 2826 2349 Quid
2850 2298 2977 2355 ergo
3001 2298 3121 2341 esse
3145 2286 3198 2342 in
3222 2291 3428 2359 angelis

1848 2374 2184 2444 magnificum
2206 2373 2544 2443 judicamus?
2571 2373 2817 2429 Profecto
2834 2374 2956 2445 quia
2978 2390 3101 2431 cum
3127 2378 3272 2433 omni
3300 2394 3427 2444 cura

1847 2464 2103 2520 cbediunt
2132 2466 2242 2521 Deo
2270 2484 2285 2521 :
2317 2465 2456 2539 quod
2488 2465 2653 2521 David
2696 2482 2907 2538 quoque
2943 2469 3254 2526 admirando
3276 2472 3427 2529 dicc-

1848 2556 1939 2610 bat
1968 2573 1984 2611 :
2017 2555 2254 2611 Potentes
2291 2558 2503 2621 virtute,
2545 2558 2784 2627 facientes
2820 2559 3024 2614 verbum
3066 2561 3204 2618 illius
3234 2562 3255 2633 (
3281 2565 3427 2619 Psal.

1851 2648 1974 2704 102.
2002 2648 2073 2704 20
2099 2650 2139 2720 ).
2171 2649 2305 2704 Huic
2327 2651 2470 2705 enim
2494 2651 2636 2707 bono
2667 2651 2800 2706 nihil
2829 2667 3048 2722 prorsus
3074 2656 3279 2725 mquaie
3307 2670 3388 2712 est
3411 2700 3428 2722 ,

1849 2746 2009 2799 etiam
2035 2745 2080 2799 si
2107 2745 2215 2799 sint
2241 2744 2441 2799 millies
2467 2745 2803 2814 incorporei:
2844 2745 2946 2802 hoc
2984 2756 3068 2803 est
3110 2748 3253 2803 enim
3286 2751 3429 2820 quod

1850 2836 2082 2891 maxime
2106 2843 2324 2906 praestat
2350 2850 2445 2890 eos
2471 2835 2654 2890 beatos
2677 2876 2693 2902 ,
2723 2836 2845 2906 quia
2873 2837 3126 2893 cbediunt
3150 2842 3433 2910 praeceptis

1852 2928 1946 2983 Dei
1972 2969 1987 2993 ,
2019 2929 2141 2998 quia
2170 2941 2293 2982 eum
2324 2927 2377 2980 iu
2409 2926 2553 2981 nullo
2592 2926 2882 2996 aliquando
2922 2937 3289 2984 contemnunt.
3318 2927 3432 2986 Hoc

1854 3020 2014 3090 igitur
2040 3029 2092 3075 et
2122 3021 2175 3074 in
2205 3019 2371 3074 Paulo
2390 3019 2545 3089 plene
2566 3019 2912 3075 animadverti
2940 3029 3114 3091 potest
3136 3036 3258 3077 cum
3285 3024 3428 3079 omni

1849 3111 2119 3181 diligentia
2161 3119 2217 3166 et
2255 3110 2501 3165 cautione
2543 3118 2837 3172 servatum.
2883 3110 3000 3165 Non
3038 3121 3215 3167 autem
3258 3114 3431 3170 solum

1850 3216 2155 3258 sermonem
2205 3201 2322 3270 ejus
2364 3200 2601 3270 implevit
2623 3239 2639 3266 ,
2689 3214 2875 3254 verum
2916 3200 3076 3255 etiam
3128 3212 3390 3274 pracepta
3412 3245 3429 3268 ,

1851 3309 2117 3365 supraque
2159 3299 2423 3363 praecepta
2474 3310 2490 3345 :
2537 3291 2641 3346 hoc
2685 3305 2895 3361 quoque
2945 3290 3266 3357 declarans,
3313 3293 3429 3347 ait:

1856 3385 1982 3452 Qum
2008 3393 2081 3439 est
2106 3398 2223 3455 ergo
2251 3399 2437 3438 merces
2476 3398 2618 3448 mea,
2663 3391 2720 3436 ut
2760 3382 3069 3452 evangelium
3108 3383 3389 3453 prtedicans
3411 3426 3429 3451 ,

1851 3477 1960 3532 sine
1997 3485 2202 3546 sumptu
2240 3488 2428 3545 ponam
2468 3472 2783 3543 evangelium
2822 3470 2922 3525 Dei
2967 3472 3045 3545 (l.
3077 3473 3194 3528 Cor.
3229 3474 3283 3529 9.
3314 3476 3428 3544 i8).

1852 3568 1990 3636 Quid
2035 3583 2162 3623 vero
2199 3566 2341 3621 aliud
2386 3566 2439 3621 in
2477 3565 2681 3636 angelis
2728 3564 2987 3634 propheta
3024 3566 3288 3621 miratur?
3334 3567 3433 3633 Qui

1854 3660 2009 3730 facit,
2037 3657 2208 3729 inquit
2229 3697 2245 3723 ,
2276 3656 2481 3728 angelos
2506 3671 2627 3710 suos
2650 3654 2890 3725 spiritus,
2932 3663 2979 3709 et
3016 3656 3270 3711 ministros
3314 3673 3434 3710 suos

1852 3750 2017 3820 ignem
2059 3758 2284 3802 urentem
2328 3745 2519 3816 (Psai.
2568 3744 2692 3800 103.
2741 3746 2775 3798 4
2801 3742 2843 3815 ).
2885 3743 2991 3799 Sed
3029 3744 3133 3800 hoc
3169 3746 3329 3800 etiam
3380 3747 3432 3801 in

1854 3840 2016 3895 Paulo
2045 3853 2326 3909 possumus
2352 3836 2589 3892 invenire
2610 3877 2626 3901 ,
2658 3836 2747 3906 qui
2773 3835 2918 3889 velut
2962 3835 3096 3904 ignis
3119 3849 3183 3889 ac
3209 3836 3431 3905 spiritus

1854 3943 2022 3990 totum
2074 3941 2338 3987 terrarum
2385 3929 2649 3999 percurrit
2698 3928 2931 3992 orbem,
2964 3926 3430 3996 percurrendoque

1855 4024 2115 4095 purgavit.
2142 4021 2247 4077 Sed
2270 4019 2492 4075 necdum
2514 4019 2702 4073 czelum
2731 4018 2830 4072 iste
2857 4017 3077 4072 sortitus
3097 4028 3179 4071 est
3198 4018 3221 4071 ?
3242 4017 3309 4073 Et
3333 4018 3434 4075 hoc

1855 4114 2077 4171 omnino
2117 4110 2360 4167 mirabile
2390 4127 2404 4163 :
2430 4109 2552 4179 quia
2581 4107 2701 4161 talis
2723 4106 3038 4161 versabatur
3065 4108 3117 4161 iu
3149 4108 3304 4162 terris
3327 4149 3343 4175 ,
3381 4120 3436 4165 et

1854 4207 2066 4264 mortali
2108 4204 2281 4260 adhuc
2316 4217 2478 4258 carne
2520 4200 2918 4268 circumdatus,
2957 4215 3080 4256 cum
3124 4202 3436 4272 incorpora-

1856 4300 1983 4355 iium
2012 4304 2331 4368 potestatum
2361 4293 2556 4348 virtute
2582 4292 2839 4347 certabat.
2861 4290 3069 4358 Quanta
3098 4306 3226 4363 ergo
3252 4308 3437 4349 sumus

1853 4386 2296 4445 eondemnatione
2324 4383 2466 4454 digni
2494 4424 2511 4450 ,
2543 4397 2664 4437 cum
2691 4395 2796 4436 uno
2837 4381 3054 4437 homine
3090 4383 3230 4438 bona
3258 4383 3435 4439 omnia

1855 4481 1909 4536 in
1936 4494 1995 4536 se
2021 4485 2375 4549 congregaute
2399 4517 2415 4543 ,
2450 4490 2517 4531 ne
2547 4474 2819 4529 minimam
2847 4473 3061 4544 quidem
3089 4489 3276 4530 eorum
3306 4490 3435 4545 par-

1857 4582 1966 4628 tem
1992 4569 2269 4627 studemus
2289 4568 2484 4624 imitari
2506 4568 2530 4621 ἲ
2557 4566 2682 4622 Haec
2704 4566 2917 4621 assidue
2936 4574 3115 4622 mente
3135 4566 3432 4643 volventes,

1855 4673 1910 4721 et
1954 4678 2051 4718 nos
2095 4662 2241 4732 ipsos
2289 4658 2635 4729 inculpabiles
2681 4656 3053 4728 praebeamus,
3095 4666 3151 4713 et
3183 4657 3250 4713 ad
3298 4658 3437 4715 illius

1854 4756 2025 4811 zelum
2052 4754 2359 4810 studeamus
2386 4750 2643 4807 accedere
2665 4791 2681 4817 ,
2711 4758 2771 4805 ut
2802 4749 2869 4804 ad
2907 4748 3095 4805 eadem
3127 4749 3266 4805 bona
3308 4765 3437 4820 pcr-

1854 4848 2037 4903 venire
2089 4859 2429 4910 mereamur,
2487 4842 2653 4914 gratia
2701 4849 2758 4897 et
2811 4840 3173 4897 misericordia
3223 4841 3433 4899 Domini

1855 4939 2023 4994 nostri
2062 4937 2186 4993 Jesu
2231 4934 2467 4999 Christi,
2512 4934 2596 4987 cui
2637 4939 2720 4988 est
2751 4931 2918 5002 gloria
2962 4940 3020 4988 et
3060 4931 3339 5002 imperium
3385 4930 3439 4987 iu

1858 5030 2053 5086 szecula
2082 5027 2418 5083 saeculorum.
2448 5027 2637 5079 Amen.

3384 5207 3435 5224 α

1045 5297 1184 5367 DE
1228 5297 1746 5371 LAUDIBUS
1791 5298 2163 5372 SANCTI
2215 5292 2529 5365 PAULI

1644 5446 1961 5491 APOSTOLI.

1560 5595 1775 5607 ...ι-...-

808 5728 1021 5770 ηοκιιιλ
1060 5727 1117 5766 11.

248 5807 377 5872 Quid
416 5806 490 5861 ait
522 5806 702 5873 homo,
730 5818 781 5863 et
813 5822 1001 5873 quanta
1030 5817 1232 5865 naturae
1260 5813 1453 5861 nostra:
1481 5803 1755 5864 nobilitas,

1776 5572 1884 5626 Elii]

1888 5592 2096 5605 ———-———.

1861 5712 2175 5777 quantteque
2197 5716 2363 5771 capax
2397 5700 2606 5753 virtutis
2630 5697 2731 5751 hoc
2746 5698 2812 5749 sit
2833 5692 3049 5759 animai,
3071 5695 3153 5751 vel
3178 5698 3443 5767 prmcjpue

1865 5820 1928 5859 ex
1957 5800 2200 5858 omnibus
2230 5797 2422 5851 Paulus
2446 5787 2697 5856 ostendit,
2728 5788 2817 5861 qui
2850 5801 2990 5844 nunc
3015 5791 3161 5846 stetit
3189 5792 3445 5849 adversus
