3908 6300
497 349 601 408 ιῖο

490 462 886 522 criminationes
930 461 1177 517 humanae
1206 468 1481 520 creatum,
1509 453 1798 509 clarissima
1828 462 1926 519 pro
1950 448 2059 501 Do-

492 556 639 610 mino
681 569 811 609 voce
836 552 1181 621 respondens,
1212 549 1499 603 cohortans
1528 545 1594 599 ad
1631 542 1802 597 studia
1831 539 2060 605 virtutis,

493 656 549 699 et
572 643 1025 714 impudentissima
1056 639 1527 710 blasphemantium
1558 650 1648 690 ora
1692 631 2016 688 concludens
2048 646 2063 681 :

493 736 694 790 docens
717 747 924 804 quoque
952 730 1093 801 quod
1144 732 1282 785 inter
1326 728 1541 797 angelos
1568 725 1916 791 homineSque
1959 736 2063 775 non

492 823 691 894 grande
719 824 789 877 sit
814 822 1061 887 medium,
1090 820 1135 874 si
1164 830 1338 874 tamen
1355 833 1451 872 nos
1479 817 1622 886 ipsos
1642 813 1943 885 diligentius
1968 828 2065 867 cx-

493 917 751 971 colamns.
782 914 896 969 Non
923 915 1066 969 enim
1109 913 1265 966 aliam
1307 912 1394 966 ille
1418 919 1498 965 est
1533 908 1751 963 sortitus
1797 917 2058 970 naturam,

496 1021 592 1060 nec
621 1005 930 1061 dissimilem
960 1012 1145 1057 nactus
1191 1002 1441 1066 animam,
1486 1014 1657 1069 neque
1695 999 1917 1052 alterum
1965 995 2062 1049 ha-

496 1098 667 1151 bitans
708 1095 983 1157 mundum,
1028 1093 1120 1148 sed
1147 1095 1199 1146 in
1229 1091 1418 1147 eadem
1463 1099 1621 1155 terra,
1651 1088 1942 1157 eademque
1979 1100 2066 1141 re-

496 1190 674 1259 gione,
703 1188 803 1242 sub
829 1186 1027 1240 eisdem
1056 1185 1215 1239 etiam
1243 1182 1443 1252 legibus
1472 1183 1698 1235 nutritus
1727 1188 1782 1234 et
1807 1177 2061 1241 moribus,

494 1291 714 1333 cunctos
738 1278 825 1347 qni
850 1279 929 1330 vel
955 1292 1096 1331 nunc
1120 1283 1243 1329 sunt
1264 1272 1522 1337 homines,
1542 1271 1621 1325 vel
1653 1270 1881 1332 fuerunt,
1908 1267 2066 1321 altius

497 1372 691 1425 virtute
716 1369 1059 1424 transcendit.
1092 1367 1193 1422 Ubi
1215 1366 1371 1436 igitur
1399 1364 1474 1418 illi
1506 1378 1647 1418 nunc
1672 1372 1793 1416 sunt
1823 1361 1912 1430 qui
1938 1360 2062 1413 vitia

498 1465 550 1516 in
575 1462 820 1532 proclivi,
849 1461 1098 1514 virtutem
1128 1459 1179 1512 in
1220 1458 1385 1511 arduo
1408 1453 1776 1510 collocarunt?
1800 1453 1898 1507 Hic
1921 1451 2063 1505 enim

500 1553 670 1622 palam
698 1551 801 1605 iliis
829 1557 1106 1619 repugnat,
1135 1547 1318 1602 dicens
1347 1563 1360 1600 :
1392 1546 1540 1611 Quod
1576 1545 1709 1612 enim
1738 1545 1790 1598 in
1835 1542 2065 1613 prementi

500 1652 902 1695 ntomeittaneum
940 1648 1011 1693 est
1056 1654 1116 1691 ac
1162 1636 1264 1692 leve
1303 1636 1634 1690 tribulationis
1664 1644 1863 1699 nostrae,
1912 1648 2069 1702 supra

499 1734 703 1785 nandum
728 1731 781 1783 in
819 1730 1121 1783 sublimitate
1144 1737 1388 1783 a'ternum
1413 1728 1468 1780 in
1510 1726 1651 1780 nobis
1676 1725 1852 1795 gloriw
1870 1722 2068 1794 pondus

498 1832 737 1893 operatur
780 1821 849 1894 (2
898 1820 1014 1875 Cor.
1038 1822 1093 1876 ι.
1117 1819 1185 1874 l7
1210 1820 1250 1891 ).
1276 1818 1331 1875 Si
1358 1828 1535 1874 autem
1577 1816 1877 1885 huiusmodi
1899 1814 2069 1869 tribu-

500 1914 722 1968 lationes
749 1912 1088 1968 inveniuntur
1113 1911 1278 1977 leves,
1301 1920 1497 1981 quanto
1522 1908 1690 1979 magis
1710 1906 1792 1962 he
1805 1922 1925 1976 quae
1945 1912 2070 1960 sunt

502 2005 553 2058 in
583 2006 734 2060 nobis
755 2005 1052 2073 voluptates
1073 2004 1099 2056 ?

568 2095 757 2165 Ingens
783 2092 938 2147 Pauli
967 2092 1405 2164 {ervom—Neque
1421 2107 1549 2147 vero
1577 2090 1679 2146 hoc
1706 2090 1876 2146 solum
1898 2090 1950 2143 in
1978 2087 2069 2142 illo

500 2187 739 2240 mirabile
784 2193 887 2249 est,
932 2184 1073 2254 quod
1125 2199 1235 2254 pne
1261 2182 1582 2237 abundantia
1611 2180 1908 2236 devotionis
1937 2192 2070 2248 quo.

499 2277 782 2332 dammodo
820 2290 928 2330 non
956 2275 1124 2329 sensit
1151 2275 1365 2329 dolores
1388 2289 1485 2343 pro
1527 2274 1720 2327 virtute
1757 2281 2067 2339 susceptos;

501 2366 596 2421 sed
616 2367 776 2421 etiam
802 2365 942 2434 quod
959 2366 1207 2420 virtutem
1238 2365 1403 2434 ipsam
1434 2378 1532 2433 pro
1558 2362 1805 2417 mercede
1826 2376 1930 2416 non
1953 2374 2071 2415 sus-

500 2458 661 2525 cepit.
710 2456 841 2511 Nam
868 2470 965 2510 nos
980 2456 1191 2525 quidem
1216 2470 1310 2524 pro
1334 2469 1397 2509 ea
1419 2468 1518 2510 nec
1535 2454 1799 2523 proposita
1827 2451 2072 2506 mercede

502 2556 786 2613 certamus,
815 2561 971 2618 qnam
1018 2547 1107 2601 ille
1132 2547 1488 2614 complectens
1506 2545 1664 2599 etiam
1706 2542 1822 2598 sine
1852 2542 2071 2612 praemio

502 2640 772 2708 diligebat,
798 2646 985 2692 cuncta
1015 2638 1104 2691 illa
1124 2653 1243 2706 quae
1267 2635 1551 2705 asperitate
1578 2635 1659 2689 sui
1705 2633 1952 2688 videntur
1974 2633 2072 2687 im-

504 2730 687 2800 pedire
707 2731 968 2793 virtutem,
983 2743 1103 2782 cum
1125 2728 1268 2781 omni
1281 2725 1708 2796 magnanimitate
1734 2723 2069 2793 perpetiens:

502 2822 593 2890 qui
617 2835 786 2889 neque
812 2818 1169 2873 inﬁrmitatem
1195 2817 1457 2886 corporis,
1487 2830 1658 2886 neque
1684 2813 2071 2869 multitudinem

502 2911 953 2967 circumstantium
999 2908 1233 2979 undique
1261 2908 1612 2978 negotiorum,
1642 2920 1811 2975 neque
1839 2905 2074 2977 tyranni-

504 3003 627 3058 dem
658 3011 883 3068 naturae,
909 3016 1081 3071 neque
1099 2999 1386 3072 quidquam
1415 2998 1556 3053 aliud
1584 2999 1801 3053 omnino
1829 3006 2074 3051 causatus

503 3104 589 3151 est
613 3111 627 3148 :
655 3110 774 3149 cum
804 3094 985 3163 utique
1026 3092 1196 3161 major
1226 3091 1324 3155 illi,
1352 3105 1511 3161 quam
1557 3090 1763 3144 cunctis
1790 3096 1844 3143 et
1871 3087 2075 3143 militiae

503 3184 830 3255 principibus
880 3190 936 3239 et
971 3182 1184 3253 regibus
1234 3191 1393 3236 terrm
1424 3187 1568 3235 esset
1596 3193 1721 3234 cura
1766 3178 2073 3234 commissa.

505 3280 611 3335 Sed
632 3278 865 3349 quotidie
884 3277 1097 3342 celsior,
1114 3274 1349 3346 quotidie
1374 3272 1683 3343 assurgebat
1705 3271 1992 3337 ardentior,
2020 3278 2076 3326 et

505 3373 723 3426 intentis
743 3369 841 3424 sibi
861 3368 1108 3439 periculis
1125 3383 1259 3423 nova
1272 3381 1483 3435 semper
1497 3365 1770 3420 alacritate
1786 3362 2072 3434 pugnabat,

507 3463 664 3539 idque
686 3461 987 3530 signiﬁcans
1009 3458 1219 3513 dicebat
1238 3477 1252 3512 :
1274 3456 1465 3511 Eorum
1482 3471 1593 3527 qua:
1616 3465 1749 3509 retro
1765 3455 2072 3521 Oblivisceris,

506 3555 562 3606 in
606 3569 665 3605 ea
701 3566 837 3616 vero,
872 3565 986 3619 qua:
1003 3550 1177 3619 priora
1199 3559 1314 3603 sunt
1338 3549 1604 3602 extendens
1629 3544 1986 3618 me(Pltilipp.
2018 3547 2073 3601 5.

508 3644 578 3698 l3
616 3644 660 3712 ),
684 3643 771 3712 qui
797 3656 917 3695 cum
936 3641 1032 3695 sibi
1058 3641 1166 3709 jam
1204 3648 1429 3694 mortem
1453 3638 1816 3694 imminentem
1846 3636 2070 3704 videret,

506 3734 573 3787 ad
599 3732 1023 3789 communionem
1045 3730 1555 3798 delectationemque
1582 3728 1760 3798 gaudii
1784 3727 1916 3782 alios
1943 3742 2074 3796 pro-

507 3826 747 3889 vocabat,
775 3824 995 3878 dicens:
1022 3822 1264 3889 Gaudete,
1286 3828 1332 3874 et
1354 3819 1770 3891 congratulamini
1786 3818 1905 3872 mihi
1924 3816 2078 3890 (Phi-

506 3919 634 3989 lipp.
651 3918 704 3972 2.
727 3919 788 3972 l8
827 3915 845 3984 )
875 3930 968 3969 :ac
988 3914 1252 3984 periculis,
1278 3912 1501 3981 injuriis,
1525 3910 1928 3980 opprobriisque
1955 3922 2077 3978 pro—

509 4009 718 4079 positis,
759 4022 943 4061 rursus
993 4005 1240 4068 exsultat,
1271 4012 1322 4057 et
1348 4001 1635 4057 Corinthiis
1668 4001 1924 4064 scribens,
1955 4000 2029 4053 ait
2058 4016 2072 4053 :

506 4101 691 4154 Placeo
716 4099 839 4152 mihi
877 4098 929 4151 in
954 4096 1349 4162 inﬁrmitatibus,
1397 4095 1450 4148 in
1476 4093 1807 4157 contumeliis,
1835 4093 1887 4145 in
1912 4106 2078 4161 perse-

504 4186 938 4259 quutionibus(2.
993 4187 1110 4241 Cor.
1140 4186 1226 4241 12.
1262 4186 1360 4254 10)
1389 4202 1403 4239 :
1442 4199 1562 4240 cum
1592 4184 1773 4253 utique
1809 4182 1922 4237 hac
1962 4182 2077 4251 ipsa

507 4290 627 4335 esse
647 4280 849 4333 diceret
870 4292 1014 4330 arma
1043 4277 1281 4344 justitize,
1318 4276 1606 4330 ostendens
1653 4274 1779 4330 hinc
1817 4274 1915 4329 sibi
1965 4272 2078 4328 fru-

506 4381 651 4426 etum
677 4370 963 4422 maximum
1006 4367 1306 4435 provenire.
1338 4366 1517 4436 Itaque
1544 4382 1664 4421 cum
1702 4368 1838 4422 inter
1875 4365 2078 4423 medias

511 4461 845 4517 inimicorum
906 4465 1209 4511 versaretur
1260 4456 1517 4522 insidias,
1565 4472 1730 4511 ovans
1782 4467 1959 4513 tamen
2012 4457 2079 4513 de

509 4552 655 4607 omni
696 4564 893 4605 eorum
944 4546 1208 4602 referebat
1247 4547 1644 4616 impugnatione
1693 4550 1975 4617 victorias,
2025 4557 2079 4604 et

511 4642 707 4710 ubique
740 4654 913 4695 cassus
936 4636 1264 4701 verberibus,
1291 4636 1512 4691 aﬁ‘ectus
1542 4636 1752 4705 injuriis
1778 4647 1936 4707 atque
1960 4653 2077 4693 ma-

509 4732 735 4795 ledictis,
787 4729 934 4799 quasi
983 4726 1328 4797 triumphales
1371 4740 1590 4796 pompas
1636 4736 1849 4796 ageret,
1892 4727 2078 4782 crebra

509 4834 706 4893 trepma
728 4829 976 4883 strueret,
996 4819 1338 4889 gloriabatur,
1352 4817 1652 4887 gratiasque
1670 4814 1934 4871 referebat
1947 4818 2075 4882 Deo,

508 4916 732 4969 dicens:
761 4910 869 4965 Deo
895 4921 1060 4965 autent
1084 4909 1296 4981 gratias,
1333 4909 1419 4980 qui
1455 4924 1656 4979 semper
1688 4907 1963 4978 triumphat
1987 4924 2078 4963 nos

512 5001 991 5077 (2.Cor.2.14).

589 5095 725 5161 Quid
756 5094 1027 5146 timendum
1070 5092 1156 5158 sit,
1186 5092 1305 5162 quid
1332 5090 1606 5162 aptandum
1628 5106 1649 5155 ;
1676 5089 1867 5145 Caritas
1893 5090 2078 5146 Christi

505 5188 668 5239 instar
693 5185 915 5237 omnium
947 5183 1207 5236 bonorum.
1236 5212 1308 5223 —
1328 5182 1507 5252 Itaque
1538 5182 1603 5236 ad
1632 5181 1996 5237 confusionem
2023 5190 2078 5237 et

507 5278 748 5348 injurias,
771 5290 901 5347 quas
916 5276 985 5331 ob
999 5274 1316 5345 praedicandi
1333 5274 1561 5329 studium
1574 5274 1887 5339 sustinebat,
1909 5276 2077 5345 magis

508 5385 665 5441 quam
719 5383 816 5423 nos
868 5367 935 5422 ad
984 5366 1246 5421 honorum
1293 5366 1681 5421 oblectamenta
1719 5368 2072 5436 properabat,

506 5470 732 5515 mortem
770 5459 964 5529 potius,
993 5472 1151 5528 quam
1198 5472 1296 5512 nos
1317 5458 1479 5512 vitam
1522 5466 1777 5527 appetens
1808 5476 1821 5512 :
1850 5473 2077 5530 pauper-

507 5561 865 5622 tatem,quam
888 5549 1211 5621 opulentiam
1236 5564 1253 5605 :
1284 5558 1339 5604 et
1363 5548 1530 5604 multo
1558 5550 1785 5620 amplius
1837 5549 2074 5609 laborem

512 5645 840 5713 desiderans,
866 5661 1022 5718 quam
1049 5646 1136 5700 alii
1156 5645 1390 5715 requiem
1416 5655 1537 5716 post
1559 5644 1791 5700 laborem
1819 5663 1833 5700 :
1861 5660 1925 5701 ac
1952 5660 2077 5703 mm-

508 5755 684 5796 rorem
707 5741 870 5815 magis
887 5740 1106 5813 eligens,
1125 5753 1281 5812 quam
1304 5740 1390 5795 alii
1406 5739 1723 5812 voluptatem
1750 5758 1763 5795 :
1787 5739 2073 5796 studiosius

1227 344 1287 400 S.
1315 340 1593 401 JOANNIS
1629 329 2106 396 CHRYSOSTOMI
2140 330 2459 393 ARCHIEP.
2498 333 3031 393 CONSTANTINOP.

3631 337 3741 396 480

2170 460 2269 515 pro
2298 446 2525 503 inimicis
2545 463 2720 515 orans,
2749 464 2906 519 quam
2926 450 3012 504 alii
3039 448 3292 505 adversus
3307 448 3569 507 inimicos.
3597 451 3748 506 Con-

2169 545 2401 591 verterat
2428 538 2569 593 enim
2620 539 2863 595 ordinem
2908 554 3088 594 rerum
3122 556 3136 594 :
3166 540 3274 593 imo
3319 555 3419 595 nos
3447 556 3568 595 eum
3615 556 3747 596 vere

2170 630 2542 697 pervertimus.
2574 630 2654 684 Ab
2674 631 2768 685 illo
2794 641 2970 686 autem
2994 632 3073 686 sic
3099 631 3395 687 custoditus
3424 642 3529 699 est,
3554 648 3749 702 quem-

2169 719 2453 775 admodum
2482 736 2511 774 a
2556 720 2667 776 Deo
2701 721 2871 777 fuerat
2907 722 3201 776 institutus.
3249 720 3343 777 Illa
3383 723 3525 777 enim
3563 724 3746 777 omnia

2170 824 2288 877 quae
2324 810 2709 879 appetebantur
2752 826 2782 865 a
2850 811 3032 877 Paulo,
3066 821 3271 866 natura:
3312 826 3580 882 congrua;
3630 812 3750 865 hiec

2170 915 2318 966 vero,
2344 916 2464 969 qua:
2493 901 2632 956 idem
2673 902 2763 956 ille
2804 900 3057 970 fugiebat,
3105 903 3372 957 contraria
3413 902 3742 973 judicantur.

2170 992 2325 1048 Unde
2361 992 2501 1047 istud
2533 993 2743 1063 probari
2801 994 3020 1062 potest?
3052 994 3221 1047 Homo
3247 993 3390 1048 enim
3435 1008 3558 1049 cum
3603 1002 3749 1048 esset

2170 1083 2383 1147 Paulus,
2436 1083 2502 1137 ad
2541 1083 2627 1138 illa
2655 1092 2831 1138 tamen
2876 1084 3060 1153 magis,
3090 1098 3248 1153 quam
3276 1083 3343 1137 ad
3360 1084 3461 1140 ista
3476 1083 3746 1138 currebat.

2170 1173 2345 1229 Unum
2372 1175 2512 1229 enim
2544 1174 2619 1229 illi
2648 1174 3037 1229 formidandum
3064 1184 3350 1245 eratatque
3375 1174 3746 1240 metuendum,

2170 1265 2373 1320 offensa
2417 1266 2666 1320 nimirum
2699 1266 2814 1334 Dei,
2849 1280 2949 1321 nec
2989 1266 3276 1336 quidquam
3323 1265 3467 1321 aliud
3498 1266 3749 1321 omnino.

2172 1358 2313 1428 Ergo
2367 1372 2469 1413 nec
2515 1358 2867 1413 desiderabile
2910 1358 2986 1413 illi
3041 1358 3183 1413 aliud
3221 1367 3358 1423 erat,
3403 1359 3504 1414 nisi
3536 1358 3750 1428 placere

2170 1463 2384 1517 semper
2413 1448 2546 1503 Deo.
2576 1447 2693 1502 Non
2723 1446 2843 1502 dico
2861 1448 2978 1516 quia
3011 1448 3138 1502 nihil
3167 1448 3505 1516 praesentium
3536 1447 3749 1503 deside—

2171 1539 2345 1603 rabat,
2376 1537 2473 1593 sed
2498 1552 2601 1613 nec
2624 1538 2861 1607 ipsorum
2889 1537 3087 1607 aliquid
3112 1536 3431 1592 futurorum.
3458 1536 3577 1592 Non
3602 1538 3749 1591 enim

2169 1631 2302 1686 mihi
2346 1631 2494 1685 dicas
2525 1629 2686 1685 urbes
2725 1641 2780 1685 et
2810 1640 3030 1700 gentes,
3071 1630 3359 1693 exercitus,
3404 1629 3747 1699 provincias,

2172 1723 2443 1793 pecunias,
2474 1731 2808 1793 potestates:
2837 1721 2950 1777 hmc
2975 1723 3117 1777 enim
3156 1721 3244 1776 ille
3287 1735 3606 1776 aranearum
3658 1720 3750 1775 ﬁla

2172 1816 2475 1885 reputavit:
2522 1814 2617 1869 sed
2657 1829 2719 1870 ea
2769 1815 2883 1885 ipsa
2932 1828 3088 1884 pone,
3118 1826 3236 1882 quae
3280 1811 3662 1881 promittuntur
3696 1810 3750 1864 in

2170 1907 2337 1974 carlis,
2381 1915 2437 1962 et
2462 1914 2588 1960 tunc
2626 1906 2743 1975 ejus
2785 1906 3058 1960 ardentem
3086 1904 3139 1958 in
3166 1903 3376 1958 Christo
3399 1917 3637 1957 amorem
3664 1902 3751 1956 vi-

2171 1999 2340 2055 debis.
2370 1998 2468 2054 Hic
2494 1998 2757 2069 siquidem
2783 2014 2892 2069 prae
2922 1998 3064 2052 illius
3104 1996 3406 2062 dulcedine,
3449 2011 3556 2050 non
3581 2009 3753 2065 angeo

2171 2092 2362 2160 lorum,
2390 2108 2497 2147 non
2521 2091 2954 2162 arcbangelorum
2984 2090 3275 2145 admiratus
3298 2099 3382 2144 est
3405 2088 3748 2159 dignitatem,

2173 2197 2273 2238 nec
2321 2183 2603 2253 quidquam
2649 2181 2836 2237 borum
2864 2181 3037 2236 simile
3063 2180 3382 2249 concupivit.
3424 2178 3578 2247 Quod
3601 2180 3751 2234 enim

2173 2284 2289 2330 erat
2327 2275 2498 2344 majus
2535 2274 2803 2340 omnibus,
2831 2272 3032 2328 Christi
3068 2287 3250 2328 amore
3293 2270 3594 2335 fruebatur;
3622 2286 3752 2327 cum

2174 2364 2278 2421 hoc
2316 2365 2607 2420 beatiorem
2660 2379 2719 2419 se
2745 2365 2951 2418 cunctis
2978 2365 3235 2433 putabat;
3270 2362 3387 2418 sine
3414 2362 3516 2417 hoc
3567 2372 3751 2416 autem

2175 2469 2346 2524 neque
2370 2454 2751 2519 dominatuum,
2804 2470 2976 2524 neque
3011 2455 3396 2525 principatuum
3423 2454 3601 2509 socius
3627 2468 3756 2510 esse

2174 2544 2417 2617 cupiebat
2435 2563 2447 2599 :
2467 2544 2557 2599 sed
2582 2560 2700 2600 cum
2730 2545 2831 2600 hac
2850 2545 3129 2600 dilectione
3149 2544 3315 2614 magis
3337 2559 3454 2600 esse
3472 2554 3756 2601 extremus

2175 2638 2408 2707 Optabat,
2436 2636 2542 2691 imo
2570 2636 2728 2691 etiam
2752 2652 2819 2691 ex
2844 2651 3065 2691 numero
3092 2635 3418 2706 punitorum,
3446 2650 3604 2706 quam
3630 2637 3756 2691 sine

2177 2726 2276 2782 hac
2312 2726 2448 2782 inter
2467 2740 2703 2781 summos
2726 2736 2779 2781 et
2794 2725 2997 2782 honore
3023 2726 3296 2782 sublimes.
3326 2726 3439 2781 Hoc
3460 2726 3603 2781 enim
3622 2736 3759 2789 ,erat

2175 2818 2247 2874 illi
2277 2820 2562 2874 maximum
2588 2828 2643 2875 et
2664 2818 2929 2890 singulare
2945 2805 3286 2886 tormentum,
3310 2819 3377 2873 ab
3402 2818 3503 2874 hac
3524 2818 3757 2874 caritate

2175 2909 2448 2966 discedere
2468 2929 2480 2965 :
2500 2910 2614 2965 h'ec
2638 2910 2714 2965 illi
2737 2917 2855 2965 erat
2874 2909 3136 2980 gehenna,
3163 2908 3278 2965 hinc
3298 2908 3407 2963 sola
3423 2923 3602 2979 poena,
3630 2908 3757 2964 haec

2176 3002 2378 3058 inﬁnita
2409 3012 2465 3058 et
2503 3001 2833 3057 intoleranda
2879 3001 3155 3072 supplicia.
3182 3001 3331 3057 Sicut
3352 3000 3510 3056 etiam
3540 3002 3756 3071 perfrui

2175 3094 2391 3149 caritate
2411 3092 2628 3157 Christi,
2648 3094 2747 3147 hoc
2762 3092 2836 3146 illi
2853 3093 2979 3159 vita,
2993 3091 3096 3147 hoc
3110 3092 3361 3161 mundus,
3386 3091 3487 3147 hoc
3504 3090 3758 3161 angelus,

2177 3183 2279 3239 hoc
2304 3184 2605 3255 praesentia,
2636 3183 2736 3238 hoc
2761 3181 2958 3249 futura,
2985 3182 3090 3238 hoc
3114 3198 3359 3253 regnum,
3387 3183 3489 3239 hoc
3516 3183 3759 3251 promis—

2178 3274 2280 3338 sio,
2312 3274 2414 3329 hoc
2433 3274 2571 3329 bona
2598 3272 2877 3329 videbatur
2917 3274 3193 3329 innumera
3221 3292 3235 3329 :
3259 3284 3452 3344 praeter
3492 3274 3595 3328 hoc
3619 3288 3761 3330 vero

2177 3365 2307 3421 nihil
2348 3365 2402 3420 in
2429 3366 2653 3421 tristium
2683 3365 2771 3421 vel
2794 3365 3151 3435 juenndorum
3178 3375 3329 3437 parte
3363 3366 3614 3435 ponebat.
3641 3365 3763 3421 Ho-

2177 3473 2296 3512 rum
2338 3458 2482 3511 enim
2522 3472 2641 3527 quae
2669 3456 2755 3511 hic
2791 3457 3073 3525 habentur,
3113 3458 3244 3512 nihil
3297 3472 3566 3527 asperum,
3618 3458 3763 3513 nihil

2176 3547 2335 3602 etiam
2361 3560 2529 3602 suave
2565 3546 2862 3615 reputabat.
2888 3546 2978 3602 Sic
2999 3546 3329 3616 despiciebat
3356 3546 3600 3601 universa
3629 3562 3764 3617 quae

2176 3637 2460 3700 cernimus,
2476 3644 2537 3690 ut
2558 3635 2690 3690 solet
2721 3636 2877 3690 herba
2894 3635 3002 3704 jam
3025 3633 3311 3703 putrefacta
3331 3634 3616 3689 contemni.
3647 3637 3765 3711 Ty.

2177 3741 2372 3782 rannos
2384 3741 2512 3779 vero
2532 3728 2696 3794 ipsos,
2724 3739 2786 3779 ac
2806 3725 3029 3794 populos
3048 3724 3310 3794 epirantes
3328 3722 3584 3792 furorem,
3606 3729 3763 3783 velut

2177 3815 2432 3888 quosdam
2460 3829 2580 3869 esse
2606 3814 2805 3869 culices
2845 3813 3200 3869 existimabat.
3252 3812 3472 3868 Mortem
3522 3828 3656 3870 vero
3706 3827 3762 3872 et

2177 3909 2443 3963 cruciatus
2462 3914 2517 3962 et
2544 3907 2689 3961 mille
2715 3906 2990 3976 supplicia,
3018 3906 3165 3976 quasi
3189 3905 3371 3961 ludum
3390 3905 3607 3975 putabat
3630 3922 3759 3963 esse

2178 4015 2484 4072 puerorum,
2515 3998 2800 4054 dummodo
2829 4009 3043 4069 propter
3069 3997 3337 4053 Christum
3387 3996 3588 4067 aliquid
3627 4012 3753 4055 sus-

2180 4093 2390 4146 tineret.
2423 4090 2571 4146 Tunc
2617 4090 2758 4144 enim
2803 4090 2913 4159 ipsa
2966 4088 3381 4159 amplectebatur
3419 4087 3667 4156 libenter,
3701 4100 3759 4147 et

2179 4186 2527 4241 decorabatur
2553 4184 2762 4239 vinctus
2786 4194 2974 4239 catena
3002 4183 3187 4253 magis,
3210 4196 3368 4251 quam
3395 4180 3536 4237 Nero
3562 4182 3757 4238 diade-

2180 4287 2321 4335 mate
2348 4286 2653 4334 coronatus.
2682 4277 2895 4332 Etenim
2924 4283 3221 4330 coarctatus
3238 4288 3455 4329 carcere
3483 4272 3759 4330 habitabat

2180 4372 2387 4435 cerium,
2437 4384 2500 4423 ac
2544 4368 2792 4422 libentius
2831 4365 3052 4419 verbera
3095 4364 3392 4433 excipiebat
3432 4372 3486 4418 et
3510 4363 3753 4430 vulnera,

2180 4477 2338 4533 quam
2377 4460 2466 4515 alii
2506 4458 2686 4513 bravia
2722 4455 3017 4524 diripiunt:
3044 4464 3099 4509 et
3143 4454 3354 4510 dolores
3403 4469 3505 4508 non
3555 4455 3754 4521 minus,

2181 4566 2338 4622 quam
2363 4549 2579 4620 prtemia
2598 4545 2867 4615 diligebat,
2893 4559 3014 4600 cum
3035 4546 3177 4615 ipsos
3200 4547 3381 4615 utique
3401 4545 3613 4600 dolores
3632 4545 3753 4601 loco

2181 4644 2400 4698 duceret
2418 4639 2753 4708 prmmiorum
2777 4655 2791 4691 :
2818 4647 3098 4709 propterea
3124 4638 3267 4693 enim
3305 4638 3425 4693 illos
3450 4647 3502 4693 et
3527 4638 3753 4706 gratiam

2182 4732 2509 4790 nominabat.
2537 4730 2703 4798 Quem
2752 4743 2966 4784 sensum
2994 4728 3278 4799 diligenter
3300 4729 3560 4797 expende.
3601 4728 3753 4783 Pra-

2181 4824 2347 4878 mium
2375 4834 2522 4879 certe
2541 4830 2656 4877 erat
2680 4820 2916 4885 dissolvi,
2948 4826 3141 4875 etesse
3176 4834 3296 4874 cum
3330 4818 3542 4875 Christo
3573 4819 3591 4888 (
3626 4818 3755 4874 ΡΙιὶ-

2183 4918 2313 4988 lipp.
2346 4917 2395 4971 1.
2416 4914 2507 4971 25.
2534 4915 2603 4970 24
2626 4914 2683 4985 ):
2716 4926 3035 4983 permanere
3060 4921 3240 4966 autem
3274 4912 3334 4977 in
3355 4926 3537 4978 carne,
3576 4921 3754 4965 certa-

2180 5024 2302 5063 men
2327 5024 2342 5073 ;
2368 5006 2463 5063 sed
2483 5015 2657 5061 tamen
2698 5014 2913 5075 propter
2945 5000 3144 5059 Christi
3168 5003 3488 5059 desiderium
3531 5004 3752 5072 praemia

2181 5100 2458 5155 diﬁ‘erebat
2475 5096 2763 5167 cupiditate
2777 5095 3104 5161 certaminis,
3132 5094 3289 5165 idque
3316 5094 3482 5164 magis
3501 5107 3754 5148 necessa-

2181 5192 2317 5247 rium
2337 5205 2453 5245 esse
2472 5187 2717 5244 ducebat.
2748 5184 2792 5240 E
2816 5186 3029 5257 regione
3044 5200 3170 5239 vero
3185 5184 3463 5238 anathema
3490 5199 3519 5237 a
3540 5182 3754 5237 Christo

2181 5282 2294 5337 ﬁeri
2323 5290 2591 5336 certamen
2641 5286 2754 5332 erat
2798 5286 2851 5331 et
2884 5278 3054 5341 dolor,
3086 5276 3252 5344 magis
3289 5282 3465 5329 autem
3502 5281 3558 5328 et
3591 5288 3752 5343 supra

2180 5384 2470 5436 certamen,
2518 5385 2781 5440 supraque
2831 5384 3042 5423 omnem
3070 5368 3332 5423 dolorem.
3364 5368 3435 5422 At
3455 5381 3585 5422 vero
3629 5382 3753 5422 esse

2169 5481 2302 5542 cum
2334 5464 2547 5519 Christo
2575 5472 2688 5518 erat
2713 5463 2985 5533 praemium
3024 5462 3322 5530 singulare;
3356 5459 3545 5514 Paulus
3575 5468 3751 5515 tamen

2131 5542 2397 5619 "propter
2416 5552 2683 5609 Christum
2712 5552 2836 5605 illud
2864 5551 3044 5605 maluit
3059 5565 3214 5619 quam
3236 5549 3373 5603 istud
3398 5549 3614 5618 eligere.
3643 5548 3751 5604 Sed

2180 5649 2418 5716 profecto
2435 5644 2573 5701 dicat
2602 5644 2686 5698 hic
2704 5642 2911 5711 aliquis,
2930 5640 3173 5712 quoniam
3200 5639 3315 5694 hzcc
3338 5640 3514 5693 omnia
3537 5649 3751 5709 propter

2184 5740 2448 5797 Christum
2482 5734 2661 5793 suavia
2701 5749 2819 5792 esse
2861 5733 3085 5789 dicebat.
3121 5730 3233 5786 Hoc
3263 5730 3416 5795 plane
3442 5731 3601 5787 etiam
3637 5730 3749 5802 ipse
