3892 6294
122 383 227 438 L79

118 502 348 569 Παῦλος·
369 497 462 554 καὶ
486 496 580 552 νῦν
650 493 901 563 ἔστηκεν,
938 488 999 556 ἐξ
1027 481 1095 543 οῦ
1122 486 1338 556 γέγονε,
1368 483 1599 557 λαμπρᾷ
1633 482 1701 552 τῇ

121 602 273 672 φωνῇ
316 598 452 670 πρὸς
502 598 753 660 ἅπαντας
811 594 939 657 τοὺς
999 589 1368 661 ἐγκαλοῦντας
1423 585 1582 661 ἡμῶν
1633 589 1701 659 τῇ

120 698 437 769 κατασκευῇ
466 693 905 766 ἀπολογούμενος
942 691 1085 765 ὑπὲρ
1138 690 1235 745 τοῦ
1266 690 1562 755 Δεσπότου,
1588 686 1705 742 ’καὶ

100 788 447 875 προτρέπων
476 796 564 851 ἐπ’
588 796 781 869 ἀρετῇ,
812 793 911 849 καὶ
938 792 1009 847 τά
1036 792 1373 864 ἀναίσχυντα
1416 791 1526 845 τῶν
1578 789 1705 862 βλα-

123 906 359 977 σφήμων
403 898 735 975 ἐμφράττων
781 899 1047 970 στόματα,
1088 897 1183 951 καὶ
1214 895 1429 957 δεικνὺς
1452 893 1557 981 ,ὅτι
1600 891 1706 962 ἀγ·-

120 1005 296 1075 γέλων
324 1003 421 1058 καὶ
452 999 755 1074 ἀνθρώπων
781 998 844 1052 οὐ
880 998 1017 1053 πολὺ
1059 997 1123 1051 τὸ
1167 996 1350 1068 μέσον,
1378 993 1473 1047 ἐὰν
1506 992 1706 1047 ἐθέλω-

126 1125 226 1179 μεν
250 1107 542 1180 προσέχειν
580 1096 818 1167 ἐαυτοῖς.
845 1101 922 1155 Ού
957 1100 1066 1173 7&9
1100 1098 1266 1172 ἄλλην
1296 1098 1459 1169 φύσιν
1498 1095 1703 1168 λαχὼν,

122 1210 243 1264 ούδέ
277 1207 470 1278 ἐτέρας
509 1205 848 1277 κοινωνήσας
883 1200 1085 1273 ψυχῆς,
1127 1199 1250 1254 οὐδὲ
1289 1197 1450 1254 ἀλλον
1476 1198 1707 1269 οἰκήσας

123 1311 350 1381 κόσμον,
373 1307 486 1361 ἀλλ’
510 1306 569 1360 ἐν
592 1306 662 1377 τῇ
690 1304 828 1375 αὐτῇ
857 1303 928 1373 γῇ
959 1301 1054 1355 καὶ
1085 1300 1241 1372 χώρᾳ
1274 1300 1370 1353 καὶ
1394 1297 1583 1370 νόμοις
1612 1299 1708 1351 καὶ

122 1409 268 1464 ἔθεσι
296 1406 548 1481 τραφεὶς,
574 1404 784 1467 πάντας
812 1398 1143 1474 ἀνθρώπους
1157 1398 1554 1470 ὑπερηκόντισε
1579 1401 1708 1461 τοὺς

124 1510 183 1575 ἐξ
208 1502 271 1563 οῦ
315 1506 609 1578 γεγόνασιν
633 1504 879 1577 άθρωποι
917 1500 1264 1572 γενομένους.
1308 1498 1420 1553 Ποῦ
1452 1499 1634 1553 τοίνυν
1658 1501 1707 1552 οί

122 1609 394 1678 λέγοντες,
414 1607 496 1661 ὅτι
522 1603 781 1660 δύσκολον
805 1604 842 1675 ἡ
866 1601 1056 1675 ἀρετὴ,
1085 1601 1180 1655 καὶ
1204 1598 1427 1655 εὔκολον
1448 1602 1481 1672 ἡ
1509 1599 1706 1664 κακίας

124 1705 291 1774 Οὗτος
322 1707 435 1780 7&9
482 1704 907 1777 ἀντιφθέγγεται
941 1701 1175 1768 τούτοις,
1202 1701 1377 1771 λέγων
1395 1718 1410 1733 ·
1446 1700 1523 1755 Τὸ
1556 1714 1708 1771 παρ-

123 1812 341 1867 αυτίκα
386 1807 652 1878 ἐλαφρὸν
699 1803 810 1874 τῆς
853 1805 1146 1874 θλίψεως,
1193 1806 1322 1858 καθ’
1363 1803 1710 1872 ὑπερϐολὴν

124 1915 211 1979 εὶς
256 1908 607 1979 ὑπερϐολὴν
654 1905 899 1961 αἰώνιον
942 1905 1136 1975 βάρος
1185 1903 1374 1973 δόξης
1421 1903 1708 1973 κατεργά-

126 2015 296 2076 ζεται.
326 2013 392 2066 Εἰ
421 2011 479 2065 δέ
502 2010 749 2064 τοιαῦται
777 2008 987 2080 θλίψεις
1013 2007 1270 2080 ἐλαφραὶ,
1299 2004 1479 2078 πολλῷ
1508 2005 1709 2077 μᾶλλον

126 2117 180 2169 αἱ
211 2113 427 2169 οἴκοθεν
459 2112 669 2184 ἡδοναί.

195 2243 308 2295 Καὶ
342 2240 406 2294 οὐ
453 2238 613 2293 τοῦτο
658 2237 819 2309 μόνον
868 2235 1017 2289 ἐστὶν
1055 2233 1219 2289 αὑτοῦ
1267 2233 1329 2288 τδ
1373 2233 1708 2305 θαυμαστὸν,

124 2343 205 2395 ὃτι
256 2340 551 2413 περιουσίᾳ
599 2339 700 2411 τῆς
753 2336 1063 2410 προθυμίας
1108 2336 1232 2390 ούδέ
1289 2335 1557 2407 ᾐσθάνετο
1602 2335 1712 2389 τῶν

126 2444 306 2498 πόνων
329 2441 440 2495 τῶν
467 2441 610 2511 ὑπὲρ
632 2440 733 2511 τῆς
756 2439 980 2512 ἀρετῆς,
1009 2438 1126 2493 ἀλλ’
1153 2438 1235 2492 ὅτι
1258 2436 1383 2491 ούδέ
1412 2437 1507 2490 ἐπὶ
1536 2435 1714 2507 μισθῷ

123 2548 332 2619 ταύτην
381 2545 593 2617 μετῄει.
633 2543 831 2615 Ἥμεῖς
872 2541 971 2613 μὲν
1012 2540 1122 2613 γὰρ
1161 2539 1283 2594 οὐδὲ
1331 2539 1539 2611 μισθῶν
1577 2556 1714 2611 προ-

125 2648 396 2722 κειμένων
424 2642 735 2716 ἀνεχόμεθα
759 2643 869 2697 τῶν
898 2643 1038 2715 ὑπὲρ
1069 2641 1238 2714 αὐτῆς
1268 2640 1543 2714 ἱδρώτων;
1572 2641 1716 2694 ἐκεῖ-

123 2768 216 2815 νος
259 2744 410 2822 [485]
453 2746 511 2801 δέ
540 2744 636 2799 καὶ
677 2743 847 2816 χωρὶς
887 2744 998 2797 τῶν
1042 2740 1294 2797 ἐπάθλων
1327 2741 1496 2815 αὐτὴν
1537 2741 1716 2813 ἡσπά-

124 2849 254 2914 ζετο
279 2848 378 2903 καὶ
404 2847 601 2917 ἐφίλει,
632 2845 727 2900 καὶ
762 2842 834 2897 τά
860 2842 1121 2898 δοκοῦντα
1154 2843 1328 2914 αὐτῆς
1366 2840 1507 2897 εἶναι
1536 2841 1715 2896 κωλύ-

128 2969 280 3024 ματα
309 2949 452 3023 μετά
479 2949 662 3021 πάσης
695 2945 1007 3019 ὑπερήλατο
1031 2945 1131 3018 τῆς
1160 2945 1442 3010 εὐκολίας·
1472 2945 1568 2999 καὶ
1590 2942 1716 2999 οὔτε

127 3053 384 3126 σώματος
420 3050 728 3114 ἀσθένειαν,
763 3049 825 3103 οὐ
873 3046 1218 3120 πραγμάτων
1262 3045 1609 3141 περίστασιν,
1653 3047 1715 3100 ού

125 3155 348 3225 φύσεως
390 3152 705 3226 τυραννίδα,
735 3149 837 3204 οὐκ
867 3148 998 3204 ἄλλο
1026 3148 1177 3203 ούδέν
1203 3147 1468 3220 ᾐτιάσατο
1490 3163 1504 3177 ·
1540 3147 1717 3201 καίτοι

126 3258 224 3311 καὶ
269 3253 594 3327 στρατηγῶν
646 3251 741 3307 καὶ
792 3251 1057 3322 βασιλέων
1106 3249 1362 3304 ἁπάντων
1393 3249 1502 3303 τῶν
1547 3250 1719 3304 ὄντων

126 3356 223 3410 ἐπὶ
269 3356 374 3428 γῆς
427 3350 650 3426 μείζονα
687 3350 944 3424 φροντίδα
986 3348 1384 3427 ἐγχειρισθεὶς,
1424 3349 1540 3403 ἀλλ’
1569 3350 1718 3421 ὅμως

129 3457 255 3513 καθ’
287 3454 529 3526 ἑκάστην
576 3452 795 3525 ἡκμαζε
827 3452 929 3523 τὴν
959 3450 1200 3523 ἡμέραν,
1243 3449 1342 3504 καὶ
1378 3448 1488 3504 τῶν
1533 3450 1716 3504 κινδύ-

132 3578 241 3617 νων
276 3555 698 3628 ἐπιτεινομένων
725 3552 895 3624 αὐτῷ,
924 3552 1125 3626 νεαρὰν
1164 3552 1430 3624 ἐκέκτητο
1465 3551 1564 3624 τὴν
1592 3571 1720 3625 προ-

130 3660 363 3732 θυμίαν·
400 3656 498 3711 καὶ
534 3656 692 3710 τοῦτο
739 3654 916 3728 δηλῶν
969 3654 1146 3724 ἔλεγε·
1200 3653 1326 3710 Τῶν
1371 3655 1489 3726 μὲν
1525 3656 1718 3710 ὀπίσω

128 3758 706 3827 ἐπιλανθανόμενος,
743 3754 870 3822 τοῖς
897 3753 967 3808 δέ
1008 3754 1352 3826 ἔμπροσθεν
1386 3756 1721 3811 ἐπεκτεινό-

126 3876 346 3930 μενος·
383 3857 480 3912 καὶ
524 3855 756 3911 θανάτου
797 3854 1271 3927 προσδοκωμένου,
1319 3858 1399 3920 εἰς
1432 3857 1720 3911 κοινωνίαν

128 3964 235 4034 τῆς
262 3961 458 4034 ἡδονῆς
483 3958 689 4030 ταύτης
720 3956 906 4011 ἐκάλει
932 3957 1110 4027 λέγων
1128 3975 1143 3990 ·
1179 3958 1422 4028 Χαίρετε
1447 3958 1546 4013 καί
1575 3971 1722 4031 συγ-

131 4061 376 4133 χαίρετέ
399 4077 504 4130 μοι
520 4077 534 4091 ·
560 4058 657 4113 καὶ
682 4057 942 4113 κινδύνων
967 4057 1332 4130 ἐπικειμένων
1357 4060 1453 4114 καὶ⁸
1486 4059 1719 4130 ὕϐρεων,

130 4166 233 4219 καὶ
256 4162 485 4234 ἀτιμίας
512 4159 753 4233 ἀπάσης,
786 4160 1016 4232 ἐσκίρτα
1048 4159 1239 4214 πάλιν·
1271 4160 1368 4215 καὶ
1406 4161 1723 4234 Κορινθίοις

133 4263 472 4318 ἐπιστέλλων
503 4260 678 4331 ἐλεγε·
718 4261 816 4315 Διὸ
849 4261 951 4316 καί
992 4259 1223 4316 εὐδοκῶ
1265 4260 1336 4315 ἐν
1356 4261 1719 4330 ἀσθενείαις,

129 4367 207 4421 ἐν
235 4366 507 4436 ὕϐρεσιν,
533 4365 605 4420 ἐν
634 4363 911 4434 διωγμοῖς
929 4380 944 4394 ·
975 4363 1072 4419 καὶ
1100 4362 1243 4418 ὃπλα
1269 4361 1328 4417 δέ
1353 4364 1494 4418 αὐτὰ
1518 4364 1724 4420 δικαιο-

136 4467 304 4538 σύνης
334 4466 590 4532 ἐκάλεσε,
621 4464 835 4528 δεικνὺς
865 4464 949 4518 ὅτι
979 4464 1073 4518 καί⁸
1101 4464 1355 4521 ἐντεῦθεν
1382 4465 1454 4519 τά
1492 4465 1724 4538 μέγιστα

132 4567 466 4641 ἐκαρποῦτο,
490 4565 587 4621 καὶ
613 4568 725 4631 τοῖς
751 4564 971 4637 ἐχθροῖς
999 4566 1265 4622 πάντοθεν
1294 4567 1595 4639 ἀχείρωτος
1619 4563 1718 4640 ἦν·

132 4670 232 4725 καὶ
263 4666 543 4740 πανταχοῦ
575 4665 991 4738 μαστιζόμενος,
1031 4666 1406 4740 ὑϐριζόμενος,
1455 4668 1724 4741 λοιδορούο

136 4787 334 4839 μενος,
385 4768 579 4841 ὥσπερ
622 4768 681 4824 ἐν
734 4766 1025 4839 θριάμϐοις
1066 4766 1462 4841 ἐμπομπεύων,
1510 4771 1605 4826 καὶ
1654 4770 1725 4824 τά

133 4872 376 4940 τρόπαια
413 4869 613 4941 συνεχῆ
638 4866 915 4939 πανταχοῦ
943 4869 1047 4939 γῆς
1080 4869 1253 4933 ίστάς,
1279 4867 1453 4935 οὕτως
1480 4870 1723 4927 ἐκαλλω-

132 4973 344 5041 πίζετο,
381 4971 476 5027 καὶ
512 4971 674 5042 χάριν
712 4970 980 5042 ὡμολόγει
1022 4969 1102 5042 τῷ
1136 4970 1256 5043 Θεῷ
1288 4970 1498 5041 λέγων·
1539 4972 1723 5043 Χάρις

130 5072 205 5127 δὲ
230 5074 314 5140 τῷ
350 5071 476 5138 Θεῷ
501 5068 584 5137 τῷ
615 5070 872 5126 πάντοτε
903 5073 1315 5142 θριαμϐεύοντι
1342 5073 1525 5144 ἡμᾶς.

208 5174 321 5228 Καὶ
364 5173 469 5245 τὴν
512 5173 904 5244 ἀσχημοσύνην
934 5173 1029 5228 καὶ
1060 5173 1161 5246 τὴν
1210 5173 1366 5246 ὓϐριν
1396 5175 1496 5246 τὴν
1540 5175 1630 5231 διά
1663 5178 1723 5230 τό

133 5274 402 5346 κήρυγμα
448 5273 671 5345 μᾶλλον,
698 5272 733 5344 ἢ
773 5274 936 5345 ἡμεῖς
975 5274 1073 5344 τὴν
1121 5265 1310 5346 τιμὴν,
1364 5276 1580 5345 ἐδίωκε,
1629 5280 1725 5334 καὶ

132 5372 229 5428 τὸν
265 5374 524 5440 θάνατον,
558 5372 593 5443 ἢ
621 5375 785 5445 ἡμεῖς
821 5372 921 5446 τὴν
960 5373 1126 5445 ζωὴν,
1170 5376 1262 5429 καὶ
1300 5376 1396 5449 τὴν
1435 5379 1643 5444 πενίαν,
1687 5381 1721 5452 ἢ

135 5473 229 5528 τὴν
267 5475 504 5529 πλοῦτον
548 5475 732 5546 ἡμεῖς,
768 5474 866 5528 καὶ⁹
904 5475 1032 5539 τοὺς
1076 5475 1273 5542 πόνους
1311 5479 1534 5549 μᾶλλον,
1561 5481 1594 5553 ἡ
1624 5481 1725 5545 τάς

134 5577 351 5641 ἀνέσεις
384 5576 474 5630 ἐτε
484 5592 587 5648 ροι,
619 5576 714 5630 καὶ
749 5578 847 5648 οὐχ
878 5575 1064 5641 άπλῶς
1112 5579 1337 5650 μᾶλλον,
1376 5581 1510 5636 άλλά
1543 5583 1726 5655 πολλῷ

134 5678 367 5749 μᾶλλον,
407 5677 594 5733 καὶτὸ
638 5677 925 5733 λυπεῖσθαι
960 5678 1143 5745 πλέον,
1178 5682 1211 5754 ἡ
1251 5681 1313 5736 τὸ
1349 5686 1562 5757 χαίρειν
1606 5688 1724 5741 Ete-

137 5794 249 5851 ροι,
277 5780 339 5835 τδ
366 5778 769 5851 ὑπερεύχεσθαι
806 5779 915 5833 τῶν
941 5779 1151 5849 ἐχθρῶν
1179 5782 1402 5855 μᾶλλον,
1436 5786 1472 5857 ἡ
1498 5787 1558 5840 τὸ
1591 5806 1724 5844 κατ-

460 5885 733 5946 Ριιτιιοι.
779 5885 895 5948 Gn.
944 5888 1013 5951 L.

916 376 1007 432 DE
1041 373 1390 434 LAUDIBUS
1427 374 1487 430 8.
1525 371 1735 429 PAULI
1779 367 2140 428 APOSTOLI.
2180 368 2417 426 HOMIL.
2463 358 2537 424 Il.-

3269 369 3374 427 180

1811 477 2066 552 εύχεσθαι
2117 481 2315 554 ἕτεροι.
2353 482 2465 537 Καὶ
2507 480 2840 555 ἀντέστρεψε
2893 481 3006 539 τῶν
3050 486 3392 557 πραγμάτων

1808 586 1910 660 τὴν
1941 587 2115 657 τάξιν,
2157 589 2358 662 μᾶλλον
2388 589 2448 644 δέ
2497 590 2659 661 ἡμεῖς
2698 588 3133 660 ἀνεστρέψαμεν,
3183 589 3397 654 ἐκεῖνος

1811 691 1889 759 δέ,
1923 692 2113 766 ὥσπερ
2137 694 2168 748 ό
2205 694 2340 758 Θεὸς
2383 692 2794 766 ἐνομοθέτησεν,
2830 692 3003 757 οὕτως
3048 690 3220 764 αὐτὴν
3258 691 3395 762 ἐφύ-

1812 794 1994 852 λαττε.
2021 797 2208 853 Ταῦτα
2249 798 2347 872 μέν
2391 797 2501 871 7&9
2546 797 2688 853 κατά
2728 798 2890 868 φύσιν
2926 797 3166 861 άπαντα,
3211 798 3398 852 ἐκεῖνα

1811 898 1871 953 δέ
1901 898 2234 954 τούναντίον.
2279 898 2376 963 Τίς
2417 899 2624 954 τούτων
2670 898 2982 965 ἀπόδειξις;
3036 898 3272 963 Παῦλος,
3303 897 3399 953 άν-

1814 998 2031 1069 θρωπος
2074 999 2172 1065 ὣν,
2213 1001 2306 1054 καὶ
2350 998 2559 1079 τούτοις
2606 1001 2908 1073 ἐπιτρέχων
2944 997 3206 1071 μᾶλλονῆ
3253 997 3399 1052 ἐκεί-

1814 1115 1944 1163 νοις.
1973 1099 2070 1153 Ἓν
2115 1099 2287 1172 τούτῳ
2329 1099 2560 1172 φοϐερὸν
2595 1096 2664 1173 ἦν
2706 1102 2867 1172 μόνον
2910 1102 3005 1154 καὶ
3043 1098 3298 1171 φευκτὸν,
3337 1098 3400 1151 τὸ

1816 1200 2189 1273 προσκροῦσαι
2218 1201 2359 1274 Θεῷ,
2393 1203 2579 1274 ἕτερον
2617 1203 2674 1256 δέ
2704 1203 2857 1256 οὐδέν
2878 1219 2893 1233 ·
2927 1200 3118 1272 ὥσπερ
3146 1194 3242 1254 οὖν
3281 1198 3400 1253 οὐδὲ

1815 1303 2067 1360 ποθεινὸν
2097 1305 2226 1360 ἀλλο
2263 1324 2337 1371 τι,
2381 1304 2457 1370 ώς
2490 1305 2554 1358 τὸ
2590 1305 2786 1376 ἀρέσαι
2826 1304 2980 1377 Θεῷ·
3024 1304 3119 1358 καὶ
3161 1304 3224 1357 οὐ
3255 1301 3402 1372 λέγω

1815 1404 1923 1457 τῶν
1961 1404 2242 1475 παρόντων
2270 1404 2443 1470 οὐδὲν,
2487 1405 2604 1458 ἀλλ’
2628 1404 2751 1458 ούδέ
2795 1403 2903 1458 τῶν
2955 1403 3277 1475 μελλόντων.
3306 1403 3399 1474 Μὴ

1815 1503 1925 1576 γάρ
1978 1522 2070 1576 μοι
2116 1505 2302 1570 πόλεις
2345 1505 2507 1578 εἴπῃς
2555 1505 2651 1559 καὶ
2688 1506 2816 1577 ἔθνη
2868 1505 2966 1560 καὶ
3017 1505 3258 1576 βασιλεῖς
3306 1504 3403 1558 καὶ

1818 1605 2153 1678 στρατόπεδα
2197 1605 2292 1660 καὶ
2318 1606 2457 1661 ὅπλα
2494 1606 2589 1660 καὶ
2622 1606 2884 1679 χρήματα
2930 1606 3028 1659 καὶ
3064 1605 3404 1677 σατραπείας

1816 1707 1911 1762 καὶ
1935 1707 2283 1771 δυναστείας·
2315 1707 2436 1762 οὐδὲ
2466 1708 2575 1778 7&9
2608 1708 2857 1781 ἀράχνην
2900 1707 3074 1763 ταῦτα
3106 1705 3249 1764 εἶναι
3284 1710 3405 1764 ἐνό-

1819 1826 2005 1881 μισεν·
2054 1809 2170 1864 ἀλλ’
2221 1811 2362 1866 αύτά
2418 1810 2488 1865 τὰ
2537 1812 2595 1865 ἐν
2641 1814 2755 1876 τοῖς
2802 1812 3052 1885 οὐρανοῖς
3089 1812 3262 1879 τίθει,
3309 1814 3405 1868 καὶ

1814 1913 1941 1967 τότε
1970 1911 2135 1968 αὐτοῦ
2181 1911 2301 1983 ὄψει
2349 1913 2441 1967 τὸν
2472 1914 2702 1987 σφοδρὸν
2752 1914 2932 1987 ἔρωτα
2973 1916 3066 1971 τὸν
3118 1917 3256 1989 πρὸς
3309 1916 3406 1971 τὸν

1816 2016 2070 2089 Χριστόν.
2097 2007 2267 2080 Οὗτος
2292 2014 2405 2088 γάρ
2433 2016 2571 2086 πρὸς
2599 2017 2778 2071 ἐκεῖνο
2802 2016 2862 2069 τὸ
2897 2017 3141 2092 φίλτρον,
3169 2019 3270 2073 οὐκ
3301 2019 3403 2089 ἀγα

1817 2117 1994 2186 γέλων
2022 2115 2181 2182 ἀξίαν
2211 2116 2543 2188 ἐθαύμασεν,
2583 2116 2683 2171 οὑκ
2736 2116 3112 2190 ἀρχαγγέλων,
3147 2119 3248 2172 ούκ
3278 2119 3408 2174 ἄλλο

1818 2216 2058 2271 τοιοῦτον
2090 2217 2266 2271 οὐδέν.
2317 2216 2392 2272 Τὸ
2443 2217 2555 2290 7&9
2607 2216 2867 2272 ἀπάντων
2929 2218 3117 2288 μεῖζον
3165 2216 3309 2290 εἶχεν
3347 2220 3407 2273 ἐν

1820 2319 2018 2391 ἐαυτῷ,
2062 2320 2155 2375 τὸν
2206 2318 2300 2375 τοῦ
2344 2319 2583 2392 Χριστοῦ
2624 2320 2839 2394 ἔρωτα,
2886 2320 2980 2376 καὶ
3029 2321 3170 2393 μετὰ
3214 2321 3406 2376 τούτου

1821 2420 2039 2477 πάντων
2079 2422 2272 2476 ἑαυτὸν
2330 2421 2748 2495 μακαριώτερον
2798 2416 2941 2477 εἶναι
3003 2423 3225 2495 ἐνόμισε
3248 2442 3262 2455 ·
3310 2426 3408 2479 καὶ

1819 2521 2009 2576 τούτου
2037 2521 2227 2595 χωρὶς,
2254 2522 2378 2578 οὐδὲ
2405 2522 2515 2577 τῶν
2544 2523 2907 2596 κυριοτὴτων,
2937 2522 3060 2576 ούδέ
3085 2523 3195 2577 τῶν
3224 2523 3409 2597 ἀρχῶν

1822 2624 1917 2677 καὶ
1943 2623 2051 2677 τῶν
2079 2622 2339 2688 ἐξουσιῶν
2380 2623 2635 2694 γενέσθαι
2660 2623 2813 2697 [484]
2841 2623 3061 2696 ηύχετο,
3095 2624 3235 2679 ἀλλά
3267 2625 3409 2697 μετὰ

1822 2728 1920 2797 τῆς
1981 2725 2204 2797 ἀγάπης
2262 2727 2469 2799 ταύτης
2530 2731 2589 2782 ἐν
2650 2727 2903 2798 ἐσχάτοις
2955 2716 3097 2782 εἶναι
3157 2726 3411 2811 ἐϐούλετο

1826 2828 2026 2902 μᾶλλον
2055 2829 2151 2882 καὶ
2187 2828 2297 2883 τῶν
2326 2827 2730 2903 κολαζομένων,
2759 2831 2794 2902 ἢ
2824 2829 3030 2903 ταύτης
3074 2829 3266 2903 χωρἰς,
3298 2828 3411 2886 τῶν

1823 2929 2010 3003 ἄκρων
2066 2931 2163 2985 καὶ⁹
2211 2930 2323 2986 τῶν
2376 2931 2735 3004 τιμωμένων·
2781 2931 3005 2997 κόλασις
3055 2931 3169 3004 γάρ
3216 2931 3413 3004 ἐκείνῳ

1827 3031 1946 3102 μία.
1971 3031 2033 3087 τὸ
2066 3032 2170 3103 τῆς
2202 3032 2424 3106 ἀγάπης
2455 3033 2661 3105 ταύτης
2699 3033 3016 3105 ἀποτυχεῖν.
3058 3031 3231 3088 Τοῦτο
3257 3032 3413 3105 αὑτῷ

1824 3129 2037 3201 γέεννα,
2076 3132 2236 3187 τοῦτο
2279 3132 2547 3207 τιμωρία,
2589 3131 2750 3188 τοῦτο
2797 3133 2968 3206 μυρία
3011 3133 3189 3188 κακά·
3221 3134 3412 3205 ὥσπερ

1826 3237 1918 3291 καὶ
1957 3236 2289 3302 ἀπόλαυσις,
2332 3237 2397 3290 τὸ
2440 3236 2646 3309 ταύτης
2697 3238 3004 3309 ἐπιτυχεῖν·
3057 3237 3217 3293 τοῦτο
3272 3238 3409 3310 ζωὴ,

1824 3340 1981 3394 τοῦτο
2020 3339 2246 3412 κόσμος,
2275 3338 2434 3395 τοῦτο
2470 3339 2721 3410 ἄγγελος,
2749 3340 2910 3395 τοῦτο
2953 3341 3219 3415 παρόντα,
3249 3341 3414 3398 τοῦτο

1828 3440 2113 3512 μέλλοντα,
2160 3440 2319 3496 τοῦτο
2367 3439 2645 3513 βασιλεία,
2684 3440 2846 3497 τοῦτο
2897 3443 3220 3513 ἐπαγγελία,
3253 3443 3411 3498 τοῦτο

1824 3543 1893 3597 τά
1925 3543 2094 3615 μυρία
2126 3543 2342 3615 ἀγαθά·
2374 3543 2563 3618 ἕτερον
2590 3544 2650 3601 δὲ
2685 3546 2839 3600 οὐδὲν
2869 3545 2979 3600 τῶν
3014 3545 3091 3618 μὴ
3134 3546 3412 3619 φερόντων

1825 3644 2081 3711 ἐνταῦθα,
2128 3645 2249 3701 οὐδὲ
2304 3646 2572 3719 λυπηρὸν,
2619 3646 2741 3701 οὐδὲ
2790 3647 2891 3718 ἡδὺ
2943 3645 3083 3701 εἶναι
3130 3648 3417 3721 ἐνόμιζεν·

1826 3744 1942 3799 ἀλλ’
1983 3746 2128 3801 οὕτω
2170 3749 2496 3821 κατεφρόνει
2542 3748 2654 3804 τῶν
2695 3749 2994 3821 ὁρωμένων
3044 3749 3286 3816 πάντων,
3335 3750 3413 3814 ώς

1826 3844 1927 3917 τῆς
1963 3850 2424 3921 κατασηπομένης
2464 3848 2721 3920 βοτάνης·
2750 3849 3003 3921 τύραννοι
3027 3849 3084 3903 δὲ
3115 3849 3286 3921 αύτῷ,
3318 3851 3414 3904 καὶ

1827 3947 1990 4019 δῆμοι
2034 3948 2207 4022 θυμοῦ
2242 3950 2515 4016 πνέοντες,
2558 3951 2824 4017 κώνωπες
2853 3947 2993 4006 εἷναι
3023 3951 3272 4005 ἐδόκουν·
3318 3950 3414 4006 θά-

1829 4067 1988 4114 νατος
2018 4051 2076 4105 δέ
2106 4051 2255 4123 αὐτῷ
2302 4053 2397 4107 καὶ
2440 4052 2705 4124 τιμωρίαι
2738 4052 2834 4105 καὶ
2885 4052 3075 4124 μυρίαι
3124 4052 3410 4123 κολάσεις,

1830 4152 2036 4207 παίδων
2082 4152 2408 4224 ἀθύρματα·
2446 4152 2588 4224 πλὴν
2633 4154 2687 4206 et
2732 4170 2865 4208 ποτε
2913 4152 3003 4208 διά
3041 4153 3133 4208 τὸν
3177 4156 3414 4227 Χριστὸν

1829 4253 2092 4324 ὑπέμενε.
2117 4252 2253 4306 Τότε
2285 4253 2394 4325 7&9
2420 4254 2514 4308 καὶ
2541 4253 2713 4310 ταῦτα
2746 4254 3046 4326 ἠσπάζετο,
3075 4257 3171 4312 καὶ
3202 4258 3286 4322 είς
3312 4258 3414 4331 τὴν

1831 4355 2020 4410 ἅλυσιν
2069 4352 2242 4420 οὕτως
2291 4355 2713 4422 ἐκαλλωπίζετο,
2768 4358 2846 4422 ώς
2881 4358 3006 4414 ούδέ
3059 4358 3122 4413 τὸ
3177 4358 3416 4433 διάδημα

1829 4454 2020 4529 Νέρων
2052 4456 2145 4509 ἐπὶ
2191 4454 2293 4527 τῆς
2326 4456 2569 4530 κεφαλῆς
2611 4457 2751 4530 ἔχων
2771 4475 2786 4490 ·
2825 4459 2920 4514 καὶ
2949 4459 3012 4513 τὸ
3043 4460 3415 4533 δεσμωτήριον

1829 4560 1886 4614 δέ
1917 4558 2072 4631 ᾤκει,
2109 4560 2186 4624 ὡς
2212 4560 2376 4614 αὐτὸν
2415 4561 2507 4617 τὸν
2544 4562 2797 4635 οὐρανὸν,
2844 4565 2938 4618 καὶ
2980 4563 3275 4636 τραύματα
3321 4566 3416 4619 καὶ

1834 4663 2104 4733 μάστιγας
2134 4646 2362 4735 ἐδέχετο
2387 4663 2536 4734 ἥδιον
2562 4664 2770 4720 τούτων
2799 4663 2908 4720 τῶν
2937 4666 3008 4721 τὰ
3055 4666 3283 4739 βραϐεῑα
3315 4669 3418 4740 άιρ⁸

1831 4763 2147 4828 παζόντων·
2180 4765 2273 4818 καὶ
2305 4765 2436 4830 τοὺς
2467 4765 2664 4830 πόνους
2691 4766 2867 4836 ἐφίλει
2894 4767 3004 4823 τῶν
3035 4768 3287 4824 ἐπάθλων
3315 4771 3415 4843 οὐχ

1831 4861 2012 4938 ἧττον,
2038 4866 2268 4922 ἐπαθλον
2298 4868 2429 4933 τοὺς
2453 4868 2649 4933 πόνους
2677 4864 2817 4924 εἶναι
2847 4870 3085 4942 νομίζων
3106 4890 3120 4904 ·
3147 4873 3237 4928 διά
3258 4873 3417 4928 τοῦτο

1831 4968 1925 5023 καὶ
1967 4969 2126 5040 χάριν
2170 4968 2370 5034 αὐτοὺς
2415 4970 2620 5027 ἐκάλει.
2669 4971 2871 5026 Σκόπει
2902 4970 2981 5026 δέ·
3014 4973 3291 5028 Ἐπαθλον
3321 4970 3414 5046 ἦν,

1830 5067 1892 5121 τὸ
1920 5067 2184 5123 ἀναλῦσαι
2222 5070 2325 5123 καὶ
2359 5069 2458 5124 σὺν
2499 5069 2722 5142 Χριστῷ
2749 5067 2910 5136 εἶναι,
2943 5071 3005 5127 τὸ
3032 5073 3092 5128 δέ
3135 5075 3415 5145 ἐπιμεῖναι

1831 5169 1896 5237 τῇ
1933 5168 2115 5239 σαρκὶ,
2159 5170 2190 5222 ό
2224 5167 2373 5238 ἀγὼν
2415 5159 2598 5234 οὗτος·
2637 5171 2754 5226 ἀλλ’
2793 5174 2939 5245 ὅμως
3001 5173 3161 5228 τοῦτο
3213 5174 3413 5245 μᾶλλον

1831 5268 2065 5340 αἱρεῖται
2132 5270 2342 5325 ἐκείνου
2363 5310 2378 5335 ,
2434 5273 2528 5328 καὶ
2575 5273 3000 5347 ἀναγκαιότερον
3055 5274 3207 5347 αὐτῷ
3274 5269 3416 5329 εἷναί

1833 5386 2000 5440 φησι·
2035 5372 2096 5426 τὸ
2126 5373 2374 5445 ἀνάθεμα
2420 5376 2528 5431 ἀπὸ
2566 5377 2803 5450 Χριστοῦ
2844 5378 3118 5449 γενέσθαι,
3151 5378 3300 5448 ἀγὼν
3345 5375 3415 5449 ἦν

1832 5469 1928 5524 καὶ
1963 5471 2153 5538 πόνος,
2197 5474 2397 5545 μᾶλλον
2443 5475 2502 5530 δέ
2548 5479 2641 5532 καὶ
2678 5480 2817 5550 ὑπὲρ
2850 5480 3037 5534 ἀγῶνα
3071 5481 3167 5533 καὶ
3214 5481 3375 5534 πόνον
3393 5499 3409 5513 ·

1831 5593 1893 5647 τὸ
1924 5595 2040 5665 μετ’
2072 5596 2258 5664 αὑτοῦ,
2289 5598 2541 5656 ἔπαθλον.
2581 5583 2743 5655 Ἀλλά
2767 5600 2925 5656 τοῦτο
2952 5602 3153 5674 μᾶλλον
3176 5605 3413 5677 αἱρεῖται

1832 5693 2038 5748 ἐκείνου
2063 5696 2153 5751 διά
2179 5698 2271 5753 τὸν
2299 5700 2552 5773 Χριστόν.
2593 5702 2733 5756 Ἀλλ’
2762 5704 2890 5766 ἴσως
2928 5702 3072 5758 είποι
3100 5721 3184 5769 τις
3213 5705 3299 5771 ἀν,
3329 5707 3415 5762 ὅτι

1832 5796 2002 5850 ταῦτα
2041 5798 2219 5854 πάντα
2260 5800 2350 5857 διὰ
2376 5801 2466 5856 τὸν
2499 5802 2730 5874 Χριστὸν
2768 5803 2897 5875 ἡδέα
2942 5805 3091 5876 αὐτῷ
3122 5802 3211 5879 ἦν.
3245 5808 3416 5863 Τοῦτο

3025 5895 3066 5959 5
