3908 6300
480 364 586 422 εει

489 479 731 554 γὰρςκαὶ
781 434 891 546 ἐγώ
932 494 1104 548 φημι,
1143 474 1225 528 ὅτι
1271 474 1415 545 ἆπερ
1458 473 1695 546 ἀθυμίας
1731 473 1871 543 ἡμῖν
1895 473 2062 541 aha,

480 579 665 635 ,ταῦτα
709 577 901 646 ἐκείνῳ
941 573 1181 645 μεγάλην
1216 570 1424 625 ἔτικτεν
1454 572 1663 641 ἡδονήν.
1702 571 1812 625 Καὶ
1846 570 1898 624 τί
1928 570 2071 640 λέγω

494 673 773 736 κινδύνους
817 669 913 724 καὶ
940 668 1041 738 τάς
1077 667 1243 731 ἄλλας
1291 665 1696 749 ταλαιπωρίαςς
1725 665 1836 719 Kal
1861 666 1970 737 γὰρ
2013 668 2071 720 ἐν

495 770 706 841 ἀθυμίᾳ
755 767 992 836 διηνεκεῖ
1016 760 1112 836 ἦν·
1165 764 1244 817 διὸ
1287 763 1380 817 καὶ
1428 762 1608 831 ἔλεγε·
1667 763 1764 829 Τίς
1800 761 2068 828 ἀσθενεῖ,

496 868 592 922 καί
628 868 743 920 οὐκ
768 861 1033 927 ἁσθενῶ;
1066 863 1157 929 τίς
1191 857 1668 925 σκανδαλίζεται,
1697 859 1795 913 καὶ
1823 860 1936 913 οὐκ
1956 856 2071 928 ἐγὼ

495 963 823 1032 πυροῦμαι;
868 959 1014 1030 Πλὴν
1060 959 1109 1011 εἰ
1142 958 1235 1011 καὶ
1277 958 1375 1027 τὴν
1419 955 1654 1028 ἀθυμίαν
1702 955 1890 1027 ἡδονὴν
1927 953 2071 1025 ἔχειν

491 1062 639 1114 εἴποι
674 1075 758 1122 τις
803 1057 888 1110 ἄν.
920 1055 1109 1109 Πολλοὶ
1138 1054 1245 1124 γὰρ
1275 1053 1365 1107 καὶ
1413 1052 1521 1108 τῶν
1550 1051 1718 1106 τέκνα
1766 1050 2069 1105 ἀποϐαλόν-

494 1173 627 1221 των,
664 1153 1101 1224 συγχωρούμενοι
1135 1152 1231 1222 μὲν
1263 1150 1501 1223 θρηνεῖν,
1541 1149 1892 1221 παραμυθίαν
1932 1150 2072 1221 λαμ-

494 1253 749 1308 ϐάνουσι·
782 1249 1113 1321 κωλυόμενοι
1146 1247 1225 1314 δὲ,
1269 1246 1524 1316 ἀλγοῦσιο
1561 1246 1812 1316 καθάπερ
1843 1243 1935 1301 οῦν
1978 1247 2074 1301 καὶ

497 1352 525 1403 ὁ
548 1348 779 1411 Παῦλος,
813 1344 1005 1408 νυκτδς
1039 1345 1134 1398 καὶ
1161 1343 1374 1415 ἡμέρας
1398 1342 1669 1413 δακρύων,
1718 1342 2071 1415 παραμυθίαν

497 1444 835 1516 ἐλάμϐανεν·
886 1442 1058 1506 οὐδεὶς
1114 1439 1222 1512 γὰρ
1273 1438 1415 1493 οὓτω
1458 1441 1529 1493 τά
1579 1441 1755 1493 οἰκεῖα
1803 1438 2072 1508 ἐπένθησε

499 1540 667 1605 κακά,
691 1541 766 1604 ὡς
791 1538 858 1593 τά
888 1537 1141 1610 ἀλλότρια
1174 1538 1396 1598 ἐκεῖνος.
1437 1535 1563 1599 Πῶς
1593 1535 1701 1607 γὰρ
1732 1535 1834 1588 οῖει
1873 1534 2074 1588 διακεῖ-

502 1642 626 1696 σθαι
667 1640 825 1694 αὐτὸν
871 1638 1139 1692 Ἰουδαίων
1186 1638 1247 1690 οὐ
1293 1634 1635 1706 σωζομένων,
1672 1635 1759 1689 ἵνα
1803 1634 2069 1701 σωθῶσιν,

502 1742 793 1814 εὐχόμενον
832 1741 1081 1793 ἐκπεσεῖν
1102 1738 1224 1808 τῆς
1247 1738 1357 1793 ἄνω
1382 1737 1574 1808 δόξης;
1615 1737 1775 1791 Ὅθεν
1804 1735 1958 1807 δῆλον
1991 1737 2073 1789 ὅτι

502 1845 563 1898 τὸ
601 1849 674 1915 μὴ
708 1840 974 1905 σώζεσθαι
1027 1840 1223 1902 αὐτοὺς
1258 1837 1436 1910 πολλῷ
1474 1837 1848 1910 χαλεπώτερον
1893 1832 1981 1909 ἦν.
2012 1838 2076 1890 Εἰ

502 1945 612 2015 γὰρ
647 1943 719 2013 μὴ
748 1941 1145 2012 χαλεπώτερον,
1173 1940 1271 1993 οὐκ
1302 1939 1363 1993 ἂν
1406 1939 1608 2010 ηὔξατο
1634 1940 1837 1993 έκεῖνο·
1866 1939 1941 2003 ὡς
1968 1939 2076 2010 γὰρ

502 2043 831 2114 κουφότερον
878 2041 1069 2104 είλετο,
1114 2039 1209 2095 καὶ
1244 2038 1442 2111 μᾶλλον
1473 2038 1624 2112 [485]
1667 2039 1792 2111 έχον
1823 2057 2076 2111 παραμυ-

502 2140 649 2194 θίαν·
698 2139 791 2192 xal
835 2136 934 2207 οὐχ
969 2134 1152 2198 ἁπλῶς
1196 2135 1466 2199 ἐϐούλετο,
1513 2133 1648 2188 ἀλλά
1673 2135 1790 2189 ’καὶ
1829 2134 1959 2189 ὲϐόα
1990 2134 2077 2189 λέ-

502 2255 641 2307 γων’
684 2241 803 2291 Ὅτι
848 2238 1013 2304 λύπη
1044 2236 1148 2306 μοί
1193 2235 1346 2299 ἐστι,
1392 2235 1490 2290 καὶ
1521 2234 1707 2304 ὀδύνη
1748 2233 1824 2303 τῇ
1865 2233 2078 2304 καρδίᾳ

500 2353 640 2404 μου.
689 2333 793 2386 Τὸν
832 2327 925 2385 οῦν
977 2331 1096 2383 καθ’
1145 2331 1401 2400 ἑκάστην.
1452 2329 1528 2394 ὡς
1572 2331 1765 2396 εἰπεῖν,
1797 2330 1936 2399 ὑπὲρ
1969 2329 2078 2383 τῶν

502 2434 604 2506 τὴν
631 2431 959 2502 οἰκουμένην
982 2429 1272 2483 οἰκούντων
1302 2428 1591 2497 ἀλγοῦντα,
1625 2431 1718 2483 καὶ
1745 2430 1885 2501 ὑπὲρ
1914 2430 2081 2483 ἀπάν-

503 2550 614 2589 των
660 2533 834 2602 κοινῇ,
868 2529 963 2584 xal
1003 2528 1193 2592 ἐθνῶν,
1235 2530 1330 2582 καὶ
1376 2529 1603 2594 πόλεων,
1652 2530 1744 2583 καὶ
1777 2530 1917 2602 ὑπὲρ
1963 2529 2080 2594 ἐνὸς

505 2634 760 2698 ἑκάστου,
786 2630 894 2685 τίνι
922 2629 989 2684 ἄν
1021 2647 1105 2693 τις
1134 2628 1388 2701 δυνηθείη
1425 2628 1790 2701 παραϐαλεῖν;
1835 2632 1971 2703 ποίῳ
2001 2649 2076 2685 σι-

505 2736 685 2809 δήρῳς
727 2732 865 2802 ποίῳ
911 2729 1213 2801 ἀδάμαντι;
1247 2729 1313 2782 Τί
1347 2730 1411 2785 ἄν
1454 2747 1538 2794 τις
1574 2731 1786 2804 ἐκείνην
1833 2734 2078 2789 καλέσειε

506 2835 606 2908 τὴν
647 2833 860 2905 ψυχήν;
895 2830 1123 2903 χρυσῆν,
1171 2829 1205 2902 ἢ
1237 2828 1638 2902 ἀδαμαντίνην;
1674 2833 1770 2885 καὶ
1815 2831 1924 2903 γάρ
1954 2833 2080 2889 ἀδά-

511 2948 708 3007 μαντος
733 2929 802 3005 ἦν
834 2930 1035 2995 παντὸς
1063 2930 1413 3003 στερροτέρα,
1442 2932 1535 2985 καὶ
1563 2931 1765 3004 χρυσοῦ
1797 2934 1891 2987 καὶ
1918 2933 2080 2989 λίθων

506 3034 704 3107 τιμίων
749 3031 1079 3105 τιμιωτέρα·
1121 3030 1382 3101 κάκείνης
1414 3030 1514 3102 μὲν
1543 3022 1636 3086 οὖν
1677 3033 1776 3103 τῆς
1806 3031 1936 3105 ὕλης
1981 3034 2080 3105 τὴν

505 3136 752 3193 εὐτονίαν
802 3132 1132 3207 παρελάσει,
1187 3131 1393 3203 ταύτης
1445 3132 1503 3187 δὲ
1559 3133 1658 3205 τὴν
1710 3133 2076 3192 πολυτέλειαν.

506 3241 625 3294 Τίνι
654 3238 721 3293 ἂν
763 3234 858 3293 οὖν
894 3253 977 3301 τις
1015 3234 1186 3306 αὐτὴν
1226 3234 1564 3308 παραϐάλοι;
1608 3235 1731 3292 Τῶν
1764 3237 1864 3308 μὲν
1904 3238 2081 3294 οὐσῶν

485 3336 489 3347 ’
507 3342 748 3413 οὐδεμιᾷ.

576 3444 640 3496 Εἰ
667 3442 726 3496 δὲ
760 3440 961 3513 χρυσὸς
986 3439 1202 3511 ἀδάμας
1235 3440 1467 3509 γένοιτο,
1498 3441 1593 3494 καὶ
1617 3441 1827 3513 ἀδάμας
1857 3444 2077 3516 χρυσὸς,

507 3546 629 3601 τότε
659 3544 911 3599 ὁπωσοῦν
938 3542 1117 3598 αὐτῶν
1148 3541 1398 3610 τεύξεται
1425 3543 1526 3615 τῆς
1565 3544 1790 3609 εἰκόνος.
1831 3546 1988 3600 Ἀλλά
2025 3547 2080 3600 τί

510 3671 602 3713 μοι
640 3648 1007 3723 παραϐάλλειν
1052 3647 1317 3721 ἀδάμαντι
1351 3649 1445 3702 καὶ
1487 3648 1700 3720 χρυσῷ;
1741 3649 1844 3702 Τὸν
1879 3650 2078 3721 κόσμον

507 3751 724 3816 ἀντίθες
772 3750 1021 3814 ἅπαντα,
1075 3749 1172 3803 καὶ
1226 3749 1345 3803 τότε
1395 3747 1514 3818 ὄψει
1567 3748 1936 3803 καθέλκουσαν
1983 3750 2077 3805 τοῦ

507 3856 721 3912 Παύλου
758 3852 857 3926 τὴν
899 3853 1098 3924 ψυχήν.
1133 3852 1198 3906 Et
1242 3850 1352 3923 γὰρ
1381 3853 1512 3922 περὶ
1549 3850 1657 3905 τῶν
1701 3853 1760 3906 ὲν
1807 3852 2079 3924 μηλωταῖς

506 3957 604 4010 καὶ
641 3954 926 4028 σπηλαίοις
963 3954 1058 4008 καὶ
1089 3953 1147 4007 ὲν
1197 3950 1379 4024 μικρῷ
1428 3950 1584 4023 μέρει
1614 3952 1714 4022 τῆς
1756 3951 2081 4025 οἰκουμένης

505 4056 924 4129 διαπρεῲάντων
971 4053 1131 4108 τοῦτό
1184 4068 1348 4125 φησιν
1400 4053 1636 4117 ἐκεῖνος,
1670 4052 1848 4123 πολλῷ
1879 4052 2079 4124 μᾶλλον

504 4140 637 4212 περὶ
672 4139 837 4195 αὐτοῦ
874 4139 941 4192 ἂν
972 4137 1223 4206 εἴποιμεν
1260 4136 1444 4206 ⁴ἡμεῖς,
1473 4135 1549 4199 ώς
1577 4137 1668 4216 ὅτι,
1690 4136 1906 4191 πάντων
1947 4138 2077 4191 ἀντ-

505 4242 653 4309 άξιος
697 4238 787 4314 ἦν.
830 4242 896 4297 El
925 4239 1107 4293 τοίνυν
1144 4240 1172 4292 ὁ
1204 4239 1406 4307 κόσμος
1450 4237 1615 4293 αὐτοῦ
1657 4240 1758 4293 οὐκ
1784 4238 1952 4307 ἄξιος,
1995 4239 2077 4306 τίς

505 4344 685 4409 ἀξιοςς
729 4341 872 4410 τάχα
910 4341 939 4392 ό
969 4339 1231 4410 οὐρανός;
1279 4338 1439 4392 Ἀλλά
1478 4340 1573 4393 καὶ
1615 4340 1776 4395 τοῦτο
1823 4343 2075 4415 σμικρόν.

504 4450 569 4502 El
613 4447 723 4518 γὰρ
755 4444 917 4507 αὐτὸς
967 4439 1197 4514 οὐρανοῦ
1247 4442 1385 4512 μετά
1428 4442 1538 4497 τῶν
1579 4446 1637 4498 ὲν
1669 4448 1782 4511 τοῖς
1829 4447 2078 4519 οὐρανοῖς

506 4546 844 4619 προετίμησε
888 4543 983 4598 τοῦ
1014 4542 1284 4596 Δεσπότου
1315 4541 1416 4613 τὴν
1441 4543 1688 4615 ἀγάπην,
1718 4547 1898 4618 πολλῷ
1941 4550 2078 4620 μᾶλ-

503 4646 650 4700 λονό
682 4645 959 4714 Δεσπότης
982 4644 1011 4697 ὁ
1043 4634 1295 4696 τοσοῦτον
1333 4642 1500 4697 αὐτοῦ
1540 4645 1909 4718 ἀγαθώτερος,
1952 4650 2076 4704 ὅσον

506 4745 776 4817 πονηρίας
822 4743 1113 4814 ἀγαθότης,
1148 4742 1356 4814 μυρίων
1397 4743 1559 4798 αὐτὸν
1601 4746 1846 4816 οὐρανῶν
1890 4765 2076 4819 προτι-

510 4849 695 4920 μήσει.
741 4848 815 4900 οὐ
855 4845 963 4918 γάρ
997 4846 1198 4917 ὁμοίως
1249 4847 1397 4918 ἡμᾶς
1429 4846 1604 4917 φιλεῖ,
1637 4847 1888 4921 καθάπερ
1917 4852 2077 4922 ἡμεῖς

505 4947 690 5013 αὐτὸν,
722 4946 857 5001 ἀλλά
900 4944 1156 5000 τοσοῦτον
1187 4946 1368 5014 πλέον,
1403 4947 1526 5002 ὅσον
1572 4948 1691 5003 οὐδὲ
1722 4948 1864 5020 λόγῳ
1896 4969 2074 5024 παρα-

507 5049 703 5120 στῆσαι
738 5047 837 5101 ἕνι.
870 5046 1071 5103 Σκόπει
1112 5046 1243 5114 γοῦν
1276 5047 1479 5119 ἡλίκων
1509 5049 1672 5104 αὐτὸν
1701 5052 1796 5104 καὶ⁵
1834 5053 1940 5124 πρὸ
1975 5053 2075 5124 τῆς

508 5149 809 5222 μελλούσης
832 5148 1065 5220 ἠξίωσεν
1091 5148 1459 5212 ἀναστάσεως.
1499 5151 1594 5213 Εἰς
1621 5152 1945 5223 παράδεισον
1977 5156 2076 5227 ἦρ-

504 5267 700 5317 πασεν,
743 5251 824 5313 είς
878 5249 1064 5321 τρίτον
1117 5248 1394 5319 ἀνήγαγεν
1444 5252 1699 5325 οὐρανὸν,
1749 5254 2075 5330 ἀπορρήτων

507 5353 730 5424 ἐποίησε
772 5350 1030 5406 κοινωνὸν
1072 5347 1352 5415 τοιούτων,
1398 5349 1436 5404 ἀ
1482 5352 1672 5421 μηδενὶ
1701 5355 1809 5407 τῶν
1853 5356 1950 5427 τὴν
1983 5360 2075 5414 ἀν.

506 5450 784 5523 Ορωπίνην
831 5450 1105 5521 λαχόντων
1153 5448 1315 5518 φύσιν
1350 5449 1509 5519 θέμις
1552 5454 1746 5507 εἰπεῖν.
1778 5457 1888 5510 Καὶ
1932 5460 2075 5529 μάλα

504 5554 727 5617 εἰκότως
750 5570 764 5584 ·
797 5554 893 5606 zal
919 5550 1027 5622 γὰρ
1058 5553 1115 5604 ὲν
1148 5553 1219 5622 γῇ
1260 5549 1507 5620 βαδίζων,
1535 5552 1610 5616 ὡς
1653 5554 1792 5623 μετά
1830 5557 2074 5626 ἀγγέλων

505 5654 836 5723 περιπολῶν,
884 5652 1054 5716 οὕτως
1104 5652 1371 5723 ἔπραττεν
1421 5652 1636 5707 ἅπαντα
1660 5671 1673 5684 ·
1721 5658 1814 5712 καὶ
1863 5659 2073 5731 σώματι

507 5752 683 5824 θνητῷ
743 5752 1139 5823 συνδεδεμένος,
1185 5751 1282 5821 τὴν
1326 5751 1548 5807 ἐκείνων
1588 5755 1930 5832 καθαρότητα
1977 5765 2072 5818 ἐπ-

1186 355 1245 410 3.
1285 354 1570 412 JOANNIS
1603 357 2097 416 CHRYSOSTOM‘I
2128 365 2445 419 AHCHIEP.
2477 369 3022 431 L‘UNS’IANTINOP.

3632 373 3751 431 482

2172 474 2462 544 εδείκνυτο,
2498 479 2593 532 καὶ
2619 481 2887 551 ἀνάγκαις
2916 481 3211 544 τοσαύταις
3230 480 3606 554 ὑποκείμενος,
3634 487 3753 557 ὲφι-

2170 584 2398 639 λονείκει
2429 585 2541 640 τῶν
2570 586 2682 642 ἂνω
2705 587 2987 660 δυνάμεων
3018 588 3184 661 μηδὲν
3228 587 3449 645 ἔλαττον
3490 593 3755 663 φανῆναι.

2169 695 2281 749 Kal
2312 695 2422 768 γὰρ
2464 697 2540 761 ῶς
2586 697 2788 769 πτηνὸς
2825 697 2926 770 τὴν
2957 697 3282 770 οἰκουμένην
3315 699 3602 773 διέδραμε,
3653 707 3757 760 καὶ

2169 804 2247 868 ὠς
2274 803 2565 876 ἀσώματος
2589 807 2767 863 πόνων
2791 807 3084 882 ὑπερεώρα
3112 810 3208 866 καὶ
3235 810 3516 878 κινδύνων,
3542 815 3639 870 καῖ
3675 815 3754 881 ὡς

2169 911 2261 967 τὸν
2303 913 2532 986 οὐρανὸν
2557 914 2659 987 ἤδη
2707 912 2919 986 λαχὼν,
2954 916 3281 989 κατεφρόνει
3326 917 3443 973 τῶν
3474 921 3567 975 ἐπὶ
3609 920 3749 993 γῆς,

2170 1021 2265 1077 καὶ
2294 1022 2371 1087 ὡς
2405 1026 2522 1095 μετ’
2563 1024 2742 1079 αὐτῶν
2782 1025 3256 1098 ἀναστρεφόμενος
3284 1028 3406 1107 τῶν
3440 1030 3754 1103 ἀσωμάτων

2169 1127 2470 1199 δυνάμεων,
2502 1127 2645 1184 οὕτω
2679 1129 2945 1203 διηνεκῶς
2985 1131 3310 1204 ὐγρηγορὼς
3350 1128 3659 1206 ἧμιΚσιίτοι
3689 1156 3753 1208 γε

2170 1230 2391 1300 ἄγγελοι
2419 1233 2683 1298 πολλάκις
2709 1234 3153 1307 ὲνεχειρίσθησαν
3184 1236 3314 1309 ἔθνη
3338 1239 3603 1313 διάφορα’
3636 1242 3755 1296 ἀλλ’

2170 1340 2292 1394 οὐδὲ
2320 1334 2402 1406 εἷς
2435 1341 2612 1399 αὐτῶν
2638 1342 2702 1396 τδ
2735 1343 2904 1408 ἔθνος,
2932 1344 2962 1397 δ
2993 1345 3380 1419 ὲνεπιστεύθη,
3412 1347 3597 1415 οὕτως
3621 1352 3757 1424 ᾤκο-

2173 1447 2430 1521 νόμησεν,
2471 1449 2547 1514 ὡς
2583 1449 2803 1515 Παῦλος
2836 1452 2941 1524 τὴν
2979 1454 3319 1526 οἰκουμένην
3351 1445 3593 1514 hac”;
3642 1459 3756 1515 Καὶ

2177 1558 2252 1630 μή
2287 1575 2377 1629 μοι
2413 1559 2541 1628 λέγε
2569 1561 2655 1614 ὅτι
2686 1560 2901 1627 Παῦλος
2931 1556 3126 1633 οὐσίην
3154 1565 3189 1616 ὁ
3213 1564 3388 1618 ταῦτα
3416 1567 3752 1639 οἰκονομῶν·

2174 1670 2268 1725 καὶ
2307 1668 2418 1742 γάρ
2462 1671 2557 1725 καὶ
2586 1671 2750 1737 αὐτὸς
2785 1673 3053 1744 ὁμολογῶ.
3101 1675 3166 1729 Εῖ
3193 1675 3303 1748 γὰρ
3339 1678 3433 1731 καὶ
3485 1678 3759 1752 μηιαύτδς

2174 1769 2242 1847 ἦν
2260 1776 2296 1828 ηδ
2320 1773 2495 1828 ταῦτα
2521 1774 2718 1842 ἀνύων,
2741 1776 2856 1831 ἀλλ’
2880 1777 3003 1832 οὐδὲ
3032 1777 3204 1844 οὓτως
3237 1781 3393 1845 ἐκτὸς
3428 1777 3496 1854 ἦν
3522 1782 3637 1838 τῶν
3662 1786 3759 1839 ἐπὶ

2175 1879 2383 1945 τούτοις
2423 1881 2678 1947 ἐπαίνων,
2726 1882 2913 1956 ἐπειδὴ
2950 1885 3140 1938 ἑαυτὸν
3169 1882 3313 1939 οὕτω
3347 1888 3757 1944 κατεσκεύασεν

2174 1983 2325 2052 ἀξιον
2365 1985 2466 2053 τῆς
2494 1986 2762 2059 τοσαύτης
2786 1989 3025 2060 χάριτος.
3058 1989 3118 2043 '0
3147 1990 3366 2063 Μιχαὴλ
3391 1992 3454 2046 τὸ
3479 1992 3590 2047 τῶν
3625 1996 3761 2050 Ἰου-

2175 2086 2339 2142 δαίων
2367 2086 2519 2152 έθνος
2558 2087 2721 2161 [486]
2761 2090 3126 2162 ὲνεχειρίσθη’
3170 2091 3381 2157 Παῦλος
3422 2093 3479 2148 δὲ
3510 2095 3624 2166 γῆν
3664 2100 3760 2153 xal

2176 2188 2468 2258 θάλατταν,
2513 2192 2610 2246 καὶ
2644 2190 2745 2263 τὴν
2793 2191 3143 2264 οἰκουμένην,
3194 2195 3290 2247 καὶ
3328 2195 3427 2266 τὴν
3471 2197 3757 2269 ἀοίκητον.

2177 2295 2287 2349 Kal
2312 2294 2486 2350 ταῦτα
2510 2295 2610 2349 οὐκ
2643 2295 2911 2365 ἀγγέλους
2949 2295 3186 2370 ὑϐρίζων
3217 2297 3382 2368 λέγω,
3419 2300 3494 2372 μὴ
3520 2302 3759 2371 γένοιτο,

2178 2393 2315 2456 ἀλλά
2341 2401 2578 2466 δεικνὺς,
2605 2400 2689 2455 ὅτι
2714 2400 2936 2456 δυνατὸν
2968 2401 3256 2474 ἄνθρωπον
3285 2403 3415 2459 ὄντα
3464 2408 3580 2477 μετ’
3614 2407 3765 2461 ὲκεί-

2177 2524 2284 2560 νων
2332 2502 2507 2573 εἶναι,
2560 2507 2658 2561 καὶ
2706 2507 2878 2577 ὲγγύς
2916 2508 3098 2563 αὐτῶν
3152 2509 3392 2563 ἑστάναι.
3444 2511 3557 2565 Kal
3610 2512 3763 2576 τίνος

2177 2615 2362 2670 ἕνεκεν
2394 2617 2495 2671 οὐκ
2524 2616 2746 2686 ἄγγελοι
2774 2617 2949 2672 ταῦτα
2992 2619 3469 2693 ὲνεχειρίσθησανς
3509 2624 3630 2678 Ἵνα
3667 2643 3766 2697 μη-

2178 2725 2370 2796 δεμίαν
2400 2725 2698 2795 ἀπολογίαν
2738 2724 2869 2798 ἔχῃς
2898 2727 3179 2799 ῥᾳθυμῶν,
3219 2729 3353 2801 μηδὲ
3381 2732 3463 2795 εἰς
3503 2731 3603 2802 τὴν
3637 2732 3761 2787 δια-

2179 2833 2351 2905 φοράν
2376 2833 2477 2904 τῆς
2514 2833 2729 2904 φύσεως
2759 2836 3113 2907 καταφεύγῃς
3147 2836 3455 2892 καθεύδων*
3494 2838 3678 2906 ἄλλως
3708 2841 3762 2897 δὲ

2180 2940 2276 2996 καὶ
2300 2943 2360 2995 τὸ
2384 2939 2570 3012 θαῦμα
2605 2940 2788 3011 μεῖζον
2816 2942 3046 3011 ἐγίνετο.
3073 2943 3198 3007 Πῶς
3227 2944 3335 3017 γάρ
3356 2945 3416 2998 οὐ
3443 2945 3762 3018 θαυμαστὸν

2180 3050 2276 3106 καὶ
2308 3047 2788 3123 παράδοξον,.ἀπὸ
2838 3049 3088 3124 γλώττης
3140 3051 3375 3125 πηλίνης
3429 3054 3758 3128 ἐκπηδῶντα

2179 3155 2356 3225 λόγον,
2386 3153 2621 3227 ,θάνατον
2665 3153 3011 3225 φυγαδεύειν,
3041 3156 3417 3228 ἁμαρτήματα
3458 3157 3633 3227 λύειν,
3665 3177 3762 3214 πε-

2179 3259 2513 3332 πηρωμένην
2541 3257 2788 3332 διορθοῦν
2819 3258 3003 3332 φύσιν,
3036 3261 3131 3314 καὶ
3157 3260 3256 3333 τὴν
3293 3264 3398 3334 γῆν
3427 3263 3762 3337 ἐργάζεσθαι

2177 3363 2432 3437 οὐρανόν;
2472 3364 2570 3419 Διά
2596 3363 2755 3418 τοῦτο
2801 3365 3183 3437 ὲκπλήττομαι.
3219 3367 3314 3420 τοῦ
3363 3367 3497 3422 Θεοῦ
3527 3368 3633 3442 τὴν
3672 3369 3758 3425 δύο

2179 3466 2480 3538 ναμιν,νδιά
2504 3465 2681 3522 ταῦτα
2712 3468 2981 3540 θαυμάζω
3025 3470 3118 3524 τοῦ
3163 3470 3378 3524 Παύλου
3408 3472 3508 3544 τὴν
3550 3475 3756 3546 προθυ-

2184 3567 2331 3638 μίαν,
2373 3567 2455 3621 ὅτι
2499 3567 2771 3639 τοσαύτην
2816 3569 3108 3635 ὑπεδέξατο
3152 3571 3333 3643 χάριν,
3384 3572 3466 3626 ὅτι
3514 3578 3767 3632 τοιοῦτον

2183 3678 2595 3750 παρεσκεύασεν
2627 3679 2837 3733 ἑαυτόν.
2868 3681 2980 3734 Kal
3014 3681 3158 3753 ὑμᾶς
3190 3683 3493 3752 παρακαλῶ
3523 3687 3605 3760 μὴ
3636 3690 3757 3745 Oa»

2183 3787 2378 3859 μάζειν
2414 3786 2595 3859 μόνον,
2640 3784 2778 3840 ἀλλά
2827 3788 2922 3841 καὶ
2983 3789 3269 3860 μιμεῖσθαι
3327 3790 3390 3844 τὸ
3449 3792 3759 3864 ἀρχέτυπον

2177 3889 2335 3943 τοῦτο
2362 3889 2462 3961 τῆς
2490 3889 2723 3961 ἀρετῆςο
2751 3889 2896 3946 οὕτω
2923 3891 3031 3964 γὰρ
3059 3893 3407 3966 δυνησόμεθα
3432 3894 3541 3950 τῶν
3574 3898 3750 3952 αὐτῶν

2180 3994 2461 4065 στεφάνων
2531 3995 2861 4068 κοινωνῆσαι
2923 3998 3135 4071 ἐκείνῳ.
3212 3998 3275 4053 Εἰ
3334 3999 3394 4054 δὲ
3452 4000 3755 4073 θαυμάζεις

2178 4099 2412 4169 ἀκούων,
2446 4101 2549 4167 ὅτι,
2588 4102 2660 4156 τὰ
2683 4102 2825 4158 αὐτά
2862 4102 3236 4175 κατορθώσας,
3263 4104 3371 4160 τῶν
3411 4105 3592 4161 αὐτῶν
3637 4108 3753 4160 ἔπι-

2177 4207 2361 4282 τεύξῃ,
2401 4209 2631 4264 ἄκουσον
2659 4208 2827 4264 αὐτοῦ
2870 4210 3044 4265 ταῦτα
3086 4209 3369 4279 λέγοντοςο
3406 4209 3518 4265 Τὸν
3548 4210 3755 4282 ἀγῶνα

2177 4313 2286 4368 τὸν
2323 4313 2515 4369 καλὸν
2546 4312 2899 4384 ἠγώνισμαι,
2932 4313 3040 4368 τὸν
3065 4312 3288 4383 δρόμον
3311 4313 3619 4382 τετέλεκα,
3639 4314 3753 4383 τήν

2179 4419 2388 4475 πίστιν
2413 4418 2739 4487 τετήρηκαε
2767 4419 2985 4473 λοιπὸν
3008 4418 3317 4477 ἀπόκειται
3337 4437 3438 4491 μοι
3462 4424 3498 4476 ὁ
3531 4419 3646 4491 τῆς
3675 4420 3751 4475 διο

2177 4519 2509 4590 καιοσύνης
2545 4518 2864 4590 στέφανος,
2897 4520 2970 4576 ὃν
2995 4520 3294 4578 ἀποδώσει
3331 4541 3434 4594 μοι
3477 4525 3693 4593 Κύριος
3719 4524 3751 4577 δ

2177 4623 2405 4690 δίκαιος
2441 4623 2648 4692 κριτὴς
2674 4624 2745 4678 ἐν
2770 4624 2974 4695 ἐκείνῃ
3003 4624 3078 4696 τῇ
3105 4626 3328 4697 ἡμέρᾳο
3363 4629 3437 4683 οὐ
3464 4629 3662 4699 μόνον
3685 4625 3749 4680 δὲ

2176 4726 2326 4795 ἐμοὶ,
2361 4726 2521 4781 ἀλλὰ
2555 4728 2657 4782 καί
2689 4726 2841 4785 πᾶσι
2871 4729 2996 4797 τοῖς
3027 4728 3375 4801 ἠγαπηκόσι
3404 4731 3520 4800 τὴν
3540 4729 3750 4801 ἐπιφά-

2176 4846 2343 4885 νειαν
2366 4829 2573 4886 αὐτοῦ.
2610 4833 2777 4904 Ὁρᾷς
2806 4833 2924 4898 πῶς
2955 4835 3165 4900 πάντας
3197 4838 3279 4900 εἰς
3310 4837 3410 4909 τὴν
3440 4836 3613 4908 αὐτὴν
3638 4853 3747 4891 κοι-

2176 4932 2371 4989 νωνίαν
2398 4935 2580 5003 καλεῖς
2622 4937 2775 4991 Ἐπεὶ
2812 4930 2905 4992 οῦν
2942 4939 3121 4994 ἅπασι·
3159 4941 3443 5013 πρόκειται
3478 4941 3557 4995 τά⁵
3586 4940 3743 5002 αὐτὰ.

2177 5037 2376 5101 πάντες
2414 5038 2804 5109 σπουδάσωμεν
2832 5038 2971 5105 ἄξιοι
3021 5042 3269 5110 γενέσθαι
3319 5043 3433 5098 τῶν
3475 5043 3741 5116 ἐπηγγελ-

2179 5142 2353 5213 μένων
2401 5142 2652 5211 ἀγαθῶν·
2683 5144 2778 5197 καὶ
2824 5144 2899 5217 μὴ
2944 5145 3105 5217 μόνον
3142 5147 3205 5202 τδ
3255 5146 3482 5218 μέγεθος
3522 5149 3616 5202 καὶ
3660 5148 3745 5202 τὶν

2175 5245 2336 5315 δγκον
2369 5248 2477 5301 τῶν
2508 5232 2946 5319 κατορθωμάτων
2974 5251 3192 5321 ἴδωμεν,
3227 5250 3363 5305 ἀλλά
3401 5252 3498 5305 καὶ
3533 5253 3626 5307 τὸν
3657 5253 3743 5306 τό·

2176 5368 2264 5406 νον
2290 5353 2390 5423 τῆς
2417 5352 2741 5429 προθυμίας,
2772 5352 2839 5405 δι’
2860 5350 2930 5427 ἧς
2966 5354 3233 5427 τοσαύτην
3262 5356 3614 5412 ἐπεσπάσατο
3652 5358 3743 5431 χά-

2180 5476 2282 5531 ριν,
2320 5461 2413 5513 καὶ
2449 5459 2509 5513 τὸ
2536 5459 2639 5530 τῆς
2683 5452 2896 5530 φύσεως
2927 5462 3218 5531 συγγενές’
3255 5463 3365 5518 τῶν
3408 5464 3516 5539 γάρ
3569 5465 3741 5520 αὐτῶν

2173 5565 2306 5635 ἡμῖν
2336 5563 2689 5635 ὲκοινώνησεν
2713 5565 2983 5620 ἁπάντων.
3015 5565 3123 5619 Kal
3148 5563 3290 5622 οὕτω
3322 5568 3415 5622 καὶ
3443 5568 3512 5623 τά
3545 5568 3742 5641 σφόδρα

2174 5666 2613 5739 δυσκατόρθωτα,
2658 5669 2818 5741 ῥᾴδια
2844 5670 2974 5741 ημῖν
3005 5670 3253 5739 φανεῖται
3285 5672 3377 5727 καὶ
3426 5671 3625 5744 κοῦφα,
3653 5671 3738 5725 καὶ

2178 5772 2271 5827 τὸν
2299 5771 2504 5844 βραχὺν
2532 5772 2717 5829 τοῦτον
2758 5773 3027 5844 καμόντες
3059 5773 3266 5845 χρόνον,
3297 5776 3388 5833 τὸν
3418 5777 3613 5852 ἀγήρω
3652 5782 3738 5838 καὶ
