3908 6300
202 571 297 627 431

198 686 491 751 conﬁteor;
534 681 781 755 quoniam
829 696 945 755 qua:
988 681 1143 738 nobis
1189 688 1312 735 sunt
1334 692 1492 734 causa
1528 675 1773 741 tristitiae,

202 781 316 835 haec
349 778 423 833 illi
451 776 726 847 pariebant
754 775 1037 830 maximam
1067 773 1411 843 voluptatem.
1440 768 1507 824 Et
1534 765 1659 838 quid
1679 780 1778 836 ego

162 915 167 936 ς
201 871 437 940 pericula
466 881 836 937 :erumnasque
859 862 1263 945 commemoro?
1292 862 1349 917 ln
1378 873 1608 915 maerore
1635 858 1778 911 enim

157 964 163 989 ³
200 963 438 1015 maximo
481 960 568 1015 ille
587 958 921 1024 versabatur,
961 963 1177 1025 propter
1209 952 1350 1024 quod
1380 950 1620 1005 diccbat:
1654 948 1778 1016 Quis

196 1055 507 1122 infirmatur,
538 1060 585 1105 et
612 1068 703 1122 ego
728 1067 829 1104 non
866 1049 1095 1118 inﬁrmor
1116 1047 1140 1101 ξ)
1162 1046 1273 1117 quis
1313 1042 1703 1107 scandalizatur,
1732 1048 1779 1094 et

194 1162 288 1216 ego
319 1162 420 1198 non
445 1161 564 1198 uror
584 1143 676 1216 (2.
707 1143 826 1197 Cor.
859 1144 945 1197 11.
970 1141 1041 1197 29
1070 1141 1131 1209 )?
1156 1139 1268 1195 Etsi
1299 1140 1349 1193 in
1379 1151 1609 1193 maerore
1636 1134 1778 1190 dicat

196 1252 411 1306 quoque
435 1235 551 1306 quis
579 1236 755 1290 inesse
802 1234 1029 1305 aliquam
1056 1232 1385 1301 voluptatem
1409 1248 1423 1283 :
1452 1229 1602 1284 multi
1634 1227 1773 1282 enim

194 1327 408 1381 illorum
452 1327 540 1396 qui
591 1326 817 1380 ﬁliorum
857 1324 1116 1379 mortibus
1167 1322 1531 1386 vulnerantur,
1577 1319 1775 1390 aliquid

191 1419 576 1475 consolationis
627 1418 914 1488 accipiunt,
964 1416 1009 1471 si
1043 1430 1165 1470 cum
1211 1414 1321 1470 suis
1363 1412 1572 1468 ﬂetibus
1608 1410 1773 1466 relin-

190 1520 461 1581 quuntur;
504 1511 775 1580 magisque
800 1509 999 1576 dolent,
1031 1523 1153 1563 cum
1180 1506 1362 1562 dolere
1402 1504 1769 1576 prohibentur.

186 1605 280 1659 Sic
310 1603 469 1673 igitur
496 1610 552 1657 et
576 1601 773 1656 Paulus
799 1608 956 1656 nocte
977 1608 1032 1655 et
1053 1598 1143 1654 die
1165 1597 1580 1653 consolationem
1624 1594 1772 1650 exci-

188 1692 374 1762 piebat
430 1707 495 1746 ex
547 1691 798 1762 lacrymis
827 1707 843 1742 :
871 1689 1048 1743 nullus
1081 1687 1342 1758 siquidem
1394 1694 1540 1740 tanto
1579 1684 1770 1740 affectu

186 1783 331 1837 mala
356 1782 591 1852 propria,
620 1796 776 1852 quam
804 1781 893 1835 ille
922 1778 1149 1834 deﬂebat
1172 1778 1365 1833 aliena.
1408 1775 1766 1845 Quemadmo-

184 1874 315 1927 dum
346 1873 490 1927 eoim
521 1873 669 1926 illum
697 1870 929 1941 opinaris
949 1868 1225 1935 afﬂictum,
1253 1883 1374 1923 cum
1421 1866 1767 1937 perditionem

182 1963 499 2018 Judzeorum
529 1963 691 2029 dolet,
721 1963 831 2032 qui,
856 1970 914 2015 ut
954 1960 1029 2014 illi
1059 1960 1194 2014 salvi
1235 1959 1444 2024 ﬁerent,
1485 1958 1717 2027 seipsum
1738 1970 1767 2010 a

181 2057 441 2111 czclorum
485 2056 654 2126 gloria
698 2054 941 2124 cupiebat
975 2051 1185 2107 excludi
1214 2051 1233 2122 (
1262 2050 1414 2105 Rom.
1445 2050 1501 2105 9.
1530 2050 1564 2103 '5
1596 2050 1655 2119 )?
1701 2048 1769 2103 Et

182 2148 310 2203 inde
333 2148 437 2201 boc
464 2146 798 2201 manifestum
823 2152 925 2209 est,
940 2145 1062 2215 quia
1078 2144 1279 2197 scilicet
1305 2157 1408 2198 non
1431 2141 1620 2195 salvari
1646 2140 1768 2195 illos

181 2241 431 2296 acerbius
457 2240 771 2305 aestimabat,
800 2254 958 2309 quam
986 2238 1218 2307 seipsum
1242 2235 1417 2305 perire
1442 2252 1455 2289 :
1477 2244 1567 2288 aut
1594 2234 1637 2287 si
1662 2249 1764 2288 non

180 2334 451 2395 acerbius,
484 2347 769 2401 numquam
796 2330 939 2385 aliud
964 2337 1235 2399 optasset:
1258 2327 1398 2398 quod
1420 2327 1595 2396 utique
1615 2325 1764 2395 quasi

181 2423 519 2479 tolerabilius
547 2424 727 2491 elegit.
759 2421 857 2488 Qui
886 2436 1008 2476 cum
1038 2428 1183 2474 certe
1220 2434 1314 2488 spe
1336 2419 1563 2472 maxima
1605 2416 1765 2470 futuri

178 2514 389 2583 praemii
422 2523 748 2582 paseeretnr,
801 2528 906 2565 non
957 2509 1316 2581 perfunctorie
1365 2507 1495 2563 illud
1526 2507 1760 2576 optabat,

176 2604 273 2658 sed
301 2602 799 2658 clantabatdicens:
828 2600 1079 2668 Quoniam
1104 2600 1308 2653 tristitia
1327 2609 1397 2652 cst
1418 2598 1540 2651 mihi
1560 2613 1763 2666 magna,

174 2704 224 2747 et
255 2695 528 2748 continuus
561 2692 707 2746 dolor
736 2693 877 2746 cordi
907 2708 1014 2745 meo
1065 2690 1229 2757 (Ibid.
1257 2706 1305 2743 υ.
1336 2689 1435 2761 2).
1468 2689 1618 2743 Hunc
1637 2702 1765 2758 ergo

176 2786 247 2841 de
273 2786 523 2854 singulis,
573 2794 628 2838 ut
658 2785 728 2838 ita
766 2783 1013 2846 dixerim,
1046 2780 1426 2836 habitatoribus
1450 2778 1628 2834 mundi
1658 2788 1765 2834 tam

174 2877 532 2933 vehementer
550 2874 839 2940 dolentem,
864 2884 916 2928 et
938 2875 989 2927 in
1020 2888 1304 2928 commune
1342 2888 1437 2941 pro
1462 2873 1685 2935 cunctis,
1712 2880 1766 2927 et

173 2969 428 3036 gentibus
453 2975 508 3021 et
546 2966 785 3028 urbibus,
815 2981 910 3034 pro
955 2980 1271 3034 unoquoque
1316 2964 1653 3032 peculiariter
1699 2963 1767 3017 la-

174 3066 538 3122 mentantem,
567 3059 775 3112 cuinam
796 3072 971 3111 rerum
989 3057 1180 3126 aliquis
1206 3057 1401 3123 poterit
1428 3070 1760 3127 comparare,

171 3151 260 3204 cui
318 3150 484 3215 ferro,
512 3150 596 3204 cui
642 3149 951 3204 adamanti?
980 3148 1241 3215 Quidnam
1265 3150 1456 3218 aliquis
1485 3150 1626 3202 illam
1668 3164 1766 3218 ap-

174 3242 340 3312 pellet
390 3240 647 3308 animam,
678 3256 964 3295 aureamne
1007 3240 1195 3309 magis,
1229 3254 1298 3294 an
1329 3240 1765 3294 adamantinam?

174 3332 311 3387 Nam
343 3342 399 3388 et
426 3341 542 3387 erat
569 3332 712 3386 omni
743 3332 1022 3386 adamante
1048 3331 1255 3397 fortior,
1282 3340 1337 3385 et
1363 3346 1491 3385 auro
1515 3330 1767 3401 gemmis-

173 3441 283 3495 que
305 3424 624 3494 pretiosior:
649 3431 703 3479 et
722 3423 942 3478 alteram
961 3423 1175 3493 quidem
1197 3424 1472 3476 materiam
1498 3422 1764 3487 firmitate,

172 3517 407 3571 alteram
436 3529 564 3569 vero
592 3514 923 3584 pretiositate
942 3513 1245 3581 superabat.
1276 3512 1370 3567 Cui
1397 3528 1523 3582 ergo
1546 3514 1625 3567 rei
1654 3513 1768 3566 lucc

172 3608 242 3662 ab
287 3606 471 3674 aliquo
518 3604 695 3658 anima
744 3603 1123 3674 comparetur?
1152 3604 1350 3658 Earum
1398 3603 1611 3674 quidem
1650 3617 1768 3673 quas

172 3707 307 3753 sunt
331 3697 552 3751 omnino
578 3694 732 3749 nulli.

249 3831 454 3885 Paulus
482 3846 608 3885 auro
627 3843 675 3884 et
702 3830 970 3886 adamante
995 3832 1437 3903 Ionian—Quod
1459 3834 1501 3887 si
1527 3835 1611 3889 vel
1638 3848 1769 3890 auro

173 3923 483 3979 adamantis
506 3923 775 3991 fortitudo,
802 3924 886 3979 vel
911 3924 1175 3979 adamanti
1196 3924 1366 3981 honor
1388 3926 1604 3982 daretur
1630 3929 1763 3993 auri,

175 4028 295 4072 tum
338 4017 474 4070 forte
513 4016 692 4086 aliquo
720 4014 881 4069 modo
908 4017 1235 4085 comparatio
1262 4018 1377 4086 ejus
1405 4017 1550 4071 Pauli
1589 4030 1771 4088 posset

173 4110 375 4162 animae
396 4109 698 4161 convenire.
718 4105 822 4161 Sed
843 4107 966 4175 quid
988 4121 1086 4176 ego
1103 4107 1457 4175 adamantem,
1480 4110 1560 4167 vel
1583 4124 1767 4165 aurum

174 4198 249 4252 ad
286 4196 690 4252 similitudinem
713 4196 917 4252 adduco
942 4196 1125 4252 Pauli?
1149 4197 1399 4253 Mundum
1429 4200 1473 4254 si
1500 4214 1531 4254 e
1560 4200 1771 4256 diverso

173 4288 456 4360 appendas
483 4303 694 4343 omnem
714 4329 728 4354 ,
759 4297 885 4344 tunc
916 4289 1117 4344 videbis
1159 4299 1340 4359 aperte
1370 4291 1515 4346 Pauli
1553 4308 1771 4365 vergere

174 4380 393 4448 pondus
433 4379 709 4433 examinis.
755 4379 809 4435 Si
835 4379 974 4434 enim
1005 4380 1071 4435 de
1116 4381 1178 4434 iis
1202 4422 1215 4445 ,
1250 4382 1339 4450 qui
1386 4382 1438 4436 in
1483 4384 1692 4438 melotis
1718 4395 1772 4441 et

173 4473 469 4541 specubus,
492 4480 547 4525 et
573 4471 621 4524 in
648 4472 839 4541 exigua
863 4472 1007 4525 orbis
1036 4483 1182 4541 parte
1211 4474 1555 4532 versabantur
1583 4477 1768 4549 (Hebr.

178 4564 239 4615 ll
306 4561 412 4630 S8)
435 4601 451 4625 ,
480 4560 580 4614 hoc
605 4561 803 4614 dictant
834 4571 915 4615 est
947 4579 961 4615 :
989 4572 1186 4632 quanto
1214 4565 1382 4634 magis
1409 4581 1505 4620 nos
1534 4568 1772 4623 dicemus

175 4652 408 4707 Paulum
439 4651 636 4705 mundo
659 4692 674 4717 ,
703 4661 758 4706 et
791 4653 1039 4709 omnibus
1065 4670 1184 4725 qua:
1214 4657 1266 4710 in
1306 4657 1503 4712 mundo
1540 4668 1663 4712 sunt
1691 4659 1771 4714 di-

171 4742 471 4812 gniorem?
499 4742 555 4797 Si
599 4744 756 4813 igitur
795 4760 863 4799 eo
899 4745 1127 4800 mundus
1171 4746 1362 4816 dignus
1392 4764 1496 4803 non
1542 4758 1659 4815 est,
1703 4752 1773 4829 sit

173 4835 320 4890 forte
348 4836 429 4890 vel
453 4837 638 4890 czelum
664 4854 677 4900 ;
709 4838 801 4892 sed
830 4838 968 4893 istud
998 4854 1209 4910 quoque
1239 4841 1501 4896 invenitur
1529 4843 1767 4900 inferius.

170 4928 235 4982 Si
271 4928 413 4981 enim
442 4926 544 4982 i5te
581 4942 686 4982 non
712 4929 881 4983 solum
907 4930 1094 4984 caelum
1119 4972 1133 4996 ,
1158 4931 1250 4985 sed
1280 4947 1397 5001 quae
1428 4933 1688 4988 habentur
1718 4936 1770 4989 in

168 5020 327 5074 caelis
352 5019 453 5074 Dei
478 5020 771 5088 postposuit
794 5021 995 5076 caritati
1023 5040 1035 5076 :
1065 5024 1332 5092 quomodo
1358 5040 1462 5080 non
1486 5028 1651 5096 magis
1672 5028 1774 5082 Do-

165 5113 395 5177 minus,
428 5112 517 5180 qui
560 5119 709 5166 tanto
740 5120 822 5167 est
845 5113 1122 5184 benignior
1150 5116 1349 5185 Paulo,
1390 5128 1588 5189 quanto
1617 5123 1772 5175 mali-

167 5202 310 5254 tiam
339 5200 549 5255 bonitas
577 5202 880 5267 antecellit,
933 5204 1223 5260 innumeris
1261 5218 1382 5261 eum
1408 5209 1550 5262 caelis
1574 5209 1773 5278 judicat

162 5290 528 5357 digniorem?
551 5290 665 5344 Non
695 5293 836 5346 enim
866 5304 1120 5362 quantum
1152 5310 1247 5349 nos
1275 5296 1444 5367 diligit
1473 5299 1629 5365 Deus,
1664 5311 1774 5354 tan—

165 5391 298 5434 tum
314 5395 345 5434 a
366 5380 520 5434 nobis
535 5380 768 5451 diligitur
796 5384 908 5451 ipse
926 5399 940 5447 ;
972 5384 1064 5439 sed
1086 5392 1231 5440 tanto
1249 5387 1489 5454 eﬂ‘usius,
1521 5401 1772 5461 quantum

161 5487 284 5529 nec
310 5487 493 5527 sermo
520 5474 733 5544 quidem
759 5476 953 5532 sufficit
976 5478 1261 5548 explicare.

253 5603 451 5670 Quibus
489 5605 714 5675 pmml‘is
758 5610 809 5659 in
839 5608 934 5660 liae
980 5608 1079 5660 rita
1125 5608 1321 5663 Paulus
1359 5612 1574 5667 donatus
1601 5616 1774 5669 sit.—

156 5696 600 5753 Considerenms
619 5704 747 5767 ergo
766 5699 975 5769 quantis
1000 5696 1144 5754 illum
1165 5701 1451 5759 honoribus
1466 5708 1623 5761 etiam
1648 5720 1774 5765 ante

158 5800 391 5858 tempus
422 5787 841 5845 resurrectionis
861 5790 1126 5846 extulerit.
1172 5792 1227 5849 ln
1249 5795 1549 5863 paradisum
1580 5801 1779 5869 rapuit,‘

150 5891 217 5936 et
252 5881 314 5936 in
340 5878 529 5939 castam
548 5881 768 5939 tertium
794 5881 1106 5952 sublevavit,
1132 5882 1413 5944 ineﬂ'abilis
1442 5890 1616 5946 arcani
1648 5890 1772 5950 fecit

1024 562 1115 620 DE
1154 557 1491 621 LAUDIBUS
1526 555 1583 615 S.
1624 552 1827 615 PAULI
1867 555 2220 615 APOSTOLI.
2260 558 2488 617 HOMIL.
2528 560 2593 616 ll.

2027 438 2105 459 -σθ

3362 573 3469 628 6ςῖ

1887 685 2005 729 esse
2033 674 2339 745 participem
2364 717 2381 743 ,
2430 677 2718 749 taliumque
2746 681 3117 751 mysteriorum
3157 687 3426 742 conscium
3452 729 3467 753 ,

1886 777 2004 833 qua:
2032 764 2158 819 nulli
2187 764 2461 821 hominum
2491 767 2569 822 fas
2595 768 2753 825 fuerit
2779 772 3019 828 confiteri
3060 774 3150 847 (2.
3179 775 3297 831 Cor.
3334 779 3397 833 ιε
3421 788 3462 849 ).

1885 851 1994 908 Nec
2021 853 2287 913 immerito
2314 875 2328 911 :
2359 858 2618 929 siquidem
2643 861 2836 919 Paulus
2857 864 2909 918 in
2935 873 3073 920 terra
3099 867 3364 937 gradiens,
3393 871 3469 925 sic

1884 957 1943 998 se
1966 944 2154 1015 agebat
2180 947 2233 1001 in
2258 948 2461 1004 cunctis
2481 990 2498 1016 ,
2528 952 2677 1020 quasi
2704 954 3011 1024 angelorum
3043 959 3297 1015 societate
3322 961 3466 1016 frue-

1887 1042 2051 1089 retur.
2085 1034 2216 1091 Nam
2245 1037 2481 1107 passibili
2503 1040 2677 1097 adhuc
2700 1044 2978 1115 colligatus
2997 1050 3228 1117 corpori,
3257 1050 3467 1106 illorum

1883 1127 2206 1196 perfectione
2225 1132 2503 1201 gaudebat,
2530 1137 2792 1206 tantisque
2814 1137 3181 1209 fragilitatibus
3200 1144 3466 1210 subditus,

1884 1217 1935 1273 in
1955 1219 2099 1275 nullo
2120 1221 2339 1278 inferior
2361 1227 2608 1294 supernis
2628 1228 2911 1285 virtutibus
2931 1247 3186 1301 apparere
3206 1238 3463 1290 certabat.

1880 1309 2011 1365 Nam
2052 1320 2106 1367 et
2130 1320 2395 1384 tamquam
2423 1327 2682 1386 pennatus
2719 1329 2884 1375 totum
2906 1323 3145 1379 docendo
3175 1330 3464 1396 pervolavit

1879 1404 2086 1472 orbem,
2116 1416 2170 1462 et
2199 1409 2344 1463 velut
2369 1411 2709 1482 incorporeus
2735 1414 2946 1473 labores
2976 1420 3312 1492 periculaque
3332 1438 3462 1485 con-

1880 1496 2092 1564 tempsit
2115 1538 2129 1562 ,
2152 1506 2206 1551 et
2222 1500 2372 1569 quasi
2386 1501 2496 1570 jam
2518 1503 2703 1559 caelum
2726 1508 3021 1578 possidens,
3039 1522 3225 1568 cuncta
3252 1532 3466 1585 prorsus

1878 1591 2086 1639 terrena
2111 1586 2370 1658 despexit,
2403 1601 2455 1646 et
2480 1601 2743 1665 tamquam
2773 1612 2893 1653 cum
2921 1600 3047 1670 ipsis
3078 1602 3187 1672 jam
3214 1606 3465 1677 incorpo-

1875 1676 1984 1730 reis
2007 1677 2287 1735 virtutibus
2315 1681 2562 1753 degeret,
2596 1687 2665 1741 ita
2687 1688 2799 1759 jugi
2826 1693 3020 1748 mentis
3059 1694 3353 1754 intentione
3372 1676 3465 1754 rvi-

1874 1766 2141 1839 gilavit.Et
2157 1773 2356 1843 angelis
2369 1777 2579 1845 quidem
2594 1793 2733 1848 szepe
2748 1781 3072 1839 diversarum
3089 1789 3318 1857 gentium
3337 1805 3463 1848 cura

1873 1860 2155 1917 commissa
2171 1871 2270 1929 est,
2291 1866 2382 1920 sed
2402 1868 2575 1921 nullus
2589 1870 2796 1925 illorum
2812 1873 2881 1927 ita
2901 1876 3159 1931 creditum
3174 1878 3271 1932 sibi
3291 1895 3461 1951 popu-

1873 1948 1979 2005 lum
1994 1953 2321 2024 gubernavit,
2336 1967 2395 2012 ut
2411 1958 2602 2015 Paulus
2620 1963 2921 2021 universum
2932 1948 3459 2037 gubernavitorbem.

1870 2317 2113 2373 laudibus
2128 2324 2468 2391 separabatur
2487 2343 2501 2380 :
2521 2330 2641 2396 quia
2662 2331 2837 2400 utique
2858 2332 3071 2403 dignum
3091 2346 3247 2392 tanta:
3264 2356 3321 2394 se
3335 2355 3461 2410 gra-

1872 2409 1956 2464 tia:
1989 2415 2305 2481 pnnparavit
2337 2414 2472 2486 [per
2499 2434 2655 2488 quam
2704 2428 2808 2474 tam
2840 2426 3114 2495 magnifica
3138 2440 3192 2483 et
3218 2409 3448 2499 gloriosa

1869 2501 2213 2576 perﬁceret].
2247 2505 2485 2562 Michaeli
2514 2524 2644 2579 gens
2673 2516 2956 2570 commissa
2986 2527 3068 2572 est
3114 2519 3416 2577 Judaeorum
3443 2543 3457 2579 :

1870 2590 2034 2646 Paulo
2062 2610 2190 2648 vero
2216 2604 2375 2665 terra,
2407 2613 2468 2654 ac
2496 2606 2660 2655 maria
2695 2615 2851 2674 atque
2881 2607 3109 2663 universi
3140 2611 3286 2666 orbis
3313 2615 3460 2669 habi-

1870 2683 1997 2737 tatio
2024 2722 2039 2749 ,
2071 2685 2345 2757 ipsumque
2369 2688 2637 2745 desertum
2665 2735 2679 2759 ,
2726 2703 2780 2748 et
2807 2695 2909 2751 hoc
2936 2712 3041 2752 non
3072 2701 3138 2755 ad
3166 2701 3414 2773 injuriam
3442 2746 3458 2767 .

1869 2773 2007 2842 quod
2029 2775 2182 2842 absit,
2207 2778 2514 2849 angelorum
2544 2798 2558 2847 ;
2589 2783 2681 2839 sed
2710 2787 3040 2845 ostendimus
3064 2805 3183 2846 esse
3204 2795 3459 2862 possibile

1870 2862 1973 2916 illis
2002 2863 2269 2921 hominem
2301 2872 2561 2939 capulari,
2589 2874 2845 2947 juxtaque
2872 2879 3080 2935 illorum
3113 2885 3300 2939 merita
3328 2900 3458 2941 con-

1867 2953 2076 3010 sistere.
2109 2958 2268 3027 Cujus
2296 2970 2472 3016 antem
2500 2965 2574 3018 rei
2604 2967 2772 3034 gratia
2797 2984 2899 3023 non
2922 2972 3123 3041 angelis
3146 2975 3320 3043 potius
3346 2976 3459 3032 haec

1870 3046 2257 3115 przedicationis
2285 3066 2410 3107 cura
2450 3058 2728 3111 commissa
2759 3061 2883 3115 est?
2913 3062 2979 3118 Ut
3005 3064 3205 3120 nullum
3252 3070 3456 3126 scilicet

1868 3139 2227 3194 excusationis
2269 3143 2501 3198 colorem
2545 3148 2817 3219 negligens
2861 3152 3133 3221 invenias,
3182 3173 3245 3213 ac
3287 3175 3355 3214 ne
3402 3170 3458 3216 tu

1868 3227 1933 3280 ad
1957 3229 2315 3287 diversitatem
2338 3246 2537 3291 natura:
2563 3240 2876 3311 confugeres
2895 3245 3208 3303 dormienda
3229 3267 3242 3303 :
3266 3250 3458 3307 deinde

1870 3328 1927 3373 ut
1957 3331 2102 3377 tanto
2130 3325 2289 3379 etiam
2316 3328 2485 3396 major
2526 3324 2743 3400 cperam
2784 3336 3065 3393 admiratio
3104 3354 3413 3401 nasceretur
3437 3389 3453 3411 ,

1871 3423 2067 3483 quanto
2110 3417 2178 3472 de
2236 3428 2419 3474 natura
2468 3422 2717 3482 inferiore
2767 3430 3132 3497 procederent.
3183 3436 3460 3505 Quomodo

1871 3505 2011 3559 enim
2038 3521 2140 3561 non
2162 3508 2473 3567 admirabile
2495 3515 2595 3569 hoc
2619 3527 2776 3587 atque
2797 3520 3139 3591 improvisum
3164 3529 3450 3598 videretur,

1870 3610 1988 3650 cum
2011 3613 2073 3652 ex
2097 3608 2301 3655 terrena
2326 3602 2502 3673 lingua
2525 3621 2701 3661 sermo
2723 3613 3025 3683 prosiliens,
3046 3628 3269 3673 mortem
3291 3621 3456 3692 fugat,

1872 3700 2084 3759 peccata
2108 3692 2363 3762 dissolvit,
2397 3698 2641 3755 tenebras
2670 3705 2922 3761 caecitatis
2950 3708 3233 3777 illuminat,
3260 3722 3315 3768 et
3334 3731 3455 3770 mu-

1872 3782 2071 3837 tatione
2112 3784 2333 3841 miriﬁca
2368 3798 2563 3843 terram
2591 3796 2851 3850 convertit
2894 3797 2945 3852 in
2974 3800 3207 3855 crelum?
3237 3803 3460 3874 Pr0pter

1871 3869 1973 3925 hoc
2000 3873 2156 3941 igitur
2180 3884 2368 3945 stupeo
2406 3879 2652 3937 virtutem
2680 3884 2809 3951 Dei,
2845 3898 3060 3958 propter
3086 3890 3187 3946 hoc
3225 3869 3460 3950 admiror

1873 3972 2171 4033 promptum
2197 3965 2431 4022 animum
2459 3969 2642 4038 Pauli,
2670 3976 2936 4043 quomodo
2964 3992 3024 4032 se
3068 3980 3228 4035 talem
3257 3983 3458 4039 studuit

1875 4054 2154 4123 exhibere,
2186 4059 2452 4126 quomodo
2477 4076 2535 4117 se
2565 4072 2724 4118 tanta:
2753 4067 2935 4135 gratiae
2960 4084 3208 4140 capacem
3236 4076 3455 4143 paravit.

1876 4146 1981 4201 Vos
2007 4158 2182 4204 autem
2210 4165 2358 4221 rogo,
2382 4162 2565 4208 utnon
2587 4156 2852 4212 miremini
2873 4162 3066 4227 solum,
3086 4179 3271 4219 verum
3294 4169 3453 4222 etiam

1874 4240 2151 4297 imitemini
2198 4244 2300 4299 hoc
2343 4254 2446 4300 tam
2486 4248 2689 4304 clarum
2732 4252 2941 4308 virtutis
2990 4258 3340 4326 exemplum:
3381 4261 3460 4316 sic

1875 4346 2102 4400 namque
2132 4335 2422 4402 poterimus
2473 4352 2790 4395 coronarum
2836 4342 2953 4413 ejus
2989 4360 3109 4400 esse
3151 4349 3455 4419 participes.

1875 4424 2026 4492 Quod
2056 4426 2099 4480 si
2126 4426 2314 4497 aliquis
2356 4445 2453 4484 nos
2477 4430 2673 4486 dixisse
2699 4434 2923 4490 miratur
2941 4478 2956 4502 ,
2986 4439 3107 4508 quia
3134 4440 3456 4512 quicumque

1876 4515 2117 4570 habuerit
2139 4517 2280 4573 Pauli
2304 4521 2512 4601 merita,
2537 4523 2721 4577 eadem
2746 4525 2817 4579 sit
2835 4527 2996 4581 etiam
3025 4527 3303 4585 habiturus
3322 4548 3459 4602 pra:—

1874 4606 1979 4660 mia
2002 4649 2018 4673 ,
2048 4608 2217 4679 ipsum
2257 4611 2435 4666 audiat
2463 4614 2533 4667 ita
2563 4613 2826 4671 dicentem
2853 4634 2867 4669 :
2898 4615 3158 4674 Certamen
3182 4661 3198 4687 ,
3248 4622 3455 4693 inquit,

1874 4697 2056 4753 bonum
2075 4704 2257 4756 certavi
2275 4746 2290 4770 ,
2322 4720 2521 4758 cursum
2563 4710 2932 4776 consummavi,
2959 4711 3110 4778 ﬁdem
3134 4714 3324 4767 servavi
3349 4732 3368 4781 ;
3397 4716 3462 4769 de

1875 4801 2053 4846 cretero
2095 4795 2313 4863 reposita
2340 4806 2412 4849 est
2437 4797 2560 4849 mihi
2588 4813 2774 4853 corona
2805 4800 3021 4869 justitite
3045 4842 3060 4867 ,
3102 4819 3253 4871 quam
3290 4805 3461 4859 reddet

1874 4885 1997 4938 mihi
2025 4884 2268 4940 Dominus
2294 4887 2346 4939 in
2366 4887 2449 4941 die
2470 4887 2559 4941 illa
2571 4889 2741 4958 justus
2764 4890 2923 4958 judea:
2948 4908 2966 4945 :
2986 4908 3086 4947 non
3113 4894 3277 4948 solum
3294 4906 3462 4950 autem

1874 4976 2000 5029 mihi
2016 5016 2031 5039 ,
2053 4977 2142 5030 sed
2168 4987 2215 5030 et
2253 4977 2315 5031 iis
2339 4979 2425 5047 qui
2449 4979 2665 5049 diligunt
2700 4981 2968 5037 adventum
2993 4985 3102 5054 ejus
3132 4984 3209 5057 (2.
3240 4986 3370 5040 Tim.
3403 4989 3457 5042 4.

1876 5066 1928 5119 7.
1956 5065 2047 5137 8).
2079 5065 2237 5121 Vides
2267 5077 2411 5122 certe
2449 5069 2717 5139 quomodo
2746 5082 2966 5127 cunctos
2988 5074 3042 5128 in
3068 5074 3309 5129 eamdem
3334 5077 3450 5145 glo-

1875 5158 1967 5213 ria}
1995 5159 2417 5214 communionem
2447 5162 2639 5216 vocet?
2665 5162 2795 5231 Quia
2818 5164 2976 5233 igitur
3001 5164 3244 5219 omnibus
3269 5165 3454 5219 eadem

1877 5265 2068 5306 corona
2086 5251 2264 5320 gloriae
2282 5253 2545 5322 proposita
2560 5263 2656 5317 est,
2679 5254 2983 5309 studeamus
2993 5270 3178 5311 omnes
3190 5254 3302 5308 fieri
3315 5255 3458 5325 digni

1878 5344 1978 5398 illis
2002 5344 2154 5398 bonis
2177 5385 2193 5410 ,
2215 5360 2331 5414 qua:
2358 5346 2611 5414 promissa
2638 5356 2777 5400 sunt.
2804 5346 2984 5416 Neque
3003 5347 3173 5401 solum
3198 5347 3459 5416 magnitu-

1876 5436 2051 5491 dinem
2078 5446 2234 5506 atque
2261 5437 2599 5491 eminentiam
2632 5438 2681 5491 in
2714 5438 2803 5491 illo
2828 5437 3082 5492 debemus
3121 5430 3460 5492 considerare

1876 5528 2125 5582 virtutum
2143 5537 2195 5583 et
2210 5537 2508 5598 promptum
2528 5528 2654 5582 illud
2675 5528 2832 5582 animi
2854 5527 2988 5597 ejus,
3012 5536 3167 5597 atque
3183 5526 3460 5583 robustum

1878 5621 2225 5690 propositum,
2258 5637 2351 5691 per
2377 5621 2518 5691 quod
2542 5621 2607 5675 ad
2635 5629 2830 5675 tantam
2864 5620 3055 5673 meruit
3084 5619 3306 5689 gratiam
3342 5635 3462 5690 per-

1879 5712 2057 5766 venire
2088 5730 2101 5767 :
2133 5712 2225 5767 sed
2255 5722 2307 5766 et
2336 5722 2535 5766 natura:
2564 5710 2890 5773 societatem,
2922 5725 3019 5780 per
3044 5725 3200 5780 quam
3227 5720 3280 5766 et
3303 5712 3458 5766 nobis

1879 5807 1933 5865 in
1964 5804 2167 5858 cunctis
2190 5804 2277 5858 ille
2303 5804 2578 5873 participat
2606 5820 2618 5855 :
2651 5811 2703 5857 et
2728 5801 2806 5858 sic
2830 5802 2987 5857 etiam
3013 5818 3132 5873 qua:
3162 5801 3314 5858 valde
3336 5814 3459 5856 sunt

1880 5898 2073 5964 ardua,
2102 5895 2252 5952 nobis
2279 5893 2451 5952 facilia
2475 5895 2790 5951 videbuntur
2817 5905 2871 5953 et
2896 5896 3053 5966 levia,
3081 5897 3334 5969 brevique
3361 5896 3475 5956 hoc,
