3908 6300
409 515 516 576 483

412 640 651 698 tempore
683 624 982 679 laborantes
1011 611 1462 685 incorruptibilem
1505 608 1646 663 illam
1676 602 1996 675 gestabimus

414 692 575 789 atque
616 712 971 772 immortalem
1008 721 1257 764 coronam
1279 745 1293 771 ,
1323 700 1508 774 gratia'
1532 706 1586 754 et
1630 692 1989 752 misericordia

1122 501 1181 556 S.
1219 494 1497 557 JOANNIS
1533 484 2005 548 CHRYSOSTOMI
2043 482 2361 541 ARCIIIEP.
2401 465 2937 537 CONSTANTINOP.

3583 468 3684 525 485

2106 597 2315 654 Domini
2341 597 2507 650 nostri
2529 595 2652 649 Jesn
2674 591 2892 673 pliristi,
2921 591 3004 646 cui
3029 599 3110 644 est
3136 588 3301 660 gloria
3329 595 3382 642 et
3404 586 3689 655 imperium

2100 703 2241 744 nunc
2271 698 2324 744 et
2351 701 2565 758 semper
2584 696 2637 741 et
2665 684 2717 739 in
2742 682 2937 739 saecula
2963 680 3303 737 saeculorum.
3332 681 3523 734 Amen.

418 835 3684 893 _______________________________.__.____—————————

1278 974 1417 1043 DE
1471 960 1987 1041 LAUDIBUS
2040 962 2238 1036 SAN
2241 960 2414 1033 ΟΤΙ
2470 958 2786 1030 PAULI

1898 1155 2216 1200 APOSTOLI.

1768 1280 2001 1291 ~—

1055 1378 1270 1421 HOIILIA
1302 1377 1375 1415 ιιι.

495 1531 692 1587 Beatus
712 1526 911 1583 Paulus
931 1566 944 1588 ,
976 1522 1063 1592 qui
1093 1526 1291 1575 tantam
1312 1516 1420 1570 vim
1449 1513 1693 1569 humanae
1719 1509 2008 1565 alacritatis

425 1622 658 1678 ostendit
678 1662 694 1687 ,
733 1627 793 1674 ut
821 1617 886 1671 ad
912 1615 1100 1671 easlum
1128 1623 1339 1681 quoque
1377 1608 1549 1677 ipsum
1575 1604 1780 1659 valeret
1816 1602 2009 1657 subvo-

429 1716 562 1777 lare,
596 1708 1005 1781 pnetcrmittens
1029 1703 1247 1773 angelos
1273 1709 1326 1754 ct
1352 1695 1699 1767 archangelos
1726 1736 1739 1760 ,
1772 1694 2011 1763 aliasque

428 1807 651 1860 virtutes
676 1843 690 1869 ,
722 1797 1003 1870 aliquando
1032 1794 1242 1866 quidem
1272 1807 1369 1847 suo
1397 1787 1648 1858 exemplo
1687 1785 1886 1840 Christi
1913 1798 2011 1838 nos

432 1897 550 1952 ﬁeri
574 1894 869 1949 imitatores
893 1889 1062 1960 jubet,
1091 1883 1318 1942 dicendo
1351 1901 1362 1936 :
1394 1881 1681 1935 Imitatores
1708 1878 1808 1933 mei
1835 1886 2008 1944 estote,

428 1990 555 2044 sicut
573 1996 620 2041 et
641 2002 729 2057 ego
756 1983 940 2039 Christi
962 1981 1046 2052 (1.
1074 1977 1192 2035 Cor.
1222 1977 1306 2031 11.
1334 1976 1359 2029 1
1387 1976 1404 2044 )
1440 1992 1453 2028 :
1483 1970 1767 2042 aliquando
1793 1982 1921 2024 vero
1947 1968 2015 2022 de

432 2095 492 2135 se
519 2078 749 2132 reticens
773 2117 789 2141 ,
812 2074 876 2128 ad
905 2072 1069 2142 ipsius
1097 2084 1196 2124 nos
1223 2067 1579 2122 imitationem
1607 2063 1699 2118 Dei
1730 2060 1965 2117 extendit
1993 2101 2009 2126 ,

431 2171 614 2225 dicens
638 2186 653 2223 :
684 2166 858 2221 Estote
882 2180 1000 2235 ergo
1028 2162 1298 2217 imitatores
1328 2157 1420 2212 Dei
1443 2198 1459 2223 ,
1496 2157 1621 2210 sicut
1645 2153 1742 2224 ﬁlii
1769 2150 2017 2205 carissimi

437 2262 662 2334 (Epiros.
691 2260 743 2317 5.
778 2258 851 2326 1).
882 2257 1000 2312 Jam
1030 2267 1160 2308 vero
1187 2253 1580 2314 demonstrans,
1611 2244 1752 2317 quod
1780 2243 1915 2299 nihil
1947 2243 2017 2296 ita

436 2356 575 2408 hanc
599 2348 949 2407 imitationem
982 2346 1169 2416 pariat,
1199 2356 1355 2413 quam
1386 2341 1430 2394 si
1461 2341 1528 2393 ita
1553 2339 1697 2393 vivat
1722 2334 1932 2405 aliquis,
1962 2340 2020 2386 ut

439 2446 637 2499 bonum
668 2441 784 2510 ejus
812 2440 863 2493 in
903 2449 1189 2492 commune
1235 2431 1512 2502 proficiat,
1557 2437 1717 2498 atque
1758 2425 2021 2483 universis

439 2534 589 2589 utilia
616 2530 894 2603 provideat
919 2570 933 2593 ,
963 2525 1205 2595 adjnnxit
1238 2542 1251 2579 :
1284 2522 1550 2577 Ambulate
1574 2521 1628 2574 in
1654 2519 1862 2573 caritate
1890 2517 1909 2587 (
1932 2515 2013 2570 Ib.

439 2642 495 2679 υ.
514 2622 591 2692 2)
618 2640 632 2676 :
667 2621 786 2675 ideo
813 2633 934 2674 cum
962 2616 1203 2681 dixisset,
1232 2612 1520 2667 Imitatores
1548 2610 1646 2664 mei
1676 2618 1848 2674 estote,
1880 2623 2014 2662 con~

444 2716 592 2769 tinuo
618 2713 686 2767 de
713 2710 934 2766 caritate
954 2705 1204 2762 disseruit
1231 2746 1245 2771 ,
1268 2704 1390 2773 quia
1419 2700 1533 2756 haec
1561 2700 1827 2771 prmcipue
1858 2698 2023 2752 virtus

444 2805 687 2860 homines
734 2803 844 2856 Deo
888 2798 1160 2870 proximos
1204 2795 1345 2849 facit.
1392 2792 1839 2862 Quantazcumque
1882 2789 2024 2844 enim

446 2898 550 2952 sint
581 2895 697 2951 alite
723 2934 739 2961 ,
766 2892 1073 2948 inferiorem
1106 2894 1355 2942 tenentes
1387 2885 1561 2939 locum
1584 2925 1599 2951 ,
1651 2890 1856 2937 cunctae
1879 2880 2027 2937 circa

450 2986 724 3043 hominum
753 2981 924 3039 studia
952 2987 1254 3039 versantur,
1286 2984 1343 3029 ut
1371 2982 1455 3029 est
1480 2987 1655 3044 pugna
1684 2981 1867 3026 contra
1895 2984 2025 3024 con-

448 3075 850 3149 cupiscentiam,
869 3080 926 3127 ut
950 3069 1090 3141 quod
1111 3068 1368 3124 adversus
1383 3064 1560 3137 gulam
1585 3062 1785 3134 geritur
1809 3060 2027 3125 bellum,

451 3180 508 3226 ut
532 3167 851 3225 in‘avaritiae
886 3162 1157 3218 interitum
1197 3158 1339 3213 acies
1373 3155 1615 3211 ordinata
1641 3194 1656 3220 ,
1692 3161 1747 3207 ut
1774 3166 1893 3207 cum
1925 3152 2031 3205 ira-

451 3262 658 3319 cundia:
689 3259 868 3315 furore
895 3252 1204 3317 conﬂictus;
1236 3250 1457 3321 diligere
1475 3261 1608 3303 .vero
1636 3244 1790 3299 nobis
1818 3243 2034 3311 Deoque

450 3346 735 3416 commune
763 3361 864 3407 est.
895 3348 1183 3417 Propterea
1201 3341 1513 3399 ethristus
1541 3337 1865 3408 imperabat:
1886 3333 2039 3388 Orate

453 3469 544 3523 pro
583 3441 1001 3503 calumniantibus
1038 3448 1084 3493 et
1122 3433 1525 3509 persequentibus
1555 3447 1640 3485 vos
1670 3471 1684 3497 ,
1724 3437 1777 3482 ut
1803 3428 1916 3482 sitis
1945 3424 2040 3496 ﬁlii

456 3516 629 3597 Pan-is
654 3537 836 3601 vestri,
866 3533 949 3604 qui
972 3532 1025 3585 in
1050 3530 1186 3584 ειειεε
1216 3535 1286 3582 est
1310 3523 1537 3597 (Matth.
1562 3523 1615 3578 5.
1645 3521 1733 3575 tt.
1765 3518 1836 3574 45
1854 3516 1896 3588 ).
1926 3516 2041 3571 Hoc

457 3636 617 3704 igitur
638 3640 693 3686 et
719 3628 914 3685 Paulus
943 3623 1242 3693 intelligens
1267 3625 1580 3675 cunctorum
1608 3627 1729 3668 esse
1757 3617 1915 3680 caput
1941 3609 2040 3664 bo-

459 3698 651 3779 norum
679 3760 694 3787 ,
734 3720 876 3774 omni
914 3718 966 3771 in
1005 3729 1064 3771 se
1090 3711 1265 3768 studio
1289 3706 1590 3778 exprimere
1618 3701 1845 3757 curavit.
1875 3698 2043 3753 Nemo

457 3817 596 3872 enim
620 3816 688 3868 ita
716 3811 897 3867 dilexit
923 3805 1165 3863 inimicos
1184 3844 1199 3869 ,
1229 3814 1385 3856 nemo
1411 3812 1535 3868 erga
1560 3792 1899 3849 insidiatores
1937 3798 2045 3843 tam

463 3907 732 3964 beneﬁcus
760 3905 855 3958 fuit
876 3943 890 3968 ,
918 3900 1093 3955 nullus
1125 3912 1219 3967 pro
1245 3890 1593 3948 afﬂictorihus
1616 3886 1727 3941 suis
1754 3892 1897 3939 tanta
1920 3896 2046 3952 per-

462 4016 650 4073 pessus
667 4008 767 4055 est.
790 3996 904 4051 Non
926 3994 1067 4050 enim
1096 3991 1206 4053 ille,
1231 3985 1356 4058 quid
1379 3982 1697 4055 patiebatur,
1726 3977 1820 4033 sed
1843 3984 2045 4030 uaturre

461 4065 703 4163 cepulam
728 4086 1013 4159 cogitabat,
1040 4090 1345 4154 quantoque
1371 4074 1537 4146 magis
1559 4070 1918 4128 elferehantur
1946 4065 2046 4119 ini-

466 4154 586 4240 mici
613 4225 628 4250 ,
664 4154 819 4237 tanta
848 4191 1032 4233 eorum
1074 4172 1240 4242 magis
1280 4164 1641 4223 ‘miserahatur
1669 4158 1948 4215 insaniam.
1980 4154 2053 4211 Ut

465 4246 835 4342 enim'aliquis
880 4276 1027 4338 pater
1070 4264 1372 4317 afﬁceretur
1415 4271 1542 4327 erga
1593 4251 1759 4308 ﬁlium
1799 4246 2051 4320 phrenesi

466 4339 950 4438 comprehensum,
994 4356 1144 4426 cujus
1185 4362 1381 4423 quanto
1425 4347 1594 4418 magis
1640 4342 1895 4400 conviciis
1934 4339 2051 4395 icti-

468 4462 672 4529 busque
704 4455 975 4525 pulsatur,
1018 4456 1166 4502 tanto
1206 4444 1374 4515 magis
1413 4456 1531 4496 eum
1580 4438 1866 4494 miseratur
1894 4446 2054 4504 atque

470 4528 630 4607 deﬂet
657 4566 671 4601 :
704 4549 775 4601 ita
805 4552 857 4599 ct
886 4541 978 4595 ille
1006 4538 1093 4609 qui
1121 4552 1188 4591 ex
1218 4535 1328 4603 ipsa
1358 4530 1722 4603 magnitudine
1747 4528 2053 4599 passionum

472 4656 657 4699 eorum
684 4680 698 4701 ,
746 4652 777 4690 a
821 4631 1011 4704 quibus
1054 4625 1404 4697 afﬂigebatur,
1428 4623 1672 4677 morbum
1717 4619 2053 4689 conjiciebat,

474 4735 674 4799 majora
702 4726 808 4780 illis
838 4721 1121 4776 adhibebat
1151 4717 1379 4771 fomenta
1410 4713 1640 4784 pietatis.

547 4796 744 4875 Caritas
781 4824 826 4870 et
857 4808 1184 4867 mansuetudo
1215 4805 1390 4860 Pauli.
1420 4832 1491 4844 —-—
1520 4802 1657 4857 Audi
1687 4801 1867 4871 igitur,
1899 4796 2087 4877 quam:

475 4916 772 4987 patienter,
805 4920 962 4977 quam
1007 4908 1282 4981 mansuete
1314 4897 1465 4953 nobis
1507 4910 1605 4966 pro
1647 4894 1753 4948 illis
1783 4895 2059 4961 loquatur,

477 4986 565 5080 qui
596 5020 718 5060 cum
745 4997 1026 5071 quinquies
1054 4994 1465 5049 verberaverant
1484 5032 1498 5057 ,
1530 4989 1617 5059 qui
1648 5004 1768 5041 eum
1796 4986 2087 5057 lapidavea

479 5074 620 5164 rant,
645 5095 733 5166 qui
754 5094 1054 5149 vinxerant,
1078 5087 1167 5156 qui
1192 5085 1306 5155 ejus
1328 5085 1499 5155 ipsum
1523 5080 1775 5135 sitiebant
1795 5074 2081 5141 cruorem,

483 5193 679 5262 quique
707 5186 852 5239 illum
884 5179 1122 5252 quotidie
1147 5177 1450 5245 discerpere
1474 5172 1786 5245 gestiebant.
1821 5169 2064 5223 Testimo-

485 5257 644 5343 nium,
678 5276 868 5348 inquit,
900 5272 1004 5327 illis
1033 5268 1288 5341 perhibeo,
1316 5267 1553 5336 quoniam
1576 5262 1947 5317 wntrtlationem
1973 5257 2071 5313 Dei

488 5372 688 5437 habent,
717 5369 806 5423 sed
836 5383 937 5421 non
976 5361 1249 5419 secundum
1289 5359 1548 5414 scientiam
1589 5357 1606 5426 (
1639 5355 1789 5410 Rom.
1836 5353 1923 5408 10.
1966 5352 2002 5406 Ξ).
2029 5352 2065 5422 ).

490 5464 558 5518 Et
591 5475 776 5517 rursus
814 5473 908 5514 eos
933 5499 947 5522 ,
975 5454 1065 5526 qui
1094 5467 1153 5507 se
1183 5466 1340 5520 supra
1389 5449 1506 5503 illos
1560 5445 1841 5516 superbius
1886 5442 2074 5498 effere-

493 5557 616 5609 haut
641 5595 656 5618 ,
689 5551 979 5607 refraenans
1010 5566 1022 5600 :
1054 5543 1211 5611 Noli,
1247 5543 1340 5607 ait,
1368 5540 1529 5593 altum
1558 5552 1733 5608 sapere
1756 5577 1771 5603 ,
1813 5534 1901 5589 sed
1924 5534 2076 5587 time:

494 5648 537 5701 si
575 5645 705 5699 enim
734 5642 870 5696 Deus
906 5636 1223 5694 naturalibus
1256 5633 1411 5686 ramis
1452 5647 1550 5684 non
1581 5627 1830 5697 pepercit,
1860 5641 1922 5679 ne
1950 5628 2080 5697 forte

492 5752 585 5790 nec
606 5734 692 5788 tibi
722 5741 894 5805 parcat
919 5729 1096 5802 (Rom.
1120 5728 1204 5781 ll.
1234 5724 1325 5780 20.
1345 5723 1462 5791 21).
1490 5720 1622 5788 Quia
1644 5719 1786 5774 enim
1814 5728 2080 5787 cognove-

497 5837 601 5887 rat,
650 5823 970 5881 dominicam
1004 5822 1057 5875 in
1086 5818 1205 5873 illos
1230 5817 1340 5887 jam
1367 5812 1691 5885 pt‘OCcSSlSSC
1719 5814 2039 5866 sententiam
2066 5848 2080 5874 ,

502 5916 641 5988 quod
668 5930 828 5968 unum
861 5920 911 5967 ct
936 5911 1108 5967 solum
1130 5917 1243 5965 erat
1267 5909 1319 5964 in
1344 5921 1438 5964 sua
1465 5911 1744 5977 potestate,
1776 5899 2081 5973 praestabat.

2002 1259 2111 1314 EE

2111 1282 2340 1293 -ν--ι

2117 1374 2273 1445 Saepe
2320 1374 2707 1446 lacrymabatur
2745 1378 3085 1433 vehementer
3131 1389 3225 1444 pro
3271 1376 3373 1432 illis
3402 1418 3415 1443 ,
3448 1375 3697 1441 dolebat,

2113 1471 2351 1525 volentes
2380 1470 2480 1523 illis
2510 1470 2763 1524 insultare
2793 1469 3126 1538 prohibebat,
3152 1479 3330 1539 atque,
3362 1471 3414 1523 in
3440 1479 3696 1538 quantum

2113 1570 2321 1632 poterat
2346 1603 2361 1628 ,
2395 1561 2670 1616 laborabat
2698 1561 2938 1615 umbram
2969 1563 3048 1615 eis
3073 1561 3304 1631 aliquam
3334 1562 3701 1615 excusationis

2115 1653 2424 1710 obtendere.
2450 1654 2514 1708 Et
2530 1655 2650 1723 quia
2681 1665 2895 1723 propter
2916 1655 3302 1711 contumaciam
3324 1667 3508 1708 eorum
3540 1664 3703 1723 atque

2115 1747 2362 1803 duritiam
2387 1789 2402 1813 ,
2444 1728 2767 1815 persuadere
2805 1746 2910 1801 illis
2949 1744 3107 1800 tidem
3136 1760 3383 1800 sermone
3410 1761 3514 1800 non
3544 1756 3700 1815 pote-

2118 1848 2235 1907 rat,
2268 1839 2337 1894 ad
2381 1839 2651 1894 orationes
2700 1838 3108 1892 convertebatur
3157 1837 3419 1892 assiduas;
3469 1836 3701 1900 Fratres,

2117 1929 2325 2000 inquit,
2380 1929 2611 1984 voluntas
2652 1929 2851 1997 quidem
2898 1926 3066 1981 cordis
3103 1927 3199 1980 mei
3239 1935 3283 1980 et
3322 1926 3594 1980 obsecratio
3636 1926 3707 1978 ιιιι

2118 2019 2285 2077 Deum
2312 2023 2367 2091 ﬁt
2398 2037 2489 2090 pro
2508 2020 2610 2075 illis
2630 2021 2683 2073 in
2709 2018 3112 2088 salutem(Rom.
3148 2019 3232 2072 10.
3260 2020 3337 2088 1).
3364 2018 3469 2087 Spe
3489 2032 3707 2087 quoque

2121 2113 2341 2168 meliore
2375 2112 2495 2168 illos
2523 2113 2768 2167 sollicitat
2790 2152 2804 2171 ,
2833 2112 3055 2167 dicens:
3088 2112 3215 2166 Sine
3255 2112 3541 2182 paenitentia
3567 2111 3705 2163 enim

2121 2212 2235 2257 sunt
2262 2204 2396 2257 dona
2420 2213 2466 2257 et
2493 2204 2685 2257 vacatio
2708 2202 2803 2257 Dei
2831 2202 2850 2273 (
2876 2203 3025 2257 Rom.
3051 2204 3136 2256 11.
3170 2202 3241 2257 29
3261 2201 3306 2273 ),
3339 2215 3407 2255 ne
3436 2215 3533 2272 spe
3555 2201 3710 2255 exci-

2123 2294 2253 2350 dant
2274 2304 2329 2350 et
2356 2304 2596 2366 pereant.
2622 2295 2751 2362 Quae
2780 2295 2960 2365 utique
2987 2300 3164 2348 omnia
3192 2304 3316 2349 sunt
3336 2294 3497 2348 verba
3520 2308 3711 2347 aman-

2126 2388 2214 2454 tis,
2256 2396 2309 2441 et
2351 2386 2504 2441 valde
2541 2400 2722 2441 eorum
2749 2374 3065 2441 utilitatibus
3107 2384 3429 2455 providentis
3459 2402 3472 2436 :
3503 2394 3559 2437 ut
3583 2399 3711 2438 eum

2125 2479 2274 2546 dicit,
2310 2478 2482 2533 Veniet
2501 2495 2563 2533 ea:
2580 2479 2728 2546 Sion,
2750 2479 2837 2550 qui
2857 2481 3057 2551 eripiat,
3086 2489 3131 2532 et
3157 2487 3349 2533 avertat
3369 2478 3654 2546 impietates
3680 2493 3712 2528 η

2125 2570 2284 2626 Iacob
2311 2570 2464 2643 (Isai.
2487 2571 2574 2627 59.
2592 2570 2706 2641 20).
2734 2572 3069 2626 Mnrdebatnr
3093 2571 3233 2626 enim
3258 2570 3622 2634 vehementer,
3654 2584 3719 2623 ac

2128 2664 2341 2735 penitus
2383 2664 2784 2730 dissecabatur,
2833 2679 2952 2718 cum
2998 2678 3091 2719 eos
3141 2673 3422 2732 pereuntes
3465 2661 3675 2735 videret
3700 2701 3717 2727 ,

2129 2727 2348 2831 prepter
2368 2759 2506 2829 quod
2535 2767 2588 2813 et
2626 2727 2790 2812 multa
2831 2756 3014 2811 solatia
3038 2727 3161 2811 ante
3187 2755 3472 2810 adhibebat
3496 2727 3673 2808 dolori
3701 2794 3718 2821 ,

2131 2850 2416 2921 aliquando
2435 2849 2647 2920 quidem
2674 2849 2857 2903 dicens
2888 2867 2901 2902 :
2942 2847 3115 2902 Veniet
3143 2864 3203 2901 ex
3226 2848 3374 2910 Sion,
3402 2846 3489 2916 qui
3509 2844 3718 2915 eripiat,

2134 2953 2181 2999 et
2205 2951 2395 2997 avertat
2419 2943 2700 3011 impietates
2726 2958 2758 2994 a
2783 2940 2944 2994 Iacob
2972 2940 3145 3014 (Rom.
3173 2941 3256 2994 ll.
3288 2939 3403 3008 26);
3434 2937 3723 3008 aliquando

2136 3049 2283 3102 vero,
2311 3033 2379 3088 Et
2398 3035 2483 3088 isti
2508 3050 2606 3087 non
2631 3034 2949 3087 crediderunt
2973 3032 3025 3086 in
3051 3040 3264 3084 vestram
3296 3029 3722 3096 misericordiam,

2137 3136 2193 3181 ut
2218 3136 2264 3182 et
2288 3126 2384 3197 ipsi
2424 3126 2817 3181 misericordiam
2848 3116 3261 3194 consequanturl
3282 3121 3429 3175 Rom.
3462 3122 3548 3175 11.
3581 3121 3645 3175 51
3680 3119 3723 3189 ).

2137 3219 2288 3275 Facit
2315 3227 2490 3273 autem
2522 3219 2623 3272 hoc
2650 3218 2807 3272 etiam
2834 3214 3114 3281 .leremias,
3146 3213 3251 3268 vim
3276 3211 3557 3283 quamdam
3584 3210 3727 3263 infc-

2140 3324 2284 3376 rens,
2308 3321 2469 3379 atque
2496 3309 2822 3363 contendens
2843 3308 3238 3363 excusationem
3266 3304 3492 3373 aliquam
3517 3317 3612 3372 pro
3635 3301 3731 3357 de-

2142 3401 2504 3472 linquentibus
2523 3401 2784 3464 invenire,
2814 3409 2863 3452 ct
2889 3413 3028 3453 nunc
3048 3396 3257 3468 quidem
3280 3394 3495 3448 dicens:
3521 3389 3583 3446 Si
3615 3407 3732 3462 pec-

2146 3503 2260 3548 cata
2277 3503 2450 3547 nostra
2466 3494 2747 3546 restiterunt
2767 3492 2928 3555 nobis,
2955 3491 3037 3560 {ac
3058 3499 3262 3560 propter
3296 3494 3343 3539 te
3372 3483 3422 3557 (J
3431 3501 3501 3537 er.
3527 3485 3616 3539 M.
3635 3483 3731 3552 7):

2147 3595 2199 3642 et
2226 3599 2441 3641 rursus:
2467 3582 2584 3639 Non
2607 3585 2747 3638 estin
2770 3583 2972 3636 homine
2992 3582 3071 3635 via
3093 3581 3202 3640 eius
3224 3587 3290 3638 et,
3312 3592 3399 3628 nec
3426 3575 3575 3630 homo
3595 3576 3695 3629 ibit
3715 3618 3732 3643 ,

2147 3688 2193 3734 et
2220 3678 2398 3749 diriget
2423 3678 2517 3730 iter
2540 3691 2687 3730 suum
2719 3672 2738 3741 (
2755 3673 2943 3727 Jerem.
2976 3673 3065 3727 10.
3099 3669 3232 3739 2'5).
3265 3669 3330 3723 Et
3353 3680 3535 3722 rursus
3565 3683 3578 3719 :
3621 3666 3740 3722 Me-

2148 3783 2314 3828 mento
2328 3770 2567 3841 quoniam
2585 3768 2746 3838 pulvis
2763 3782 2936 3820 sumus
2954 3763 3123 3835 (Psal.
3142 3759 3379 3832 102.14).
3398 3759 3511 3814 Mos
3531 3761 3738 3814 etenim

2150 3875 2233 3945 est
2260 3864 2477 3919 omnino
2552 3862 2931 3917 celeberrimus
2996 3869 3053 3913 ut
3086 3859 3151 3924 ii,
3183 3857 3272 3928 qui
3302 3870 3396 3926 pro
3420 3853 3740 3924 delinquen-

2152 3960 2293 4015 tibus
2321 3958 2692 4028 deprecantur,
2716 3953 2815 4009 etsi
2842 3953 2973 4007 nihil
3010 3951 3259 4007 idoncum
3302 3947 3526 4003 aderant
3547 3945 3617 4001 ad
3643 3961 3737 4001 ro-

2153 4049 2382 4122 gandum
2407 4090 2424 4116 ,
2448 4049 2636 4105 saltem
2665 4047 2908 4101 umbram
2938 4043 3221 4115 quamdam
3251 4039 3610 4096 excusationis
3638 4052 3742 4106 pro

2154 4143 2233 4198 eis
2261 4148 2569 4212 opponant,
2599 4153 2705 4194 non
2732 4147 2876 4192 certa
2901 4136 3187 4207 verborum
3216 4130 3539 4203 proprietate
3563 4130 3743 4184 muni-

2158 4243 2284 4303 tam,
2307 4248 2405 4288 nec
2429 4248 2547 4303 qua:
2572 4230 2705 4286 trahi
2728 4229 2898 4300 possit
2923 4227 2974 4281 in
2996 4226 3265 4296 dogmata,
3293 4222 3389 4279 sed
3415 4237 3534 4293 qua:
3559 4230 3742 4277 tamen

2156 4328 2462 4385 consoletur
2476 4340 2573 4397 pro
2594 4321 2938 4395 pereuntibus
2963 4319 3224 4374 dolentes.
3254 4316 3374 4372 Non
3400 4329 3529 4385 ergo
3556 4312 3745 4384 hujus-

2159 4420 2302 4476 modi
2324 4416 2700 4474 excusationes
2726 4410 3087 4481 scrupulosius
3112 4407 3469 4478 ponderemus
3492 4447 3508 4474 ,
3534 4405 3630 4461 sed
3658 4405 3739 4459 in.

2159 4512 2479 4581 telligamus,
2503 4521 2623 4561 esse
2646 4506 2765 4559 illas
2782 4501 3011 4576 dolentis
3029 4500 3243 4568 animae,
3268 4506 3322 4554 et
3340 4497 3520 4553 dicere
3545 4494 3742 4566 aliquid

2161 4617 2260 4674 pro
2289 4598 2655 4672 peccatoribus
2685 4593 3007 4664 requirentis
3027 4633 3042 4660 ,
3072 4592 3330 4663 juxtaque
3358 4595 3498 4645 hunc
3526 4587 3745 4644 modum

2163 4695 2279 4749 haec
2304 4708 2421 4761 quae
2456 4689 2698 4759 superius
2740 4688 2878 4742 dicta
2924 4695 3048 4742 sunt
3085 4699 3400 4741 censeamus
3430 4701 3444 4738 :
3476 4684 3561 4737 An
3588 4681 3750 4752 igitur

2164 4802 2288 4858 erga
2319 4786 2462 4841 solos
2493 4784 2705 4839 Judaeos
2735 4782 2849 4837 talis
2871 4782 3154 4845 exstiterit,
3186 4796 3311 4851 erga
3335 4788 3621 4836 extraneos
3658 4791 3753 4830 au-

2167 4888 2308 4945 tem,
2352 4892 2459 4932 non
2500 4875 2615 4931 ita?
2643 4860 2880 4931 omnium
2919 4872 3231 4927 mitissimus
3256 4883 3373 4926 erat
3407 4877 3464 4925 et
3486 4882 3613 4939 erga
3651 4867 3749 4923 do-

2168 4969 2419 5024 mesticos
2444 4977 2499 5023 et
2533 4982 2658 5037 erga
2687 4975 2988 5022 extraneos.
3030 4963 3168 5019 Audi
3206 4963 3364 5035 igitur
3396 4961 3522 5032 quid
3565 4960 3634 5015 ad
3660 4960 3753 5015 Ti-

2172 5062 2443 5117 motheum
2492 5060 2562 5115 sit
2603 5060 2813 5114 locutus
2864 5075 2882 5113 :
2938 5058 3195 5123 Servum,
3244 5056 3455 5127 inquit,
3511 5054 3607 5109 Dei
3657 5071 3756 5108 non

2172 5164 2363 5226 Oportet
2407 5154 2606 5224 litigare
2628 5193 2642 5217 ,
2696 5150 2784 5205 sed
2838 5159 3155 5204 mansuetum
3206 5164 3312 5203 esse
3360 5162 3480 5218 erga
3547 5144 3753 5209 omnes,

2174 5248 2428 5301 doctorem
2479 5244 2547 5298 ad
2599 5242 2877 5297 docendum
2912 5282 2927 5306 ,
2976 5240 3244 5310 patientem
3275 5280 3289 5305 ,
3345 5253 3461 5292 cum
3518 5238 3760 5291 modestia

2177 5339 2528 5408 corripientem
2554 5352 2658 5397 eos,
2689 5335 2775 5404 qui
2800 5335 3034 5389 resistunt
3062 5373 3079 5399 ,
3108 5333 3152 5386 si
3181 5330 3384 5399 quando
3411 5330 3494 5383 det
3518 5329 3595 5383 illi
3627 5327 3764 5382 Deus

2180 5429 2521 5501 paenitentiam
2546 5429 2612 5481 ad
2641 5426 3037 5499 cognoscendam
3065 5425 3319 5479 veritatem
3341 5464 3355 5488 ,
3385 5430 3439 5477 ut
3468 5422 3762 5494 resipiscuut

2180 5540 2212 5576 a
2238 5522 2422 5577 diaboli
2448 5520 2657 5592 laqueis,
2686 5536 2716 5573 α
2740 5536 2837 5591 quo
2863 5518 2997 5587 capti
3012 5526 3236 5570 tenentur
3263 5513 3332 5569 ad
3355 5514 3515 5586 ipsius
3536 5514 3762 5569 volunta-

2185 5626 2284 5670 tem
2306 5614 2394 5687 (2.
2421 5612 2552 5669 Tim.
2584 5612 2639 5667 2.
2668 5609 3005 5682 24-26);Vis
3028 5618 3206 5663 autem
3232 5607 3434 5675 videre,
3466 5620 3627 5678 quam
3655 5618 3763 5659 mo-

2186 5708 2335 5764 deste
2354 5708 2514 5764 etiam
2541 5721 2664 5761 cum
2694 5704 2796 5759 illis
2826 5703 3091 5773 loquatur,
3120 5697 3210 5770 qui
3231 5699 3283 5755 in
3309 5698 3529 5769 peccata
3553 5711 3768 5753 corrueo

2190 5801 2348 5858 rant?
2377 5800 2511 5857 Audi
2542 5797 2668 5870 quid
2688 5794 2978 5854 Corinthiis
3005 5792 3198 5851 dixerit
3222 5809 3237 5848 :
3268 5792 3461 5860 Timeo,
3488 5790 3680 5860 inquit,
3710 5804 3769 5843 uc

2192 5903 2341 5969 forte,
2371 5912 2480 5950 cum
2499 5911 2692 5963 venero,
2720 5911 2819 5949 non
2841 5891 3012 5965 quales
3032 5889 3141 5946 volo
3163 5888 3411 5943 inveniam
3438 5901 3524 5941 vos
3550 5885 3609 5957 (‘2
3652 5881 3770 5940 Cor.
