3892 6294
372 280 475 338 ἱ33

372 398 537 463 οἴους
563 394 736 458 θέλω,
765 392 917 461 εὕρω
944 390 1099 461 ὑμᾶς
1118 391 1257 445 "ml
1285 391 1402 463 μετ’
1428 389 1605 459 ὀλίγα,
1633 388 1729 458 Μὴ
1758 387 1947 443 πάλιν

370 487 625 544 ἐλθόντα
646 501 724 556 με
748 482 1085 552 ταπεινώσῃ
1115 485 1148 536 ό
1171 482 1314 547 Θεός
1339 498 1459 551 μου
1479 479 1626 549 πρὸς
1652 477 1830 549 ὑμᾶς,
1851 478 1950 532 καί

373 576 657 645 πενθήσω
689 574 963 641 πολλοὺς
977 572 1095 629 τῶν
1124 571 1682 643 προημαρτηκότων,
1737 570 1835 624 καί
1860 569 1947 640 μὴ

370 667 873 738 μετανοησάντων
907 664 1006 718 ἐπί
1041 662 1114 732 τῇ
1139 663 1425 733 ἀσελγείᾳ
1469 661 1566 716 καί
1611 662 1950 731 ἀκαθαρσίᾳ

374 754 415 831 ᾖ
448 758 738 828 ἔπραξαν.
769 757 878 810 Kal
896 753 1169 818 Γαλάταις
1187 753 1245 807 δέ
1273 753 1499 823 γράφων
1522 752 1675 821 ἔλεγε
1694 770 1709 784 ·
1742 753 1949 808 Τεκνία

371 869 512 921 μου,
548 852 657 915 οὓς
701 845 887 902 πάλιν
924 845 1133 910 ὠδίνω,
1167 844 1339 913 ἄχρις
1380 839 1452 899 οὗ
1487 841 1775 913 μορφωθῇ
1819 845 1951 913 Χρι-

374 941 524 1008 στὸς
559 941 628 994 ἐν
651 938 812 1009 ὑμῖν.
843 938 957 992 Kal
991 938 1129 1010 ὑπὲρ
1172 935 1266 989 τοῦ
1300 935 1733 1007 πεπορνευκότος
1782 935 1949 989 ἄκου-

376 1051 468 1087 σον
503 1031 689 1094 αὐτοῦ,
720 1029 838 1094 πῶς
863 1030 962 1102 οὐχ
1004 1024 1167 1100 ἦττον
1193 1026 1400 1081 ἐκείνου
1437 1027 1533 1081 καί
1564 1026 1815 1081 ὀδυνᾶται
1857 1028 1952 1081 καὶ

375 1123 686 1196 παρακαλεῖ
727 1122 900 1191 λέγων
919 1139 933 1153 ·
972 1119 1294 1189 Κυρώσατε
1332 1121 1420 1186 είς
1463 1118 1651 1173 αὐτὸν
1686 1118 1949 1188 ἀγάπην.

377 1215 489 1270 Kal
518 1213 678 1286 ἡνίκα
703 1214 761 1267 δὲ
791 1212 955 1266 αὑτὸν
974 1209 1258 1276 ἐξέκοπτε,
1287 1209 1424 1282 μετά
1458 1208 1668 1263 πολλῶν
1699 1208 1950 1281 δακρύων

375 1304 533 1359 τοῦτο
560 1303 752 1358 ἐποίει.
798 1304 901 1358 Ἐκ
935 1302 1043 1374 γὰρ
1072 1301 1315 1370 πολλῆς
1346 1300 1627 1371 θλίψεως,
1659 1299 1810 1372 φησὶ,
1851 1298 1950 1353 καί

376 1396 651 1468 συνοχῆς
696 1395 948 1466 καρδίας
985 1395 1222 1466 ἔγραψα
1266 1392 1432 1463 ὑμῖν,
1476 1394 1589 1462 οὐχ
1624 1392 1725 1446 ἵνα
1758 1393 1953 1461 λυπη-

377 1488 541 1557 θῆτε,
576 1487 739 1545 ἀλλὰ
779 1486 883 1540 ἵνα
923 1483 1110 1555 γνῶτε
1141 1482 1256 1552 τὴν
1295 1481 1555 1551 ἀγάπην,
1586 1480 1667 1549 ἣν
1693 1482 1811 1550 ἔχω
1846 1497 1953 1534 πε-

375 1579 742 1650 ρισσοτέρως
768 1580 855 1646 είς
888 1575 1072 1647 ὑμᾶς’
1110 1576 1204 1630 καὶ
1244 1575 1433 1629 πάλιν·
1473 1574 1799 1646 Ἐγενόμην
1831 1573 1956 1641 τοῖς

391 1672 703 1737 Ἰουδαίοις
722 1670 804 1736 ὡς
850 1667 1159 1734 Ἰουδαῖος,
1204 1667 1331 1733 τοῖς
1365 1666 1483 1723 ὑπὸ
1513 1666 1702 1736 νόμον
1720 1666 1801 1731 ὠς
1833 1662 1954 1721 ὖπό

378 1763 590 1832 νόμον,
633 1760 759 1827 τοῖς
806 1759 1173 1815 ἀσθενοῦσιν
1198 1758 1279 1825 ὡς
1306 1756 1594 1825 ἀσθενὴς,
1635 1754 1760 1822 τοῖς
1803 1754 1951 1810 πᾶσι

379 1853 597 1925 γέγονα
622 1852 693 1912 τὰ
739 1851 956 1916 πάντα,
989 1851 1093 1905 ἵνα
1140 1849 1380 1916 πάντως
1411 1848 1578 1915 τινὰς
1608 1846 1787 1903 σώσω
1801 1863 1815 1878 ο
1860 1846 1954 1900 καὶ

379 1940 618 2014 ἀλλαχοῦ
648 1942 810 1997 πάλιν
826 1958 840 1972 ·
876 1943 1000 1997 Ἵνα
1031 1940 1404 2011 παραστήσω
1424 1939 1622 1995 πάντα
1642 1939 1957 2009 ἄνθρωπον

379 2034 617 2093 τέλειον
643 2035 715 2097 ἐν
754 2032 988 2103 Χριστῷ
1034 2033 1251 2101 Ἰησοῦ.
1275 2027 1430 2095 Εἶδες
1471 2030 1649 2104 ψυχὴν
1694 2030 1958 2104 ὑπερϐαί-

381 2144 576 2181 νουσαν
612 2129 794 2181 πᾶσαν
809 2125 961 2198 [489]
982 2126 1080 2197 τὴν
1105 2128 1209 2197 γῆν
1229 2143 1245 2192 ;
1268 2125 1452 2181 Πάντα
1480 2124 1767 2196 ἄνθρωπον
1795 2139 1959 2195 προσο

380 2219 606 2291 εδὸκησε
637 2216 1009 2291 παραστῆσαι,
1044 2218 1142 2272 καὶ
1165 2218 1225 2272 τό
1251 2234 1316 2287 γε
1350 2216 1514 2271 αὑτοῦ
1546 2216 1730 2289 μέρος,
1751 2213 1957 2278 πάντας

381 2310 717 2383 παρέστησε.
744 2310 855 2367 Kal
873 2309 980 2380 γὰρ
1019 2309 1206 2380 ὥσπερ
1250 2308 1349 2380 τὴν
1386 2309 1709 2379 οἰκουμένην
1738 2306 1957 2361 ἃπασαν

382 2403 651 2474 γεννήσας
687 2401 872 2466 αὐτὸς,
895 2398 1068 2463 οὕτως
1116 2398 1448 2470 ἐθορυϐεῖτο,
1490 2398 1662 2460 οὕτως
1702 2397 1955 2469 έτρεχεν,

382 2491 525 2546 οὕτω
555 2493 760 2557 πάντας
815 2490 1147 2555 ἐσπούδαζεν
1190 2491 1505 2558 εἰσαγαγεῖν
1544 2489 1626 2553 είς
1670 2489 1769 2558 τὴν
1801 2486 1958 2558 βασι-

384 2584 554 2649 λείαν,
587 2582 924 2656 θεραπεύων,
952 2581 1306 2654 παρακαλῶν,
1331 2579 1779 2652 ὑπισχνούμενος,
1808 2577 1962 2649 εὐχό-

390 2692 571 2746 μενος,
609 2674 887 2740 ἱκετεύων,
913 2673 1039 2738 τοὺς
1057 2673 1318 2744 δαίμονας
1339 2671 1542 2742 φοϐῶν,
1570 2672 1697 2734 τοὺς
1719 2669 1960 2740 διαφθεί-

390 2781 581 2834 ροντας
616 2763 877 2830 ἐλαύνων,
903 2763 992 2818 διὰ
1020 2762 1344 2836 παρουσίας,
1373 2761 1462 2815 διὰ
1488 2761 1852 2833 γραμμάτων,
1874 2760 1964 2813 διά

388 2859 673 2929 ῥημάτων,
708 2856 798 2912 διὰ
842 2857 1206 2928 πραγμάτων,
1238 2854 1328 2909 διὰ
1357 2853 1635 2927 μαθητῶν,
1663 2852 1730 2907 δι’
1766 2851 1960 2907 ἐαυτοῦ

387 2949 512 3012 τοὺς
561 2947 861 3011 πίπτοντας
897 2945 1163 3018 ἀνορθῶν,
1209 2946 1336 3010 τοὺς
1385 2943 1625 3006 ἑστῶτας
1671 2941 1962 3014 στηρίζων,

384 3040 667 3112 διεγείρων
721 3040 846 3105 τοὺς
900 3038 1076 3111 χαμαὶ
1127 3038 1448 3110 κειμένους,
1482 3034 1801 3108 θεραπεύων
1836 3035 1963 3097 τοὺς

389 3131 899 3207 συντετριμμένους,
936 3131 1173 3202 ἀλείφων
1202 3130 1329 3194 τοὺς
1370 3127 1766 3202 ρᾳθυμοῦντας,
1798 3125 1963 3196 φοϐε-

391 3224 484 3297 ρὸν
507 3224 723 3297 ἐμϐοῶν
759 3225 852 3278 ἐπὶ
885 3226 997 3288 τοῖς
1033 3222 1267 3295 ἐχθροῖς,
1301 3221 1466 3294 δριμὺ
1494 3220 1705 3291 βλέπων
1731 3218 1825 3272 ἐπὶ
1851 3221 1964 3283 τοῖς

387 3317 667 3389 πολεμίοις
687 3335 701 3349 ·
732 3316 981 3389 καθάπερ
1006 3333 1090 3380 τις
1112 3314 1414 3386 στρατηγὸς
1445 3313 1478 3385 ἢ
1506 3314 1726 3387 ἄριστος
1757 3309 1960 3383 ἰατρὸς.

387 3408 551 3472 αὐτὸς
595 3408 945 3479 σκευοφόρος,
990 3407 1153 3470 αὐτὸς
1186 3404 1554 3477 ὑπασπιστὴς,
1593 3403 1756 3465 αὐτὸς
1792 3403 1963 3473 ὑπερ-

387 3499 680 3568 ασπιστὴς,
701 3498 864 3562 αὐτὸς
888 3498 1264 3571 παραστάτης,
1294 3496 1455 3561 αὐτὸς
1480 3496 1656 3549 πάντα
1683 3493 1963 3564 γινόμενος

386 3588 468 3659 τῷ
510 3588 858 3659 στρατοπέδῳ
879 3604 892 3618 °
939 3588 1034 3642 καὶ
1061 3588 1163 3641 οὐκ
1190 3589 1248 3640 ἐν
1296 3589 1411 3650 τοῖς
1444 3586 1833 3656 πνευματικοῖς
1869 3582 1964 3654 μό-

386 3696 499 3746 νον,
527 3679 662 3733 ἀλλὰ
684 3680 778 3734 καὶ
805 3681 863 3732 ἐν
895 3682 1008 3744 τοῖς
1038 3681 1318 3750 σαρκικοῖς
1346 3676 1545 3750 πολλὴν
1574 3677 1675 3749 τὴν
1709 3676 1963 3747 πρόνοιαν

387 3768 770 3837 ἐπεδείκνυτο,
820 3769 1020 3841 πολλὴν
1074 3769 1177 3842 τὴν
1220 3768 1477 3837 σπουδήν.
1523 3768 1786 3821 ’Ἄκουσον
1832 3765 1962 3835 γοῦν

387 3860 576 3925 αὐτοῦ,
599 3859 718 3925 πῶς
747 3860 888 3931 ὑπὲρ
913 3861 1043 3931 μιᾶς
1075 3858 1334 3929 γυναικὸς
1354 3858 1490 3931 πρὸς
1523 3858 1716 3930 ὁλόκλη
1726 3876 1816 3930 ρον
1843 3861 1964 3912 ἐπι-

391 3950 600 4004 στέλλει
638 3951 809 4023 δῆμον
838 3950 1012 4020 λέγων
1033 3968 1047 3983 ·
1087 3951 1421 4021 Συνίστημι
1447 3950 1515 4004 δὲ
1542 3950 1685 4021 ὑμῖν
1720 3952 1960 4019 Φοίϐην,

387 4041 503 4112 τὴν
529 4042 804 4113 ἀδελφὴν
826 4042 1015 4114 ἡμῶν,
1039 4042 1324 4097 διάκονον
1357 4042 1554 4097 οὖσαν
1578 4041 1687 4111 τῆς
1714 4043 1964 4111 Ἐκκλη-

386 4135 529 4201 σίας
555 4133 667 4204 τῆς
704 4135 776 4190 ὲν
800 4134 1143 4206 Κεγχρεαῖς,
1178 4135 1280 4188 ἵνα
1318 4132 1736 4203 προσδέξησθε
1768 4134 1965 4203 αὐτὴν

385 4223 456 4277 ἐν
483 4224 679 4291 Κυρίῳ
704 4222 886 4289 ἀξίως
908 4223 1026 4277 τῶν
1047 4223 1250 4293 ἁγίων,
1284 4223 1382 4276 καὶ
1414 4222 1762 4293 παραστῆτε
1783 4222 1961 4292 αὐτῇ,

384 4317 457 4370 ἐν
480 4308 529 4382 ᾧ
556 4314 635 4370 ἂν
652 4314 818 4384 ὑμῶν
843 4314 1138 4385 πράγματι
1158 4315 1348 4385 χρήζῃ
1369 4328 1385 4342 ⁸
1420 4316 1514 4371 καὶ
1535 4316 1698 4370 πάλιν
1713 4333 1726 4347 ·
1754 4315 1964 4371 Οἴδατε

387 4406 502 4476 τὴν
528 4407 727 4462 οὶκίαν
745 4405 1019 4475 Στεφανᾶ
1036 4423 1051 4437 ο
1072 4406 1174 4460 ἵνα
1201 4405 1301 4459 καὶ
1329 4408 1500 4475 ὑμεῖς
1531 4408 1966 4478 ὑποτάσσησθε

386 4499 512 4567 τοῖς
560 4500 852 4565 τοιούτοις
870 4514 884 4529 °
933 4499 1030 4552 καὶ
1076 4497 1240 4552 πάλιν
1261 4515 1276 4530 ο
1327 4497 1782 4569 Ἐπιγινώσκετε
1822 4501 1966 4566 τοὺς

386 4591 717 4658 τοιούτους.
753 4588 860 4644 Kal
895 4588 1005 4661 γὰρ
1035 4590 1131 4644 καὶ
1178 4576 1338 4643 τοῦτο
1380 4590 1509 4644 ῐδιον
1541 4591 1639 4664 τῆς
1679 4591 1965 4663 φιλοστορ-

386 4682 513 4752 γίας
549 4683 658 4735 τῶν
706 4682 900 4751 ἁγίων,
933 4681 995 4736 τὸ
1040 4681 1136 4737 καὶ
1165 4682 1224 4737 ἐν
1272 4681 1482 4747 τούτοις
1527 4682 1762 4755 βοηθεῖν.
1808 4684 1965 4738 Οῦτω

389 4775 484 4829 καὶ
515 4774 545 4827 ὁ
588 4772 889 4839 Ἐλισσαῖος
926 4773 1028 4845 τὴν
1067 4774 1473 4846 ὑποδεξαμένην
1510 4774 1685 4829 αὐτὸν
1707 4779 1962 4845 γυναῖκα,

387 4867 489 4920 οὐκ
518 4866 577 4920 ἐν
605 4865 719 4929 τοῖς
745 4867 1135 4937 πνευματικοῖς
1168 4865 1330 4938 μόνον
1361 4865 1579 4936 ὠφέλει,
1606 4865 1743 4921 ἀλλά
1779 4867 1875 4922 καὶ
1905 4869 1965 4922 ἐν

390 4959 505 5020 τοῖς
548 4958 830 5028 σαρκικοῖς
858 4955 1188 5022 ἐσπούδαζεν
1212 4957 1570 5029 ἀμείϐεσθαι·
1601 4959 1681 5014 διὸ
1715 4959 1809 5014 καὶ
1850 4960 1965 5014 ἐλε-

386 5062 515 5117 γεν’
556 5047 630 5100 ΕΖ
655 5046 747 5113 τίς
770 5046 906 5102 έστί
931 5062 1029 5102 σοι
1061 5048 1245 5119 λόγος
1281 5048 1430 5120 πρὸς
1463 5050 1573 5106 τὸν
1602 5049 1888 5116 βασιλέα,
1924 5051 1962 5122 ἣ

388 5144 540 5214 πρὸς
570 5143 679 5199 τὸν
713 5142 1150 5215 ἇρχοντα;Καὶ
1186 5145 1239 5197 τί
1280 5143 1598 5217 θαυμάζεις,
1641 5148 1689 5200 εἰ
1728 5146 1827 5218 τὴν
1858 5145 1965 5200 ἀπὸ

387 5237 499 5291 τῶν
526 5219 872 5310 γραμμάτων
926 5238 1154 5308 παρεῖχε
1197 5236 1452 5292 σύστασιν
1483 5238 1512 5292 ό
1557 5238 1788 5306 Παῦλος,
1827 5240 1963 5293 ὅπου

390 5346 455 5398 γε
481 5329 578 5384 καὶ
605 5327 786 5384 καλῶν
816 5346 968 5393 τινας
991 5327 1129 5401 πρὸς
1157 5327 1375 5393 ἐαυτὸν,
1404 5326 1523 5381 οὐδὲ
1559 5326 1717 5381 τοῦτο
1749 5328 1965 5393 ἀνάξιον

390 5417 530 5476 εἶναι
563 5422 806 5495 ἐνόμισε,
833 5421 894 5476 τὸ
922 5421 1016 5476 καὶ
1046 5419 1176 5492 περὶ
1202 5419 1427 5490 ἐφοδίων
1455 5419 1639 5474 αὐτῶν
1660 5418 1962 5491 φροντίσαι,

391 5514 486 5568 καὶ
530 5513 863 5569 καταθέσθαι
904 5514 1038 5568 αὐτὸ
1075 5514 1135 5567 ἐν
1186 5511 1484 5584 ἐπιστολῇς
1533 5511 1643 5565 Kal
1688 5511 1798 5583 γὰρ
1849 5512 1967 5565 ἐπι-

394 5602 626 5657 στέλλων
647 5604 793 5676 Τίτῳ
812 5603 977 5677 φησί·
1001 5601 1205 5672 Ζηνᾶν
1231 5601 1339 5656 τὸν
1364 5599 1613 5673 νομικὸν
1639 5598 1739 5655 καὶ
1762 5601 1964 5655 Ἁ-πολ-

392 5692 481 5747 λὼ
533 5695 876 5760 σπουδαίως
931 5693 1290 5763 πρόπεμψον
1307 5735 1323 5760 ,
1375 5694 1477 5750 ἵνα
1522 5692 1714 5763 μηδὲν
1762 5691 1965 5760 αὐτοῖς

1057 281 1114 338 S.
1154 276 1441 338 JOANNIS
1480 273 1971 337 CHRYSOSTOMI
2010 270 2330 329 ARCHIEP.
2371 263 2917 327 CONSTANTINOP.

3508 271 3621 329 486

2051 393 2254 462 λείπῃ.
2307 393 2371 447 Et
2417 394 2473 448 δέ
2522 393 2953 466 παρατιθέμενος
2996 389 3136 444 οὕτω
3170 385 3473 455 σπουδαίως
3528 390 3620 456 ἐξα

2050 482 2288 554 έπεμπε,
2338 483 2517 557 πολλῷ
2563 483 2783 556 μᾶλλον,
2814 482 2868 537 εί
2892 499 2992 535 που
3039 478 3440 542 κινδυνεύοντας
3489 475 3619 542 εἶδε,

2051 571 2226 626 πάντα
2244 572 2311 628 ἀν
2338 572 2592 646 ἔπραξεν.
2615 574 2757 644 Ὅρα
2784 571 2913 641 γοῦν
2937 572 3031 624 καὶ¹
3061 570 3196 641 πρὸς
3228 570 3318 622 τὸν
3343 567 3620 639 Φιλήμονα

2051 664 2399 730 ἐπιστέλλων,
2431 665 2607 737 πόσην
2649 665 2879 718 ποιεῖται
2913 661 3144 732 σπουδὴν
3172 660 3261 716 διὰ
3309 660 3621 731 Ὀνήσιμον,

2050 757 2145 810 καὶ
2166 757 2282 820 πῶς
2312 757 2570 822 συνετῶς,
2596 755 2714 820 πῶς
2734 752 3105 824 κηδεμονικῶς
3132 751 3454 806 ἐπιστέλλει.
3485 750 3547 803 '0
3564 748 3621 803 δέ

2051 848 2192 921 ὑπὲρ
2221 847 2340 913 ἐνὸς
2369 849 2601 915 οἰκέτου,
2634 840 2730 901 καὶ
2755 845 2929 899 ταῦτα
2962 843 3199 914 φυγάδος
3229 841 3622 914 γεγενημένου,

2050 941 2146 993 καὶ
2170 940 2500 1010 ὑφελομένου
2553 939 2724 993 πολλά
2771 935 2882 991 τῶν
2926 934 3256 991 δεσποτικῶν
3278 974 3294 999 ,
3333 932 3623 1005 ὁλόκληρον

2054 1032 2127 1102 μὴ
2175 1030 2652 1103 παραιτησάμενος
2690 1029 2962 1085 συνθεῖναι
3008 1026 3314 1098 ἐπιστολὴν,
3374 1025 3627 1097 ἐννόησον

2055 1124 2391 1196 ἡλίκος-περὶ
2404 1124 2531 1188 τοὺς
2558 1122 2751 1187 ἄλλους
2776 1119 2866 1191 ἦν.
2890 1121 3002 1177 Kal
3023 1119 3130 1194 γὰρ
3156 1119 3214 1173 ἓν
3242 1119 3402 1190 μόνον
3431 1119 3624 1191 αἰσχύ-

2052 1234 2149 1288 νης
2188 1216 2336 1281 ἀξιον
2375 1213 2623 1286 ἐνόμιζεν
2656 1210 2816 1280 εἶναι,
2842 1214 2923 1279 τδ,
2947 1212 3065 1267 δέον
3106 1211 3356 1282 γενέσθαι
3386 1227 3441 1264 τι
3489 1209 3626 1281 πρὸς

2054 1308 2351 1380 σωτηρίαν,
2391 1307 2657 1379 παριδεῖν.
2681 1306 2780 1360 Διά
2802 1304 2962 1360 τοῦτο
2996 1303 3175 1359 πάντα
3200 1303 3392 1368 ἐκίνει,
3413 1302 3506 1357 καὶ
3536 1302 3627 1355 οὐ·

2052 1402 2142 1456 δέν
2160 1399 2325 1455 ῶκνει
2347 1399 2591 1470 δαπανᾷν
2610 1398 2751 1470 ὑπὲρ
2780 1397 2889 1451 τῶν
2923 1394 3264 1466 σωζομένων,
3289 1394 3348 1447 ού
3385 1394 3630 1466 ῥήματα,

2053 1492 2113 1545 ού
2146 1490 2421 1562 χρήματα,
2443 1488 2693 1560 ού-σῶμα
2713 1505 2728 1520 ·
2760 1489 2788 1541 ό
2820 1486 2929 1560 γὰρ
2955 1485 3214 1559 μυριάκις
3241 1485 3433 1540 ἐαυτὸν
3463 1484 3629 1538 θανά-

2053 1597 2166 1645 τοις
2193 1579 2404 1643 ὲκδοὺς,
2435 1577 2614 1649 πολλῷ
2657 1577 2857 1649 μᾶλλον
2875 1576 2996 1631 οὐδὲ
3029 1575 3326 1648 χρημάτων
3351 1573 3631 1644 ἐφείσατο,

2055 1669 2110 1723 εί
2131 1685 2195 1738 γε
2219 1667 2547 1739 παρῆν.Καὶ
2563 1666 2618 1720 τί
2639 1666 2804 1735 λέγω,
2825 1666 2880 1719 εί
2900 1682 2963 1737 γε
2990 1665 3202 1737 παρῆν;
3223 1665 3335 1720 Kal
3353 1663 3461 1736 γάρ
3478 1665 3632 1738 [490]

2060 1760 2134 1833 μὴ
2162 1758 2446 1831 παρόντων
2473 1757 2696 1814 δυνατὸν
2737 1758 2929 1824 δεῖξαι,
2956 1758 3038 1812 ὅτι
3071 1758 3172 1812 ούκ
3214 1746 3487 1826 ἐφείσατο.
3519 1758 3632 1812 Kal

2061 1852 2135 1924 μὴ
2165 1853 2393 1924 νομίσῃς
2423 1851 2655 1923 αῐνιγμα
2684 1847 2908 1907 εἶναιτὸ
2947 1854 3118 1925 ῥῆμα,
3141 1852 3257 1907 ἀλλ’
3284 1851 3448 1908 αὐτοῦ
3471 1852 3633 1907 πάλιν

2057 1946 2287 2000 ἄκουσον
2314 1944 2564 2014 λέγοντος
2581 1960 2594 1975 ·
2623 1944 2706 1999 ὅτι
2728 1945 2957 1999 Ἥδιστα
3000 1945 3316 2017 δαπανήσω,
3352 1946 3449 1999 καὶ
3476 1947 3626 1999 ἐκδα-

2058 2033 2447 2105 πανηθήσομαι
2472 2032 2613 2106 ὑπὲρ
2639 2033 2746 2088 τῶν
2783 2034 2970 2106 ψυχῶν
3016 2035 3189 2106 ὑμῶν.
3220 2037 3332 2091 Kal
3364 2036 3634 2106 Ἐφεσίοις

2059 2125 2385 2198 δημηγορῶν
2405 2124 2590 2194 ἔλεγεν
2612 2140 2626 2155 ·
2651 2125 2817 2179 Αὐτοὶ
2843 2125 3019 2180 οἴδατε
3043 2128 3125 2180 ὅτι
3150 2129 3270 2189 ταῖς
3292 2127 3504 2199 χρείαις
3532 2144 3636 2198 μου

2059 2218 2153 2271 καὶ
2178 2220 2289 2282 τοῖς
2308 2211 2427 2271 οὖσι
2454 2216 2573 2288 μετ’
2596 2216 2730 2289 ἐμοῦ
2756 2218 3104 2290 ὑπηρέτησαν
3140 2220 3197 2271 al
3241 2221 3423 2291 χεῖρες
3449 2212 3635 2273 αὗται.

2058 2308 2168 2361 Kal
2210 2307 2286 2362 ὣν
2336 2308 2538 2379 μέγας,
2582 2308 2641 2360 ἐν
2672 2307 2750 2379 τῷ
2797 2308 3074 2379 κεφαλαίῳ
3123 2308 3233 2362 τῶν
3276 2309 3531 2378 ἀγαθῶν,
3566 2314 3636 2382 τῇ

2060 2397 2273 2472 ἀγάπῃ,
2316 2397 2512 2467 φλογὸς
2547 2397 2729 2468 πάσης
2751 2397 3104 2470 σφοδρότερος
3126 2393 3226 2469 ἦν’
3263 2399 3358 2453 καὶ
3386 2398 3635 2470 καθάπερ

2064 2489 2281 2562 σίδηρος
2328 2490 2409 2552 είς
2450 2486 2562 2560 πῦρ
2596 2487 2889 2559 ἐμπεσὼν,
2929 2488 3050 2552 ὅλος
3074 2491 3282 2558 γίνεται
3321 2489 3455 2562 πῦρ,
3493 2489 3637 2544 οὕτω

2063 2582 2158 2635 καὶ
2189 2580 2350 2644 αὐτὸς
2386 2579 2463 2650 τῷ
2484 2579 2618 2650 πυρὶ
2643 2580 2743 2651 τῆς
2770 2580 2990 2651 ἀγάπης
3021 2580 3299 2651 άναφθεὶς,
3333 2582 3455 2646 ὅλος
3480 2583 3631 2652 γέγο-

2063 2692 2149 2730 νεν
2172 2675 2359 2747 ἀγάπη
2379 2693 2391 2706 ο
2422 2675 2516 2729 καὶ
2544 2674 2734 2747 ὥσπερ
2766 2674 2942 2738 κοινὸς
2981 2673 3164 2747 πατὴρ
3184 2675 3283 2746 τῆς
3312 2677 3632 2747 οἰκουμένης

2060 2763 2282 2834 ἀπάσης
2302 2763 2399 2828 ὢν,
2416 2762 2558 2818 οὕτω
2576 2765 2701 2828 τοὺς
2726 2764 3122 2836 γεγεννηκότας
3137 2766 3334 2829 αὐτοὺς
3355 2766 3632 2837 ἐμιμεῖτο’

2068 2856 2268 2927 μᾶλλον
2296 2855 2352 2910 δέ
2390 2857 2484 2910 καὶ
2533 2855 2743 2920 πάντας
2792 2855 3187 2928 ύπερηκόντισε
3228 2857 3504 2928 πατέρας,
3543 2863 3635 2915 καὶ

2067 2947 2394 3020 σωματικῶν
2422 2948 2515 3002 καὶ
2559 2947 2945 3018 πνευματικῶν
2982 2947 3167 3004 ἕνεκεν
3197 2948 3516 3020 φροντίδων,
3545 2947 3638 3001 καὶ

2065 3040 2342 3110 χρήματα,
2374 3038 2470 3091 καὶ
2519 3038 2740 3110 ῥήματα
2764 3076 2779 3100 ,
2810 3037 2902 3091 καὶ
2953 3036 3133 3109 σῶμα,
3172 3038 3266 3091 καὶ
3304 3038 3502 3111 ψυχὴν,
3545 3031 3641 3093 καὶ

2065 3129 2243 3183 πάντα
2269 3128 2537 3193 ἐπιδιδοὺς
2558 3128 2699 3199 ὑπὲρ
2722 3127 2830 3183 τῶν
2861 3127 3256 3201 ἡγαπημένων.

2135 3220 2237 3275 Διά
2269 3221 2427 3275 τοῦτο
2471 3221 2565 3275 καὶ
2596 3221 2872 3293 πλήρωμα
2904 3219 3073 3292 αὐτὴν
3115 3219 3301 3274 ἐκάλει
3327 3220 3516 3292 νόμου,
3547 3218 3638 3277 καὶ

2067 3312 2360 3384 σύνδεσμον
2381 3312 2735 3384 τελειότητος,
2759 3311 2855 3366 καὶ
2886 3313 3099 3385 μητέρα
3119 3312 3227 3367 τῶν
3255 3312 3475 3382 ἀγαθῶν
3505 3313 3641 3367 πάν-

2063 3420 2190 3466 των,
2224 3404 2320 3456 καὶ
2360 3404 2534 3475 ἀρχὴν
2560 3405 2652 3457 καὶ
2674 3403 2828 3468 τέλος
2861 3404 3090 3476 ἀρετῆςο
3128 3404 3208 3458 διὸ
3233 3406 3327 3458 καὶ
3350 3404 3536 3475 ἔλεγε·
3569 3405 3636 3460 Τὸ

2064 3495 2135 3549 δὲ
2159 3496 2338 3561 τέλος
2364 3494 2474 3563 τῆς
2499 3497 2858 3567 ἐπαγγελίας
2885 3495 3084 3566 ἀγάπη
3113 3496 3184 3551 ἐκ
3201 3498 3465 3567 καθαρᾶς
3502 3515 3636 3568 καρ·

2065 3584 2226 3652 δίας,
2252 3585 2348 3639 καί
2376 3584 2787 3652 συνειδήσεως
2801 3585 3029 3656 ἀγαθῆς
3052 3603 3067 3616 ⁸
3093 3587 3185 3640 καὶ
3209 3587 3390 3654 πάλιν,
3416 3580 3489 3635 Τὸ
3504 3581 3639 3653 γὰρ,

2067 3685 2151 3737 Οὐ
2184 3682 2557 3752 μοιχεύσεις,
2615 3686 2688 3736 οὐ
2725 3684 3062 3752 φονεύσεις,
3102 3683 3200 3739 καί
3242 3684 3301 3739 ει
3342 3701 3436 3751 τις
3470 3684 3641 3754 ἑτέρα

2063 3782 2304 3851 ἐντολὴ,
2328 3782 2398 3836 ἐν
2441 3781 2521 3847 τῷ
2546 3784 2706 3852 λόγῳ
2732 3783 2920 3850 τούτῳ
2957 3784 3501 3854 ἀνακεφαλαιοῦται
3521 3825 3538 3851 ,
3571 3787 3642 3841 ἐν

2062 3885 2167 3954 τῷ,
2198 3883 2547 3955 Ἀγαπήσεις
2564 3884 2670 3939 τὸν
2680 3886 2947 3955 πλησίον
2958 3901 3074 3941 σου
3095 3885 3175 3953 ὡς
3190 3889 3470 3943 σεαυτόν.
3488 3889 3644 3944 Ἐπεὶ

2063 3982 2156 4043 οὖν
2175 3987 2317 4060 ἀρχὴ
2354 3989 2448 4042 καὶ
2466 3988 2617 4053 τέλος
2645 3989 2739 4043 καὶ
2764 3989 2942 4042 πάντα
2964 3987 3034 4042 τὰ
3056 3988 3287 4062 ἀγαθάή
3308 3990 3521 4063 ἀγάπη,
3540 3994 3638 4046 καὶ

2062 4087 2236 4163 ταύτῃ
2285 4089 2377 4143 τὸν
2417 4088 2629 4144 Παῦλον
2667 4089 2998 4161 ζηλώσωμεν
3018 4106 3032 4120 ·
3069 4089 3162 4144 καὶ
3194 4088 3302 4164 γὰρ
3351 4085 3506 4156 οὗτος
3555 4094 3645 4146 ἐν·

2062 4187 2252 4242 τεῦθεν
2305 4182 2547 4253 τοιοῦτος
2590 4187 2826 4257 ἐγένετο.
2849 4188 2942 4259 Μὴ
2971 4187 3081 4261 γάρ
3118 4205 3208 4260 μοι
3255 4190 3383 4254 τοὺς
3411 4192 3645 4262 νεκροὺς

2064 4289 2244 4362 είπῃς,
2268 4287 2362 4355 οὓς
2394 4290 2680 4362 ἀνέστησε,
2709 4290 2845 4361 μηδὲ
2878 4293 3005 4363 τοὺς
3031 4289 3287 4362 λεπροὺς,
3312 4290 3409 4356 οὓς
3440 4292 3647 4364 ἐκάθηο

2067 4403 2161 4458 ρεν
2175 4403 2188 4417 ·
2216 4386 2369 4440 οὐδὲν
2391 4387 2594 4441 τούτων
2620 4388 2649 4439 ὁ
2670 4385 2804 4450 Θεὸς
2826 4385 3148 4458 ἐπιζητήσει
3174 4386 3327 4459 παρά
3348 4386 3465 4445 σοῦ.
3487 4390 3644 4463 K17;-

2067 4504 2157 4541 σαι
2184 4487 2282 4558 τὴν
2313 4487 2533 4559 ἀγάπην
2558 4487 2660 4559 τὴν
2694 4485 2931 4552 Παύλου,
2963 4487 3058 4542 καὶ
3097 4487 3190 4542 τὸν
3219 4488 3480 4558 στέφανον
3499 4488 3646 4555 ἔξεις

2065 4587 2490 4660 ἀπηρτισμένον.
2527 4587 2626 4652 Τίς
2648 4586 2825 4642 ταῦτά
2864 4605 3070 4661 φησιν;
3102 4588 3276 4654 Δύτδς
3306 4590 3336 4643 ό
3369 4590 3470 4661 τῆς
3504 4592 3647 4660 ἀγά-

2065 4704 2175 4757 πης
2214 4687 2469 4758 τροφεὺς,
2498 4680 2651 4752 οὗτος
2686 4688 2716 4742 ό
2762 4687 2856 4741 καὶ
2887 4688 3149 4759 σημείων,
3190 4689 3288 4744 καὶ
3320 4688 3643 4760 θαυμάτων,

2066 4786 2161 4841 καὶ
2182 4785 2391 4858 μυρίων
2422 4786 2591 4859 αὐτὴν
2613 4786 2817 4860 ἐτέρων
2838 4787 3082 4860 προθείς.
3113 4785 3333 4862 Ἐπειδὴ
3365 4788 3476 4861 γάρ
3506 4789 3645 4861 σφό-

2064 4889 2167 4961 δρα
2203 4886 2373 4960 αύτὴν
2411 4887 2800 4961 κατωρθώκει,
2830 4888 2921 4943 διὰ
2966 4886 3125 4943 τοῦτο
3167 4888 3263 4943 καὶ
3297 4889 3438 4961 μετά
3486 4890 3650 4963 ἀκρι-

2065 4991 2219 5056 ϐείας
2267 4991 2436 5063 αὐτῆς
2486 4986 2595 5045 οἶδε
2639 4991 2739 5064 τὴν
2777 4991 2948 5062 ίσχύν.
3008 4990 3290 5046 Ἐντεῦθεν
3343 4991 3437 5046 καὶ
3480 4992 3649 5057 αὐτὸς

2065 5090 2304 5156 τοιοῦτος
2341 5091 2558 5160 ἐγένετο
2582 5130 2596 5154 ,
2644 5092 2738 5145 καὶ
2769 5090 2920 5146 οὐδὲν
2957 5089 3130 5157 οὕτως
3179 5090 3343 5146 αὐτὸν
3387 5090 3650 5162 ἐποίησεν

2066 5191 2233 5258 ἀξιον,
2263 5191 2339 5257 ὠς
2381 5193 2414 5263 ἡ
2463 5191 2564 5263 τῆς
2610 5191 2836 5264 ἀγάπης
2886 5191 3148 5265 δύναμις·
3200 5192 3281 5246 διδ
3325 5192 3419 5246 καὶ
3451 5191 3646 5263 ἐλεγε’

2066 5292 2330 5360 Ζηλοῦτε
2380 5292 2452 5348 τὰ
2494 5292 2831 5364 χαρίσματα
2881 5293 2955 5348 τὰ
3000 5294 3311 5362 κρείττονα
3329 5307 3345 5323 ⁸
3389 5292 3491 5346 καὶ
3558 5292 3649 5347 ἔτι

2065 5387 2192 5440 καθ’
2214 5384 2560 5454 ὑπερϐολὴν
2589 5384 2735 5441 ὁδὸν
2761 5384 2908 5456 ὑμῖν
2942 5385 3238 5456 δείκνυμι,
3286 5383 3387 5455 τὴν
3420 5383 3649 5457 ἀγάπην

2066 5483 2259 5553 λέγων,
2290 5484 2389 5553 τὴν
2437 5483 2731 5555 καλλίστην
2758 5484 2876 5538 ὁδὸν
2914 5484 3009 5539 καὶ
3047 5483 3256 5557 ῥᾳδίαν.
3293 5481 3516 5555 Ταύτην
3545 5482 3648 5536 τοίο

2066 5602 2161 5640 νυν
2201 5584 2292 5639 καὶ
2321 5585 2482 5653 ἡμεῖς
2512 5582 2815 5656 βαδίζωμεν
2846 5583 3136 5654 διηνεκῶς,
3182 5583 3270 5637 ῖνα
3302 5582 3396 5636 καὶ⁵
3428 5580 3649 5636 Παῦλον

2071 5688 2288 5758 ἴδωμεν,
2330 5684 2528 5757 μᾶλλον
2560 5685 2619 5739 δέ
2666 5685 2757 5739 τὸν
2788 5684 3000 5739 Παύλου
3044 5686 3342 5751 Δεσπότην,
3389 5685 3483 5738 καὶ
3536 5685 3648 5740 τῶν
