3908 6300
168 395 263 454 485

169 513 244 568 12.
269 508 384 581 20),
412 515 466 566 et
479 505 637 582 paulo
659 516 800 579 post,
828 505 929 575 Ne,
952 523 1064 560 cum
1089 507 1267 561 iterum
1284 520 1481 574 venero,
1501 502 1729 558 humiliet

167 621 238 658 me
269 602 395 657 Deus
423 600 564 672 apud
590 616 675 655 vos
697 640 713 668 ,
742 609 788 654 et
826 601 1026 670 lugeam
1054 597 1241 652 multos
1267 612 1328 650 ea:
1355 596 1432 648 his
1455 636 1470 660 ,
1502 595 1588 664 qui
1612 601 1729 647 ante

166 702 503 768 peccaverunt,
535 701 581 746 et
609 707 707 744 non
732 699 936 760 egerunt
966 689 1304 758 paenitentiam
1327 702 1483 764 super
1512 685 1726 739 immun-

172 788 317 853 ditia,
346 795 389 840 et
421 784 784 854 fornicatione,
822 792 868 836 et
905 780 1220 851 impudicitia
1244 821 1259 846 ,
1296 795 1445 849 quam
1470 785 1727 848 gesserunt

168 877 235 948 (2.
261 873 369 932 Cor.
402 870 490 926 12.
512 868 626 938 21).
653 871 718 926 Et
743 871 808 927 ad
838 871 1051 926 Galatas
1072 912 1086 935 ,
1121 869 1297 924 Filioli
1319 911 1335 938 ,
1367 868 1538 938 inquit
1560 909 1574 932 ,
1604 867 1723 935 mei,

164 983 276 1036 quos
301 967 473 1020 iterum
505 964 732 1036 parturio
754 1004 770 1029 ,
801 963 958 1016 donec
983 961 1213 1017 Christus
1244 959 1486 1024 formetur
1511 959 1564 1012 in
1590 959 1726 1013 vobis

167 1055 298 1126 (Gal.
324 1058 376 1111 4.
403 1055 514 1126 19).
547 1055 617 1109 Et
645 1055 697 1108 in
719 1068 876 1108 causa
906 1053 1022 1121 ejus
1041 1093 1054 1115 ,
1085 1051 1176 1120 qui
1207 1049 1379 1104 fuerat
1408 1049 1720 1115 fornicatus,

164 1164 259 1202 non
285 1149 452 1202 minus
476 1162 540 1204 eo
563 1146 699 1216 ipso,
722 1145 810 1215 qui
833 1159 928 1214 pro
952 1155 1168 1214 peccato
1188 1158 1285 1197 suo
1316 1142 1720 1206 lamentabatur,

159 1238 312 1303 dolet,
336 1251 535 1308 proque
559 1237 650 1292 illo
673 1237 809 1290 alios
829 1235 1145 1304 deprecatur
1171 1233 1352 1288 dicens
1377 1251 1390 1286 :
1419 1231 1726 1302 Conﬁrmata

159 1333 207 1384 in
230 1331 367 1383 illum
384 1329 644 1381 caritatem
668 1327 686 1394 (
710 1325 763 1379 2.
792 1325 910 1381 Cor.
941 1325 995 1378 2.
1027 1325 1120 1395 8).
1152 1323 1257 1378 Sed
1289 1325 1446 1378 etiam
1468 1364 1482 1390 ,
1513 1325 1722 1393 quando

161 1422 297 1475 illum
320 1421 387 1475 ab
411 1418 670 1474 Ecclesiae
694 1432 918 1485 corpore
948 1415 1247 1485 separabat,
1279 1430 1400 1482 cum
1423 1415 1601 1469 multis
1624 1414 1724 1471 hoc

159 1513 394 1584 lacrymis
419 1511 726 1582 gemituque
755 1507 1000 1564 faciebat.
1035 1508 1116 1562 Ea:
1135 1507 1313 1575 multa,
1345 1508 1532 1577 inquit,
1560 1507 1722 1562 tribu-

157 1607 335 1660 latione
365 1613 412 1659 et
438 1602 672 1674 angustia
711 1599 878 1654 cordis
920 1600 1100 1669 scripsi
1136 1598 1271 1654 vobis
1301 1616 1390 1669 per
1418 1600 1602 1654 multas
1639 1600 1720 1654 la-

155 1712 342 1766 crymas
363 1735 380 1761 ,
420 1711 520 1748 non
561 1701 616 1747 ut
652 1691 1016 1746 contristemini
1039 1732 1056 1757 ,
1097 1691 1186 1744 sed
1213 1698 1266 1744 ut
1293 1691 1462 1745 sciatis
1485 1691 1722 1760 quoniam

155 1789 398 1841 caritatem
415 1786 620 1840 habeam
636 1783 972 1838 abundantius
988 1783 1039 1836 in
1054 1798 1136 1836 vos
1152 1779 1256 1852 (Ib.
1277 1797 1323 1835 υ.
1342 1782 1417 1852 ι).
1433 1781 1499 1836 Ει
1512 1797 1719 1836 rursus:

161 1881 340 1936 Factus
357 1896 466 1934 sum
485 1877 680 1933 Iudicis
708 1887 961 1949 tamquam
980 1875 1191 1929 Juda'us
1218 1917 1231 1940 ,
1273 1874 1370 1940 his,
1401 1875 1484 1945 qui
1503 1875 1593 1928 sub
1615 1875 1722 1946 lege

154 1983 305 2037 erant,
341 1972 482 2042 quasi
511 1969 602 2024 sub
640 1968 747 2040 lege
773 1983 972 2032 essem;
1011 1967 1174 2036 factus
1215 1983 1329 2021 sum
1367 1967 1602 2034 inﬁrmus
1636 1967 1716 2020 in-

155 2068 304 2135 ﬁrmis
325 2107 340 2131 ,
371 2063 604 2118 omnibus
631 2062 800 2115 omnia
827 2061 990 2129 factus
1014 2075 1148 2124 sum,
1179 2067 1232 2111 ut
1255 2075 1424 2112 omnes
1452 2059 1617 2113 salvos
1641 2063 1724 2129 fa-

151 2174 301 2212 cerem
328 2156 401 2227 (l.
430 2153 547 2209 Cor.
571 2153 625 2209 9.
647 2150 856 2220 20-29.).
899 2151 963 2204 Et
981 2149 1102 2203 alibi
1129 2164 1311 2204 rursus
1335 2167 1347 2200 :
1375 2147 1439 2203 Ut
1461 2150 1721 2204 exhibeam

152 2265 340 2304 omnem
365 2247 616 2301 hominem
643 2244 920 2316 perfectum
945 2242 998 2296 in
1023 2240 1218 2296 Christo
1244 2239 1276 2293 J
1283 2256 1368 2294 esu
1385 2239 1516 2310 (Col.
1538 2241 1584 2294 l.
1602 2239 1717 2309 28).

155 2341 388 2396 V’idistin'
410 2340 640 2393 animam
668 2335 843 2390 omnia
866 2342 1076 2388 terrena
1101 2331 1476 2400 superantem?
1495 2330 1719 2384 Omnem

146 2437 280 2490 enim
318 2445 536 2503 prorsus
583 2429 852 2484 hominem
891 2427 1004 2482 Deo
1037 2425 1290 2480 exhibere
1331 2423 1618 2492 cupiebat,
1665 2431 1719 2478 et

143 2541 344 2595 omnes,
378 2531 632 2594 quantum
665 2520 718 2575 in
749 2521 864 2588 ipso
892 2525 1054 2585 esset,
1085 2515 1340 2571 exhibuit.
1387 2514 1548 2581 Quasi
1577 2515 1718 2570 enim

142 2621 438 2674 universum
467 2613 722 2670 mundum
751 2612 1054 2684 genuisset,
1083 2610 1160 2664 sic
1186 2607 1610 2679 perturbabatur,
1641 2605 1719 2660 sic

139 2709 399 2771 currebat,
421 2707 501 2762 sic
516 2719 704 2761 omnes
725 2705 776 2758 in
805 2717 1026 2774 regnum
1050 2700 1142 2756 Dei
1163 2698 1446 2754 festinabat
1467 2697 1716 2752 inducere

138 2798 486 2855 ministerium
530 2804 790 2867 prrestans
812 2835 828 2860 ,
873 2805 1097 2847 monens
1123 2833 1139 2857 ,
1180 2789 1437 2859 pollicens
1460 2828 1475 2853 ,
1515 2802 1673 2842 orans
1696 2827 1713 2854 ,

136 2892 458 2964 supplicans,
491 2887 767 2943 daemones
795 2883 1112 2948 terriﬁcans,
1143 2889 1486 2949 corruptores
1509 2877 1715 2932 anima-

134 3000 247 3038 rum
280 2982 504 3052 fugans,
555 2993 651 3048 per
689 2974 1173 3039 commorationes,
1215 2985 1308 3041 per
1326 2970 1570 3035 litteras,
1615 2981 1711 3038 per

133 3087 442 3136 sermones;
476 3086 569 3140 per
591 3083 677 3124 res
706 3075 904 3138 gestas,
937 3081 1033 3135 per
1057 3062 1370 3133 discipulos,
1402 3075 1496 3130 per
1518 3068 1715 3115 semet-

132 3167 301 3235 ipsum
329 3161 625 3217 conabatur
645 3161 849 3229 erigere
872 3157 1133 3222 labantes,
1153 3161 1355 3209 stantes
1379 3167 1507 3207 vero
1533 3151 1712 3205 ﬁrma-

131 3276 208 3324 re,
242 3257 389 3311 humi
414 3255 658 3326 jacentcs
681 3252 944 3315 attollere,
969 3264 1159 3305 sanare
1187 3246 1467 3310 contritus,
1489 3254 1708 3314 torpen-

131 3361 208 3406 tes
256 3350 382 3405 oleo
432 3345 824 3402 exhortationis
871 3343 1130 3408 animare,
1186 3339 1415 3394 inimicis
1458 3339 1710 3394 insonare

134 3441 459 3503 terribiliter,
481 3438 661 3492 hostes
680 3436 957 3491 minaciter
977 3433 1188 3499 intueri,
1218 3433 1385 3487 instar
1404 3430 1590 3502 optimi
1615 3446 1709 3486 cu—

130 3536 334 3606 jusdam
361 3534 516 3590 ducis
540 3547 604 3587 ac
629 3529 819 3586 medici
850 3528 977 3584 artis
994 3543 1104 3583 suae
1128 3529 1472 3581 instrumenta
1495 3534 1710 3595 gestan-

133 3631 215 3694 tis,
256 3635 529 3697 protector
558 3623 670 3692 ipse
698 3620 1004 3676 bellantium
1031 3660 1046 3685 ,
1080 3618 1192 3687 ipse
1235 3615 1449 3672 sedulus
1477 3622 1709 3684 a'groto-

128 3737 236 3776 rum
263 3719 534 3781 minister,
577 3726 631 3770 et
667 3728 802 3768 unus
844 3710 1078 3766 omnium
1121 3707 1416 3762 officiorum
1449 3717 1707 3775 personas

126 3813 362 3881 gerebat,
394 3806 692 3863 exercitum
724 3803 919 3873 ubique
963 3799 1294 3855 custodiens.
1325 3797 1433 3852 Nec
1457 3797 1508 3850 in
1544 3795 1706 3865 spiri-

127 3903 354 3958 tualihus
381 3900 578 3962 solum,
632 3896 727 3952 sed
774 3896 826 3949 in
874 3889 1174 3948 carnalibus
1225 3904 1437 3959 quoque
1479 3888 1704 3958 plurima

135 3995 374 4065 providae
385 4007 515 4063 erga
526 4002 718 4044 onmes
729 4000 876 4041 curm
891 3991 947 4040 et
965 3983 1127 4039 studii
1147 3981 1462 4036 documenta
1492 3988 1703 4050 praesta-

123 4083 229 4135 hat.
261 4080 402 4134 Audi
437 4079 613 4148 itaque
653 4071 1100 4147 quemadmodum
1142 4086 1238 4140 pro
1265 4085 1365 4125 una
1395 4071 1552 4125 etiam
1584 4086 1704 4124 mu-

121 4175 250 4229 liere
279 4173 348 4227 ad
381 4171 688 4225 universum
733 4168 928 4223 scribat
972 4163 1221 4236 populum
1243 4205 1258 4229 ,
1300 4163 1483 4218 dicens
1514 4162 1702 4216 :Com-

119 4265 304 4318 mendo
327 4272 498 4316 autem
519 4259 656 4315 vobis
688 4258 910 4313 Phoeben
939 4271 1162 4310 sororem
1203 4262 1454 4316 nostram.
1493 4268 1604 4323 qua:
1631 4262 1705 4306 est

120 4359 168 4411 in
196 4355 480 4411 ministerio
504 4353 763 4418 Ecclesiae,
786 4366 898 4421 qua:
917 4358 988 4403 est
1007 4347 1292 4411 Cenchreis,
1318 4355 1373 4399 ut
1399 4361 1507 4399 eam
1545 4347 1716 4400 susci-

121 4450 271 4518 piatis
293 4451 348 4501 in
365 4445 600 4500 Domino
625 4444 776 4513 digne
802 4441 1010 4506 sanctis,
1056 4448 1102 4492 et
1126 4437 1372 4491 assistatis
1395 4436 1462 4502 ei,
1491 4437 1543 4489 in
1573 4451 1701 4506 quo-

120 4558 334 4613 cumque
372 4538 573 4607 negotio
625 4535 775 4591 uestri
817 4534 1089 4604 indiguerit
1136 4530 1313 4600 (Rom.
1370 4529 1457 4585 16.
1511 4529 1586 4599 1).
1641 4527 1710 4583 Et

119 4635 315 4687 iterum
343 4651 356 4685 :
391 4630 589 4693 Nostis,
621 4628 714 4693 ait,
759 4627 966 4680 domum
995 4623 1288 4692 Stephants,
1313 4631 1368 4675 ut
1395 4630 1442 4675 et
1470 4636 1558 4674 vos
1585 4617 1706 4674 sub—

117 4724 207 4776 diti
238 4723 356 4776 sitis
379 4719 628 4788 eiusmodi
652 4719 728 4790 (1.
758 4716 876 4772 Cor.
905 4715 993 4770 16.
1027 4717 1091 4770 15
1136 4724 1183 4769 et
1210 4714 1323 4784 16).
1372 4714 1436 4768 Et
1471 4728 1655 4768 rursus
1689 4729 1702 4764 :

115 4815 425 4886 Cognoscite
451 4813 538 4882 qui
563 4809 853 4882 huiusmodi
871 4817 989 4863 sunt
1035 4809 1053 4877 (
1083 4806 1166 4860 Ib.
1188 4821 1235 4859 υ.
1266 4805 1334 4860 18
1365 4804 1404 4876 ).
1447 4804 1540 4859 Est
1564 4803 1706 4859 enim

115 4905 217 4961 hoc
243 4918 467 4976 quoque
486 4905 758 4974 prOprium
788 4911 842 4954 et
867 4898 1128 4954 familiare
1169 4897 1220 4951 in
1257 4895 1539 4950 dilectione
1581 4910 1708 4949 san-

113 5007 364 5063 ctorum,
414 5003 475 5050 ut
503 4995 556 5049 in
587 4993 673 5048 his
719 5006 930 5062 quoque
978 4996 1310 5044 succurrant.
1344 4987 1434 5041 Sic
1474 4985 1615 5040 enim
1656 4995 1711 5038 et

114 5087 352 5143 Elisaeus
373 5085 656 5141 mulierem
688 5083 852 5147 illam,
881 5081 1259 5150 susceptricem
1291 5093 1440 5133 suam
1470 5091 1574 5130 non
1601 5075 1710 5143 Spi-

111 5178 407 5234 ritualibus
453 5176 661 5241 solum,
713 5175 810 5229 sed
867 5173 1024 5228 etiam
1070 5171 1371 5227 carnalibus
1429 5166 1703 5223 beneficiis

112 5275 435 5324 remunerat
470 5266 546 5338 (4.
570 5264 699 5337 Reg.
734 5265 790 5319 4.
822 5263 910 5318 12.
954 5261 1062 5333 sqq)
1089 5278 1105 5326 ;
1135 5269 1352 5331 propter
1392 5257 1554 5330 quod,
1586 5271 1706 5312 cum

110 5360 280 5415 multa
306 5357 673 5416 sollicitudine
695 5369 926 5425 curaque
954 5353 1163 5409 dicebat
1191 5371 1204 5407 :
1237 5349 1394 5406 Estne
1438 5350 1524 5404 tibi
1549 5365 1713 5403 sermo

106 5451 175 5502 ad
205 5466 389 5523 regem
429 5449 509 5504 uel
554 5448 623 5502 ad
652 5447 931 5518 principem
960 5442 1142 5517 (Ibid.
1186 5458 1236 5496 υ.
1281 5442 1430 5512 l5)?
1474 5442 1541 5496 Et
1583 5439 1709 5510 quid

107 5543 336 5608 mirum,
370 5543 416 5598 si
444 5538 940 5598 commendationes
967 5550 1064 5606 per
1091 5534 1272 5589 literas
1299 5533 1544 5602 praestitit
1569 5532 1710 5587 Pau-

108 5633 212 5700 lus,
243 5634 340 5704 qui
362 5633 432 5691 ad
459 5647 519 5688 se
544 5631 750 5700 aliquos
780 5642 1056 5694 revocans,
1082 5640 1181 5681 nec
1200 5624 1268 5680 de
1291 5625 1480 5679 viatico
1501 5624 1710 5680 illorum
1777 5697 1780 5701 ἴ

106 5741 297 5780 curam
324 5740 523 5797 gerere
545 5721 863 5792 dedignatus
887 5729 986 5785 est,
1020 5719 1176 5789 idque
1195 5717 1368 5784 ipsum
1396 5716 1449 5770 in
1481 5716 1704 5786 epistola

99 5830 197 5871 sua
232 5819 522 5878 scribere?
578 5815 856 5892 Siquidem
908 5813 1143 5871 scribens
1191 5810 1312 5868 Tito
1340 5809 1412 5865 ait
1444 5827 1458 5865 ;
1491 5807 1704 5879 Zenam,

997 391 1086 447 DE
1124 387 1462 448 LAUDIBUS
1499 388 1558 448 S.
1600 389 1803 447 PAULI
1842 390 2196 448 APOSTOLI.
2238 393 2464 452 HOMIL.
2509 396 2598 452 Ill.

3307 403 3422 462 4εῆ

1837 503 1960 574 legis
1982 507 2216 574 peritum,
2244 517 2290 562 et
2316 508 2640 579 Apollonium
2670 511 2880 565 sollicite
2908 514 3170 581 prmutille,
3206 525 3259 567 ut
3287 518 3414 572 nihil
3425 540 3430 547 ·

1833 595 1934 648 illis
1955 597 2080 650 desit
2109 598 2126 668 (
2152 596 2250 651 Tit.
2278 601 2329 654 5.
2358 601 2422 654 15
2447 601 2484 670 ).
2515 601 2612 668 Qui
2641 603 3022 657 commendans
3070 605 3274 674 aliquos
3303 617 3407 660 tam

1831 685 2069 741 studiose
2092 688 2302 757 scripsit
2327 698 2486 759 atque
2515 691 2764 757 sollicite,
2812 693 2980 747 multo
3028 695 3196 764 magis
3240 696 3408 750 sicubi

1830 775 2051 830 vidisset
2076 779 2452 847 perit-litantes,
2475 793 2661 836 cuncta
2686 781 2917 839 fecisset.
2947 785 3027 839 Ad
3047 785 3408 840 Philemonem
3465 846 3467 848 ,

1830 880 2042 936 quoque
2069 879 2284 937 promer
2317 868 2626 925 Onesimum
2673 873 2934 941 scribens,
2986 875 3106 929 vide
3149 888 3404 946 quantum

1830 956 2087 1026 impendit
2113 959 2363 1028 studium,
2392 959 2550 1033 quam
2577 963 2781 1020 intente
2802 981 2865 1022 ac
2893 967 3122 1022 sollicite
3147 967 3405 1037 deprece-

1830 1057 1932 1102 tur.
1963 1049 2063 1116 Qui
2089 1061 2262 1107 autem
2294 1069 2391 1122 pro
2432 1071 2538 1110 uno
2616 1059 2835 1112 servulo
2861 1096 2876 1122 ,
2969 1074 3143 1130 eoque
3217 1061 3405 1133 fugiti-

1830 1159 1896 1198 vo
1917 1187 1931 1211 ,
1985 1151 2038 1196 et
2073 1142 2160 1211 qui
2189 1158 2252 1197 ex
2284 1144 2443 1198 rebus
2469 1145 2668 1201 domini
2699 1148 2860 1201 multa
2883 1150 3238 1216 subtraxerat,
3271 1152 3380 1205 inte

1826 1243 1996 1298 gram,
2025 1231 2273 1302 omnique
2299 1233 2487 1289 all'ectu
2519 1236 2726 1305 plenam
2749 1239 3025 1308 epistolam
3048 1241 3163 1296 sine
3187 1252 3373 1296 cuncta
3393 1274 3407 1283 -

1831 1321 1972 1376 tione
1995 1325 2314 1392 composuit,
2341 1326 2512 1394 qualis
2539 1328 2679 1382 circa
2720 1330 2856 1384 alios
2899 1330 3073 1397 fuerit,
3111 1335 3400 1402 perpende.

1827 1411 2001 1468 Unum
2025 1417 2166 1470 enim
2210 1416 2310 1471 hoc
2353 1418 2440 1472 ille
2471 1419 2670 1488 pudore
2710 1420 2929 1491 dignum
2952 1424 3171 1492 putavit,
3210 1425 3404 1494 aliquid

1824 1508 2028 1563 scilicet
2055 1525 2152 1580 pro
2197 1511 2484 1580 cujuslibet
2518 1512 2688 1566 salute
2730 1513 3017 1584 negligere.
3049 1515 3274 1584 Propter
3305 1517 3404 1570 hoc

1824 1599 2015 1669 agebat
2041 1602 2243 1669 omnia,
2275 1611 2330 1658 et
2376 1603 2792 1682 commovebat;
2841 1619 2939 1659 nec
2987 1605 3206 1660 omnino
3251 1607 3404 1677 quid-

1824 1705 1982 1761 quam
2011 1707 2107 1761 pro
2136 1692 2240 1760 his,
2271 1695 2361 1764 qui
2389 1693 2638 1749 servandi
2685 1703 2856 1761 erant,
2903 1695 3254 1750 cunctabatur
3301 1697 3404 1750 im-

1826 1783 2078 1853 pendere,
2108 1799 2212 1840 non
2239 1786 2419 1853 verba,
2450 1802 2556 1841 non
2581 1789 2853 1857 pecunias,
2879 1804 2986 1844 non
3016 1789 3247 1858 denique
3286 1803 3400 1843 cor-

1825 1890 1926 1946 pus
1971 1877 2161 1947 ipsum.
2208 1878 2310 1945 Qui
2339 1879 2484 1933 enim
2513 1880 2705 1935 millies
2748 1880 2984 1951 seipsum
3034 1881 3318 1936 tradiderat
3348 1883 3400 1935 in

1827 1979 2078 2040 mortem,
2101 1973 2268 2027 multo
2289 1972 2456 2042 magis
2481 1972 2526 2027 si
2571 1972 2862 2037 habuisset,
2908 1989 3006 2028 nec
3045 1975 3284 2043 pecuniis
3315 1989 3404 2042 pe-

1826 2062 2102 2130 percisset.
2133 2061 2203 2116 Et
2245 2063 2369 2132 quid
2398 2063 2553 2129 dico,
2599 2063 2644 2116 si
2673 2062 2980 2128 habuisset,
3029 2079 3147 2118 cum
3180 2065 3405 2132 probare

1828 2153 2047 2223 possim,
2094 2169 2200 2208 non
2250 2154 2553 2223 pepercisse
2600 2168 2724 2209 eum
2769 2153 3031 2222 pecuniis,
3062 2153 3222 2208 etiam
3273 2153 3404 2208 nihil

1827 2243 2155 2299 habentem?
2185 2245 2250 2300 Et
2297 2259 2365 2299 ne
2411 2245 2717 2314 ambiguum
2746 2253 2899 2314 putes
2925 2259 3066 2311 esse,
3091 2244 3230 2313 quod
3273 2245 3405 2299 dici-

1826 2349 1965 2401 mus,
1994 2335 2115 2389 audi
2135 2339 2304 2405 ipsum
2328 2349 2513 2390 rursus
2533 2334 2837 2405 loquentem
2864 2353 2877 2388 :
2906 2335 3179 2403 Quoniam,
3210 2335 3398 2406 inquit,

1824 2428 2052 2491 libenter,
2079 2429 2388 2499 impendam,
2419 2437 2464 2482 et
2495 2427 2912 2496 superimpendar
2952 2428 3058 2498 ipse
3078 2444 3169 2499 pro
3199 2429 3399 2481 anima-

1823 2521 1914 2574 bus
1941 2520 2115 2573 uestris
2145 2519 2164 2592 (
2193 2519 2247 2573 2.
2275 2518 2395 2574 Cor.
2424 2519 2513 2574 l2.
2541 2519 2609 2574 15
2635 2518 2654 2589 )
2689 2535 2702 2571 :
2729 2528 2783 2573 et
2807 2518 3070 2588 Ephesios
3098 2519 3398 2590 alloquens.

1823 2613 1898 2666 ait
1926 2631 1938 2666 :
1970 2611 2082 2682 Ipsi
2098 2613 2256 2678 scitis,
2279 2611 2519 2682 quoniam
2547 2610 2922 2666 necessitatibus
2947 2611 3090 2677 meis,
3115 2619 3160 2665 et
3202 2612 3279 2666 his
3317 2613 3402 2682 qui

1820 2721 2016 2759 mecum
2042 2715 2202 2769 erant,
2228 2705 2636 2758 ministraverunt
2656 2719 2836 2758 manus
2854 2704 2968 2758 istae
2991 2703 3129 2774 (Act.
3159 2703 3249 2758 20.
3287 2705 3398 2769 51).

1823 2797 2027 2854 Etcum
2049 2798 2224 2854 celsus
2253 2797 2304 2852 in
2336 2797 2572 2854 omnium
2607 2796 2858 2851 virtutum
2900 2811 3024 2851 arce
3049 2838 3064 2863 ,
3097 2812 3289 2866 nempe
3313 2811 3401 2851 ca-

1820 2889 1976 2945 ritate
2023 2891 2356 2954 consisteret,
2413 2889 2558 2944 omni
2608 2888 2819 2943 flamma
2848 2897 2963 2944 erat
2999 2888 3291 2944 ardentior.
3333 2888 3403 2944 Ut

1818 2981 1961 3036 enim
1986 2981 2203 3036 missum
2246 2983 2297 3035 in
2325 2982 2502 3051 ignem
2532 2979 2752 3046 ferrum,
2801 2988 2970 3036 totum
2997 2978 3238 3050 profecto
3264 2980 3402 3050 ignis

1818 3072 2046 3127 efficitur
2087 3091 2099 3126 :
2132 3073 2211 3127 sic
2234 3073 2428 3127 Paulus
2453 3073 2674 3128 caritate
2703 3086 3013 3137 succensus,
3060 3080 3201 3126 totus
3228 3072 3399 3128 factus

1817 3173 1898 3220 est
1923 3166 2134 3230 caritas,
2163 3167 2252 3235 qui
2281 3165 2430 3235 quasi
2473 3165 2772 3220 communis
2819 3164 2982 3218 totius
3023 3163 3206 3217 mundi
3246 3173 3388 3218 esset

1817 3267 1986 3326 pater,
2036 3257 2108 3311 ita
2135 3258 2186 3310 in
2211 3271 2394 3311 amore
2422 3257 2658 3311 omnium
2690 3256 2835 3325 ipsos
2877 3269 3061 3310 eorum
3093 3254 3397 3310 imitabatur

1815 3356 2066 3415 parentes
2098 3361 2113 3399 :
2144 3346 2252 3400 imo
2280 3355 2520 3412 cunctos,
2553 3359 2657 3400 non
2707 3343 2909 3398 carnali
2989 3343 3385 3409 tantummodo,

1814 3450 2000 3490 verum
2028 3435 2190 3490 etiam
2219 3434 2483 3506 spirituali
2565 3443 2742 3505 patres
2781 3432 3140 3488 sollicitudine
3185 3449 3249 3489 ac
3275 3435 3394 3505 pie-

1814 3534 1920 3581 tate
1944 3513 2244 3596 superahat,
2285 3535 2342 3581 et
2386 3525 2674 3595 pecunias,
2715 3531 2768 3578 et
2797 3522 2980 3588 verba,
3012 3531 3068 3578 et
3093 3538 3308 3594 corpus,
3341 3533 3399 3581 et

1812 3616 2042 3668 animam
2080 3631 2178 3684 pro
2203 3617 2290 3683 iis,
2315 3630 2448 3685 quos
2475 3613 2745 3684 diligebat,
2773 3611 3113 3682 impendens.
3149 3639 3157 3645 -

1889 3698 2118 3766 Propter
2151 3697 2255 3750 hoc
2290 3697 2476 3763 itaque
2502 3696 2786 3748 caritatem
2822 3697 2984 3748 etiam
3012 3695 3404 3764 plenitudinem

1816 3789 1952 3861 legis
1978 3789 2228 3854 vocabat,
2261 3797 2316 3844 et
2353 3787 2628 3842 vinculum
2659 3784 3034 3854 perfectionis,
3073 3795 3126 3840 et
3157 3788 3402 3841 omnium

1816 3889 2046 3936 matrem
2090 3880 2378 3942 bonorum,
2408 3887 2462 3932 et
2513 3876 2728 3930 iuitittm
2775 3875 3049 3944 ﬁnemque
3090 3875 3351 3929 virtutum
3388 3894 3401 3930 :

1816 3985 2208 4045 proptereaque
2259 3971 2473 4028 dicebat
2520 3988 2534 4024 :
2589 3970 2743 4024 Finis
2789 3978 2964 4022 autem
3023 3967 3269 4037 prazcepti
3327 3976 3405 4021 est

1814 4067 2013 4119 caritas
2057 4065 2121 4119 de
2162 4061 2317 4116 corde
2349 4075 2502 4130 puro,
2525 4066 2574 4112 et
2612 4057 2931 4111 conscientia
2981 4055 3115 4108 bona
3160 4054 3232 4122 (1.
3265 4053 3402 4108 Tim.

1815 4162 1866 4216 1.
1896 4159 1971 4226 5).
2012 4157 2078 4212 Et
2114 4143 2309 4211 rursus
2340 4172 2355 4209 :
2391 4151 2511 4206 Non
2550 4149 2900 4214 adulterabis,
2935 4165 3037 4202 non
3077 4149 3297 4213 occides,
3329 4160 3399 4217 et,

1813 4253 1860 4306 si
1887 4250 2025 4322 quod
2056 4247 2204 4304 aliud
2244 4256 2320 4300 est
2363 4243 2710 4306 mandatum,
2749 4240 2805 4293 in
2844 4241 2940 4296 hoc
2973 4239 3124 4295 verbo
3169 4255 3404 4309 compre-

1813 4341 2055 4396 henditur
2097 4355 2116 4393 :
2180 4336 2385 4406 Diliges
2435 4334 2735 4405 proximum
2792 4341 2942 4386 tuum
2990 4332 3126 4386 sicut
3180 4334 3400 4402 teipsum

1815 4433 1992 4505 (Rom.
2021 4432 2109 4488 15.
2142 4429 2219 4500 9.)
2249 4427 2390 4495 Quia
2417 4426 2583 4499 igitur
2607 4435 2664 4481 et
2681 4425 2897 4481 initium
2942 4433 2994 4479 et
3033 4424 3186 4488 ﬁnis,
3222 4433 3276 4479 et
3305 4425 3401 4479 bo-

1813 4539 2008 4580 norum
2055 4520 2299 4578 omnium
2354 4518 2672 4588 complexus
2713 4517 2932 4573 dilectio
2971 4527 3086 4582 est,
3135 4525 3190 4572 et
3235 4516 3290 4570 in
3337 4532 3402 4571 ea

1814 4617 2134 4674 studeamus
2166 4613 2394 4669 Paulum
2445 4610 2684 4676 imitari,
2726 4609 2930 4666 etenim
2969 4609 3059 4664 hic
3101 4608 3248 4664 illius
3298 4623 3403 4679 ope

1815 4711 1936 4767 talis
1962 4708 2186 4765 effectus
2214 4715 2316 4763 est.
2343 4703 2461 4761 Non
2492 4704 2637 4761 enim
2666 4718 2942 4775 proponas
2967 4703 3101 4759 mihi
3130 4714 3398 4769 mortuos,

1813 4818 1952 4875 quos
1995 4801 2316 4864 suscitavit,
2367 4812 2544 4868 neque
2584 4796 2852 4867 leprosos,
2898 4809 3036 4864 quos
3079 4794 3399 4862 mundavit;

1814 4895 1948 4950 nihil
1981 4895 2176 4950 horum
2211 4890 2451 4962 requiret
2483 4905 2515 4945 a
2564 4897 2618 4945 te
2648 4887 2810 4944 Deus.
2852 4887 3087 4957 Acquire
3121 4878 3399 4943 caritatem

1813 4982 1999 5046 Pauli,
2047 4991 2101 5037 et
2143 4980 2436 5050 perfectam
2490 4978 2716 5034 habebis
2759 4993 3043 5034 coronam.
3091 4977 3225 5045 Quis
3287 4979 3402 5033 haec

1815 5074 1986 5132 dixit?
2016 5073 2132 5145 ipse
2156 5072 2391 5126 nutritor
2418 5070 2681 5133 caritatis,
2717 5070 2806 5125 ille
2839 5069 2930 5140 qui
2957 5085 3075 5124 eam
3119 5077 3173 5123 et
3206 5069 3397 5137 signis,

1814 5179 1870 5224 et
1895 5165 2196 5231 miraculis,
2242 5175 2296 5219 et
2341 5163 2487 5218 mille
2533 5164 2653 5218 aliis
2698 5162 2857 5218 bonis
2905 5160 3214 5230 praeposuit.
3262 5159 3398 5224 Quia

1813 5260 1959 5314 enim
2011 5258 2127 5328 ipse
2167 5271 2358 5312 omnes
2389 5255 2551 5323 hujus
2593 5254 2756 5311 cilicii
2801 5265 2983 5324 partes
3023 5266 3131 5306 tam
3183 5260 3403 5304 strenue

1817 5351 2152 5422 impleverat,
2207 5348 2410 5403 idcirco
2453 5347 2625 5416 ipsius
2656 5347 2762 5400 vim
2817 5343 3085 5413 exquisite
3127 5339 3400 5407 intelligit.

1815 5445 1955 5502 Hinc
2001 5445 2092 5499 ille
2134 5443 2256 5498 talis
2303 5441 2554 5502 exsistit.
2604 5440 2848 5508 nihilque
2896 5452 3020 5491 eum
3065 5435 3136 5488 ita
3179 5433 3403 5500 dignum

1817 5539 1959 5602 Deo,
1996 5546 2056 5592 ut
2089 5536 2262 5591 virtus
2297 5534 2548 5605 praestitit
2583 5531 2825 5588 caritatis
2859 5548 2872 5582 :
2907 5537 2961 5583 et
2994 5527 3112 5581 ideo
3157 5525 3404 5588 dicebat,

1818 5629 2050 5696 Quaerite
2083 5628 2219 5682 dona
2249 5626 2620 5695 praestantiora
2649 5640 2668 5678 :
2699 5632 2748 5678 et
2782 5620 2953 5674 adhuc
2985 5616 3402 5672 excellentiorem

1820 5719 1954 5771 viam
1996 5717 2136 5770 vobis
2176 5717 2476 5768 demonstro
2506 5712 2582 5783 (1.
2614 5711 2734 5766 Cor.
2772 5711 2855 5764 η.
2888 5709 2980 5780 '5);
3016 5709 3297 5763 caritatem
3317 5709 3402 5763 di-

1819 5822 1982 5876 cens,
2023 5807 2168 5862 illam
2214 5805 2637 5876 pulcherrimam
2670 5811 2724 5859 et
2764 5801 3075 5859 facillimam
3129 5806 3291 5858 viam.
3345 5801 3410 5856 In.
