3908 6300
511 333 612 390 437

513 452 602 508 illa
629 451 795 522 igitur
837 458 892 504 et
934 465 1034 507 nos
1072 449 1272 521 jugiter
1315 450 1693 514 ambulemus,
1743 460 1802 505 ut
1851 459 1906 506 et
1950 450 2096 506 Pau-

514 546 650 612 lum,
687 547 802 598 imo
829 553 882 598 et
919 541 1210 598 Dominum
1258 542 1413 598 Pauli
1444 544 1629 598 videre
1672 560 2003 608 mereamur,
2043 555 2098 601 et

514 635 952 706 incorruptibiles
983 649 1386 706 consequamur
1413 649 1671 698 coronas,
1703 636 1876 705 gratia
1908 645 1963 693 et
1991 638 2094 691 mi-

1233 329 1290 386 S.
1329 329 1616 388 JOANNIS
1653 329 2146 386 CHRYSOSTOMI
2188 331 2508 389 ARCHIEP.
2554 332 3101 390 CONSTANTINOP.
3687 337 3775 396 488

2203 452 2503 507 sericordia
2530 452 2742 506 Domini
2767 454 2938 509 nostri
2971 452 3100 509 Jesu
3131 451 3361 518 Christi,
3392 455 3482 510 cui
3511 462 3596 512 est
3621 457 3776 528 gloria

2203 552 2259 598 et
2288 544 2613 614 imperium,
2653 559 2801 600 nunc
2837 555 2892 600 et
2932 559 3170 615 semper,
3199 553 3254 600 et
3281 546 3335 600 in
3371 548 3570 603 sacula
3615 565 3775 605 saecu-

2206 636 2405 690 lorum.
2439 637 2634 692 Amen.

543 785 3758 816 “Mm

1294 892 1401 954 DE
1465 891 1859 956 LAUDIBUS
1915 894 2204 957 SANCTI
2261 895 2501 957 PAULI
2567 895 2997 959 APOSTOLI.

1123 1194 1336 1234 HOMILIA
1364 1193 1438 1232 ιν.

588 1272 796 1327 Ctecitas
826 1269 980 1325 Pauli
1011 1287 1101 1324 nos
1125 1270 1398 1323 illuminat.
1435 1267 1639 1324 Vocatio
1661 1268 1811 1324 Pauli
1839 1270 2098 1343 qualis.—

521 1363 711 1417 Deatus
741 1362 936 1416 Paulus
962 1361 1049 1431 qui
1081 1375 1178 1414 nos
1208 1359 1365 1414 hodie
1386 1361 1744 1431 congregavit,
1775 1363 1970 1432 quique
1992 1371 2098 1416 ter-

518 1469 694 1507 rarum
717 1454 877 1508 etiam
906 1452 1219 1506 illuminavit
1243 1451 1449 1514 orbem,
1483 1452 1776 1508 vocationis
1803 1468 1913 1508 sua:
1959 1462 2095 1506 tem-

519 1559 648 1613 pore
677 1543 964 1614 aliquando
991 1553 1220 1598 ccccatus
1245 1551 1328 1596 est
1351 1561 1364 1596 :
1389 1541 1482 1597 sed
1511 1542 1872 1597 illiuscaecitas
1898 1543 2094 1596 illumi-

520 1635 662 1688 natio
701 1634 859 1687 totius
881 1633 1024 1688 orbis
1051 1632 1239 1687 effecta
1284 1640 1383 1687 est.
1415 1631 1674 1699 Quoniam
1705 1632 1844 1687 enim
1884 1632 2097 1687 videbat

517 1724 675 1788 male,
699 1722 834 1778 bene
861 1737 981 1777 eum
1007 1723 1292 1776 exerccavit
1324 1722 1484 1788 Deus,
1516 1730 1573 1777 ut
1599 1723 1798 1776 utiliter
1821 1723 1930 1792 jam
1959 1721 2098 1776 vidc-

516 1825 593 1870 ret
612 1816 890 1884 reliquum.
924 1814 1091 1869 Simul
1111 1814 1252 1868 enim
1273 1820 1327 1868 et
1371 1813 1748 1869 documentum
1791 1813 1840 1868 ei
1887 1813 2096 1867 virtutis

515 1925 625 1964 suae
652 1908 895 1979 praebuit,
927 1916 980 1963 et
1005 1908 1060 1962 in
1080 1907 1330 1977 passione
1358 1905 1474 1977 ejus
1505 1905 1748 1976 ﬁguravit
1775 1904 1950 1962 futura
1971 1945 1985 1968 ,
2040 1916 2095 1959 et

517 2001 733 2058 modum
788 2000 902 2070 ejus
964 1999 1354 2068 prtedicationis
1404 1998 1651 2064 edocuit,
1705 1996 1846 2067 quod
1896 1995 2093 2051 scilicet

514 2100 787 2163 oporteret
831 2106 951 2146 eum
1004 2091 1180 2160 priora
1222 2089 1392 2144 studia
1433 2089 1642 2158 penitus
1691 2086 2006 2153 excludere,
2039 2095 2094 2141 et

511 2183 662 2253 quasi
693 2183 1064 2236 conuiveutem
1090 2181 1258 2235 oculis
1284 2180 1630 2250 semetipsum
1659 2179 1891 2250 undique
1933 2193 2089 2234 coer-

513 2290 635 2329 cere
654 2274 669 2304 ⁸
702 2291 715 2327 :
744 2280 960 2341 propter
989 2271 1128 2340 quod
1159 2271 1270 2340 ipse
1299 2271 1438 2326 idem
1470 2271 1606 2324 istud
1629 2269 1956 2340 signiﬁcans,
1985 2268 2090 2323 cla-

513 2373 661 2419 mat:
696 2363 756 2418 Si
778 2365 887 2433 quis
913 2363 1107 2416 videtur
1125 2367 1252 2416 inter
1280 2379 1364 2416 vos
1389 2363 1606 2433 sapiens,
1646 2363 1825 2416 stultus
1853 2363 1944 2430 ﬁat
1967 2403 1981 2425 ,
2037 2371 2092 2415 ut

515 2455 578 2508 sit
605 2454 806 2525 sapiens
828 2452 905 2526 (l.
939 2452 1058 2507 Cor.
1090 2453 1141 2506 3.
1170 2449 1282 2522 18).
1311 2451 1656 2522 Nequaquam
1682 2467 1809 2522 ergo
1836 2451 2093 2521 potuisset

515 2559 725 2599 rursum
775 2544 914 2600 bene
939 2542 1156 2608 videre,
1200 2543 1301 2596 nisi
1344 2544 1489 2611 prius
1529 2551 1824 2597 excaecatus
1875 2542 2086 2606 fuisset;

515 2637 654 2691 unde
675 2643 729 2690 et
745 2635 1008 2707 propriam
1037 2635 1373 2704 sapientiam,
1397 2649 1498 2704 qua
1525 2634 1936 2704 perturbabatur
1959 2673 1973 2698 ,
1996 2649 2090 2687 ex-

511 2727 754 2794 eludens,
777 2725 899 2781 fidei
927 2741 986 2781 se
1011 2741 1106 2796 per
1130 2733 1320 2780 cuncta
1358 2725 1734 2780 committeret.
1761 2723 1866 2780 Sed
1914 2723 2088 2779 nullus

514 2821 614 2876 hoc
636 2818 875 2886 audiens,
904 2819 1234 2874 vocationem
1284 2817 1440 2872 istam
1489 2818 1864 2873 necessitatem
1916 2823 2086 2886 putet,

512 2911 772 2983 siquidem
799 2911 970 2980 potuit
995 2910 1168 2965 redire
1195 2909 1334 2964 unde
1360 2908 1706 2964 discesserat.
1754 2909 1899 2963 Multi
1945 2909 2086 2963 enim

513 3007 567 3060 in
584 3017 720 3059 novo
743 3012 797 3057 et
825 3003 878 3056 in
896 3002 1057 3057 veteri
1072 3001 1430 3064 Testamento,
1454 3015 1574 3055 cum
1593 2999 1790 3069 majora
1820 3015 1962 3070 smpe
1989 3003 2090 3054 mi-

513 3097 696 3152 rabilia
709 3095 982 3161 vidissent,
1004 3102 1164 3159 retro,
1191 3101 1248 3146 ut
1269 3091 1512 3161 legimus,
1531 3101 1653 3146 sunt
1667 3091 1866 3146 reversi
1883 3107 1896 3144 :
1912 3091 2085 3146 utNa-

513 3186 939 3249 buchodonosor,
961 3183 1217 3252 utJudas,
1250 3191 1307 3238 ut
1325 3183 1541 3255 Elymus
1567 3197 1772 3254 magus,
1803 3194 1860 3238 ut
1881 3183 2084 3249 Simon,

513 3286 570 3333 ut
600 3279 828 3332 Ananias
879 3275 1236 3346 etSapphira,
1259 3283 1317 3330 ut
1343 3277 1618 3330 universus
1633 3276 1859 3345 populus
1874 3274 2085 3331 iudico-

515 3349 632 3425 rum
665 3387 680 3424 :
711 3368 805 3424 sed
849 3383 954 3424 non
999 3368 1070 3422 ita
1113 3367 1327 3422 Paulus.
1386 3367 1653 3423 lllustrato
1705 3367 1847 3422 enim
1895 3370 2085 3425 mentis

517 3467 733 3529 aSpectu
757 3457 824 3513 ad
841 3457 1255 3514 sincerissimum
1288 3457 1417 3512 illud
1446 3458 1625 3514 lumen
1653 3473 1812 3514 cursu
1841 3459 2082 3525 tetendit,

512 3561 672 3621 atque
686 3549 751 3606 ad
776 3549 963 3605 caelum
982 3549 1268 3620 perniciter
1294 3549 1611 3605 subvolavit.
1640 3549 1793 3618 Quod
1817 3549 1864 3605 si
1911 3550 2081 3605 inter-

512 3658 687 3715 roges,
716 3643 867 3715 cujus
892 3641 973 3708 rei
1001 3642 1167 3711 gratia
1187 3642 1256 3698 sit
1280 3651 1529 3708 emeatus,
1571 3643 1755 3712 accipe
1797 3643 1966 3712 ipsum
2007 3643 2084 3697 lo-

511 3743 762 3806 quentem
792 3750 806 3788 :
837 3732 1084 3802 Audistis,
1110 3733 1299 3805 inquit,
1327 3736 1750 3789 conuersationem
1777 3751 1938 3788 meam
1979 3736 2082 3789 ali-

509 3829 710 3899 quando
729 3828 782 3882 in
805 3825 1106 3894 Judaismo,
1136 3828 1373 3896 quoniam
1399 3843 1557 3899 supra
1593 3827 1798 3881 modum
1823 3841 2082 3896 perseque-

508 3921 598 3974 bar
613 3918 892 3974 Ecclesiam
918 3917 1034 3985 Dei,
1060 3926 1107 3972 et
1129 3917 1478 3989 expugnabam
1501 3917 1663 3983 illam,
1695 3925 1744 3971 et
1761 3916 2083 3985 proﬁciebam

506 4014 559 4066 in
585 4010 854 4066 Judaismo
879 4026 1035 4082 supra
1054 4011 1240 4066 multos
1258 4019 1538 4065 coretaneos
1579 4024 1712 4064 meos
1732 4048 1749 4074 ,
1806 4008 1859 4061 in
1903 4022 2083 4077 genere

507 4118 615 4157 meo
625 4102 964 4157 abundantius
982 4101 1248 4157 terrmlator
1259 4101 1499 4156 exsistens
1513 4109 1836 4171 paternarum
1854 4114 2082 4153 mearum

505 4196 833 4250 tradilionum
855 4193 997 4268 (Gal.
1030 4195 1082 4248 1.
1108 4194 1194 4249 15.
1213 4193 1327 4264 ll).
1340 4193 1470 4261 Quia
1489 4193 1630 4248 enim
1647 4191 1934 4249 vehemens
1947 4190 2082 4246 adeo

506 4295 621 4344 erat
647 4297 701 4343 et
721 4287 950 4354 fervens,
981 4283 1145 4342 frenis
1164 4299 1377 4355 quoque
1410 4284 1900 4340 vehementioribus
1943 4284 2082 4339 indi-

505 4379 684 4449 gebat,
711 4391 780 4433 ne
808 4375 1011 4431 scilicet
1055 4375 1257 4446 impetu
1289 4375 1406 4445 ipso
1431 4375 1580 4445 ejus,
1625 4391 1726 4445 qua
1770 4374 2037 4432 ferebatur
2061 4415 2079 4443 ,

507 4468 798 4525 alacritatis
813 4473 1077 4536 arreptus,
1107 4465 1312 4536 prolata
1338 4464 1406 4520 ad
1432 4481 1492 4521 se
1511 4465 1669 4521 verba
1689 4475 2075 4522 contemneret.

509 4564 795 4631 Propterea
825 4555 983 4628 igitur
1009 4553 1246 4611 furorem
1273 4555 1389 4626 ejus
1409 4555 1723 4610 indomitum
1752 4558 1900 4626 prius
1927 4571 2078 4612 com-

508 4653 730 4724 primit,
757 4650 1052 4706 concitatos
1077 4656 1132 4704 et
1159 4647 1458 4720 praecipites
1482 4647 1620 4702 illius
1667 4649 1951 4704 iracundiae
1974 4648 2080 4703 ﬂu-

506 4751 647 4810 ctus,
676 4741 932 4797 caicitatis
955 4740 1216 4796 beneﬁcio
1249 4739 1442 4810 redigit
1486 4739 1541 4792 in
1571 4738 1833 4807 quietem,
1863 4748 1918 4793 et
1955 4748 2081 4794 tunc

509 4835 722 4889 demum
747 4832 942 4887 caelesti
968 4846 1090 4888 eum
1119 4831 1283 4887 donat
1301 4829 1484 4897 aifatu,
1537 4827 1824 4885 ostendens
1867 4831 2078 4900 proprie

507 4922 924 4980 inaccessibilem
950 4921 1286 4991 sapientiam,
1317 4930 1373 4977 et
1400 4919 1882 4992 supereminentem
1905 4921 2075 4976 omni-

507 5018 603 5072 bus
626 5015 816 5070 divinze
835 5015 1068 5070 scientia:
1090 5014 1399 5082 bonitatem,
1423 5023 1483 5070 ut
1509 5015 1778 5082 disceret,
1836 5014 1922 5070 cui
1967 5013 2076 5085 jam

504 5108 810 5163 adversario
837 5114 1185 5177 repugnaret:
1211 5122 1367 5178 quem
1394 5116 1538 5164 certe
1563 5121 1670 5162 non
1718 5106 1878 5162 modo
1926 5108 2077 5177 puni-

503 5211 679 5256 entem
707 5198 850 5256 ferre
869 5215 977 5254 non
1000 5209 1200 5270 posset,
1228 5199 1322 5255 sed
1347 5213 1446 5256 nec
1489 5197 1748 5255 beneﬁcia
1789 5198 2073 5255 confercn-

505 5304 632 5347 tetu.
659 5290 774 5346 Non
801 5290 944 5346 enim
971 5291 1060 5347 ille
1075 5291 1399 5347 obscuritate
1425 5290 1781 5358 tenebrarum,
1807 5290 1900 5345 sed
1917 5290 2075 5344 lumi-

505 5384 584 5438 nis
608 5381 882 5440 nimiotate
901 5392 1127 5438 emeatus
1147 5391 1248 5437 est.
1278 5381 1346 5436 Et
1376 5395 1471 5436 cur
1499 5422 1514 5448 ,
1545 5379 1719 5451 inquis
1741 5421 1758 5449 ,
1813 5380 1917 5435 hoc
1966 5396 2071 5436 non

503 5483 623 5529 ante
653 5474 851 5530 factum
881 5474 1000 5530 est?
1029 5473 1106 5528 Ne
1128 5487 1336 5544 quaeras
1375 5471 1536 5540 istud,
1571 5487 1741 5543 neque
1783 5472 1916 5529 velis
1955 5489 2075 5530 esse

504 5585 516 5614 ‹
533 5567 779 5633 uriosior,
800 5567 893 5623 sed
906 5567 1139 5623 c0nccdc
1152 5564 1670 5636 incomprehensibili
1688 5565 1779 5623 Dei
1793 5566 2074 5638 providen-

570 5748 582 5780 ι
621 5747 668 5789 ιη
691 5748 868 5800 Greco.
894 5750 937 5792 et
963 5744 1136 5795 (ἐσαεὶ-ς
1161 5743 1307 5796 oculis
1330 5743 1486 5810 ipsum
1509 5744 1663 5808 sequi.

2213 1181 2299 1236 tia:
2324 1181 2524 1236 salutes
2549 1180 2825 1236 hominum
2855 1180 2994 1236 notis
3022 1181 3124 1236 sibi
3151 1191 3449 1254 temporum
3478 1189 3774 1256 opportuni-

2206 1273 2402 1329 tatibus
2430 1273 2696 1329 ordinare.
2723 1273 2813 1329 Sic
2833 1274 2973 1329 enim
3000 1276 3161 1330 etiam
3207 1275 3321 1346 ipse
3367 1277 3653 1346 fatebatur,
3699 1281 3773 1336 die

2203 1380 2371 1420 cens:
2405 1364 2532 1421 Cum
2561 1381 2728 1420 autem
2761 1366 2953 1437 placuit
2998 1368 3071 1434 ei,
3124 1369 3212 1439 qui
3259 1385 3338 1423 me
3388 1372 3667 1442 segregavit
3709 1374 3769 1426 de

2204 1468 2344 1512 utero
2369 1459 2546 1510 matris
2562 1473 2704 1524 mete,
2733 1467 2780 1511 et
2811 1459 3003 1513 vocavit
3029 1475 3119 1528 per
3137 1475 3281 1514 suam
3310 1462 3525 1529 gratiam
3555 1503 3571 1527 ,
3624 1471 3679 1514 ut
3703 1479 3773 1516 re-

2201 1548 2386 1602 uelaret
2407 1547 2602 1602 Filium
2627 1563 2774 1602 suum
2802 1549 2856 1602 in
2873 1564 2950 1602 me
2975 1547 3118 1619 (Gal.
3149 1551 3200 1603 1.
3234 1550 3322 1605 15.
3376 1548 3488 1622 16).
3536 1551 3681 1606 Nihil
3726 1561 3775 1606 tu

2203 1639 2360 1708 igitur
2384 1639 2636 1694 scruteris
2661 1639 2908 1709 amplius,
2929 1639 3141 1710 quando
3166 1640 3280 1696 haac
3307 1641 3438 1696 dicit
3465 1651 3520 1697 et
3563 1643 3770 1700 Paulus.

2202 1728 2347 1785 lstud
2376 1729 2518 1786 enim
2544 1739 2670 1784 tunc
2699 1731 2880 1802 utique
2909 1731 3022 1785 ﬁeri
3045 1732 3298 1801 oportuit,
3326 1748 3445 1787 cum
3484 1733 3595 1802 jam
3630 1749 3776 1788 scan-

2202 1820 2320 1875 dala
2350 1821 2544 1890 ubique
2558 1821 2766 1875 sublata
2797 1830 2997 1876 essent.
3025 1820 3108 1876 Ab
3135 1823 3251 1891 ipso
3272 1822 3448 1892 itaque
3466 1823 3735 1879 discamus
3759 1865 3771 1888 .

2200 1911 2448 1980 quoniam
2479 1911 2654 1965 nullus
2679 1920 2803 1966 ante
2830 1911 3074 1978 Paulum,
3106 1927 3280 1982 neque
3325 1913 3438 1983 ipse
3465 1913 3666 1968 Paulus
3715 1930 3776 1970 ex

2200 2015 2259 2054 se
2289 2001 2653 2055 tantummodo
2683 2016 2804 2055 eum
2839 2001 3065 2066 invenit,
3107 2002 3202 2056 sed
3265 2003 3379 2073 ipse
3424 2019 3485 2058 se
3539 2003 3776 2061 Christus

2199 2090 2453 2156 ostendit,
2474 2101 2529 2145 et
2557 2090 2756 2146 idcirco
2784 2091 2993 2146 diccbat
3022 2109 3034 2145 :
3065 2091 3184 2146 Non
3210 2108 3294 2147 t'os
3319 2110 3397 2148 me
3420 2094 3659 2165 elegistis,
3697 2097 3777 2149 sed

2197 2198 2288 2253 ego
2308 2182 2432 2252 elegi
2452 2198 2536 2236 vos
2562 2182 2742 2251 (Joan.
2773 2183 2860 2238 15.
2906 2181 3016 2254 16).
3046 2184 3311 2240 Οωιοτιιιῐι
3358 2201 3454 2240 cur
3495 2195 3624 2240 ante
3668 2203 3770 2240 non

2197 2273 2443 2338 credidit,
2495 2286 2618 2327 cum
2648 2273 2854 2327 videret
2899 2275 2951 2327 in
3003 2274 3168 2343 ipsius
3235 2276 3448 2330 nomine
3497 2291 3779 2346 resurgere

2197 2372 2455 2427 mortuos,
2489 2362 2759 2416 ambulare
2789 2363 3028 2430 claudos,
3054 2365 3369 2435 paralyticos
3391 2365 3655 2431 roborari,
3674 2368 3779 2422 die-

2199 2468 2386 2507 mones
2410 2451 2628 2521 eﬁugari
2646 2453 2672 2506 Ρ
2699 2451 2909 2507 Nullum
2937 2454 3078 2508 enim
3108 2456 3332 2509 fructum
3349 2456 3435 2510 ille
3458 2472 3523 2511 ex
3548 2456 3632 2510 his
3660 2473 3775 2511 om-

2196 2543 2352 2597 nibus
2377 2553 2735 2612 consequutus
2764 2555 2865 2610 est,
2893 2560 3012 2598 cum
3042 2553 3218 2601 tamen
3241 2561 3345 2601 non
3370 2547 3639 2616 ignoraret
3658 2550 3776 2613 ista,

2194 2631 2282 2701 qui
2302 2641 2407 2686 tam
2430 2641 2543 2687 erat
2565 2648 2690 2703 erga
2719 2635 2989 2703 apostolos
3017 2636 3280 2702 curiosus,
3327 2638 3416 2707 qui
3464 2647 3611 2693 certe
3659 2655 3778 2693 cum

2193 2724 2518 2794 lapidaretur
2545 2723 2843 2793 Stephanus
2863 2725 3132 2789 adstabat;
3160 2735 3216 2781 et
3244 2725 3433 2782 faciem
3466 2727 3582 2796 ejus
3631 2729 3782 2782 vide-

2193 2815 2283 2869 bat
2310 2817 2548 2886 angelieo
2578 2815 2782 2886 fulgore
2813 2817 3106 2872 radiantem
3129 2817 3269 2889 (Act.
3301 2821 3355 2872 7.
3381 2820 3470 2873 57.
3495 2820 3615 2890 59).
3668 2821 3780 2875 Cur

2192 2919 2320 2976 ergo
2341 2907 2471 2962 nihil
2500 2907 2620 2961 inde
2643 2907 2876 2962 lucratus
2897 2906 3009 2964 est?
3041 2909 3173 2976 Quia
3195 2909 3422 2965 necdum
3450 2910 3637 2980 utique
3686 2928 3782 2968 vo-

2192 3004 2341 3051 catus
2371 2996 2542 3052 fuerat
2567 3011 2598 3052 a
2619 2997 2856 3054 Christo.

2276 3088 2482 3144 Vocatio
2510 3107 2611 3145 non
2631 3093 2969 3147 necessitatem
2993 3093 3165 3163 infert.
3195 3094 3296 3149 Cur
3311 3113 3339 3150 e
3364 3095 3489 3150 cwlo
3508 3113 3597 3151 nos
3637 3098 3781 3152 Deus

2195 3197 2293 3235 non
2314 3181 2623 3237 vocet.-—Tu
2644 3197 2770 3239 vero
2791 3184 2890 3238 hoc
2909 3184 3128 3242 audiens
3145 3186 3252 3240 noli
3269 3188 3597 3243 vocationem
3618 3189 3781 3244 istam

2191 3275 2563 3331 necessitatem
2595 3284 2799 3345 putare.
2823 3276 2936 3331 Non
2977 3279 3121 3334 enim
3172 3281 3313 3336 Deus
3343 3280 3584 3337 homines
3634 3286 3784 3355 cogit

2191 3365 2450 3432 vocando,
2491 3366 2585 3422 sed
2613 3376 2732 3436 post
2755 3367 3088 3424 vocationem
3124 3385 3334 3440 quoque
3377 3372 3643 3443 permittit
3687 3390 3782 3430 eos

2190 3459 2520 3527 propriarum
2545 3472 2666 3514 esse
2693 3458 2940 3514 dominos
2959 3461 3310 3516 voluntatum.
3339 3462 3471 3516 Nam
3495 3472 3551 3518 et
3570 3463 3782 3520 Judaeis

2190 3549 2421 3618 scipsum
2451 3549 2664 3618 quando
2691 3550 2928 3618 Oportuit
2957 3551 3250 3605 revelavit:
3279 3552 3374 3606 sed
3421 3553 3500 3607 illi
3551 3566 3781 3627 propter

2189 3638 2434 3709 gloriam,
2472 3652 2629 3707 quam
2651 3639 2719 3693 ab
2749 3640 3052 3695 hominibus
3095 3641 3476 3710 requirebant,
3521 3645 3676 3703 ultro
3723 3663 3784 3704 se

2188 3728 2498 3784 offerentem
2519 3728 3125 3798 suscipere.noluerunt.
3161 3730 3354 3787 Verum
3374 3733 3476 3790 hoc
3497 3734 3619 3791 loco
3650 3738 3782 3794 infi-

2187 3819 2355 3874 delior
2382 3819 2501 3888 quis
2524 3827 2778 3888 opponat,
2801 3828 2960 3890 atque
2983 3820 3125 3876 dicat
3149 3838 3162 3876 :
3191 3821 3300 3876 Cur
3332 3838 3420 3879 me
3455 3825 3619 3880 etiam
3665 3844 3780 3884 non

2187 3913 2396 3968 vocavit
2423 3927 2455 3967 e
2476 3912 2646 3968 eteio?
2671 3911 2823 3968 Unde
2846 3921 3024 3969 autem
3041 3913 3378 3970 manifestum
3395 3924 3498 3983 est,
3527 3932 3560 3972 ο
3577 3917 3772 3988 homo,

2186 4007 2308 4076 quia
2334 4005 2556 4060 Paulum
2583 4006 2792 4061 vocavit
2813 4005 2881 4060 de
2905 4007 3080 4062 caelo?
3107 4007 3201 4063 sed
3226 4007 3403 4062 credis
3428 4008 3604 4063 istud?
3624 4010 3778 4081 Ergo

2187 4097 2230 4150 si
2251 4095 2447 4163 credis,
2476 4097 2578 4152 hoc
2601 4097 2772 4166 ipsum
2797 4095 2863 4152 ad
2893 4097 3102 4167 signum
3134 4098 3229 4153 tibi
3256 4098 3385 4154 satis
3407 4107 3510 4155 est.
3539 4100 3595 4155 Si
3640 4117 3779 4157 vero

2187 4202 2292 4242 non
2316 4188 2488 4243 credis
2512 4188 2634 4258 quia
2663 4203 2694 4243 e
2717 4188 2850 4243 caelo
2865 4187 3087 4243 Paulum
3114 4191 3340 4256 vocavit,
3367 4191 3638 4260 quomodo
3681 4193 3775 4248 di-

2186 4282 2284 4351 cis,
2313 4298 2410 4339 cur
2434 4297 2519 4338 me
2541 4283 2699 4339 etiam
2719 4297 2823 4336 non
2841 4282 3086 4338 vocavit?
3121 4283 3329 4349 Credis,
3356 4284 3478 4353 quia
3499 4284 3589 4340 ille
3604 4300 3776 4340 voca.

2186 4375 2299 4440 vit;
2331 4374 2432 4428 hoc
2478 4374 2650 4443 ipsum
2697 4373 2829 4440 tibi,
2880 4382 2938 4427 ut
2956 4373 3098 4440 dixi,
3142 4373 3375 4430 abundat
3414 4374 3482 4430 ad
3529 4376 3774 4446 signum.

2184 4466 2356 4522 Crede
2385 4466 2572 4536 igitur;
2604 4480 2724 4519 nam
2750 4473 2801 4520 te
2829 4480 3040 4536 quoque
3084 4481 3117 4522 e
3165 4467 3297 4522 czelo
3325 4476 3478 4522 vocat
3517 4468 3659 4554 Deps
3679 4511 3695 4537 ,
3725 4471 3776 4525 si

2185 4557 2350 4613 habes
2379 4557 2608 4610 animam
2639 4556 2704 4610 ad
2729 4556 3081 4612 obediendum
3108 4568 3368 4628 paratam.
3395 4558 3548 4626 Quod
3591 4562 3638 4614 si
3681 4561 3775 4616 in-

2185 4646 2441 4702 obediens
2471 4647 2543 4701 sis
2563 4689 2576 4714 ,
2626 4655 2680 4702 et
2705 4656 2969 4718 corrupta:
2994 4649 3406 4720 depravatzeque
3431 4653 3716 4706 sententia:
3756 4696 3774 4716 ,

2185 4750 2253 4790 ne
2278 4735 2345 4790 de
2369 4735 2501 4789 caelo
2528 4735 2742 4806 quidem
2766 4737 2834 4792 ad
2865 4747 2916 4794 te
2941 4753 3041 4793 vox
3069 4739 3302 4795 demissa
3325 4740 3418 4795 tibi
3457 4739 3656 4796 sufﬁcit
3699 4744 3776 4797 ad

2184 4827 2426 4882 salutem.
2445 4828 2661 4896 Quoties
2674 4838 2848 4885 autem
2866 4838 2920 4885 et
2934 4829 3101 4885 Judrei
3122 4846 3306 4887 vocem
3333 4832 3547 4888 audiere
3563 4833 3632 4888 de
3659 4849 3776 4890 ca:-

2185 4920 2258 4988 lo,
2285 4919 2336 4974 in
2360 4935 2519 4986 novo,
2543 4930 2598 4976 et
2623 4921 2675 4975 in
2692 4923 2856 4977 veteri
2879 4922 3240 4992 Testamento,
3270 4940 3370 4980 nec
3413 4935 3588 4981 tamen
3636 4927 3774 4984 facti

2185 5022 2307 5069 sunt
2333 5013 2534 5069 idcirco
2564 5014 2852 5069 meliores?
2871 5014 3004 5070 Nam
3031 5016 3083 5071 in
3113 5018 3280 5072 veteri
3293 5017 3460 5072 Judrei
3478 5027 3601 5087 post
3617 5021 3778 5078 mille

2184 5106 2437 5162 miracula
2463 5121 2559 5178 pro
2582 5107 2690 5162 Deo
2712 5107 2955 5175 vitulum,
2987 5123 3146 5179 quem
3176 5109 3445 5176 fecerant,
3501 5111 3775 5170 adorare-

2184 5206 2327 5252 runt.
2353 5198 2422 5252 At
2447 5212 2573 5256 vero
2597 5196 2960 5253 Jeriehontina
2989 5199 3264 5266 meretrix,
3297 5215 3417 5270 qua:
3465 5201 3597 5257 nihil
3647 5219 3779 5257 om-

2183 5287 2311 5342 nino
2336 5303 2401 5343 ex
2428 5287 2758 5344 mirabilibus
2778 5289 3004 5356 viderat,
3036 5291 3269 5344 ostendit
3293 5300 3469 5346 tamen
3519 5292 3682 5347 ﬁdem
3711 5299 3773 5350 in

2183 5379 2578 5447 exploratorum
2604 5381 2942 5449 susceptione
2965 5379 3282 5435 mirabilem.
3308 5381 3363 5435 ln
3387 5390 3529 5436 terra
3546 5398 3689 5452 quoq
3699 5401 3778 5440 ue

2182 5469 2608 5539 repromissionis
2637 5469 2805 5525 Judaei
2829 5471 2975 5540 signa
3019 5479 3320 5540 cernentes,
3373 5474 3774 5542 permanebant

2183 5559 2446 5630 lapidibus
2472 5559 2758 5616 duriores:
2787 5560 3034 5615 Ninivitte
3053 5575 3179 5616 vero
3222 5561 3412 5618 Jouam
3458 5563 3631 5618 solum
3681 5566 3774 5620 vi-

2183 5651 2732 5716 dentescrediderunt,
2759 5661 2813 5707 et
2839 5660 3059 5721 egerunt
3082 5653 3446 5722 pmnitentiam
3473 5653 3646 5724 (Iona:
3675 5658 3769 5724 3),

2184 5753 2234 5795 et
2265 5751 2533 5798 venturam
2585 5759 2743 5813 super
2769 5759 2829 5799 se
2856 5744 2986 5798 iram
3017 5743 3108 5799 Dci
3151 5745 3501 5803 conversione
3537 5747 3767 5818 pepulco
