3908 6300
279 365 383 424 487

275 483 573 555 ἀκηράτων
617 482 963 558 ιπιτύχωμεν
990 484 1291 557 στεφάνων,
1314 492 1499 559 χάριτι
1543 492 1638 545 καὶ
1665 489 1854 560 φιλαν-

1127 385 1214 441 DE
1252 382 1601 442 LAUDIBUS
1639 381 1698 441 S.
1741 384 1948 441 PAULI
1986 388 2344 454 APOSTOLI.
2384 399 2618 458 HOMIL.
2653 402 2739 458 IV.

3416 391 3523 450 £88

1959 492 2053 547 καὶ
2081 491 2144 547 τὸ
2173 494 2394 567 κράτος,
2425 496 2521 551 νῦν
2551 498 2644 552 καὶ
2667 498 2773 566 ἀεὶ,
2805 499 2901 555 καὶ
2931 501 3010 569 είς
3042 503 3168 566 τοὺς
3191 503 3393 571 αἰῶνας
3417 508 3528 562 τῶν

275 574 496 648 θρωπίᾳ
528 575 624 631 τοῦ
656 576 863 651 Κυρίου
893 577 1051 651 ἡμῶν
1084 577 1260 650 Ἰησοῦ
1287 579 1547 652 Χριστοῦ,
1577 574 1624 651 ᾧ
1647 584 1682 654 ἡ
1724 582 1854 649 δόξα
1958 580 2191 637 αἰώνων.
2231 583 2424 656 Ἀμήν.
2542 616 2565 626 η-

2460 833 3150 865 -——_—+hI_—v
3156 838 3520 864 -Π-ω--ι-ο

1243 1013 1353 1068 ΕΙΣ
1384 1012 1521 1068 ΤΟΝ
1552 1014 1758 1070 APION
1792 1016 2207 1074 'AIIOXTOAON
2246 1021 2548 1081 ΠΑΥΛΟΝ.

897 1416 1129 1489 Ὀμιλία
1167 1414 1238 1474 δ’.

357 1509 416 1563 '0
448 1510 718 1581 μακάριος
748 1507 979 1574 Παῦλος,
1012 1510 1040 1561 6
1064 1511 1302 1581 τήμερον
1335 1510 1480 1580 ἡμᾶς
1504 1508 1847 1579 συναγαγὼν,

270 1602 367 1657 καί
390 1600 492 1672 τὴν
517 1603 846 1671 οἰκουμένην
877 1599 1140 1668 φωτίσας,
1178 1594 1333 1664 οὗτος
1358 1601 1416 1654 ὲν
1442 1599 1520 1670 τῷ
1550 1599 1725 1672 καιρῷ
1747 1600 1849 1671 τῆς

270 1694 518 1765 κλήσεως
548 1689 830 1761 ἐτυφλώθη
853 1689 1003 1744 ποτέ·
1023 1689 1138 1745 ἀλλ’
1161 1692 1196 1762 ἡ
1215 1692 1462 1762 πήρωσις
1477 1691 1684 1745 ἐκείνου
1699 1690 1851 1765 [491]

268 1784 554 1856 φωτισμὺς
580 1783 769 1852 γέγονε
799 1781 902 1852 τῆς
937 1781 1282 1853 οἰκουμένης.
1299 1780 1514 1865 Ἐπειδὴ
1531 1780 1851 1853 γάρεϐλεπε

270 1874 483 1937 κακῶς,
505 1874 794 1945 ὲπήρωσεν
820 1871 983 1927 αὐτὸν
1002 1871 1182 1935 καλῶς
1209 1872 1238 1925 6
1255 1870 1411 1935 Θεὸς,
1441 1870 1584 1925 ὥστε
1622 1870 1852 1926 ἀναϐλέ-

266 1965 371 2035 ψαι
393 1964 703 2037 χρησίμως,
746 1961 881 2033 όμοῦ
913 1961 1012 2033 μὲν
1041 1961 1143 2033 τῆς
1184 1960 1378 2015 ἑαυτοῦ
1410 1960 1694 2032 δυνάμεως
1719 1960 1852 2014 ἀπό-

267 2058 437 2124 δειξιν
472 2055 623 2127 αὐτῷ
656 2054 1051 2126 παρεχόμενος,
1101 2053 1238 2125 ὁμοῦ
1264 2053 1321 2107 δὲ
1347 2055 1405 2106 έν
1450 2051 1528 2123 τῷ
1573 2053 1736 2111 πάθει
1782 2053 1852 2107 τά

271 2150 537 2221 μέλλοντα
565 2146 969 2221 προδιατυπῶν,
1009 2145 1106 2200 καὶ
1125 2145 1218 2199 τοῦ
1248 2144 1601 2217 κηρύγματος
1630 2144 1720 2199 τὸν
1731 2144 1853 2217 τρό-

273 2260 375 2295 πον
407 2241 694 2304 διδάσκων,
737 2239 832 2292 καὶ
868 2240 950 2293 ὅτι
985 2237 1162 2292 ταῦτα
1197 2237 1372 2291 πάντα
1398 2236 1608 2292 οἴκοθεν
1646 2236 1853 2290 ἀποϐα-

274 2335 460 2398 λόντα,
489 2334 584 2386 καὶ
620 2332 866 2404 μύσαντα
896 2332 991 2387 καὶ
1023 2330 1150 2395 τούς
1180 2329 1513 2402 ὀφθαλμοὺς,
1544 2329 1693 2401 αὐτῷ
1727 2330 1854 2383 ἒπε-

276 2424 403 2478 σθαι
433 2424 562 2495 χρή.
595 2422 686 2475 Διὸ
718 2423 814 2477 καὶ
845 2421 1007 2485 αὐτὸς
1035 2420 1165 2474 ἐϐόα
1202 2418 1358 2473 τοῦτο
1384 2419 1516 2473 αὐτὸ
1551 2414 1744 2491 δηλῶν·
1779 2419 1854 2474 Εἴ

274 2530 365 2580 τις
402 2512 574 2567 δοκεῖ
596 2511 789 2582 σοφὸς
807 2508 960 2566 εἷναι
987 2510 1056 2564 ἐν
1073 2509 1233 2580 ὑμῖν,
1257 2509 1520 2579 γενέσθω
1531 2508 1747 2578 μωρὸς,
1765 2508 1852 2562 ἵνα

274 2604 502 2675 γένηπαι
547 2603 727 2672 σοφός·
780 2603 856 2666 ὡς
897 2601 999 2657 οὑκ
1051 2601 1170 2654 ἐνὸν
1211 2600 1507 2670 ἀναϐλέψαι
1539 2598 1741 2664 καλῶς,
1776 2601 1850 2671 μὴ

274 2693 542 2764 πρότερον
590 2690 913 2763 πηρωθέντα
956 2689 1157 2755 καλῶς,
1185 2690 1279 2744 καὶ
1315 2691 1442 2755 τοὺς
1494 2689 1726 2753 οἰκείους
1760 2691 1855 2743 καὶ

272 2781 644 2853 ταράττοντας
678 2782 841 2836 αὐτὸν
870 2779 1169 2834 ἐκϐαλόντα
1206 2780 1519 2851 λογισμοὺς,
1555 2779 1650 2834 καὶ
1670 2783 1735 2850 τῇ
1768 2779 1856 2832 πί-

276 2892 393 2929 στει
426 2874 489 2927 τὸ
504 2875 611 2929 πᾶν
638 2873 1027 2945 ἐπιτρέψαντα.
1046 2871 1207 2926 Ἀλλά
1234 2872 1421 2944 μηδεὶς
1453 2873 1625 2927 ταῦτα
1641 2873 1854 2927 ἀκούων

276 2967 702 3037 ἠναγκασμένην
734 2963 1002 3035 νομιζέτω
1043 2958 1182 3017 εἶναι
1231 2963 1435 3035 ταύτην
1487 2966 1586 3036 τὴν
1642 2966 1852 3035 κλῆσιν·

275 3060 374 3113 καὶ
405 3058 515 3130 γάρ
539 3057 757 3111 ἐδύνατο
774 3056 934 3110 πάλιν
951 3054 1290 3121 ἐπανελθεῖν,
1321 3055 1443 3111 ὅθεν
1469 3055 1647 3128 ἐξέϐη.
1663 3056 1855 3109 Πολλοὶ

275 3152 407 3222 γοῦν
435 3151 600 3222 ἔτερα
645 3149 867 3220 μείζονα
921 3148 1174 3220 θαύματα
1228 3148 1446 3214 ἰδόντες,
1509 3149 1855 3220 ὑπέστρεψαν

276 3243 461 3308 πάλιν,
493 3242 588 3295 καὶ
617 3242 676 3296 ὲν
705 3243 771 3312 τῇ
814 3241 1021 3311 οΚαινῇ,
1068 3241 1161 3294 καὶ
1208 3242 1267 3293 ὲν
1307 3242 1374 3313 τῇ
1407 3239 1636 3311 Παλαιᾷ·
1667 3235 1778 3295 οἷον
1825 3241 1854 3294 ὁ

289 3336 509 3401 Ἰούδας,
529 3337 559 3388 6
590 3333 1079 3406 Ναϐουχοδονόσορ,
1110 3335 1139 3387 ὁ
1178 3332 1414 3404 Ἐλύμας
1441 3335 1470 3387 6
1496 3333 1688 3405 μάγος,
1717 3332 1852 3386 όΣί-

278 3446 419 3500 μων,
449 3428 480 3481 6
524 3425 774 3490 Ἀνανίας
797 3426 891 3478 καὶ
923 3426 957 3497 ἡ
992 3425 1299 3496 Σάπφειρα,
1334 3423 1452 3487 ὅλος
1464 3423 1573 3478 τῶν
1587 3423 1854 3478 Ἰουδαίων

274 3523 306 3575 6
328 3522 524 3593 δῆμος·
553 3519 668 3574 ἀλλ’
684 3521 782 3590 οὑχ
802 3520 831 3572 6
856 3519 1089 3582 Παῦλος.
1129 3518 1290 3573 Ἀλλά
1316 3517 1607 3589 διαϐλέψας
1629 3517 1764 3590 πρὸς
1795 3517 1856 3571 τὸ

275 3613 559 3682 ἀκήρατον
614 3608 731 3679 φῶς
795 3607 889 3662 τὸν
957 3607 1157 3679 δρόμον
1217 3608 1494 3674 ἐπέτεινε,
1554 3609 1649 3664 καὶ
1717 3606 1856 3682 πρὸς

274 3702 370 3755 τὸν
385 3698 614 3771 οὐρανὸν
631 3698 843 3752 ἵπτατο.
867 3698 929 3751 Εί
954 3697 1011 3751 δὲ
1033 3696 1307 3764 ἐξετάζεις
1338 3697 1479 3763 τίνος
1507 3698 1693 3754 ἕνεκεν
1720 3701 1857 3773 ἐπη-

278 3791 453 3865 ρώθη,
494 3791 659 3844 άκουε
703 3789 866 3843 αὐτοῦ
912 3788 1179 3858 λέγοντος·
1224 3790 1551 3846 Ἠκούσατε
1594 3791 1704 3863 γὰρ
1742 3791 1857 3861 τὴν

276 3882 434 3953 ἐμὴν
474 3880 866 3950 ἀναστροφήν
914 3894 1058 3934 ποτε
1099 3878 1170 3934 ἐν
1217 3878 1298 3945 τῷ
1348 3880 1716 3952 Ἰουδαϊσμῷ,
1766 3881 1857 3936 ὅτι

280 3973 409 4027 καθ’
460 3972 804 4041 ὑπερϐολὴν
858 3969 1108 4024 ἐδίωκον
1149 3968 1266 4039 τὴν
1317 3971 1701 4040 Ἐκκλησίαν,
1758 3972 1857 4027 καί

278 4064 577 4133 ἐπόρθουν
606 4062 820 4130 αὐτὴν,
851 4061 949 4115 καί
983 4060 1358 4130 προέκοπτον
1385 4063 1455 4115 ἐν
1497 4062 1578 4128 τῷ
1618 4064 1856 4120 Ἰουδαϊ-

281 4157 414 4228 σμῷ
442 4160 590 4227 ὑπὲρ
610 4155 879 4222 πολλοὺς
897 4156 1340 4224 συνηλικιώτας
1361 4156 1432 4210 ἐν
1448 4155 1525 4222 τῷ
1543 4155 1700 4226 γένει
1717 4174 1856 4226 μου,

280 4249 719 4319 περισσοτέρως
750 4246 1013 4317 ζηλωτὴς
1063 4246 1351 4317 ὑπάρχων
1387 4246 1506 4301 τῶν
1561 4247 1860 4316 πατρικῶν

278 4360 398 4414 μου
430 4340 840 4409 παραδόσεων.
888 4339 1042 4392 Ἐπεὶ
1091 4333 1182 4393 οὖν
1210 4337 1353 4391 οὑτω
1406 4338 1633 4409 σφοδρὸς
1657 4334 1726 4410 ἦν
1768 4339 1860 4393 καὶ

279 4433 597 4506 ἀπρόσιτος,
642 4430 1000 4502 σφοδροτέρου
1056 4430 1230 4484 ἐδεῖτο
1284 4428 1526 4500 χαλινοῦ,
1556 4430 1644 4484 ἵνα
1673 4431 1748 4503 μὴ
1790 4434 1858 4504 τῇ

285 4526 435 4597 ῥύμῃ
468 4523 568 4593 τῆς
601 4521 907 4595 προθυμίας
948 4521 1236 4592 ἀγόμενος,
1278 4521 1373 4575 καὶ¹
1402 4521 1860 4601 παρακούσῃΐτῶν

284 4614 615 4686 λεγομένων.
640 4613 737 4666 Διά
764 4612 829 4684 δὴ
857 4611 1015 4665 τοῦτο
1044 4612 1416 4666 καταστέλλων
1441 4611 1605 4667 αὑτοῦ
1634 4613 1732 4686 τὴν
1756 4630 1860 4686 μα-

285 4709 404 4763 νίαν
461 4707 698 4777 ἐκείνην,
758 4704 973 4777 πρῶτον
1021 4704 1341 4769 κατευνάζει
1385 4705 1454 4760 τά
1486 4705 1705 4777 κύματα
1759 4707 1860 4778 τῆς

286 4800 549 4873 ραγδαίας
575 4798 743 4870 ὀργῆς
781 4796 997 4867 ἐκείνης
1023 4795 1112 4850 διὰ
1137 4796 1238 4867 τῆς
1270 4795 1590 4868 πηρώσεως,
1620 4799 1715 4852 καὶ
1738 4799 1860 4851 τότε

284 4890 436 4962 αὐτῷ
483 4889 807 4956 διαλέγεται,
874 4887 1089 4952 δεικνὺς
1160 4886 1257 4958 τῆς
1328 4889 1522 4958 σοφίας
1578 4890 1743 4944 αὐτοῦ
1800 4890 1861 4944 τὸ

284 4980 597 5051 ἀπρόσιτον,
630 4977 724 5030 καὶ
748 4976 808 5029 τὸ
831 4978 928 5048 τῆς
943 4974 1195 5045 γνώσεως
1219 4975 1504 5048 ὑπερέχον,
1528 4979 1621 5032 καὶ
1642 4978 1729 5032 ἵνα
1758 4979 1862 5051 μά-

286 5071 355 5144 θῃ
375 5071 500 5123 τίνα
519 5066 765 5137 πολεμεῖ,
807 5064 867 5119 δν
908 5066 969 5118 οὐ
1022 5066 1183 5136 μόνον
1227 5065 1543 5134 κολάζοντα,
1577 5068 1690 5121 ἀλλ’
1739 5069 1861 5123 οὐδὲ

286 5158 677 5233 εὐεργετοῦντα
704 5155 925 5210 δύναται
947 5157 1209 5226 ἐνεγκεῖν.
1241 5158 1316 5211 Οὐ
1340 5157 1447 5229 γὰρ
1482 5158 1669 5223 σκότος
1696 5160 1861 5214 αὐτὸν

286 5253 595 5322 ὲπήρωσεν,
620 5246 734 5301 ἀλλ’
755 5246 1028 5317 ὑπερϐολὴ
1048 5246 1226 5315 φωτὸς
1263 5246 1424 5301 αὐτὸν
1450 5247 1718 5302 ὲσκότισε.
1747 5250 1860 5304 Kal

287 5342 339 5395 τί
365 5342 566 5411 δήποτε
594 5336 670 5409 μὴ
695 5338 755 5404 ἐξ
778 5337 952 5407 ἀρχῆς
980 5336 1138 5390 τοῦτο
1178 5337 1411 5406 ἐγένετο,
1446 5339 1579 5410 φησι
1599 5357 1615 5406 ;
1638 5340 1729 5413 Μὴ
1761 5342 1861 5414 ζὴ..

287 5449 368 5487 τει
391 5431 581 5496 τοῦτο,
621 5429 755 5500 μηδὲ
811 5427 1192 5499 περιεργάζου,
1238 5428 1375 5483 ἀλλά
1421 5430 1738 5505 παραχώρει
1780 5433 1863 5505 τῷ

287 5521 657 5592 ἀκαταλήπτῳ
701 5507 918 5590 τῆξτοῦ
946 5517 1083 5571 Θεοῦ
1123 5520 1378 5589 προνοίας
1425 5522 1517 5575 τοῦ
1547 5523 1741 5595 καιροῦ
1762 5525 1861 5597 τὴν

287 5613 720 5687 ὲπιτηδειάιητα.
746 5611 857 5666 Kal
871 5610 980 5682 γὰρ
1008 5611 1101 5665 καὶ
1124 5611 1286 5676 αὐτὸς
1309 5612 1466 5667 τοῦτο
1496 5619 1642 5669 ποιεῖ
1665 5615 1859 5686 λέγων·

289 5707 417 5765 Ὅτε
433 5705 503 5762 δὲ
527 5704 862 5774 εὐδόκησεν
890 5707 924 5759 ὁ
965 5704 1273 5783 ἀφορίσας,
1299 5723 1375 5776 με
1406 5707 1474 5762 ἐκ
1500 5710 1732 5778 κοιλίας
1747 5728 1865 5783 yn-

1957 1421 2095 1490 τρός
2142 1438 2281 1492 μου,
2335 1423 2434 1477 καί
2481 1425 2747 1494 καλέσας
2775 1424 2874 1483 διὰ
2921 1427 3028 1499 τῆς
3073 1430 3314 1501 χάριτος
3344 1432 3531 1490 αὐτοῦ

1957 1517 2345 1592 ἀποκαλύψαι
2388 1524 2498 1578 τὸν
2544 1524 2681 1580 Υἱὸν
2703 1526 2888 1582 αὐτοῦ
2917 1527 2987 1581 ἐν
3013 1527 3164 1597 ἐμοί.
3201 1530 3410 1586 Οὐκοῦν
3437 1533 3533 1586 καὶ

1959 1619 2024 1674 σύ
2061 1621 2227 1692 μηδὲν
2279 1623 2644 1696 περιεργάζου
2684 1624 2866 1692 πλέον,
2897 1628 3024 1682 ὅταν
3060 1629 3089 1682 ὁ
3112 1628 3329 1696 Παῦλος
3374 1629 3534 1684 τοῦτο

1956 1723 2111 1796 λέγῃ.
2147 1724 2280 1780 Τότε
2317 1726 2444 1798 γὰρ,
2483 1724 2606 1782 τότε
2650 1729 2910 1801 συνέφερε
2948 1729 3056 1785 τῶν
3091 1730 3403 1786 σκανδάλων
3435 1732 3535 1803 ἀρ-

1958 1822 2158 1878 θέντων
2190 1827 2255 1880 ὲκ
2286 1825 2474 1896 μέσου.
2509 1826 2849 1882 Λοιπὸνπάπὺ
2884 1828 3074 1883 τούτου
3116 1829 3396 1902 μάθωμεν,
3449 1831 3533 1885 ὅτι

1956 1922 2130 1987 οὐδεὶς
2143 1923 2391 1993 οὐδαμῶς
2407 1924 2527 1979 οὐδὲ
2546 1923 2657 1978 τῶν
2673 1927 2780 1998 πρὸ
2796 1927 2980 1995 αὐτοῦ,
3005 1929 3124 1984 οὐδὲ
3146 1928 3308 1993 αὐτὸς
3324 1928 3534 1984 οίκοθεν

1957 2022 2120 2075 αὑτὸν
2147 2014 2327 2093 εὗρεν,
2355 2023 2470 2077 ἀλλ’
2499 2026 2527 2078 6
2562 2025 2796 2096 Χριστὸς
2830 2027 3022 2082 ἑαυτὸν
3074 2027 3410 2099 ὲφανέρωσε.
3440 2026 3534 2081 Διὸ

1957 2120 2053 2175 καὶ
2086 2121 2291 2190 ἐλεγενο
2324 2124 2447 2192 Οὐχ
2484 2123 2652 2193 ὑμεῖς
2695 2141 2774 2194 με
2811 2124 3193 2191 ἐξελέξασθε,
3227 2125 3368 2181 ἀλλ’
3418 2125 3534 2197 ἐγὼ

1956 2219 2328 2290 ἐξελεξάμην
2350 2222 2525 2292 ὑμᾶς’
2566 2224 2689 2277 ἐπεὶ
2718 2225 2863 2287 τίνος
2915 2224 3100 2279 ἕνεκεν
3133 2222 3276 2296 ὁρῶν
3306 2224 3384 2295 τῷ
3412 2225 3531 2279 ὀνό-

1960 2331 2092 2385 ματι
2119 2317 2285 2371 αὐτοῦ
2314 2319 2705 2391 ἀνισταμένους
2727 2320 2878 2394 [492]
2904 2323 3150 2395 νεκροὺς,
3175 2324 3274 2377 οὐκ
3290 2324 3534 2377 ἐπίστευ-

1959 2433 2084 2483 σεν;
2124 2418 2296 2490 Ὀρῶν
2323 2420 2431 2489 γάρ
2464 2421 2635 2492 χωλὸν
2663 2421 2967 2493 βαδίζοντα,
3003 2424 3096 2477 καὶ
3125 2424 3384 2495 δαίμονας
3407 2425 3535 2496 δρα-

1960 2516 2300 2584 πετεύοντας,
2332 2520 2427 2573 καὶ
2472 2520 2874 2592 ωραλυτικούς
2922 2524 3342 2594 σφιγγομένους,
3383 2524 3535 2577 οὐδὲν

1958 2616 2281 2688 ἐκαρποῦτοο
2305 2619 2425 2673 οὐδὲ
2463 2620 2572 2692 γὰρ
2607 2621 2793 2691 ἠγνόει
2821 2621 2995 2677 ταῦτα
3025 2624 3055 2676 ό
3078 2623 3220 2678 οὑτω
3243 2631 3535 2695 περιεργά-

1954 2720 2181 2793 ζόμενος
2198 2723 2325 2786 τούς
2350 2723 2699 2787 ἀποστόλους.
2735 2724 2846 2777 Kal
2872 2724 3145 2795 Σηεφάνου
3162 2725 3220 2779 δὲ
3244 2725 3533 2796 λιθάζομέ-

1953 2838 2065 2885 νου,
2094 2820 2283 2893 παρὼν
2308 2823 2402 2876 καὶ
2430 2822 2555 2877 ίδὼν
2582 2825 2642 2878 τὸ
2655 2824 2945 2895 πρόσωπον
2959 2825 3122 2879 αὐτοῦ
3147 2826 3223 2889 ὡς
3235 2826 3533 2897 πρόσωπον

1954 2921 2207 2991 ἀγγέλου,
2241 2921 2392 2976 οὐδὲν
2421 2922 2670 2978 ἐντεῦθεν
2701 2924 2983 2996 ὲκέρδανε.
3013 2926 3137 2989 Πῶς
3157 2921 3250 2979 οὖν
3276 2925 3426 2980 οὐδὲν
3449 2929 3534 2979 ὲν-

1951 3023 2126 3078 ταῦθα
2154 3023 2472 3094 ὲκέρδανεν;
2496 3024 2618 3078 ’Ότι
2651 3024 2863 3079 οὐδέπω
2893 3021 2962 3097 ἦν
2998 3026 3355 3098 κεκλημένος.

2024 3121 2097 3173 Σύ
2136 3119 2192 3173 δὲ
2240 3120 2454 3176 ἀκούων
2486 3120 2681 3185 ταῦτα,
2723 3123 2797 3194 μὴ
2843 3123 3189 3195 ἀναγκαστὴν
3215 3124 3313 3195 τὴν
3344 3125 3535 3195 κλῆσιν

1954 3215 2094 3274 εἶναι
2114 3219 2323 3291 νόμιζεο
2347 3220 2471 3274 οὐδὲ
2498 3221 2607 3291 γάρ
2628 3221 2928 3289 ἀναγκάζει
2948 3223 2976 3275 6
3008 3220 3159 3286 Θεὸς,
3196 3221 3312 3275 ἀλλ’
3340 3221 3534 3291 ἀφίησι

1957 3320 2178 3394 κυρίους
2192 3315 2333 3375 εἶναι
2365 3321 2740 3393 προαιρέσεων
2765 3321 2860 3375 καὶ
2897 3320 3037 3392 μετά
3061 3321 3159 3392 τὴν
3178 3320 3390 3392 κλῆσιν.
3424 3321 3536 3375 Kal

1955 3420 2065 3492 γὰρ
2092 3420 2366 3485 Ἰουδαίοις
2390 3420 2740 3490 ἀπεκάλυψεν
2766 3421 2960 3476 ἑαυτὸν
2986 3422 3080 3476 καὶ
3111 3421 3199 3475 ὅτε
3214 3422 3401 3493 ὲχρῆν,
3417 3421 3533 3475 ἀλλ’

1954 3522 2054 3577 οὐκ
2072 3522 2343 3594 ἠθέλησαν
2369 3519 2626 3586 δέξασθαι
2658 3520 2750 3576 διά
2773 3521 2872 3593 τὴν
2909 3520 3068 3589 δόξαν
3107 3520 3207 3593 τὴν
3238 3520 3392 3593 παρὰ
3422 3520 3534 3575 τῶν

1955 3619 2276 3693 ἀνθρώπων.
2304 3620 2369 3674 Et
2395 3620 2453 3674 δὲ
2473 3619 2621 3689 λέγοι
2641 3637 2726 3684 τις
2753 3620 2864 3675 τῶν
2895 3619 3161 3688 ἀπίστων,
3186 3621 3347 3676 πόθεν
3375 3620 3537 3691 δῆλον
3620 3618 3627 3625 “

1954 3722 2038 3776 ότι
2079 3720 2290 3775 Παῦλον
2326 3719 2588 3776 ὲκάλεσεν
2640 3719 2701 3785 ἐξ
2731 3720 2983 3791 οὐρανοῦ,
3012 3721 3118 3786 ,καὶ
3144 3722 3402 3793 ἐπείσθης
3445 3721 3535 3775 διά

1954 3821 2009 3875 τί
2033 3820 2142 3893 γὰρ
2172 3822 2248 3894 μὴ
2273 3822 2367 3876 καὶ
2391 3821 2491 3893 ἐμὲ
2521 3822 2813 3891 ὲκάλεσεν;
2838 3824 3016 3878 ἐκεῖνο
3035 3825 3173 3895 πρὸς
3192 3821 3356 3877 αὐτὸν
3375 3822 3534 3894 ὲροῦ-

1960 3948 2079 4003 μεν·
2101 3930 2375 3994 πιστεύεις
2403 3931 2581 4000 τοῦτο,
2609 3932 2732 3985 είπέ
2763 3950 2876 4003 μοι,
2903 3927 2950 3986 ὧ
2987 3932 3277 4002 ἄνθρωπε;
3317 3932 3533 3986 Οὐκοῦν

1957 4035 2008 4089 εἰ
2041 4032 2334 4099 πιστεύεις,
2363 4034 2524 4104 ἀρκεῖ
2542 4051 2623 4086 σοι
2653 4035 2732 4096 είς
2764 4035 3008 4103 σημεῖον.
3035 4034 3099 4086 El
3151 4034 3250 4103 μὲν
3272 4032 3382 4104 γὰρ
3406 4034 3535 4087 ἀπι-

1959 4136 2104 4198 στεῖς
2133 4134 2216 4187 ὅτι
2242 4132 2496 4188 ἐκάλεσεν
2528 4132 2588 4197 ἐξ
2621 4130 2876 4201 οὐρανοῦ,
2910 4131 3028 4195 πῶς
3043 4130 3242 4200 λέγεις,
3263 4132 3349 4185 διά
3374 4133 3426 4187 τί
3459 4132 3533 4203 μὴ

1958 4241 2054 4294 καὶ
2067 4240 2166 4311 ἐμὲ
2184 4237 2477 4305 ἐκάλεσενς
2506 4237 2630 4292 εἰδὲ
2654 4236 2928 4301 πιστεύεις
2960 4239 3044 4292 ὅτι
3067 4237 3341 4303 ἐκάλεσεν,
3376 4239 3537 4309 ἀρκεῖ

1959 4361 2044 4399 σοι
2088 4343 2247 4397 τοῦτο
2284 4344 2363 4408 είς
2393 4345 2638 4414 σημεῖον.
2670 4343 2899 4397 Πίστευέ
2930 4342 3129 4399 τοίνυν·
3175 4344 3270 4398 καὶ
3304 4344 3414 4415 γάρ
3440 4347 3534 4398 καὶ

1961 4450 2021 4504 σὲ
2051 4449 2203 4504 καλεῖ
2226 4449 2284 4517 ἐξ
2309 4447 2561 4520 οὐρανοῦ,
2584 4448 2679 4503 ὲάν
2710 4448 2887 4521 ψυχὴν
2921 4448 3236 4521 εὐγνώμονα
3262 4449 3411 4521 ἔχῃς’
3433 4447 3532 4516 ὡς,

1958 4550 2053 4604 ὲάν
2067 4548 2334 4620 ἀγνώμων
2354 4546 2420 4623 ᾗς
2435 4550 2527 4603 καὶ
2541 4549 2985 4622 διεστραμμένος,
3012 4550 3134 4603 οὐδὲ
3149 4550 3209 4603 16
3235 4548 3531 4619 ὲνεχθῆναί

1961 4673 2043 4710 σοι
2073 4655 2256 4727 φωνὴν
2304 4655 2511 4710 ἀνωθεν
2563 4655 2786 4727 ἀρκέσει
2829 4657 2909 4720 είς
2957 4655 3253 4727 σωτηρίαν.
3297 4655 3535 4719 Ποσάκις

1959 4760 2089 4831 γοῦν
2116 4760 2356 4832 ἥκουσαν
2378 4761 2428 4813 οί
2456 4759 2702 4813 Ἰουδαῖοι
2731 4760 2918 4831 φωνῆς
2944 4759 3004 4825 ἐξ
3033 4759 3262 4833 οὐρανοῦ
3301 4761 3517 4832 φερομὲ

1960 4886 2078 4941 νης,
2107 4868 2200 4922 καὶ
2222 4868 2323 4921 οὐκ
2355 4866 2715 4933 ὲπίστευσαν;
2751 4866 2892 4921 πόσα
2919 4860 3057 4921 εἶδον
3090 4870 3311 4939 σημεῖα,
3355 4868 3448 4921 καὶ
3478 4869 3529 4920 ἐι

1959 4976 2026 5045 τῇ
2047 4974 2246 5044 Καινῇ,
2294 4972 2389 5025 καὶ
2416 4971 2474 5023 ὲν
2503 4972 2570 5042 τῇ
2601 4970 2833 5043 Παλαιᾷ,
2859 4971 2955 5026 καὶ
2993 4972 3094 5025 οὐκ
3134 4973 3379 5040 ἐγένοντο
3412 4969 3535 5040 βελ-

1958 5075 2140 5139 τίους;
2195 5073 2334 5128 Ἀλλ’
2388 5074 2446 5126 ἐν
2482 5073 2581 5145 μὲν
2633 5077 2699 5146 τῇ
2741 5075 2972 5147 Παλαιᾷ,
2999 5068 3147 5130 οὗτοι
3189 5074 3327 5144 μετά
3366 5074 3535 5145 μυρία

1965 5179 2217 5251 θαύματα
2243 5179 2747 5252 ἐμοσχοποίησανοή
2767 5179 2824 5234 δὲ
2856 5178 3200 5251 Ἱεριχουντία
3231 5178 3402 5250 πόρνη
3431 5194 3537 5248 μη-

1966 5282 2055 5338 δὲν
2087 5281 2289 5338 τούτων
2321 5282 2648 5355 θεασαμένη,
2680 5284 2861 5337 πίστιν
2879 5283 3188 5347 ἐπεδείξατο
3218 5281 3536 5351 θαυμαστὴν

1967 5389 2096 5459 περὶ
2119 5389 2244 5453 τοὺς
2272 5389 2667 5454 κατασκόπους.
2684 5389 2796 5442 Καὶ
2816 5389 2874 5442 ὲν
2898 5390 2965 5459 τῇ
2986 5390 3054 5459 γῇ
3094 5386 3150 5439 δὲ
3172 5386 3268 5457 τῆς
3296 5386 3532 5456 ἐπαγγε-

1966 5493 2085 5558 λίας
2100 5489 2245 5549 οὗτοι
2279 5493 2396 5566 μὲν,
2424 5493 2531 5548 τῶν
2551 5493 2787 5565 σημείων
2815 5492 3130 5564 γινομένων,
3154 5488 3346 5562 έμενον
3372 5490 3538 5547 λίθων

1969 5599 2429 5672 ἀναισθητότεροι’
2462 5601 2511 5653 οἱ
2535 5600 2593 5653 δὲ
2620 5595 2895 5652 Νινευῖται
2928 5596 3016 5649 τὸν
3048 5597 3230 5651 Ἱωνᾶν
3264 5595 3535 5669 θεασάμεσ·

1971 5727 2049 5764 νοι
2074 5709 2252 5796 μόνον,
2268 5709 2589 5764 ἐπίστευσαν
2617 5707 2709 5763 καὶΙ
2736 5706 3195 5778 μετενόησαν,κα“ι
3224 5707 3319 5777 τὴν
3348 5706 3537 5776 θεήλα-
