3892 6294
109 394 196 452 ιδθ
560 348 569 359 ’
931 380 1019 436 DE
1058 374 1393 435 LAUDIBUS
1428 372 1487 431 S.
1528 373 1729 431 PAULl
1768 371 2120 430 APOSTOLI.
2162 371 2389 429 llOMlL.
2440 373 2528 429 IV.

105 521 232 568 runt.
253 505 308 563 In
326 521 468 564 novo
493 504 655 562 etiam
678 500 1024 556 Testamento
1047 492 1147 550 sub
1183 471 1465 563 praesentia
1501 489 1668 559 ipsius

108 604 307 668 Christi,
359 602 495 655 latro
520 595 735 668 quidem
772 606 893 648 cum
927 588 1237 646 cruciﬁxum
1270 592 1536 645 cerneret.
1577 580 1672 635 ad-

103 696 293 758 oravit;
317 691 483 747 Judaei
507 702 635 743 vero
659 687 748 757 qui
768 698 889 745 eum
910 686 1279 752 spectaverant
1296 683 1537 731 mortuos
1556 687 1676 729 sus-

103 791 368 849 citantem,
393 782 761 843 etviuxerunt,
783 784 838 831 et
858 773 1143 828 afﬁxerunt
1158 769 1324 825 cruci.

164 876 356 948 Templi
365 869 772 942 Jerosolymitani
783 864 1081 921 instauratio
1094 862 1307 926 irrita,et
1323 858 1425 912 alia
1437 856 1672 927 quadam

101 975 255 1042 signa.
287 945 565 1021 Exercitus
588 960 787 1016 Iuliani
830 958 1056 1012 obsessus
1095 970 1128 1007 a
1155 950 1415 1006 Barbaris.
1444 978 1515 989 —
1539 945 1679 1014 Quid

102 1038 268 1117 autem
297 1067 474 1113 nostra
500 1067 712 1126 quoque
742 1058 899 1105 aetate
924 1046 1043 1119 (a)?
1066 1043 1254 1100 Nonne
1276 1056 1340 1095 ex
1369 1038 1681 1094 fundamen-

104 1158 170 1209 tis
197 1152 400 1222 templi,
426 1147 569 1219 quod
596 1141 943 1215 Jerosolymis
981 1139 1097 1203 fuit,
1127 1136 1263 1206 ignis
1303 1133 1554 1190 exsiliens
1580 1145 1687 1183 au-

104 1248 290 1302 dentes
337 1243 464 1298 illud
504 1240 767 1296 aediﬁcare
794 1230 1162 1303 consumpsit?
1190 1231 1371 1299 sicque
1399 1225 1585 1296 reliqui
1616 1225 1684 1280 ab

103 1338 292 1410 iniquis
318 1333 599 1392 canalibus
626 1330 965 1389 destiterunt,
994 1338 1095 1379 nec
1117 1332 1293 1377 tamen
1323 1320 1391 1375 ab
1414 1316 1685 1386 impietate

100 1447 191 1486 sua
221 1439 382 1498 atque
412 1426 651 1481 caecitate
675 1418 917 1476 conversi
956 1424 1098 1471 sunt.
1127 1415 1335 1482 Quanta
1360 1425 1485 1466 vero
1525 1408 1685 1464 etiam

101 1530 219 1592 post
255 1520 371 1574 haec
399 1517 498 1571 alia
540 1515 676 1569 facta
720 1518 845 1567 sunt
885 1506 1139 1563 miracula
1171 1504 1233 1558 ‘?
1288 1511 1346 1557 ut
1380 1515 1503 1556 cum
1527 1512 1689 1567 super

106 1610 289 1682 templi
326 1605 587 1678 Apollinis
613 1610 810 1659 tectum
840 1599 1037 1654 fulmen
1065 1596 1306 1664 illapsum
1330 1600 1411 1647 est
1439 1609 1453 1646 :
1484 1600 1544 1644 ut
1565 1602 1689 1643 cum

101 1679 268 1771 ipsius
314 1711 570 1767 responsa
606 1691 864 1749 daemonis
907 1685 1184 1744 transferri
1210 1700 1241 1739 a
1268 1697 1395 1753 rege
1418 1679 1683 1750 sepultum

98 1798 245 1866 juxta
294 1807 354 1847 se
382 1798 669 1860 martyrem
714 1783 1120 1853 compulerunt,
1152 1776 1379 1833 dicentis
1404 1789 1462 1829 se
1498 1771 1691 1841 alloqui

106 1885 329 1940 omnino
372 1896 478 1935 non
506 1892 684 1949 posse,
714 1872 965 1946 quamdiu
1006 1870 1299 1940 proximam
1340 1865 1479 1918 illius
1516 1876 1693 1916 arcam

104 1976 311 2030 videret
337 1989 353 2031 :
382 1980 499 2026 erat
528 1982 756 2037 namque
797 1964 991 2019 vicina.
1036 1960 1163 2015 Post
1202 1971 1322 2027 quae
1350 1955 1516 2024 ipsius
1552 1952 1694 2021 regis

102 2064 419 2129 avunculus,
468 2060 556 2132 qui
603 2056 827 2129 profano
855 2062 1054 2109 attactu
1099 2054 1408 2105 consecrata
1435 2045 1544 2099 Deo
1570 2057 1695 2096 vasa

108 2161 507 2217 temeraverat,
553 2148 821 2205 vermibus
868 2156 1060 2199 exesus
1110 2139 1330 2195 interiit.
1377 2132 1698 2203 Prmpositus

110 2260 326 2317 quoque
352 2243 545 2314 regalis
569 2238 743 2295 aerarii
768 2236 837 2291 ob
861 2236 1020 2289 aliam
1045 2273 1059 2298 ,
1090 2244 1249 2301 quam
1281 2224 1532 2281 Ecclesia:
1561 2223 1700 2276 intus

107 2341 272 2403 lerat,
324 2335 571 2405 injuriam
623 2329 829 2386 medius
877 2332 1097 2395 repente
1134 2321 1375 2389 diruptus
1425 2322 1702 2370 est:tunc

107 2430 272 2486 etiam
318 2403 552 2496 regionis
577 2430 787 2477 nostrae.
816 2416 1024 2480 fontes,
1054 2413 1142 2481 qui
1175 2410 1319 2481 prius
1342 2406 1558 2460 ﬂumina
1589 2403 1700 2472 ipsa

104 2534 268 2575 cursu
317 2515 608 2573 inundante
646 2510 963 2573 vincebant,
1006 2503 1183 2559 subito
1228 2502 1279 2554 in
1319 2513 1377 2553 sc
1417 2493 1703 2551 resiliendo

109 2615 385 2683 fugerunt,
414 2620 700 2676 numquam
729 2602 833 2657 hoc
862 2607 987 2653 ante
1014 2591 1273 2666 perpessi,
1300 2590 1400 2644 nisi
1426 2595 1705 2658 postquam

106 2703 226 2757 loca
256 2701 346 2755 illa
390 2714 485 2753 rex
527 2693 802 2751 sacriﬁciis
830 2705 895 2745 ac
924 2685 1156 2742 victimis
1197 2677 1508 2751 inquinavit.
1566 2674 1706 2741 Quid

109 2808 249 2848 vero
275 2792 386 2861 jam
427 2800 719 2843 memorem
764 2782 957 2837 famem
1003 2784 1114 2832 toto
1139 2787 1357 2845 prorsus
1381 2770 1512 2824 orbe
1539 2778 1707 2821 terra-

112 2903 240 2943 rum
283 2900 408 2941 cum
451 2882 615 2951 impio
641 2893 767 2949 rege
793 2875 1139 2937 dominatam,
1183 2869 1321 2940 regis
1360 2866 1627 2922 interitum
1655 2864 1709 2916 in

104 2980 335 3048 regione
365 2977 651 3031 Persarum
679 2986 695 3027 :
724 2978 847 3025 ante
873 2974 1097 3022 mortem
1116 2977 1241 3017 vero
1262 2959 1454 3016 mentis
1474 2968 1709 3010 errorem

108 3047 455 3140 perpessum,
483 3064 775 3120 exercitum
799 3060 851 3113 in
878 3055 1053 3112 medio
1074 3052 1419 3107 barbarorum
1441 3047 1709 3105 relictum,

104 3134 163 3217 et
196 3134 437 3228 undique
484 3156 625 3210 velut
673 3150 903 3223 quodam
953 3154 1064 3201 rete
1090 3141 1417 3203 conclusum,
1483 3134 1712 3190 reditum

105 3269 180 3308 ex
219 3251 330 3306 illis
356 3248 489 3303 locis
524 3243 868 3313 improvisum
894 3248 1052 3307 atque
1075 3230 1401 3288 mirabilem?
1421 3226 1551 3281 Cum
1573 3225 1715 3280 enim

106 3358 251 3413 rege
295 3340 459 3410 impio
509 3332 882 3391 miserabiliter
928 3330 1276 3394 interempto,
1325 3319 1461 3373 alter
1504 3316 1623 3387 pius
1664 3314 1715 3367 in

108 3436 247 3503 ejus
274 3430 622 3487 successisset
664 3422 968 3495 imperium,
997 3418 1218 3472 adversa
1248 3410 1425 3467 omnia
1467 3407 1719 3463 continuo

109 3523 389 3580 dissoluta
420 3529 562 3585 sunt,
592 3525 646 3572 et
673 3514 939 3570 exercitus
967 3509 1057 3580 qui
1101 3506 1245 3560 velut
1280 3504 1333 3557 in
1375 3499 1565 3555 mediis
1608 3501 1722 3551 erat

108 3618 334 3673 retibus
369 3613 657 3675 involutus,
687 3622 782 3662 nec
806 3605 970 3661 ullum
1010 3600 1210 3656 exitum
1236 3592 1518 3665 aliquando
1545 3605 1604 3646 se
1641 3590 1724 3642 in-

112 3718 413 3763 venturum
460 3717 579 3765 esse
626 3698 897 3761 credebat,
943 3692 1038 3747 Dei
1085 3693 1193 3761 jam
1225 3695 1357 3743 nutu
1390 3684 1457 3739 ab
1484 3679 1724 3736 hostibus

110 3804 410 3860 liberatus,
438 3794 583 3849 omni
609 3806 729 3847 cuin
752 3786 1035 3843 securitate
1060 3779 1333 3837 remeavit.
1361 3776 1427 3830 Et
1451 3774 1567 3829 haec
1603 3770 1724 3841 qui-

109 3895 255 3949 dem
289 3904 449 3960 quem
477 3902 581 3941 non
607 3883 817 3937 valeant
844 3878 909 3933 ad
954 3886 1156 3947 partem
1189 3870 1397 3942 pietatis
1421 3863 1727 3924 attrahere?

110 3982 276 4050 Quid
309 3957 439 4033 vero
467 3971 785 4045 prrcscntia?
814 3983 991 4024 nonne
1030 3966 1186 4021 etiam
1218 3962 1384 4018 multo
1409 3957 1730 4013 mirabiliora

108 4044 367 4132 dicenda
414 4044 586 4123 sunt?
622 4078 799 4135 nonne
840 4076 971 4115 crux
1017 4055 1368 4128 prmdicatur,
1392 4059 1447 4105 et
1486 4057 1627 4104 totus
1662 4044 1733 4101 ad

104 4162 473 4224 credendum
500 4157 729 4213 mundus
749 4149 1022 4209 accurrit?
1052 4162 1229 4202 nonne
1256 4159 1402 4199 mors
1428 4140 1736 4212 ignominio-

106 4272 190 4313 sa
241 4252 547 4314 nuntiatur,
586 4258 640 4302 et
663 4258 851 4301 omnes
874 4237 1200 4298 convolant?
1240 4233 1494 4304 numquid
1523 4246 1626 4286 non
1656 4231 1737 4285 in-

113 4343 360 4403 numeri
412 4338 653 4396 crucifixi
699 4335 863 4391 sunt?
902 4329 1157 4401 numquid
1206 4343 1311 4382 non
1359 4326 1464 4380 duo
1505 4324 1737 4378 latrones

107 4454 268 4496 cum
327 4434 553 4489 Domino
596 4424 998 4501 pependerunt?
1027 4420 1279 4491 numquid
1310 4434 1415 4473 non
1453 4416 1606 4471 multi
1649 4429 1740 4469 sa-

112 4526 400 4602 pientes?
446 4521 701 4591 numquid
752 4534 857 4574 non
906 4516 1057 4572 multi
1095 4512 1413 4569 exstiterunt
1455 4507 1740 4579 potentes?

108 4597 305 4690 curius
348 4616 509 4687 igitur
550 4610 836 4683 aliquando
867 4609 945 4664 sic
990 4621 1183 4661 nomen
1226 4601 1580 4660 obtinuit?et
1616 4597 1742 4669 quid

109 4715 272 4770 dico
299 4715 552 4781 potentes
589 4715 750 4774 atque
779 4700 1089 4771 sapientes?
1120 4694 1371 4766 numquid
1402 4708 1507 4749 non
1535 4694 1745 4747 fuerunt

109 4779 313 4874 rcges
333 4797 557 4870 inclyti?
583 4796 703 4866 quis
729 4793 801 4848 ita
830 4790 930 4846 sibi
956 4798 1219 4845 terrarum
1246 4785 1430 4841 orbem
1458 4792 1565 4838 tam
1596 4779 1747 4837 brevi

111 4908 403 4965 tempore
456 4885 797 4960 subjugavit?
842 4884 956 4939 Non
1003 4882 1144 4937 enim
1188 4880 1362 4934 varias
1415 4877 1545 4932 mihi
1589 4883 1749 4945 atque

105 4990 401 5047 diversas
428 4992 667 5050 opponas
698 4977 949 5031 haereses.
978 4972 1174 5029 Omnes
1200 4968 1459 5038 siquidem
1499 4965 1747 5022 eumdem

111 5077 458 5155 pradicant
478 5071 772 5133 Christum,
799 5068 900 5124 etsi
940 5081 1045 5121 non
1083 5079 1268 5121 omnes
1309 5076 1437 5117 sane
1462 5058 1753 5130 praedicent

104 5149 319 5240 atque
346 5165 605 5237 legitime.
650 5160 802 5216 Illum
833 5159 974 5217 enim
1001 5170 1186 5211 omnes
1221 5153 1528 5224 praedicant,
1570 5149 1660 5220 qui
1698 5149 1752 5203 in

106 5262 450 5327 Palaestina
492 5267 671 5319 natus,
702 5263 757 5311 et
782 5266 990 5324 passus,
1022 5250 1110 5320 qui
1140 5247 1330 5305 Pontio
1372 5246 1538 5301 Pilato
1563 5241 1754 5312 dijudi-

99 5366 321 5419 cante
349 5350 639 5410 cruciﬁxus
658 5356 758 5403 est.
787 5346 912 5402 Haec
936 5344 1092 5414 igitur
1107 5348 1316 5408 cuncta,
1337 5353 1457 5410 qure
1481 5334 1752 5407 proposui,

106 5461 349 5508 nonne
374 5443 540 5500 etiam
567 5440 743 5510 majus
780 5436 992 5493 virtutis
1018 5434 1134 5504 ejus
1174 5432 1416 5489 videntur
1442 5429 1637 5484 habere
1660 5425 1758 5482 do-

95 5546 497 5605 cumentum,
527 5547 688 5605 quam
730 5531 821 5589 illa
863 5544 965 5585 vox
1009 5527 1164 5582 allata
1190 5524 1259 5581 de
1285 5522 1458 5579 caelo?
1482 5521 1591 5577 Cur
1611 5519 1756 5577 enim

202 5707 227 5737 ι
286 5708 446 5750 Graeca
468 5699 633 5747 versio
658 5695 802 5753 addit,
827 5700 873 5745 et
894 5690 1015 5743 nihil
1038 5690 1149 5740 inde
1174 5686 1347 5753 literati
1370 5692 1492 5738 siml.

196 5764 308 5833 (α)
329 5760 635 5833 Quidumem
657 5750 818 5833 nostra
835 5768 1015 5833 quoque
1035 5758 1175 5833 ςειᾳις
1196 5750 1220 5802 2’
1243 5759 1351 5833 ξμὲισ
1371 5762 1480 5833 (δυίὲ
1502 5753 1757 5833 sitiakzetate

82 5856 147 5891 ς(
160 5855 177 5885 τ
190 5806 652 5889 ἶιῖἷεξιέῖὦιῗίιέὶυδ
672 5816 824 5869 refert
838 5806 1072 5881 éhtj'sost.
1100 5813 1221 5867 infra
1246 5813 1366 5862 libro
1385 5806 1433 5861 in
1454 5818 1498 5860 S.
1520 5806 1753 5872 Babylam.

3244 379 3275 433 4
3286 377 3351 433 150

1783 488 1960 544 nullus
1984 503 2166 560 regum
2200 488 2272 544 ita
2321 491 2466 555 vicit,
2492 498 2547 545 ut
2591 490 2677 546 hic
2717 492 3005 562 superavit,
3034 492 3193 563 idque
3230 509 3352 552 cum

1776 579 2055 635 innumera
2098 595 2161 635 ex
2202 580 2427 637 adverso
2452 582 2825 651 impedimenta
2853 588 3186 657 pugnarent?
3221 586 3352 643 Nam

1780 682 1835 729 et
1854 688 2005 743 reges
2028 683 2212 727 contra
2248 673 2598 744 'Evangelium
2645 678 2863 745 prtuliati
2891 688 3033 743 sunt,
3065 690 3118 734 et
3146 682 3354 751 tyranni

1781 763 1920 819 bella
1959 773 2259 851 gesserunt,
2306 773 2361 819 et
2399 765 2577 835 populi
2610 784 2796 824 omnes
2843 769 3262 836 insurrexerunt,
3302 781 3356 827 et

1782 862 1963 908 nostra
2007 868 2174 924 usque
2215 853 2349 910 adeo
2387 857 2563 910 attrita
2602 872 2707 912 non
2750 868 2889 924 sunt,
2937 869 2993 915 ut
3022 860 3144 917 inde
3170 863 3359 919 ﬁerent

1783 946 2031 1003 clariora.

1858 1038 2001 1109 Magi
2024 1055 2203 1094 nomen
2244 1039 2442 1097 Christo
2466 1042 2732 1111 objeclum.
2762 1041 3015 1114 Reliquias
3058 1044 3360 1100 Sanctorum

1787 1130 1959 1185 timent
1997 1132 2267 1189 daemones.
2302 1163 2372 1173 —
2398 1132 2547 1189 Unde
2595 1134 2752 1205 igitur
2800 1135 2914 1191 haae
2962 1146 3103 1191 tanta
3148 1146 3362 1208 tamque

1788 1220 2111 1276 admirabilis
2158 1223 2365 1277 virtus?
2405 1223 2584 1293 Magus
2629 1226 2830 1281 scilicet
2855 1228 3002 1282 erat?
3038 1228 3193 1284 Solus
3234 1244 3364 1299 ergo

1792 1312 1892 1366 iste
1919 1326 2103 1382 magus
2146 1322 2252 1367 tam
2284 1323 2472 1383 potens
2500 1314 2637 1369 fuit?
2673 1317 2907 1371 Audistis
2946 1334 3135 1388 nempe
3160 1320 3279 1390 quia
3309 1328 3364 1375 et

1791 1402 1931 1472 apud
1960 1403 2150 1458 Persas
2190 1404 2327 1473 magi
2357 1414 2411 1459 et
2438 1405 2576 1474 apud
2620 1405 2777 1462 ludos
2808 1410 3127 1478 exstiterint,
3158 1414 3365 1483 sintque

1792 1496 1952 1549 etiam
1990 1495 2148 1551 modo
2177 1496 2312 1552 :sed
2353 1513 2419 1552 ne
2446 1513 2638 1553 nomen
2663 1500 2873 1570 quidem
2918 1518 3100 1557 eorum
3142 1520 3362 1575 usquam

1794 1598 1966 1642 sonat.
1990 1587 2055 1643 Et
2083 1588 2172 1645 ille
2202 1590 2410 1659 quidem
2438 1606 2505 1646 ex
2532 1591 2831 1663 Tyanorum
2861 1596 2989 1651 urbe
3012 1595 3084 1666 (α)
3117 1598 3364 1669 deceptor

1795 1694 1859 1734 ac
1885 1680 2155 1734 maleﬁcus
2182 1682 2358 1751 aliquo
2385 1682 2483 1737 loci
2527 1686 2804 1753 apparuit,
2837 1702 2899 1741 ac
2928 1687 3073 1744 brevi
3099 1690 3369 1761 aliquanto

1800 1779 2037 1840 tempore
2083 1772 2135 1826 in
2162 1773 2346 1843 exigua
2379 1782 2527 1843 parte
2556 1776 2698 1831 orbis
2723 1778 2928 1833 refulsit
2960 1796 2975 1841 ;
3006 1780 3098 1836 sed
3124 1783 3371 1841 celeriter

1799 1866 2091 1918 exstinctus
2128 1873 2284 1935 atque
2311 1866 2513 1921 deletus
2542 1876 2641 1931 est,
2673 1870 2761 1939 qui
2802 1885 2907 1924 non
2938 1871 3226 1927 Ecclesium
3252 1889 3370 1929 om-

1801 1952 1948 2019 nino,
1981 1969 2085 2007 non
2113 1955 2384 2024 populum,
2416 1973 2522 2011 non
2548 1959 2743 2028 aliquid
2772 1959 2959 2015 horum
2992 1962 3224 2032 reliquit.
3267 1964 3373 2019 Sed

1802 2045 1927 2113 quid
1969 2045 2090 2100 dico
2132 2063 2315 2117 magos
2341 2058 2500 2119 atque
2525 2051 2793 2107 maleﬁcos
2822 2056 3154 2110 exstinctos?
3195 2058 3334 2112 unde
3355 2097 3374 2123 ,

1803 2153 2004 2207 quaeso,
2049 2140 2285 2193 omnium
2327 2140 2548 2195 deorum
2595 2144 2786 2212 templa
2834 2147 3089 2201 exstincta
3137 2156 3279 2215 sunt,
3322 2159 3378 2203 et

1807 2228 2121 2295 Dodonwus,
2147 2239 2199 2284 et
2223 2231 2442 2297 Clarius,
2470 2240 2524 2287 et
2552 2248 2736 2289 omnes
2762 2235 2875 2291 ista:
2903 2237 3230 2306 profanitatis
3254 2240 3377 2296 offi-

1805 2320 1941 2375 cium
1966 2321 2142 2387 silent,
2182 2337 2245 2376 ac
2271 2324 2481 2392 penitus
2523 2326 2807 2382 obstructae
2836 2330 3000 2383 sunt?
3032 2330 3180 2387 Unde
3224 2334 3379 2403 igitur

1808 2430 1912 2468 non
1945 2414 2085 2468 hunc
2114 2416 2283 2471 solum
2309 2417 2638 2484 cruciﬁxum,
2666 2419 2759 2474 sed
2789 2421 2946 2475 etiam
2970 2439 3065 2492 pro
3096 2423 3211 2493 ipso
3236 2427 3379 2480 occi-

1808 2520 1987 2560 sorum
2040 2505 2243 2561 favillas
2293 2506 2561 2563 daemones
2609 2512 3063 2567 contremiscunt?
3110 2514 3260 2584 cujus
3306 2516 3383 2570 rei

1808 2597 1971 2665 gratia
2003 2596 2189 2650 saltem
2220 2613 2409 2653 nomen
2438 2599 2711 2655 audientes
2741 2603 2933 2669 crucis,
2967 2604 3019 2657 in
3049 2605 3221 2675 fugam
3250 2607 3385 2661 resi-

1810 2688 1986 2741 liunt?
2014 2704 2132 2741 cum
2161 2700 2303 2743 certe
2332 2689 2375 2741 si
2417 2704 2477 2744 se
2519 2704 2605 2745 res
2631 2691 2846 2747 haberet
2872 2694 3044 2759 aliter,
3086 2696 3253 2766 magis
3295 2713 3388 2751 eos

1812 2787 2081 2848 oporteret
2130 2780 2348 2834 irridere
2376 2795 2531 2849 quam
2563 2780 2762 2851 fugere.
2798 2785 2879 2837 An
2923 2783 3059 2838 forte
3108 2800 3237 2840 crux
3264 2787 3389 2855 quid

1814 2871 2011 2924 clarum
2062 2870 2289 2936 videtur,
2339 2887 2402 2926 ac
2434 2871 2653 2927 nobile?
2695 2874 2807 2928 lino
2833 2877 3174 2943 econtrario,
3227 2877 3392 2946 turpis

1815 2970 1869 3017 et
1896 2962 2277 3033 cxprohrabilis
2323 2977 2487 3018 mors.
2540 2963 2639 3019 Est
2686 2966 2827 3020 enim
2872 2968 3051 3038 utique
3103 2977 3157 3023 et
3207 2984 3391 3040 ptena-

1816 3052 1882 3106 lis
1929 3068 2094 3119 mors,
2152 3064 2204 3108 et
2246 3053 2461 3108 omnino
2521 3056 2828 3121 teterrima,
2885 3065 2940 3112 et
2992 3059 3131 3128 apud
3182 3059 3395 3114 Judzeos

1818 3142 2133 3209 maledicta,
2186 3150 2240 3197 et
2313 3144 2452 3198 inter
2518 3146 2745 3215 gentiles
2803 3148 3173 3203 abominanda.
3245 3150 3396 3205 Unde

1820 3233 1979 3303 igitur
2030 3233 2170 3287 illam
2222 3233 2493 3289 daemones
2538 3236 2923 3302 reformidant,
2989 3240 3086 3293 nisi
3149 3240 3217 3294 de
3287 3241 3395 3292 vir~

1824 3334 1934 3379 tute
1975 3325 2252 3379 crucifixi?
2278 3325 2332 3380 Si
2377 3326 2518 3381 enim
2548 3326 2690 3380 illam
2717 3343 2811 3397 per
2855 3330 3081 3397 seipsam
3127 3330 3395 3395 timerent,

1823 3432 2140 3486 quamquam
2167 3425 2223 3472 et
2252 3418 2352 3471 hoc
2381 3416 2550 3485 ipsum
2580 3416 2683 3471 diis
2707 3428 2849 3473 esset
2875 3419 3143 3488 indignum
3178 3436 3190 3472 :
3223 3429 3396 3474 tamen

1824 3518 1879 3564 et
1906 3518 2030 3565 ante
2057 3510 2225 3577 illum,
2257 3519 2311 3565 ct
2338 3519 2457 3579 post
2483 3510 2627 3564 illum
2655 3511 2891 3581 plerique
2919 3510 3154 3566 cruciﬁxi
3180 3521 3322 3579 sunt,
3346 3521 3401 3567 et

1825 3618 1945 3659 cum
1973 3605 2090 3674 ipso
2118 3606 2280 3659 etiam
2319 3604 2444 3660 duo.
2488 3605 2622 3671 Quid
2670 3605 2826 3676 igitur
2848 3646 2863 3672 ,
2892 3606 2935 3659 si
2978 3606 3188 3660 invocat
3213 3606 3406 3675 aliquis

1828 3710 2022 3750 nomen
2046 3697 2294 3762 latronis,
2319 3697 2400 3752 vel
2426 3697 2643 3751 alterius
2671 3696 2980 3766 cujusquam
3010 3697 3269 3761 cruciﬁxi,
3293 3697 3405 3750 dac-

1829 3804 2028 3844 monne
2056 3789 2193 3844 forte
2223 3790 2430 3844 timebit
2462 3804 2523 3843 ac
2554 3789 2752 3859 fugiet?
2777 3788 3142 3859 Nequaquam,
3170 3789 3408 3859 quinimo

1832 3880 2045 3936 ridebit.
2071 3880 2127 3935 Si
2156 3895 2284 3935 vero
2304 3880 2483 3935 Jesum
2512 3880 2781 3933 addideris
2808 3879 3158 3944 Nazarenum,
3183 3880 3326 3934 velut
3343 3880 3411 3933 ab

1834 3974 1954 4044 igne
1984 3982 2202 4044 repente
2226 3972 2520 4042 diﬂ'ugient.
2548 3971 2682 4037 Quid
2710 3972 2868 4041 igitur
2895 3972 3011 4026 ais?
3041 3971 3179 4025 unde
3204 3986 3412 4042 prazva-

1836 4066 1965 4120 luit?
1991 4066 2121 4133 Quia
2143 4108 2161 4136 ,
2208 4065 2382 4133 inquis
2405 4106 2420 4129 ,
2465 4064 2712 4118 seductor
2757 4062 2871 4116 fuit.
2911 4065 2977 4117 At
3020 4078 3125 4116 non
3156 4062 3271 4117 haec
3298 4062 3414 4131 ejus

1839 4166 2102 4227 prmcepta
2131 4156 2439 4225 loquuntur.
2475 4154 2675 4207 Deinde
2694 4153 2941 4223 quoniam
2965 4154 3271 4208 seductores
3296 4152 3414 4207 fue—

1840 4256 1964 4303 runt
1992 4247 2163 4313 multi,
2191 4256 2246 4301 et
2273 4257 2446 4299 tamen
2474 4244 2648 4298 nullus
2677 4243 2923 4297 obtinuit.
2952 4243 3055 4299 Sed
3083 4242 3202 4312 quia
3229 4258 3417 4312 magus

1841 4341 1977 4396 fuit?
2010 4340 2206 4395 Verum
2242 4338 2398 4408 longe
2438 4336 2577 4391 aliud
2612 4336 2727 4406 ejus
2760 4336 3004 4406 dogmata
3033 4343 3417 4390 contestantur.

1844 4432 1948 4488 Sed
1970 4440 2025 4488 et
2061 4445 2332 4501 magorum
2372 4430 2534 4483 multa
2562 4443 2703 4498 saepe
2738 4427 2836 4482 fuit
2860 4429 3045 4496 copia,
3076 4426 3152 4499 (ὁ)
3180 4425 3313 4499 [nec
3344 4436 3413 4481 ta-

1845 4542 1968 4582 men
1996 4525 2163 4579 ullum
2193 4521 2493 4591 hujusmodi
2523 4522 2770 4590 potentia:
2796 4536 2991 4597 nomen
3028 4519 3262 4574 auditum
3292 4518 3420 4591 est].

1848 4617 1955 4674 Sed
1984 4617 2106 4687 quia
2131 4616 2343 4685 sapiens
2373 4612 2514 4668 fuit?
2540 4615 2607 4666 At
2632 4613 2781 4666 multi
2813 4610 3025 4665 fuerunt
3050 4626 3193 4679 saepe
3215 4610 3425 4679 sapien-

1849 4717 1950 4765 tes.
1978 4708 2106 4777 Quis
2144 4708 2321 4777 itaque
2356 4705 2601 4760 similiter
2633 4704 2925 4759 obtinuisse
2965 4701 3207 4757 dicetur?
3242 4700 3428 4756 Nullus

1850 4800 1991 4856 enim
2019 4798 2304 4867 aliquando
2340 4797 2524 4850 saltem
2564 4811 2628 4850 ex
2654 4803 2805 4864 parte
2829 4794 2999 4863 aliqua
3032 4794 3154 4848 huic
3178 4793 3429 4863 potentias

1851 4890 2309 4963 apprOpinquavit.
2333 4887 2489 4944 Unde
2507 4886 2708 4957 liquido
2734 4894 2895 4955 patet,
2917 4886 3167 4957 quoniam
3183 4884 3430 4939 Christus

1853 5001 1959 5040 non
1987 4984 2143 5038 fuerit
2173 4996 2359 5052 magus
2384 5022 2397 5046 ,
2420 4995 2528 5034 non
2555 4979 2803 5035 seductor
2821 5021 2836 5047 ,
2868 4978 2961 5034 sed
2991 4981 3080 5049 qui
3106 4995 3137 5034 e
3163 4978 3432 5033 contrario

1856 5078 2045 5133 horum
2073 5076 2274 5131 exstitit
2302 5072 2630 5135 emendator,
2663 5081 2717 5126 et
2743 5087 2867 5127 vere
2894 5071 3073 5127 divina
3098 5071 3265 5124 virtus
3288 5111 3305 5137 ,
3333 5082 3433 5123 nec

1857 5169 1948 5223 ulli
1976 5167 2194 5222 omnino
2220 5163 2538 5235 superabilis
2558 5205 2573 5229 ,
2604 5162 2803 5218 idcirco
2828 5171 2882 5217 et
2915 5162 3028 5231 ipse
3053 5169 3240 5216 cuncta
3268 5159 3392 5213 vicit
3416 5199 3432 5225 ,

1859 5271 2018 5330 atque
2042 5258 2360 5329 perdomuit,
2390 5265 2442 5312 et
2467 5256 2631 5311 Paulo
2659 5255 3002 5311 tentoriorum
3033 5253 3204 5323 opifici
3235 5261 3434 5305 tantam

1862 5351 2033 5422 potuit
2056 5350 2314 5419 inspirare
2342 5348 2615 5411 virtutem,
2648 5355 2897 5417 quantam
2931 5346 3043 5414 ipse
3070 5358 3245 5398 rerum
3275 5348 3436 5395 testa-

1864 5452 1948 5498 tur
1976 5428 2214 5497 eﬁ'ectus.
2243 5439 2415 5495 llomo
2439 5437 2635 5495 etenim
2674 5436 2919 5508 ignobilis
2938 5476 2953 5502 ,
2985 5433 3221 5501 abiectus
3251 5439 3305 5487 et
3329 5432 3438 5485 cir-

1863 5534 2253 5598 cumforaneus,
2283 5532 2371 5602 qui
2392 5539 2559 5587 artem
2581 5528 2861 5585 exercebat
2886 5527 2938 5580 in
2958 5524 3204 5594 pellibus,
3234 5524 3286 5579 in
3320 5532 3438 5578 tan-

1868 5636 1983 5682 tum
2004 5626 2195 5679 virtute
2224 5637 2533 5693 progressus
2573 5630 2693 5688 est,
2726 5628 2783 5674 ut
2809 5618 2897 5672 vix
2937 5616 3148 5685 triginta
3178 5629 3437 5673 annorum

1932 5738 2004 5799 (α)
2041 5736 2310 5800 Apollonius
2324 5742 2567 5800 _1'ya_neus.

1940 5791 2008 5864 '(b')
2042 5791 2153 5861 Qua:
2176 5791 2664 5849 uncinis'clauduntur
2682 5791 2856 5844 desunt
2878 5792 2926 5842 in
2944 5792 3128 5843 Graeco.

3313 5876 3353 5889 αθ
