3892 6294
485 327 579 381 491

428 422 431 427 ’
488 436 662 507 spatio
685 444 740 492 et
763 435 1066 499 Romanos,
1094 438 1148 487 ct
1174 430 1388 495 Persas,
1416 434 1471 482 et
1507 424 1755 491 Parthos,
1785 432 1840 478 et
1863 419 2065 484 Medos,

486 539 543 583 et.
569 526 746 593 ludos,
769 534 824 583 et
850 523 1096 597 Scythas,
1123 531 1178 577 et
1204 518 1487 588 jEthiopes
1506 557 1522 583 ,
1549 523 1605 575 et
1627 514 1989 581 Sauromatas,
2014 519 2071 565 et

486 620 800 686 Saracenos,
827 628 880 675 et
916 631 1077 675 omne
1113 627 1330 685 prorsus
1358 612 1645 666 humanum
1673 621 1841 679 genus
1862 605 1962 662 sub
1985 604 2075 674 ju-.

485 725 610 779 gum
632 709 863 763 mitteret
881 706 1141 762 veritatis.
1166 694 1453 772 Responde
1474 700 1651 770 igitur,
1675 696 1816 754 unde
1835 696 1935 750 iste
1954 693 2069 765 opi—

489 805 573 856 [ex
604 800 722 855 vilis
750 815 811 854 ac
840 798 1079 868 publicus
1104 805 1251 853 stans
1278 796 1330 849 in
1369 794 1488 848 loco
1516 791 1648 846 artis
1668 806 1778 846 suae
1797 831 1812 856 ,
1842 803 1906 843 ac
1925 788 2066 843 scal-

488 891 687 959 pellum
714 874 767 943 in
796 903 956 943 manu
983 902 1196 956 gerens,
1219 886 1291 940 ita
1320 894 1375 941 et
1394 884 1506 954 ipse
1533 880 1936 952 philosophatus
1960 878 2065 946 sit,

485 988 540 1034 et
563 979 695 1034 alios
722 978 963 1034 docuerit
991 974 1356 1048 pliilOSOphari
1376 1016 1391 1043 ,
1422 982 1607 1045 gentes
1637 972 1879 1036 scilicet,
1907 970 2069 1027 urbes

486 1081 645 1142 atque
670 1071 935 1141 regiones,
967 1068 1194 1124 maxime
1220 1065 1497 1136 imperitus
1523 1080 1624 1120 nec
1652 1064 1758 1119 vim
1788 1064 1842 1117 in
1871 1077 1929 1117 se
1955 1076 2070 1116 ser-

487 1164 662 1219 monis
682 1162 1015 1219 ostendens?
1054 1160 1190 1214 Audi
1217 1160 1360 1214 enim
1387 1158 1558 1226 ipsum
1594 1157 1929 1227 loquentem:
1952 1151 2069 1207 Etsi

486 1257 744 1327 imperitus
772 1270 998 1309 sermone
1020 1252 1105 1325 (2.
1139 1252 1256 1307 Cor.
1289 1253 1375 1307 ll.
1401 1250 1494 1321 6).
1532 1249 1643 1305 Nec
1673 1248 1921 1319 pecunias
1947 1261 2069 1317 pos-

488 1349 668 1405 sidens
703 1365 717 1403 :
764 1363 884 1402 nam
929 1347 1033 1404 hoc
1076 1360 1288 1417 quoque
1334 1345 1450 1412 ipse
1496 1351 1757 1398 testatur:
1792 1340 1961 1412 Usque
2001 1339 2069 1393 ad

489 1442 618 1494 hanc
637 1483 653 1508 ,
685 1440 887 1510 inquit,
919 1439 1099 1493 horam
1125 1447 1171 1491 et
1209 1439 1487 1501 esurimus,
1520 1443 1566 1488 et
1593 1435 1789 1488 sitimus
1813 1473 1828 1497 ,
1861 1441 1908 1487 et
1945 1430 2070 1485 nudi

488 1548 658 1585 sumus
681 1572 697 1597 ,
725 1540 770 1585 et
808 1530 1036 1600 colaphis
1063 1528 1305 1584 caedimur
1336 1526 1425 1599 (1.
1460 1525 1578 1580 Cor.
1609 1527 1665 1580 4.
1695 1525 1754 1579 11
1779 1523 1821 1595 ).
1850 1522 1919 1577 Et
1944 1521 2068 1592 quid

488 1620 608 1675 dico
635 1621 911 1692 pecunias,
939 1634 1060 1693 cum
1092 1618 1181 1673 ille
1209 1632 1351 1687 saepe
1375 1631 1445 1673 ne
1472 1614 1828 1671 necessarium
1856 1606 2085 1683 quidem‘

490 1710 708 1765 haberet
728 1710 903 1766 cibum
925 1751 940 1777 ,
975 1723 1075 1764 nec
1093 1723 1197 1779 quo
1218 1722 1277 1762 se
1302 1705 1659 1762 circumdaret
1682 1705 2066 1759 indumentum.

390 1790 403 1797 ”
486 1801 618 1869 Quia
642 1817 768 1857 vero
798 1816 896 1856 nec
917 1799 988 1857 de
1017 1798 1346 1872 professione
1378 1798 1555 1853 clarus
1587 1794 1768 1861 fuerit,
1799 1795 1964 1864 ipsius
1989 1792 2070 1849 di-

485 1892 722 1962 scipulus
765 1892 1033 1959 ostendit,
1071 1891 1255 1947 dicens
1297 1907 1311 1944 :
1359 1889 1613 1957 Quoniam
1654 1887 1885 1941 manebat
1926 1885 2067 1955 apud

489 1983 727 2054 Aquilam
765 1991 811 2036 et
851 1981 1178 2048 Priscillam,
1213 1990 1476 2051 propterea
1520 1979 1655 2049 quod
1693 1977 1920 2048 ejusdem
1946 1978 2071 2031 artis

483 2081 643 2126 essent
680 2088 700 2127 :
740 2080 881 2126 erant
916 2073 1049 2126 enim
1089 2070 1462 2142 scenofactoriaz
1502 2069 1626 2124 artis
1655 2068 1805 2140 (Act.
1850 2067 1940 2124 18.
1972 2068 2065 2136 5).

481 2163 596 2219 Non
622 2164 825 2236 igitura
846 2164 1060 2236 proavis
1080 2163 1292 2230 nobilis,
1320 2163 1515 2234 quippe
1530 2163 1619 2234 qui
1641 2171 1747 2217 tam
1769 2162 1887 2217 vilis
1908 2160 2070 2217 fuisse

479 2255 610 2309 artis
630 2253 924 2309 ostenditur
947 2272 959 2307 :
983 2270 1089 2309 non
1110 2268 1137 2306 a
1160 2253 1349 2324 patria,
1371 2267 1476 2307 non
1492 2267 1522 2306 a
1542 2260 1721 2321 gente,
1743 2261 1916 2306 tamen
1937 2265 2068 2320 pro-

481 2361 701 2417 gressus
729 2348 782 2401 in
814 2347 1045 2402 medium
1070 2388 1085 2411 ,
1111 2360 1174 2401 ac
1200 2344 1565 2401 tantummodo
1603 2358 1863 2414 apparens
1891 2341 2068 2397 inimi-

481 2453 666 2492 corum
687 2447 875 2492 euncta
903 2437 1152 2501 turbavit,
1188 2436 1432 2491 universa
1462 2435 1700 2490 confudit
1726 2451 1740 2487 :
1771 2442 1825 2489 et
1853 2435 1987 2489 sicut
2009 2435 2063 2489 in

482 2529 706 2598 stipulas
735 2538 826 2584 aut
855 2529 908 2583 in
939 2527 1138 2583 {mnum
1169 2528 1304 2598 ignis
1333 2527 1624 2593 immissus,
1657 2526 1834 2580 omnia
1860 2524 2062 2580 daemo-

482 2635 607 2672 num
635 2634 795 2688 opera
836 2618 1183 2688 consumpsit,
1220 2625 1378 2688 atque
1407 2617 1458 2671 in
1485 2615 1625 2686 quod
1655 2614 1854 2681 voluit,
1888 2614 2065 2669 omnia
2108 2636 2113 2639 -

480 2711 763 2767 convertit.
792 2710 972 2781 Neque
998 2724 1127 2765 vero
1154 2710 1255 2764 hoc
1280 2708 1450 2764 solum
1479 2708 1827 2762 admiratione
1848 2705 2064 2775 dignum

480 2814 584 2868 est,
605 2800 747 2872 quod
765 2811 959 2856 tantam
982 2801 1269 2872 potentiam
1291 2799 1411 2854 talis
1430 2798 1656 2854 obtinuit
1675 2817 1688 2854 :
1707 2798 2064 2868 scd'quoniam

480 2894 859 2964 discipulorum
880 2909 1090 2964 quoque
1120 2893 1262 2948 illius
1285 2892 1491 2963 plurimi
1514 2907 1791 2962 pauperes,
1811 2893 2062 2963 imperiti,

480 3004 544 3042 ac
573 2989 733 3043 totius
766 2998 918 3043 erant
958 2986 1268 3043 eruditionis
1302 2987 1575 3053 extranei,
1607 2987 1658 3040 in
1689 2985 1827 3041 fatue
1855 2994 1909 3041 et
1943 3002 2066 3057 ege-

479 3088 615 3134 state
640 3079 902 3145 viventes,
938 3079 1213 3148 ignobiles,
1237 3092 1301 3133 ac
1324 3076 1393 3132 de
1418 3077 1734 3147 ignobilibus
1760 3078 2022 3148 procreati
2046 3095 2063 3134 :

480 3169 621 3236 quod
652 3178 799 3225 certe
828 3170 986 3224 etiam
1022 3170 1134 3239 ipse
1162 3168 1486 3239 praedicavit,
1519 3184 1620 3224 nec
1643 3170 1854 3225 erubuit
1877 3184 2061 3225 eorum

477 3276 900 3315 commemorare
928 3262 1231 3331 pauperiem
1251 3303 1266 3328 ,
1297 3261 1404 3315 imo
1430 3276 1499 3316 ne
1523 3263 1823 3317 necessaria
1847 3263 2062 3332 quidem

480 3365 665 3405 eurum
696 3350 856 3404 victui
888 3351 1176 3420 postulare.
1207 3350 1532 3420 I’roﬁciscar,
1564 3350 1754 3422 inquit,
1779 3350 2063 3408 Jerusalem

481 3445 762 3500 ministrare
785 3445 972 3499 sanctis
997 3443 1178 3516 (Rom.
1207 3444 1294 3500 l5.
1336 3444 1464 3515 25).
1497 3445 1565 3501 Et
1604 3460 1790 3501 rursus
1820 3463 1834 3498 :
1867 3445 2064 3501 Secun-

479 3536 602 3589 dum
640 3551 793 3589 unam
820 3533 1010 3589 sabbati
1038 3536 1379 3605 unusquisque
1404 3544 1623 3590 vestrum
1648 3546 1895 3605 reponat,
1926 3538 2061 3608 quod

476 3634 523 3687 ei
549 3634 669 3686 bene
693 3630 954 3701 placuerit,
983 3641 1161 3686 utnon
1185 3648 1300 3686 cum
1323 3645 1519 3697 venero,
1548 3640 1667 3685 tunc
1689 3628 1911 3685 collectae
1933 3632 2060 3700 ﬁant

480 3725 571 3792 (1.
604 3722 720 3778 Cor.
753 3722 840 3779 16.
871 3722 964 3795 2).
1006 3722 1138 3789 Quia
1178 3736 1307 3777 vero
1349 3721 1531 3793 plures
1571 3720 1952 3793 discipulorum
1993 3737 2060 3777 ex

480 3817 848 3888 imperitorum
880 3830 1105 3870 numero
1141 3820 1468 3881 constarent,
1499 3812 1567 3867 ad
1593 3811 1897 3869 Corinthios
1925 3814 2060 3869 scri-

480 3907 609 3963 bens
629 3949 644 3973 ,
682 3909 754 3962 ait
785 3924 798 3961 :
839 3906 1012 3960 Videte
1053 3906 1362 3960 vocationem
1399 3913 1648 3973 vestram,
1677 3905 1914 3974 quoniam
1959 3922 2061 3960 non

482 4000 627 4053 multi
652 3999 899 4068 sapientes
937 3995 1211 4051 secundum
1238 4010 1458 4062 carnem,
1486 4011 1588 4050 non
1624 3996 1769 4050 multi
1812 4004 2056 4068 potentes,

480 4108 578 4144 non
605 4089 747 4143 multi
764 4087 988 4160 nobilcs(
1010 4087 1064 4142 1.
1085 4085 1200 4141 Cor.
1227 4087 1278 4141 1.
1300 4085 1370 4142 26
1387 4087 1407 4159 )
1427 4103 1442 4153 ;
1466 4087 1558 4143 sed
1577 4098 1630 4143 et
1650 4088 1803 4144 valde
1821 4089 2055 4157 obscuri,

480 4183 684 4237 etviles
726 4181 958 4236 fuerunt.
1009 4175 1147 4230 Nam
1187 4179 1396 4249 inﬁrma
1437 4179 1646 4246 mundi,
1683 4179 1887 4251 inquit,
1914 4181 2062 4253 elegit

483 4274 637 4335 Deus.
665 4283 711 4328 et
738 4288 847 4342 qua:
874 4287 972 4324 non
997 4281 1133 4337 sunt,
1162 4280 1219 4325 ut
1241 4287 1299 4325 ea
1317 4287 1432 4343 quae
1448 4281 1563 4326 sunt
1588 4272 1858 4328 destrueret
1878 4274 1898 4344 (
1922 4272 2058 4329 Ibid.

488 4381 534 4418 v.
564 4363 653 4415 27.
683 4361 814 4433 28).
846 4362 917 4415 At
946 4360 1140 4415 nobilis
1159 4402 1174 4426 ,
1196 4370 1251 4415 et
1277 4362 1517 4418 eruditus
1540 4373 1653 4418 erat
1680 4362 1816 4420 forte
1845 4379 2063 4435 persua-

442 4526 453 4529 ἦ
481 4472 572 4509 sor
598 4455 656 4507 i?
680 4453 789 4508 Nec
816 4451 958 4508 istud
984 4452 1197 4522 quidem
1222 4470 1238 4517 ;
1266 4468 1388 4507 nam
1427 4452 1529 4509 hoc
1554 4470 1765 4526 quoque
1793 4457 1905 4526 ipse
1933 4473 2063 4513 con-

454 4530 730 4615 ‘tirmavit,
762 4546 945 4603 dicens
974 4564 987 4599 :
1020 4545 1084 4600 Et
1104 4561 1195 4617 ego
1227 4547 1336 4600 veni
1364 4547 1432 4600 ad
1454 4563 1541 4601 vos
1560 4564 1662 4601 non
1681 4548 1734 4602 in
1759 4549 2063 4605 sublimitate

480 4639 722 4691 sermonis
742 4681 756 4703 ,
785 4647 872 4691 aut
909 4637 1201 4708 sapientiae,
1237 4637 1544 4692 annuntians
1570 4637 1705 4692 vobis
1730 4640 2067 4695 testimonium

483 4730 689 4784 Christi.
726 4728 849 4783 Non
878 4730 1010 4783 enim
1031 4730 1263 4801 judican
1299 4745 1380 4783 me
1418 4729 1545 4783 scire
1574 4729 1766 4800 aliquid
1792 4730 1921 4785 inter
1953 4747 2067 4800 vos,

483 4823 581 4877 nisi
616 4821 795 4876 Iesum
831 4820 1124 4888 Christum,
1167 4832 1215 4877 et
1261 4821 1391 4875 hunc
1436 4821 1754 4890 cruciﬁxum.
1798 4821 1865 4878 Et
1900 4840 2062 4879 sermo

485 4933 644 4981 naeus,
666 4925 712 4970 et
733 4915 1024 4986 praedicatio
1049 4932 1178 4981 mea,
1204 4931 1304 4970 non
1321 4915 1371 4969 in
1386 4913 1790 4984 persuasibilibus
1804 4918 2066 4986 sapientia:

483 5009 639 5065 verbis
689 5001 777 5075 (1.
817 5002 940 5060 Cor.
980 5006 1035 5061 2.
1074 5009 1145 5070 ⁸1.
1173 5007 1227 5062 2.
1250 5007 1475 5078 4).‘Sed
1501 5022 1658 5063 causa
1680 5010 1928 5065 nimirum
1951 5011 2063 5082 ipsa

483 5099 871 5171 praedicationis
892 5108 1006 5155 erat
1030 5099 1221 5155 idonea
1244 5141 1261 5165 ,
1293 5114 1410 5169 qua:
1437 5097 1502 5153 ad
1531 5112 1591 5154 se
1614 5101 1947 5169 pertraheret
1969 5116 2065 5155 au-

481 5193 707 5248 dientes.
737 5191 933 5261 Aecipe
972 5190 1098 5261 quid
1140 5191 1300 5246 etiam
1340 5204 1503 5259 super
1541 5189 1642 5245 hac
1683 5205 1742 5246 re
1787 5190 1900 5261 ipse
1942 5207 2064 5261 pro—

485 5284 711 5340 nuntiet.
738 5282 1008 5351 Quoniam,
1033 5282 1222 5353 inquit,
1247 5280 1419 5336 Judtei
1444 5281 1589 5353 signa
1610 5292 1801 5353 petunt,
1827 5293 1873 5338 et
1899 5282 2063 5339 Graeci

480 5380 783 5444 sapientiam
808 5385 1036 5448 quierunt
1061 5392 1082 5431 :
1114 5391 1205 5430 nos
1231 5384 1400 5429 autem
1433 5374 1768 5446 prmdicamus
1806 5374 2063 5431 Christum

480 5473 777 5542 cruciﬁxum
799 5512 815 5534 .
844 5469 1043 5527 J-udwis
1078 5468 1281 5543 quidem
1316 5467 1646 5533 scandalum,
1680 5466 1870 5523 ercis
1896 5478 2064 5522 autem

480 5567 743 5621 stultitiam
781 5560 866 5633 (l.
926 5557 1052 5617 Cor.
1100 5564 1154 5619 l.
1175 5561 1265 5617 22.
1293 5560 1410 5632 25).
1444 5560 1551 5617 Sed
1577 5560 1884 5627 securitate,
1913 5575 1974 5615 ac
1998 5559 2063 5615 li-

545 5679 559 5709 ί
596 5684 766 5733 t‘.r:ec.,
801 5681 855 5724 Αι
875 5674 1025 5739 idiota
1047 5672 1243 5739 quidem
1263 5676 1310 5726 et
1333 5670 1621 5735 ineruditus,
1661 5669 1747 5723 sed
1776 5670 1842 5722 ad
1866 5683 2064 5735 persua-

482 5737 697 5790 dendum
713 5743 852 5798 aptus
868 5734 896 5787 .’

1192 316 1251 373 S.
1291 312 1571 373 JOANNIS
1606 304 2091 368 CHRYSOSTOII
2125 303 2446 362 ARCHIEP.
2485 303 3022 363 CONSTANTINOP.

3658 302 3761 358 499

2176 417 2400 483 bertate,
2421 418 2616 489 inquis,
2640 417 2834 474 fruitus
2852 427 2954 474 est.
2969 419 3266 475 Atomnino
3285 433 3313 473 a
3337 417 3592 489 periculis
3610 437 3764 476 num-

2173 522 2331 577 quam
2354 509 2655 578 respiravit.
2678 509 2747 563 Et
2773 527 2884 581 ego,
2909 511 3100 582 inquit,
3130 511 3185 566 in
3202 511 3497 579 inﬁrmitate
3518 522 3566 568 et
3584 514 3764 569 timore

2173 608 2220 654 et
2249 608 2463 654 tremore
2501 602 2658 656 multo
2701 603 2779 673 fui
2807 602 2946 672 apud
2987 618 3073 657 vos
3104 603 3186 673 (1.
3215 603 3333 660 Cor.
3364 605 3419 660 2.
3449 605 3526 678 ὅ)
3549 623 3562 658 τ
3589 623 3763 676 neque

2173 703 2301 744 vero
2329 689 2445 760 ipse
2471 690 2666 757 solum,
2693 693 2788 748 sed
2817 693 2975 747 etiam
3006 693 3250 765 discipuli
3281 695 3395 767 ejus
3425 698 3763 766 passionihus

2171 782 2518 853 subjecebant
2556 802 2569 837 :
2602 784 2927 852 Mementote,
2960 787 3168 857 inquit,
3199 789 3392 842 dierum
3423 791 3675 859 priorum,
3708 791 3759 845 in

2171 875 2347 945 quibus
2370 876 2641 931 illuminati
2676 894 2916 949 magnum
2945 889 3194 934 certamen
3219 880 3526 937 sustinuistis
3555 886 3758 952 passio-

2172 985 2314 1023 num.
2344 968 2410 1023 In
2434 970 2593 1024 altero
2616 970 2815 1041 quidem
2840 970 3126 1042 opprobriis
3152 982 3197 1026 et
3225 972 3633 1030 tribulationibus
3646 992 3761 1041 spe-

2172 1060 2422 1114 ctaculum
2448 1061 2570 1132 facti
2594 1102 2608 1128 ,
2636 1062 2688 1115 in
2726 1063 2888 1116 altero
2914 1064 3064 1117 etiam
3101 1064 3229 1119 socii
3267 1064 3434 1117 taliter
3458 1080 3758 1118 conversan-

2171 1149 2295 1203 tium
2332 1151 2494 1221 facti:
2522 1167 2641 1204 nam
2671 1160 2717 1205 et
2760 1153 2934 1206 vinctis
2977 1153 3228 1223 contpassi
3269 1155 3385 1207 estis
3404 1194 3419 1219 ,
3448 1163 3494 1207 et
3523 1156 3759 1223 rapinam

2174 1241 2416 1295 bonorum
2444 1250 2720 1296 vestrorum
2745 1259 2861 1296 cum
2900 1245 3084 1315 gaudio
3112 1245 3398 1314 suscepistis
3427 1243 3447 1312 (
3470 1244 3633 1300 Hebr.
3668 1247 3756 1301 10.

2172 1332 2399 1406 52-34).
2432 1336 2497 1390 Εῑ
2523 1351 2708 1391 rursus
2732 1336 2800 1392 ad
2829 1337 3329 1393 Thessalonicenses
3349 1339 3609 1403 scribens,
3639 1341 3717 1394 ait
3741 1357 3756 1394 :

2182 1422 2281 1479 Vos
2301 1426 2434 1479 enim
2458 1428 2630 1479 eadem
2657 1427 2791 1495 passi
2821 1428 2938 1480 estis
2961 1444 2992 1480 a
3022 1428 3381 1482 contribulibus
3406 1431 3599 1492 vestris,
3629 1432 3756 1483 sicut

2173 1525 2217 1571 et
2237 1517 2336 1587 ipsi
2355 1533 2385 1570 a
2403 1516 2620 1582 luditis,
2647 1518 2735 1588 qui
2758 1526 2803 1571 et
2829 1517 3109 1572 Dominum
3134 1530 3358 1573 nostrum
3379 1520 3693 1583 occiderunt,
3714 1531 3757 1574 et

2175 1605 2446 1677 praphetas
2467 1623 2584 1661 suos
2612 1608 2896 1679 persequuti
2932 1617 3051 1662 sunt
3077 1611 3094 1639 ι
3124 1608 3199 1679 (1.
3231 1609 3409 1664 Thess.
3438 1610 3493 1663 2.
3519 1611 3605 1664 14.
3640 1612 3753 1680 15).

2174 1698 2377 1754 Rursus
2399 1698 2465 1754 ad
2485 1698 2790 1755 Corinthios
2809 1701 3070 1769 scribens,
3094 1701 3259 1768 Sicut,
3290 1702 3478 1772 inquit,
3497 1703 3756 1757 abundant

2173 1794 2429 1862 passiones
2458 1791 2649 1849 Christi
2672 1793 2723 1847 in
2753 1794 2891 1849 vobis
2916 1837 2931 1861 ,
2960 1804 3009 1850 et
3035 1795 3457 1866 quemadmodum
3482 1796 3605 1850 socii
3640 1798 3756 1851 estis

2174 1884 2465 1953 passionum
2488 1926 2504 1952 ,
2531 1885 2604 1938 ita
2643 1886 2780 1940 eritis
2820 1895 2869 1941 et
2909 1886 3270 1942 consolationis
3302 1887 3395 1959 (1.
3434 1886 3555 1943 Cor.
3586 1890 3639 1944 1.
3668 1888 3753 1960 5).

2171 1972 2238 2028 Ει
2265 1973 2331 2029 ad
2359 1973 2572 2030 Galatas
2601 1992 2614 2028 :
2651 1975 2814 2029 Tanta
2836 2018 2852 2042 ,
2880 1976 3051 2047 inquit
3073 2018 3087 2040 ,
3120 1979 3257 2048 passi
3284 1979 3401 2033 estis
3427 1980 3536 2034 sine
3559 1996 3719 2034 causa
3736 2022 3753 2046 ,

2171 2067 2217 2121 si
2244 2076 2411 2122 tamen
2434 2069 2541 2122 sine
2564 2085 2718 2124 causa
2747 2068 2767 2140 (
2789 2068 2905 2123 Gal.
2940 2070 2992 2124 5.
3016 2071 3049 2125 tl
3067 2069 3108 2142 ).

2241 2158 2565 2232 Comparatio
2612 2161 2877 2233 Evangelii
2922 2178 3038 2216 cum
3091 2162 3264 2229 bello;
3309 2164 3600 2221 seductores
3638 2176 3754 2220 ante

2170 2248 2425 2306 Christum
2448 2269 2539 2306 cur
2560 2253 2839 2324 permiserit
2870 2252 3026 2310 Deus.
3056 2283 3129 2295 -
3155 2254 3287 2311 Cum
3316 2256 3473 2325 igitur
3498 2257 3759 2326 praedica-

2169 2350 2255 2398 tor
2283 2345 2580 2414 imperitus,
2611 2359 2731 2400 cum
2776 2346 2937 2402 etiam
2988 2362 3189 2418 pauper
3227 2357 3400 2411 esset,
3439 2358 3495 2404 et
3534 2364 3755 2419 prorsus

2170 2435 2437 2506 ignobilis,
2466 2447 2521 2493 et
2546 2437 2689 2508 quod
2714 2438 3116 2510 praedicabatur,
3148 2455 3255 2495 non
3283 2440 3444 2496 modo
3472 2457 3755 2498 commen-

2169 2524 2384 2581 datione
2407 2527 2487 2582 sui
2515 2538 2661 2584 esset
2688 2540 2937 2594 vacuum;
2953 2530 3302 2585 verumetiam
3324 2530 3621 2587 oﬁ'ensione
3642 2533 3754 2602 ple-

2169 2618 2483 2685 nissimum,-
2501 2629 2556 2676 et
2581 2621 2851 2676 auditores
2882 2622 2979 2692 ipsi
3010 2623 3216 2692 inopes,
3248 2622 3561 2688 imbecilles,
3595 2634 3755 2696 atque

2169 2712 2389 2765 omnino
2418 2711 2567 2779 nulli,
2595 2721 2650 2767 et
2681 2712 2911 2782 pericula
2939 2721 3046 2767 tam
3071 2714 3279 2780 crebra,
3313 2723 3418 2769 tam
3444 2717 3616 2783 varia,
3648 2732 3752 2771 non

2169 2800 2476 2857 doctoribus
2513 2803 2715 2871 solum,
2747 2805 2839 2860 sed
2870 2804 3030 2860 etiam
3077 2806 3348 2875 discipulis
3388 2808 3753 2871 imminerent,

2168 2903 2222 2949 et
2249 2894 2534 2949 cruciﬁxus
2562 2906 2724 2961 esset,
2746 2896 2840 2967 qui
2869 2898 3213 2953 annuntiatur
3236 2899 3539 2957 adorandus
3563 2920 3578 2958 :
3600 2904 3755 2974 quid-

2168 3000 2289 3039 nam
2319 2985 2451 3041 illud
2492 2995 2594 3052 est,
2627 2988 2769 3058 quod
2814 2988 2970 3060 hujus
3010 2992 3320 3060 przcdicatio
3347 2996 3581 3064 potuerit
3608 2998 3754 3052 obti-

2169 3076 2336 3131 nere?
2379 3076 2567 3132 Nonne
2605 3077 2931 3136 lucidissime
2956 3081 3121 3137 claret
3146 3082 3322 3139 divina
3354 3084 3457 3141 hoc
3483 3097 3538 3142 et
3568 3089 3756 3144 ineﬂ‘a-

2166 3167 2260 3222 bili
2307 3168 2535 3238 quadam
2583 3169 2776 3226 virtute
2823 3170 3160 3241 perfectum?
3200 3174 3353 3242 Quod
3401 3186 3549 3233 certe
3593 3180 3752 3234 etiam

2167 3258 2501 3314 inimicorum
2532 3262 2935 3330 comparatione
2963 3272 3136 3333 potest
3160 3265 3363 3337 liquido
3390 3270 3759 3337 comprobari.

2165 3349 2296 3407 Cum
2340 3352 2482 3407 enim
2507 3352 2705 3408 videris
2730 3356 2993 3410 contraria
3024 3355 3212 3413 horum
3247 3360 3492 3414 universa
3522 3376 3754 3416 concur—

2165 3456 2286 3497 rere
2315 3443 2367 3496 in
2399 3460 2560 3498 unum
2588 3462 2603 3500 :
2634 3444 2685 3499 id
2710 3454 2812 3513 est,
2844 3455 2898 3502 et
2923 3462 3074 3517 opes,
3106 3458 3159 3504 et
3186 3449 3545 3517 nobilitatem,
3575 3462 3631 3509 et
3657 3470 3754 3524 pa-

2165 3533 2281 3588 tria:
2304 3533 2696 3603 claritudinem,
2718 3544 2773 3591 et
2791 3538 3038 3594 oratoria:
3063 3539 3194 3594 artis
3221 3555 3493 3612 pompam,
3523 3556 3582 3600 et
3604 3550 3752 3615 pacis

2164 3624 2530 3691 securitatem,
2555 3634 2608 3681 et
2635 3626 2918 3696 plurimam
2948 3630 3005 3684 in
3031 3630 3143 3700 ipsa
3172 3634 3554 3702 superstitione
3577 3639 3759 3691 cultu-

2164 3730 2298 3783 ram,
2318 3716 2572 3772 continuo
2594 3726 2767 3773 tamen
2794 3735 2995 3775 morem
3025 3721 3359 3792 profanitatis
3382 3726 3709 3782 exstinctum
3734 3746 3751 3792 ;

2164 3808 2263 3863 hos
2295 3824 2423 3865 vero
2448 3810 2539 3880 qui
2572 3819 2698 3865 sunt
2734 3827 2800 3867 ex
2836 3812 3059 3869 adversa
3105 3823 3254 3884 parte
3298 3829 3558 3885 superare
3593 3836 3758 3889 :qua:

2164 3902 2353 3958 horum
2377 3916 2536 3958 causa
2558 3903 2648 3969 sit,
2671 3904 2950 3974 responde.
2980 3905 3109 3962 Tale
3133 3914 3216 3962 est
3237 3908 3402 3974 enim,
3424 3919 3484 3964 ut
3507 3925 3632 3965 cum
3659 3927 3752 3965 rex

2164 3995 2426 4065 quispiam
2460 3996 2748 4051 instructus
2776 3999 2960 4065 armis,
2990 3997 3152 4054 fretus
3179 4002 3416 4055 exercitu
3443 4043 3457 4066 ,
3490 4004 3748 4072 potentis-

2163 4085 2328 4141 simas
2349 4086 2401 4141 in
2428 4086 2569 4141 bello
2595 4087 2738 4141 acies
2763 4087 3033 4143 instruens
3065 4091 3245 4144 hostes
3277 4105 3535 4159 superare
3559 4094 3752 4164 nequi-

2164 4177 2320 4243 verit,
2353 4178 2526 4234 nudus
2548 4178 2761 4249 aliquis,
2780 4187 2834 4235 et
2860 4194 3078 4249 pauper,
3105 4189 3158 4235 et
3177 4182 3343 4249 solus,
3365 4199 3432 4238 ne
3463 4182 3612 4240 brevi
3634 4187 3757 4255 qni-

2163 4267 2285 4323 dem
2312 4269 2490 4338 jaculo
2518 4279 2773 4336 armatus,
2798 4279 2888 4325 aut
2907 4272 3133 4341 simplici
3160 4272 3348 4328 saltem
3376 4284 3529 4330 veste
3557 4286 3754 4341 tectus,

2163 4371 2434 4417 certamen
2458 4363 2618 4428 ineat,
2642 4378 2811 4432 eaque
2837 4373 3052 4434 peragat
3072 4380 3191 4434 quae
3219 4366 3306 4420 alii
3332 4382 3429 4421 nec
3452 4383 3577 4422 cum
3610 4370 3762 4427 mille

2165 4455 2378 4525 quidem
2403 4455 2792 4510 munitionibus
2810 4466 3018 4525 patrare
3042 4466 3344 4526 potuerunt.
3373 4459 3488 4514 Noli
3520 4462 3681 4531 igitur
3705 4464 3761 4516 in

2165 4562 2327 4618 prava
2373 4562 2687 4616 permanere
2738 4552 3020 4617 sententia,
3068 4550 3162 4605 sed
3207 4551 3454 4607 virtutem
3494 4570 3766 4611 venerare

2165 4639 2425 4694 cruciﬁxi.
2456 4640 2641 4709 Neque
2666 4642 2807 4696 enim
2834 4642 2880 4696 si
2907 4658 3084 4714 regem
3115 4644 3344 4715 aliquem
3367 4645 3551 4703 videas
3578 4650 3768 4703 civim.

2167 4720 2248 4785 te’s
2290 4731 2391 4786 sibi
2435 4731 2677 4787 excelsas
2719 4742 3018 4802 parantem,
3063 4734 3513 4807 circumagentem
3556 4738 3765 4808 fossas,

2166 4823 2335 4878 muris
2376 4823 2648 4880 machinas
2700 4825 3107 4893 admoventem,
3154 4827 3491 4886 innumeram
3541 4849 3772 4905 quoque

2168 4914 2452 4970 habentem
2481 4917 2706 4971 militum
2735 4918 3147 4983 multitudinem,
3175 4937 3323 4977 arma
3350 4922 3629 4993 fulgentia,
3663 4941 3775 4996 pe-

2167 5007 2350 5062 cunias
2367 5007 2618 5073 inﬁnitas,
2641 5023 2908 5079 unamque
2931 5008 3161 5066 hostium
3183 5012 3450 5069 civitatem
3473 5014 3777 5073 destruere

2167 5112 2272 5152 non
2306 5098 2571 5153 valentem
2597 5114 2612 5161 ;
2652 5098 2876 5154 alterum
2901 5115 3031 5155 vero
3069 5101 3213 5158 nudo
3239 5117 3467 5174 corpore
3490 5105 3740 5162 dimicari
3761 5140 3778 5150 -

2168 5197 2299 5255 tem,
2325 5190 2557 5261 solisque
2584 5190 2829 5247 manibus
2856 5200 3113 5260 utentem,
3136 5207 3242 5249 non
3270 5210 3450 5262 unam,
3482 5205 3578 5252 aut
3601 5197 3778 5267 duas,

2167 5292 2258 5336 aut
2287 5297 2502 5352 paucas,
2534 5283 2629 5338 sed
2651 5299 2875 5356 prorsus
2900 5285 3207 5341 innumeras
3236 5295 3457 5358 totoque
3486 5290 3621 5346 orbe
3653 5292 3783 5346 dif—

2169 5373 2314 5429 fusas
2357 5373 2516 5429 urbes
2558 5386 2958 5444 pereurrentem
2995 5377 3265 5444 celeriter,
3306 5384 3641 5450 cunctasque
3678 5399 3755 5437 ca

2168 5465 2422 5534 pientem,
2455 5463 2701 5520 humanae
2744 5465 2846 5522 hoc
2888 5466 3038 5522 dicas
3086 5482 3208 5524 esse
3241 5469 3472 5525 virtutis.
3516 5470 3605 5526 Sic
3632 5487 3789 5544 ergo

2172 5557 2356 5627 procul
2384 5555 2546 5611 dubio
2573 5557 2625 5611 in
2657 5559 2904 5628 praesenti
2933 5573 3092 5614 causa
3121 5559 3460 5615 sentiendum
3487 5571 3590 5615 est.
3620 5561 3777 5619 Pro-

2240 5671 2254 5699 ε
2291 5676 2366 5737 gr.
2391 5669 2539 5737 addit2
2577 5677 2622 5737 et
2658 5683 2743 5721 nos
2779 5668 3085 5737 cupidermtt,
3123 5679 3169 5725 et
3198 5681 3311 5724 .Dco
3344 5685 3438 5724 non
3463 5671 3686 5737 placem,
3734 5690 3783 5731 rt

2175 5730 2392 5783 omnibus
2411 5730 2675 5784 hominibus
2701 5730 2931 5784 roraritrii
2945 5740 3068 5785 sunt.

3069 5789 3081 5808 ι
