3908 6300
215 429 310 485 401

200 546 437 613 ισχυσεν,
479 542 556 607 ὡς
595 543 689 597 zeal
738 542 1059 613 Ῥωμαίους,
1104 547 1200 600 zeal
1250 546 1486 618 Πέρσας,
1531 549 1627 602 zeal
1680 545 1777 600 Ἰν-

198 634 338 699 δοῦς,
374 635 471 689 zeal
514 635 745 699 Σκύθας,
786 638 881 690 zeal
923 637 1210 702 Αἰθίοπας,
1257 638 1351 692 zeal
1394 639 1774 711 Σαυρομάτας,

200 727 290 780 καὶ
337 726 608 798 Πάρθους,
665 727 758 780 zeal
807 728 1048 799 Μήδους,
1102 729 1197 783 zeal
1250 729 1626 802 Σαρακηνοὺς,
1679 730 1776 784 zeal

199 817 339 871 ἅπαν
366 815 557 880 ἁπλῶς
587 817 649 870 τὸ
680 816 786 871 τῶν
821 817 1123 889 ἀνθρώπων
1150 819 1306 888 γένος
1339 820 1476 892 πρὸς
1507 821 1606 891 τὴν
1639 821 1773 892 ἀλή-

198 909 345 962 θειαν
390 910 759 978 ἐπαναγαγεῖν
805 913 864 964 ἐν
908 911 1082 964 ἐτεσιν
1122 912 1240 965 οὐδὲ
1283 912 1423 976 ὅλοις
1457 913 1774 985 τριάκοντα.

198 1000 365 1054 Πόθεν
396 997 511 1066 οὖν,
550 1002 668 1054 εἰπέ
712 1019 823 1073 μοι,
858 1002 887 1054 6
925 1003 1201 1074 ἀγοραῖος,
1236 1004 1331 1057 zeal
1367 1005 1460 1058 ἐπὶ
1504 1006 1775 1076 ἐργαστη-

198 1092 313 1158 ρίου
361 1091 633 1163 ἑστηκὼς,
671 1093 765 1147 zeal
799 1092 997 1164 σμίλην
1046 1093 1456 1165 μεταχειρίζων,
1489 1096 1583 1149 zeal
1617 1095 1778 1159 αὐτὸς

196 1180 420 1235 τοιαῦτα
472 1182 799 1252 ἐφιλοσόφει,
858 1185 951 1237 zeal
996 1186 1124 1249 τοὺς
1170 1186 1365 1252 ἄλλους
1419 1188 1622 1253 ἔπεισε,
1682 1189 1779 1243 zeal

194 1272 343 1345 ἔθνη,
382 1274 478 1327 καὶ
519 1275 722 1339 πόλεις,
766 1277 861 1329 zeal
902 1276 1103 1348 χώρας,
1141 1280 1200 1332 οὐ
1243 1279 1415 1349 λόγων
1459 1281 1611 1352 ἰσχὺν
1656 1283 1778 1336 ἐπι-

196 1366 561 1437 δεικνύμενος,
597 1368 731 1422 ἀλλὰ
760 1369 854 1422 καὶ
893 1371 1202 1424 τούναντίον
1228 1373 1394 1436 άπαν,
1422 1373 1520 1443 τὴν
1543 1373 1777 1445 ἐσχάτην

196 1459 434 1530 ἀμαθίαν
466 1460 681 1531 ἀμαθὴς
711 1460 816 1527 ῶν;
847 1463 1110 1517 ’Ἄκουσον
1141 1463 1272 1531 γοῦν
1308 1464 1471 1519 αὐτοῦ
1504 1465 1773 1535 λέγοντος,

198 1550 285 1603 καὶ
321 1551 425 1603 οὐκ
459 1552 845 1622 αἰσχυνομένου
869 1569 884 1583 °
929 1555 997 1607 El
1038 1554 1138 1608 καὶ
1192 1554 1423 1624 ἰδιώτης
1470 1556 1549 1622 τῷ
1596 1557 1773 1627 λόγῳ,

197 1645 330 1697 ἀλλ’
367 1644 440 1695 οὐ
476 1640 552 1710 τῇ
585 1640 822 1711 γνώσει.
864 1644 936 1697 Οὐ
973 1646 1230 1717 χρήματα
1273 1648 1626 1717 κεκτημένος.
1667 1647 1777 1701 Καὶ

195 1733 301 1805 γὰρ
340 1734 435 1787 zeal
477 1733 636 1787 τοῦτο
672 1735 833 1799 αὐτός
871 1752 1035 1805 φησι·
1064 1737 1250 1807 Μέχρι
1296 1738 1408 1807 τῆς
1448 1740 1575 1807 ᾶρτι
1621 1739 1777 1808 ὥρας

196 1826 288 1877 καὶ
307 1823 625 1894 πεινῶμεν,
644 1826 740 1879 καί
760 1824 1050 1895 διψῶμεν,
1067 1828 1165 1881 καὶ
1192 1847 1386 1899 γυμνη
1397 1831 1660 1899 τεύομεν,
1681 1826 1781 1883 καὶ

195 1912 646 1982 κολαφιζόμεθα.
678 1915 788 1967 Καὶ
825 1915 878 1968 τί
911 1916 1054 1983 λέγω
1092 1919 1367 1988 χρήματα,
1400 1919 1534 1973 ὅπου
1567 1937 1630 1989 γε
1658 1920 1777 1973 οὐδὲ

192 2006 288 2074 τῆς
314 2004 619 2073 ἀναγκαίας
648 2004 903 2070 πολλάκις
924 2008 1146 2080 εὐπόρει
1171 2010 1399 2081 τροφῆς,
1424 2012 1543 2065 οὐδὲ
1566 2003 1777 2080 ἱμάτιον

195 2095 588 2167 περιϐαλέσθαι
624 2091 808 2164 εἷχενς
843 2096 962 2150 Ὅτι
1006 2097 1062 2151 δὲ
1096 2099 1215 2152 οὐδὲ
1255 2099 1313 2167 ἐξ
1349 2100 1778 2171 ἐπιτηδεύματος

192 2186 444 2259 λαμπρὸς
480 2181 569 2256 ἦν,
615 2188 709 2240 zeal
752 2185 909 2241 τοῦτο
953 2190 981 2241 6
1031 2189 1278 2261 μαθητὴς
1326 2190 1490 2244 αὐτοῦ
1537 2190 1776 2246 δείκνυσι

192 2280 387 2344 λέγων,
418 2279 501 2331 ὅτι
533 2281 770 2348 Ἔμεινε
799 2279 949 2347 πρὸς
991 2280 1247 2335 Ἀκύλαν
1272 2282 1372 2335 καὶ
1403 2282 1779 2352 Πρίσκιλλαν

191 2371 286 2426 διὰ
345 2370 411 2424 τὸ
463 2371 790 2439 ὁμότεχνον
814 2386 828 2401 ⁹
880 2366 1044 2441 ἦσαν
1089 2370 1200 2440 γὰρ
1247 2371 1601 2439 σκηνοποιοὶ
1661 2372 1777 2441 τὴν

196 2461 601 2533 τέχνην.“οὑκ
641 2461 747 2515 ἀπὸ
801 2460 1075 2533 προγόνων
1129 2459 1418 2532 ἐπίσημος.
1468 2461 1592 2524 Πῶς
1639 2460 1772 2533 γὰρ,

190 2551 434 2605 τοιοῦτον
474 2550 810 2622 ἐπιτήδευμα
847 2550 1017 2621 ἔχων.
1053 2549 1171 2605 Οὐκ
1211 2549 1320 2603 ἀπὸ
1358 2550 1633 2621 πατρίδος,
1678 2551 1777 2605 οὐκ

192 2643 298 2695 ἀπὸ
329 2641 536 2705 ἔθνους.
578 2640 717 2695 Ἀλλ’
751 2642 902 2712 ὅμως
934 2639 1103 2695 ἐλθὼν
1134 2642 1214 2704 εἰς
1249 2640 1431 2711 μέσον,
1465 2641 1560 2695 zeal
1593 2641 1780 2710 φανεὶς

197 2733 375 2803 μόνον,
404 2732 583 2786 πάντα
611 2729 841 2803 ἐτάραξε
864 2730 934 2785 τὰ
960 2730 1067 2785 τῶν
1105 2730 1382 2798 ἐναντίων,
1413 2731 1591 2786 πάντα
1624 2730 1775 2803 [495]

196 2826 437 2896 συνέχεε,
470 2826 563 2878 zeal
602 2824 852 2894 καθάπερ
886 2822 999 2893 πῦρ
1023 2824 1103 2887 εἰς
1132 2824 1385 2893 καλάμην
1416 2824 1654 2895 ἐμπεσὸν
1682 2827 1778 2880 zeal

194 2916 408 2987 χόρτον,
430 2914 573 2968 οὕτω
593 2915 895 2968 κατέκαυσε
915 2914 984 2966 τὰ
1003 2913 1110 2967 τῶν
1124 2913 1411 2986 δαιμόνων,
1435 2915 1526 2967 zeal
1541 2915 1620 2978 είς
1636 2914 1777 2986 ἅπερ

197 3007 466 3072 ἐϐούλετο,
524 3006 701 3060 πάντα
765 3005 1081 3077 μετέστησε.
1143 3005 1253 3057 Kal
1298 2995 1360 3058 ού
1410 3005 1566 3058 τοῦτο
1619 3006 1778 3075 μόνον

197 3100 310 3152 ἐστὶ
349 3100 411 3151 τὸ
451 3096 783 3167 θαυμαστὸν,
825 3096 907 3149 ὅτι
947 3095 1107 3158 αὐτὸς
1145 3095 1383 3159 τοιοῦτος
1426 3095 1500 3149 ὢν
1541 3095 1779 3149 τοσαῦτα

198 3189 433 3261 ἴσχυσεν,
468 3188 584 3242 ἀλλ’
613 3188 695 3241 ὅτι
726 3189 820 3241 zeal
849 3187 897 3240 οἱ
928 3186 1144 3249 πλείους
1164 3185 1272 3239 τῶν
1303 3186 1774 3257 μαθητευομένων,

196 3281 443 3350 πένητες,
485 3277 709 3342 ἰδιῶται,
750 3277 1085 3341 ἀπαίδευτοι,
1125 3275 1268 3347 λιμῷ
1314 3273 1603 3340 συζῶντες,
1640 3268 1776 3346 ἄση-

198 3387 285 3440 μοι
319 3371 415 3423 καὶ
443 3367 502 3435 ἐξ
542 3369 790 3438 ἀσήμων.
831 3368 941 3420 Kal
973 3366 1145 3420 ταῦτα
1178 3367 1273 3419 καὶ
1311 3366 1473 3429 αὐτὸς
1498 3366 1774 3437 κηρύττει,

195 3461 288 3514 zeal
323 3461 425 3514 οὐκ
460 3458 775 3529 αἰσχύνεται
815 3457 988 3528 λέγων
1027 3456 1206 3510 αὐτῶν
1242 3456 1340 3528 τὴν
1380 3457 1568 3512 πενίαν
1593 3474 1605 3485 ·
1639 3457 1776 3527 μᾶλ-

193 3552 280 3605 λον
312 3552 369 3604 δὲ
400 3551 520 3603 οὐδὲ
548 3550 860 3622 προσαιτῶν
895 3549 1036 3621 ὑπὲρ
1063 3548 1259 3602 αὐτῶν.
1295 3549 1622 3617 Πορεύομαι
1644 3549 1773 3618 γὰρ,

194 3645 378 3714 φησὶν,
409 3645 496 3708 εἰς
531 3640 925 3711 Ἰερουσαλὴμ
956 3638 1249 3694 διακονῶν
1273 3640 1397 3706 τοῖς
1426 3641 1616 3709 ἁγίοις
1640 3657 1654 3671 υ
1681 3640 1777 3692 zeal

194 3736 376 3794 πάλιν.
404 3732 565 3787 Κατὰ
592 3734 743 3802 μίαν
766 3731 1077 3786 σαϐϐάτων
1097 3731 1354 3798 ἕκαστος
1378 3729 1545 3800 ὑμῶν
1572 3729 1776 3785 τιθέτω

195 3825 335 3892 παρ’
371 3822 564 3887 ἐαυτῷ
591 3821 979 3890 θησαυρίζων,
1006 3821 1106 3874 ἵνα
1136 3821 1246 3891 μὴ,
1274 3821 1421 3875 ὅταν
1443 3820 1616 3882 ἔλθω,
1644 3821 1778 3873 τότε

191 3914 391 3983 λογίαι
435 3913 733 3984 γίνωνται.
775 3911 895 3965 Ὅτι
935 3912 992 3966 δέ
1035 3913 1129 3965 zeal
1172 3912 1235 3965 τὸ
1284 3911 1464 3965 πλεῖον
1495 3911 1673 3965 αὐτῶν
1717 3909 1776 3975 ἐξ

197 4004 427 4059 ἰδιωτῶν
467 4004 831 4075 συνειστήκει,
876 4003 1184 4075 Κορινθίοις
1220 4003 1567 4069 ἐπιστέλλων,
1603 4003 1735 4075 φησί
1756 4020 1772 4038 α

191 4096 460 4151 Βλέπετε
495 4094 610 4164 τὴν
633 4094 859 4163 κλῆσιν
894 4092 1078 4164 ὑμῶν,
1110 4094 1201 4148 ὅτι
1236 4095 1308 4150 οὐ
1350 4093 1569 4150 πολλοὶ
1596 4093 1777 4163 σοφοί

193 4191 345 4243 κατὰ
365 4188 587 4257 σάρκα·
606 4188 704 4242 καί
725 4187 818 4241 ὅτι
845 4186 914 4252 ἐξ
928 4185 1199 4258 ἀσήμων,
1220 4189 1303 4241 Οὐ
1324 4187 1564 4249 πολλοὶ,
1587 4187 1771 4257 φησιν,

192 4280 459 4347 εὐγενεῖς
490 4296 505 4311 ·
555 4281 648 4333 zeal
696 4280 758 4333 οὐ
817 4278 978 4349 μόνον
1027 4280 1128 4333 οὐκ
1176 4280 1440 4347 εὐγενεῖς,
1494 4278 1631 4332 ἀλλὰ
1683 4279 1776 4331 zeal

195 4370 402 4440 σφόδρα
447 4368 701 4431 εὐτελεῖς.
745 4369 854 4421 Καὶ
897 4368 1008 4438 γὰρ
1048 4367 1119 4422 τὰ
1159 4366 1418 4436 ἀσθενῆ,
1464 4367 1632 4439 φησὶ,
1668 4367 1774 4422 τοῦ

193 4462 426 4530 κόσμου
445 4459 763 4524 ἐξελέξατο
787 4462 820 4513 ό
844 4460 1007 4525 Θεὸς,
1042 4458 1141 4512 καί
1168 4458 1240 4511 τὰ
1261 4459 1346 4529 μὴ
1382 4458 1542 4521 ὄντα,
1580 4459 1680 4511 ἵνα
1704 4458 1776 4512 τὰ

193 4553 340 4607 ὄντα
364 4551 738 4621 καταργήσῃ.
777 4551 916 4604 Ἀλλ’
947 4550 1160 4620 ἰδιώτης
1192 4552 1289 4621 μὲν
1315 4553 1405 4605 zeal
1431 4551 1772 4614 ἀπαίδευτος,

194 4646 419 4709 πιθανὸς
450 4645 508 4699 δὲ
541 4643 790 4698 ὁπωσοῦν
828 4646 1037 4710 elue-21v;
1083 4644 1211 4697 Οὐδὲ
1254 4642 1429 4697 τοῦτο.
1478 4643 1587 4696 Kal
1618 4641 1775 4695 τοῦτο

192 4738 357 4802 αὐτὸς
412 4736 574 4790 πάλιν
623 4737 863 4790 δείκνυσι
911 4736 1121 4804 λέγων’
1162 4734 1334 4804 Κάγὼ
1382 4732 1574 4805 ἦλθον
1625 4735 1775 4802 πρὸς

192 4830 371 4901 ὑμᾶς,
403 4831 477 4886 οὐ
503 4832 633 4887 καθ’
667 4831 976 4899 ὑπεροχὴν
1010 4830 1194 4899 λόγου
1222 4828 1260 4898 ἢ
1289 4830 1531 4898 σοφίας,
1561 4845 1775 4897 καταγ-

192 4922 433 4991 γέλλων
477 4921 618 4992 ὑμῖν
673 4922 736 4975 τὸ
777 4922 1120 4992 μαρτύριον.
1176 4923 1256 4975 Οὐ
1306 4921 1417 4991 γὰρ
1465 4919 1671 4989 ἔκρινά
1721 4936 1776 4973 τι

189 5013 413 5068 εἰδέναι
445 5014 516 5067 ὲν
549 5013 711 5083 ὑμῖν,
747 5013 900 5082 εἰμὴ
938 5012 1172 5080 Ἰησοῦν
1199 5012 1473 5081 Χριστὸν,
1504 5013 1601 5065 καὶ
1635 5011 1773 5065 τοῦ·

190 5122 298 5159 τον
329 5105 789 5175 ἐσταυρωμένον
813 5120 827 5133 ’
866 5102 965 5159 καὶ
1003 5107 1036 5159 ό
1073 5105 1254 5173 λόγος
1284 5122 1403 5173 μου
1442 5103 1537 5157 κιιί
1573 5101 1639 5156 τὸ
1672 5101 1777 5169 κή-

187 5199 389 5266 ρυγμά
444 5214 559 5265 μου
608 5199 719 5251 οὐκ
766 5197 836 5249 ἐν
886 5194 1185 5262 πειθανοῖς
1218 5207 1244 5236 α
1279 5197 1502 5265 σοφίας
1550 5196 1772 5265 λόγοις.

203 5288 370 5342 Ἀλλά
408 5288 471 5341 τὸ
511 5287 913 5359 κηρυττόμενον
953 5288 1132 5343 ἱκανὸν
1174 5285 1595 5341 ἐπισπάσασθαι.
1637 5287 1776 5339 Ἀλλ’

189 5378 427 5432 ἄκουσον
449 5379 544 5431 zeal
566 5378 695 5449 περὶ
720 5377 882 5431 αὑτοῦ
903 5378 954 5432 τί
980 5395 1145 5449 φησιν
1165 5395 1177 5408 ·
1196 5378 1348 5432 Ἑπεί
1376 5378 1475 5431 καί
1504 5376 1776 5433 Ἰουδαῖοι

188 5471 416 5541 σημεῖα
451 5470 710 5534 αἰτοῦσι,
755 5471 853 5524 καὶ
880 5470 1173 5539 Ἕλληνες
1208 5471 1434 5539 σοφίαν
1464 5467 1774 5538 ζητοῦσιν,

188 5562 364 5631 ἡμεῖς
424 5562 495 5616 δὲ
561 5563 926 5632 κηρύττομεν
984 5563 1243 5632 Χριστὸν
1302 5561 1775 5633 ἐσταυρωμένον,

202 5652 513 5718 Ἰουδαίοις
557 5650 676 5721 μὲν
715 5650 1082 5717 σκάνδαλον,
1126 5652 1388 5719 ’Ἕλλησι
1421 5649 1489 5705 δὲ
1528 5651 1773 5721 μωρίαν.

264 5838 296 5872 ³
311 5839 468 5893 Salv“.
492 5843 547 5890 et
562 5838 689 5891 Bibl.
720 5839 905 5895 πειθοῖς.

1069 434 1158 490 DE
1198 436 1542 495 LAUDIBUS
1584 438 1642 495 S.
1691 435 1895 494 PAULI
1929 439 2291 499 APOSTOLL
2333 444 2565 501 HOMIL.
2600 446 2686 503 IV.

3358 441 3463 494 m

1898 544 2056 600 Ἀλλὰ
2097 548 2281 613 ἀδείας
2324 550 2670 622 ἀπήλαυσεν;
2720 551 2858 605 Ἀλλ’
2899 551 3021 607 οὐδὲ
3061 551 3280 607 ἀνέπνει
3329 565 3458 607 ποτή

1883 647 1991 701 τῶν
2028 650 2304 705 κινδύνων.
2342 651 2450 705 Καὶ
2484 651 2594 721 γὰρ
2624 651 2694 705 ἐν
2735 651 3037 720 ἀσθενείᾳ,
3076 653 3229 723 φησί,
3258 653 3357 707 καί
3390 655 3459 706 ἐυν

1883 751 2046 819 φόδφ
2082 751 2180 805 καί
2216 751 2286 807 ἐν
2307 753 2497 822 τρόμῳ
2534 751 2742 818 πολλῷ
2765 753 3056 823 ἐγενόμην
3080 753 3229 822 πρὸς
3266 755 3450 824 ὑμᾶς.

1883 851 1983 905 οὐκ
2016 850 2177 916 αὐτὸς
2220 851 2277 905 δέ
2322 851 2501 924 μόνον,
2530 851 2663 907 ἀλλὰ
2705 854 2799 907 zeal
2840 855 2887 906 οί
2933 853 3173 925 μαθηταὶ
3212 854 3280 908 τὰ
3319 853 3457 907 αὐτὰ

1885 953 2141 1025 ἔπασχον.
2171 954 2488 1025 Μέμνησθε
2523 955 2651 1027 γὰρ,
2689 955 2841 1027 φησὶ,
2866 954 2973 1021 τὰς
3004 954 3292 1024 πρότερον
3319 956 3455 1024 ἠμέ-

1876 1073 2011 1125 ρας,
2052 1056 2124 1111 ἐν
2158 1051 2254 1124 αἷς
2291 1057 2703 1126 φωτισθέντες,
2746 1056 2987 1125 πολλὴν
3039 1056 3300 1124 ἄθλησιν
3352 1058 3455 1110 ὑπ-

1885 1159 2153 1229 εμείνατε
2184 1157 2541 1228 παθημάτων
2561 1173 2575 1189 °
2607 1159 2782 1215 τοῦτο
2798 1160 2936 1229 μὲν,
2976 1157 3333 1227 ὀνειδισμοῖς
3356 1157 3453 1212 καί

1884 1262 2133 1330 θλίψεσι
2174 1258 2619 1330 θεατριζόμενοι,
2667 1258 2842 1314 τοῦτο
2885 1258 2954 1312 δὲ
2993 1257 3286 1321 κοινωνοὶ,
3336 1255 3438 1309 τῶι

1884 1364 2037 1418 οὕτω
2070 1364 2432 1433 πασχόντων
2444 1360 2840 1431 γεννηθέντες.
2851 1360 2960 1414 Kal
2990 1360 3099 1432 γὰρ
3126 1361 3243 1430 τὴν
3269 1361 3447 1429 ἁρπα-

1884 1464 2002 1536 γὴν
2021 1465 2140 1520 τῶν
2165 1466 2556 1534 ὑπαρχόντων
2585 1462 2754 1533 ὑμῶν
2769 1462 2921 1532 μετὰ
2949 1459 3138 1531 χαρᾶς
3165 1461 3445 1529 προσεδές

1886 1566 2089 1631 ξασθε.
2138 1565 2248 1620 Kal
2292 1563 2451 1618 πάλιν
2498 1560 2946 1616 Θεσσαλονικεῦσι
2992 1559 3219 1631 γράφων
3263 1558 3410 1628 λέγει
3434 1575 3453 1590 ο

1897 1666 2090 1737 Ὑμεῖς
2127 1665 2236 1735 γὰρ
2262 1664 2333 1718 τὰ
2364 1661 2516 1718 αὐτὰ
2544 1660 2792 1716 ἐπάθετε
2816 1660 2935 1716 ὑπὸ
2963 1659 3083 1714 τῶν
3111 1659 3274 1713 ἰδίων
3302 1674 3449 1729 συμ-

1884 1766 2178 1840 φυλετῶν,
2223 1766 2413 1832 καθὼς
2461 1765 2561 1820 καὶ
2598 1763 2767 1819 αὐτοί
2807 1763 2928 1820 ὑπὸ
2964 1762 3083 1819 τῶν
3130 1763 3450 1826 Ἰουδαίων,

1884 1869 2003 1923 τῶν
2051 1869 2147 1923 καί
2195 1868 2302 1922 τὸν
2347 1867 2565 1936 Κύριον
2613 1863 3125 1932 ἀποκτεινάντων,
3169 1862 3268 1917 καί
3320 1862 3454 1926 τοὺς

1884 1972 2071 2036 ἰδίους
2096 1968 2423 2039 προφήτας,
2447 1967 2545 2021 καί
2572 1965 2729 2036 ἡμᾶς
2747 1965 3173 2031 ἐκδιωξάντων,
3200 1964 3297 2018 καί
3332 1963 3454 2028 Θεῷ

1878 2069 1965 2140 μὴ
1997 2070 2398 2139 ἀρεσκόντων,
2428 2068 2527 2123 καὶ
2556 2067 2744 2123 πᾶσιν
2776 2066 3106 2135 ἀνθρώποις
3144 2063 3452 2119 ἐναντίων.

1884 2170 1995 2224 Kal
2045 2168 2352 2239 Κορινθίοις
2400 2168 2457 2221 δὲ
2499 2165 2660 2221 πάλιν
2714 2165 3042 2220 ἐπιστέλλων
3092 2163 3294 2232 ἔλεγεν,
3332 2163 3456 2216 Ὅτι

1885 2270 2227 2338 περισσεύει
2265 2267 2338 2322 τὰ
2371 2267 2689 2337 παθήματα
2722 2268 2828 2321 τοῦ
2863 2264 3121 2335 Χριστοῦ
3155 2265 3241 2329 εἰς
3275 2261 3453 2331 ὑμᾶς,

1885 2371 1983 2425 καί
2013 2368 2215 2439 ὥσπερ
2252 2369 2525 2423 κοινωνοί
2569 2369 2707 2423 ἐστε
2746 2367 2864 2422 τῶν
2892 2366 3268 2436 παθημάτων,
3304 2364 3458 2418 οὕτω

1884 2473 1983 2527 καί
2014 2471 2125 2539 τῆς
2156 2470 2592 2540 παρακλήσεως
2615 2487 2629 2501 ο
2681 2469 2777 2523 zeal
2825 2468 3091 2537 Γαλάταις
3118 2507 3132 2531 ,
3185 2464 3457 2522 Τοσαῦτα

1884 2571 2130 2628 ἐπάθετε
2157 2568 2310 2639 εἰκῆ,
2332 2570 2515 2643 φησὶν,
2542 2568 2598 2623 εί
2618 2585 2685 2640 τε
2706 2566 2804 2623 καί
2834 2565 2983 2635 εἰκῆ.

1960 2673 2126 2727 Ὅταν
2156 2668 2250 2725 οὖν
2271 2672 2364 2725 καὶ
2385 2672 2414 2724 6
2433 2668 2715 2741 κηρύττων
2744 2666 2956 2738 ἰδιώτης
2982 2663 3016 2740 ᾖ
3045 2664 3137 2718 zeal
3167 2663 3333 2735 πένης
3364 2661 3458 2716 zeal

1885 2774 2093 2846 ἄσημος
2113 2813 2127 2836 ,
2164 2772 2257 2826 καί⁵
2290 2772 2352 2825 τὸ
2391 2768 2789 2842 κηρυττόμενον
2827 2767 2928 2820 οὐκ
2968 2763 3272 2833 ἐπαγωγὸν,
3319 2761 3458 2816 ἀλλα

1885 2872 1979 2926 zeal
2012 2872 2305 2926 σκάνδαλον
2347 2870 2488 2941 ἔχον,
2519 2866 2614 2922 zeal
2652 2867 2701 2919 οἰ
2739 2865 3025 2927 ἀκούοντες
3066 2862 3197 2916 αὐτὸ
3227 2860 3457 2931 πένητες

1885 2975 1979 3026 zeal
2024 2971 2268 3035 ἀσθενεῖς
2315 2970 2410 3024 και
2455 2968 2689 3032 οὐδένες,
2741 2965 2834 3019 zeal
2881 2947 3114 3018 κίνδυνοι
3169 2960 3457 3030 ἐπάλληλοι

1886 3075 1977 3125 zeal
2010 3073 2252 3142 συνεχεῖς
2282 3067 2433 3141 Ῐ496]
2471 3068 2564 3121 zeal
2597 3067 2710 3128 τοῖς
2736 3060 3071 3124 διδασκάλοις
3095 3061 3322 3123 καὶτοῖς
3350 3077 3456 3130 μα·-

1885 3171 2094 3243 θηταίς,
2126 3170 2219 3225 zeal
2256 3171 2284 3222 6
2321 3166 2813 3235 καταγγελλόμενος
2841 3159 3271 3231 ἐσταυρωμένος,
3303 3158 3356 3210 τί
3396 3156 3458 3210 τὸ

1885 3274 2113 3343 ποιῆσαν
2159 3270 2480 3343 κρατήσειν;
2525 3266 2638 3319 Οὐκ
2679 3262 2895 3333 εὔδηλον
2935 3262 3017 3315 ὅτι
3063 3260 3183 3314 θεία
3226 3276 3310 3322 τις
3359 3258 3456 3311 zeal

1884 3372 2190 3442 ἀπόρρητος
2213 3369 2473 3439 δύναμις;
2505 3365 2672 3420 Παντί
2706 3380 2806 3417 που
2827 3362 2981 3434 δῆλον
3008 3378 3022 3392 ·
3055 3360 3150 3415 καί
3176 3357 3334 3412 τοῦτο
3362 3356 3458 3411 zeal
3482 3362 3487 3373 ‘

1883 3472 1992 3525 ἀπὸ
2022 3470 2130 3524 τῶν
2167 3468 2422 3523 ἐναντίων
2452 3467 2569 3520 ἐστὶ
2605 3464 2860 3518 κατιδεῖν.
2901 3463 3070 3515 Ὅταν
3100 3458 3210 3530 γὰρ
3246 3457 3362 3528 ἴδῃς
3390 3454 3460 3508 τὰ

1882 3571 2100 3625 ἐναντία
2123 3569 2324 3623 τούτων
2355 3565 2747 3637 συνδραμόντα,
2779 3563 2875 3616 zeal
2901 3559 3151 3624 πλοῦτον,
3183 3555 3278 3610 zeal
3304 3553 3461 3622 εὐγέ-

1883 3687 2051 3739 νειαν,
2087 3669 2182 3723 zeal
2218 3666 2475 3740 πατρίδος
2518 3665 2782 3738 μέγεθος,
2825 3663 2921 3717 καὶ
2973 3656 3255 3732 ῥητορείας
3295 3652 3462 3708 δεινό-

1882 3789 2037 3843 τητα,
2069 3769 2164 3823 zeal
2197 3768 2378 3823 ἄδειαν
2412 3767 2507 3822 zeal
2546 3764 2840 3838 θεραπείαν
2872 3760 3090 3832 πολλὴν,
3130 3757 3223 3811 zeal
3257 3753 3459 3815 εὐθέως

1885 3871 2174 3927 σϐεσθέντα
2211 3869 2281 3923 τά
2324 3866 2803 3939 καινοτομηθέντα,
2844 3862 3067 3923 τούτους
3108 3858 3164 3912 δὲ
3201 3855 3308 3909 ἀπὸ
3349 3856 3460 3907 τῶν

1881 3975 2136 4029 ἐναντίων
2190 3974 2661 4042 περιγενομένους,
2707 3967 2761 4021 τί
2806 3965 2868 4019 τὸ
2912 3963 3105 4026 αἴτιον,
3156 3957 3278 4012 εἰπέ
3326 3971 3456 4024 μοις

1883 4078 2088 4133 Ταὺτὸν
2117 4077 2226 4147 γὰρ
2269 4072 2490 4142 συνέϐη,
2532 4066 2644 4124 οἷον
2690 4070 2758 4125 ἂν
2794 4069 2844 4121 εἰ
2895 4064 3032 4137 μετὰ
3080 4058 3460 4133 στρατοπέδων

1881 4178 1979 4233 zeal
2033 4176 2212 4231 ὅπλων
2258 4174 2353 4228 zeal
2406 4168 2765 4242 παρατάξεως
2815 4165 2909 4219 τοῦ
2964 4160 3331 4234 βασιλεύοντος
3381 4156 3457 4226 μὴ

1879 4276 2194 4349 δυνηθέντος
2246 4273 2518 4345 κρατῆσαι
2576 4269 2685 4324 τῶν
2745 4265 3055 4339 βαρϐάρων,
3111 4259 3324 4330 πτωχός
3372 4271 3459 4318 τις

1881 4376 2087 4448 γυμνὸς
2119 4376 2214 4430 zeal
2252 4374 2432 4445 μόνος,
2466 4369 2561 4426 zeal
2596 4368 2732 4440 μηδὲ
2763 4366 3011 4421 ἀκόντιον
3041 4356 3454 4434 μεταχειρίζων,

1885 4483 2020 4557 μηδέ
2069 4481 2283 4555 ἱμάτιον
2332 4478 2492 4551 ἔχων,
2548 4474 2803 4531 εἰσελθὼν
2851 4468 3199 4543 διαπράξοιτο
3239 4466 3276 4521 ἃ.
3319 4463 3457 4535 μετὰ

1880 4589 2059 4645 ὅπλων
2079 4587 2173 4642 καὶ
2194 4583 2546 4657 παρασκευῆς
2568 4581 2669 4636 οὐκ
2697 4580 2922 4651 ἴσχυσαν
2943 4577 3138 4647 ἕτεροι.
3165 4571 3257 4643 Μὴ
3278 4570 3458 4624 τοίνυν

1883 4695 2209 4768 ἀγνωμόνει,
2247 4689 2384 4746 ἀλλὰ
2419 4688 2547 4744 καθ’¹
2570 4685 2807 4756 ἐκάστην
2835 4682 2968 4753 φέρε
2996 4679 3094 4751 τὴν
3132 4677 3332 4748 ψῆφον.
3362 4673 3458 4728 καὶ

1882 4800 2175 4875 προσκύνει
2200 4795 2295 4852 τοῦ
2330 4792 2728 4866 παυρωθέντος
2759 4789 2857 4861 τὴν
2884 4786 3132 4857 δύναμιν.
3168 4781 3303 4875 Οὐδὲ
3325 4781 3455 4851 γὰρ,

1881 4874 1949 4948 ἂν
1997 4892 2114 4963 ῐδῃς
2153 4889 2273 4945 τινὰ
2315 4888 2498 4950 πόλεις
2530 4879 3026 4946 κατασκευάζοντα,
3075 4876 3172 4931 zeal
3217 4874 3457 4943 τάφρους

1883 4994 2302 5072 περιελαύνοντα
2321 5034 2336 5059 ,
2388 4990 2485 5045 zeal
2540 4988 2907 5061 μηχανήματα
2960 4982 3301 5054 προσάγοντα
3352 4976 3456 5030 τεί-

1883 5115 2023 5169 χεσι,
2073 5096 2169 5150 zeal
2217 5091 2357 5148 ὅπλα
2410 5089 2763 5162 χαλκεύοντα,
2820 5086 2916 5140 zeal
2972 5079 3305 5154 στρατιώτας
3352 5092 3454 5128 zea-

1882 5203 2197 5271 ταλέγοντα,
2262 5199 2357 5254 zeal
2399 5198 2657 5270 χρήματα
2715 5192 2907 5263 ἔχοντα
2950 5188 3172 5257 ἄπειρα,
3237 5179 3331 5234 zeal
3379 5177 3454 5248 μὴ

1882 5309 2178 5381 δυνάμενον
2210 5304 2365 5359 πόλιν
2399 5303 2528 5375 μίαν
2557 5299 2694 5354 ἐλείν
2711 5315 2727 5332 ο
2754 5296 2911 5353 ἄλλον
2937 5291 2995 5346 δέ
3024 5284 3213 5359 γυμνῷ
3242 5282 3454 5353 σώματι
3568 5370 3580 5379 .

1886 5414 2278 5489 προσϐαλόντα,
2312 5410 2405 5465 zeal
2430 5409 2586 5480 χερσὶ
2623 5404 2808 5478 μόναις
2837 5398 3133 5472 χρώμενον,
3172 5390 3291 5461 οὐχί
3324 5388 3452 5459 μίαν

1885 5518 1979 5571 zeal
2020 5513 2276 5585 δευτέραν
2300 5511 2414 5566 -zeal
2466 5508 2636 5563 εἴκοσι
2669 5502 2868 5564 πόλεις,
2909 5495 3044 5552 ἀλλὰ
3088 5489 3281 5563 μυρίας
3315 5489 3456 5543 κατὰ

1884 5621 1983 5692 τὴν
2010 5615 2330 5687 οἰκουμένην
2359 5609 2729 5682 ἐπιτρέχοντα,
2760 5601 2853 5657 zeal
2884 5593 3211 5663 αὐτάνδρους
3239 5588 3454 5661 λαμϐά-

1886 5696 2064 5786 νοντα,
2106 5717 2452 5790 ἀνθρωπίνης
2485 5711 2553 5766 ἂν
2586 5711 2761 5770 εῐποις
2794 5700 2931 5758 εἶναι
2967 5697 3124 5752 τοῦτο
3150 5693 3453 5766 δυνάμεως.

1888 5828 2043 5885 Οὕτω
2071 5826 2228 5896 δῆλον
2252 5826 2332 5878 ὅτι
2366 5823 2457 5877 zeal
2484 5817 2596 5875 νῦν.
2631 5816 2727 5872 Διὰ
2757 5813 2864 5886 γὰρ
2891 5809 3048 5867 τοῦτο
3080 5803 3454 5878 συνεχώρησεν
