3876 6286
449 455 552 510 493

444 564 478 613 6
504 558 634 620 Θεὸς
661 555 757 611 καὶ
781 554 982 628 λῃστὰς
1003 551 1399 624 σταυρωθῆναι,
1426 549 1518 602 καὶ
1545 545 1654 616 πρὸ
1681 542 1842 598 αὑτοῦ
1862 557 2014 602 τινας

450 651 769 714 ἀπατεῶνας
818 648 1072 718 φανῆναι,
1109 647 1194 700 ἵνα
1240 645 1332 698 καὶ
1379 643 1487 698 ἀπὸ
1531 638 1865 710 συγκρίσεως
1909 637 2021 698 τοῖς

451 745 654 814 σφόδρα
679 740 1061 811 άναισθητοῦσι
1087 737 1268 809 δειχθῇ
1296 735 1398 805 τῆς
1419 732 1676 805 ἀληθείας
1699 733 1732 802 ή
1756 727 2018 799 ὑπεροχὴ,

451 837 544 888 καὶ
576 837 639 888 σὺ
671 834 866 905 μάθῃς,
899 834 984 885 ὅτι
1009 832 1108 884 οὐκ
1144 830 1368 882 ἐκείνων
1397 821 1476 888 εἷς
1507 819 1680 889 οὗτος,
1718 820 1852 876 ἀλλά
1887 819 2020 872 πολὺ

453 921 548 973 καί¹
576 920 797 988 ἄπειρον
825 917 1014 972 τούτου
1041 919 1135 971 καὶ
1170 916 1392 969 ἐκείνων
1418 913 1480 967 τὸ
1510 913 1694 984 μέσον.
1724 911 1886 964 Οὐδὲν
1915 907 2024 980 γὰρ

455 1012 618 1065 αὐτοῦ
644 1011 740 1081 τὴν
765 1011 921 1074 δόξαν
952 1008 1241 1062 συσκιάσαι
1273 1006 1509 1077 ἴσχυσεν,
1539 1004 1598 1057 οὐ
1625 1003 1688 1056 τὸ
1712 1001 1820 1054 τῶν
1847 999 2024 1054 αὐτῶν

456 1103 775 1169 κοινωνῆσαι
804 1099 1012 1164 παθῶν,
1037 1099 1098 1152 οὐ
1126 1098 1189 1152 τδ
1213 1100 1325 1160 τοῖς
1358 1096 1541 1158 αὐτοῖς
1571 1093 1784 1166 χρόνοις
1814 1090 2029 1161 συνδρα-

461 1193 600 1261 μεῖν.
633 1191 694 1243 Εἰ
725 1191 821 1260 μὲν
850 1189 958 1260 γὰρ
992 1178 1092 1241 τὸν
1123 1187 1353 1259 σταυρὸν
1384 1187 1433 1237 οἰ
1459 1183 1707 1254 δαίμονες
1735 1181 2025 1242 δεδοίκασι,

459 1283 553 1336 καὶ
585 1283 644 1334 οὐ
679 1281 773 1334 τοῦ
805 1280 1208 1352 σταυρωθέντος
1243 1277 1339 1348 τὴν
1370 1276 1544 1345 ἰσχὺν,
1583 1273 1882 1344 ἐμφράττει
1921 1270 2029 1323 τῶν

457 1369 627 1422 ταῦτα
656 1367 922 1437 λεγόντων
945 1368 1006 1421 τὸ
1036 1369 1211 1438 στόμα
1236 1365 1346 1418 τῶν
1374 1363 1584 1434 λῃστῶν
1610 1365 1642 1432 ή
1679 1360 1906 1432 ξυνωρίς
1932 1376 1946 1390 ο
1982 1359 2031 1411 εἰ

457 1461 515 1514 δὲ
544 1461 639 1514 καὶ
673 1462 705 1530 ή
753 1459 1008 1513 δυσκολία
1037 1458 1145 1510 τῶν
1180 1456 1385 1527 καιρῶν
1416 1454 1477 1506 τὸ
1509 1456 1618 1507 πᾶν
1651 1453 1867 1524 ήνυσεν,
1895 1452 2031 1504 ἀπο-

458 1550 742 1617 λογοῠνται
790 1551 840 1603 οἱ
889 1551 1017 1620 περὶ
1073 1549 1272 1602 Θευδᾶν
1326 1547 1417 1600 καὶ
1475 1544 1694 1610 Ἰούδαν,
1749 1545 1878 1614 περί⁹
1925 1542 2032 1596 τῶν

461 1641 642 1694 αὐτῶν
678 1643 810 1712 ἡμῖν
841 1641 1284 1714 ἐπιχειρήσαντες
1316 1637 1453 1708 μετά
1477 1637 1570 1690 καὶ
1599 1635 1800 1706 ἐτέρων
1827 1633 2033 1687 πολλῶν

463 1734 569 1786 τῶν
619 1733 878 1804 σημείων,
927 1731 1020 1785 καὶ
1060 1728 1464 1800 διαφθαρέντες.
1512 1726 1688 1795 ’ὐπερ
1732 1723 1840 1794 γὰρ
1879 1721 2032 1792 ἔφην,

464 1825 552 1878 διὰ
572 1825 730 1878 τοῦτο
755 1825 926 1878 ταῦτα
955 1823 1135 1876 εἴασεν
1160 1825 1188 1875 6
1217 1821 1368 1884 Θεὸς,
1405 1821 1493 1872 ἴνα
1526 1821 1590 1871 ἐκ
1629 1817 1944 1887 περιουσίας
1969 1815 2040 1868 τά

467 1917 631 1970 αὑτοῦ
660 1917 826 1987 δείξῃ.
867 1915 964 1968 Διά
1003 1914 1158 1967 τοῦτο
1196 1913 1288 1966 καὶ
1322 1910 1766 1980 ψευδοπροφήτας
1797 1908 1888 1959 ἐπὶ
1930 1906 2038 1959 τῶν

469 2009 760 2080 προφητῶν
790 2008 1018 2077 φανῆναι
1052 2003 1417 2075 συνεχώρησε,
1456 2003 1550 2055 καὶ
1581 1998 2041 2070 ψευδαποστόλους

469 2100 561 2152 ἐπὶ
595 2099 703 2152 τῶν
734 2097 1062 2162 ἀποστόλων,
1101 2096 1188 2149 ἵνα
1226 2094 1404 2166 μάθῃς
1440 2094 1522 2146 ὅτι
1557 2092 1705 2145 οὐδὲν
1737 2090 1846 2145 τῶν
1876 2089 2040 2143 αὐτοῦ

471 2189 758 2241 συσκιάσαι
776 2186 1019 2241 δύναται.

541 2281 692 2332 Εἴπω
732 2295 814 2331 σοι
847 2279 940 2331 καὶ
975 2276 1238 2348 ἑτέρωθεν
1265 2275 1493 2345 δύναμιν
1522 2270 1874 2343 κηρύγματος
1911 2268 2044 2322 θαυ-

475 2369 684 2441 μαστὴν
749 2370 842 2422 καὶ
893 2367 1194 2438 παράδοξον
1219 2407 1234 2432 ,
1297 2365 1391 2418 καὶ
1453 2362 1611 2426 δείξω
1663 2377 1746 2414 σοι⁹
1809 2359 1903 2412 καὶ
1957 2358 2046 2412 διὰ

471 2462 582 2513 τῶν
634 2459 1007 2530 πολεμούντων
1052 2457 1336 2527 αἰρόμενον
1386 2455 1546 2506 αὑτὸν
1599 2449 1748 2523 [497]
1806 2451 1899 2502 καὶ
1947 2449 2045 2502 αύ-

475 2553 798 2622 ξανόμενονς
836 2550 925 2620 Τῷ
964 2548 1158 2618 Παύλῳ
1199 2547 1372 2617 τούτῳ
1405 2543 1534 2598 ποτέ
1570 2560 1712 2607 τινες
1750 2541 2048 2612 πολεμοῦν-

474 2661 586 2706 τες,
615 2644 908 2713 ἐκήρυττον
929 2641 1076 2692 τουτὶ
1100 2639 1158 2691 τὸ
1181 2637 1356 2707 δόγμα
1383 2639 1440 2690 ἐν
1474 2634 1679 2705 Ῥώμῃ.
1727 2631 2048 2702 Βουλόμενοι

476 2732 585 2804 γὰρ
627 2733 714 2785 τὸν
751 2731 978 2800 Νέρωνα
1018 2726 1314 2797 παροξῦναι
1354 2724 1692 2794 πολεμοῦντα
1723 2722 1802 2792 τῷ
1831 2721 2048 2793 Παύλῳ,

478 2826 823 2895 ἀναδέχονται
870 2823 964 2875 καὶ
1009 2821 1162 2874 αὐτοὶ
1210 2819 1518 2890 κηρύττειν,
1551 2817 1636 2870 ἴνα
1670 2815 1868 2886 μᾶλλον
1915 2815 2052 2869 πλαι

476 2916 761 2978 τυνθέντος
807 2913 900 2967 τοῦ
949 2912 1130 2980 λόγου,
1163 2912 1256 2963 κα¹ι
1310 2909 1568 2962 πλειόνων
1611 2907 1909 2978 γινομένων
1951 2923 2053 2976 μα-

479 3007 680 3079 θητῶν,
729 3006 1052 3077 θερμότερος
1100 3005 1128 3056 6
1168 2999 1472 3079 θυμδςίτοῦ
1515 2999 1777 3072 τυράννου
1803 2998 2051 3067 γένηται,

479 3073 573 3154 καὶ
613 3073 856 3170 ἀγριωθῇ
903 3073 972 3150 τὸ,
1005 3096 1210 3167 θηρίον.
1251 3073 1365 3147 Καί
1389 3092 1546 3145 τοῦτο
1579 3091 1738 3153 αὐτὸς
1777 3092 1806 3144 ό
1845 3088 2055 3153 Παῦλος

477 3193 855 3263 Φιλιππησίοις
905 3188 1230 3242 ἐπιστέλλων
1284 3186 1436 3254 ἔλεγε
1462 3201 1474 3215 ·
1524 3182 1854 3237 Γινώσκειν
1903 3179 2057 3250 ὑμᾶς

475 3287 793 3353 βούλομαι,
831 3280 1102 3349 ἀδελφοί,
1145 3278 1235 3332 ὅτι
1275 3278 1349 3332 τὰ
1390 3276 1516 3330 κατ’
1557 3273 1662 3343 ἐμὲ
1693 3271 1936 3342 μᾶλλον
1969 3273 2058 3337 είς

481 3377 793 3444 προκοπὴν
820 3373 926 3426 τοῦ
950 3370 1316 3440 Εὐαγγελίου
1350 3367 1652 3436 ἐλήλυθεν
1676 3382 1690 3395 '
1730 3364 1886 3418 ὥστε
1917 3363 2059 3428 τοὺς

484 3467 770 3529 πλείονας
810 3461 926 3516 τῶν
949 3459 1227 3530 ἀδελφῶν
1267 3458 1622 3522 πεποιθότας
1661 3453 1785 3520 τοῖς
1817 3453 2061 3521 δεσμοῖς

481 3573 621 3627 μου,
649 3552 1080 3623 περισσοτέρως
1101 3548 1331 3619 τολμᾷν
1356 3548 1591 3617 ἀφόϐως
1623 3544 1728 3597 τὸν
1752 3544 1937 3612 λόγον
1955 3547 2062 3596 λα.

485 3647 637 3701 λεῐν.
672 3646 832 3710 Τινὲς
855 3646 970 3713 μὲν
1000 3643 1098 3697 καί
1131 3641 1227 3694 διὰ
1250 3639 1475 3708 φθόνον
1503 3634 1601 3689 καὶ
1627 3635 1774 3701 ἔριν,
1803 3632 1964 3700 τινὲς
1993 3632 2062 3686 δὲ

486 3737 586 3790 καί
631 3735 702 3789 δι’
748 3734 1029 3789 εὐδοκίαν
1066 3731 1173 3786 τὸν
1210 3725 1467 3797 Χριστὸν
1501 3725 1923 3793 κηρύσσουσιν
1954 3741 1968 3755 ·
2007 3726 2061 3777 οἱ

389 3900 394 3904 ν
484 3825 600 3897 μὲν
621 3825 690 3890 ἐξ
711 3825 981 3893 ἐριθείας,
997 3824 1111 3891 οὐχ
1127 3818 1340 3890 ἁγνῶς,
1365 3817 1621 3884 οἰόμενοι
1641 3813 1850 3881 θλῖψιν
1867 3814 2065 3882 ἐπιφό-

481 3936 615 3988 ρειν
646 3918 770 3983 τοῖς
804 3915 1046 3985 δεσμοῖς
1073 3930 1192 3982 μου
1218 3927 1232 3941 °
1268 3912 1322 3962 οί
1354 3907 1422 3960 δὲ
1450 3907 1518 3971 ἐξ
1550 3905 1806 3976 ἀγάπης,
1839 3905 2063 3974 ειδότες

489 4008 578 4062 ὅτι
598 4010 684 4073 εἰς
711 4005 1042 4075 ἀπολογίαν
1068 3999 1173 4054 τοῦ
1203 3996 1572 4066 Εὐαγτελίου
1602 3993 1814 4063 κεῖμαι.
1847 3995 1907 4048 Τί
1929 3993 2064 4064 γάρ;

490 4095 658 4164 πλὴν
693 4092 869 4147 παντὶ
904 4091 1116 4159 τρόπῳ,
1147 4087 1268 4140 εἴτε
1300 4083 1614 4154 προφάσει,
1642 4084 1762 4138 ειτε
1789 4085 2060 4152 ἀληθείᾳ,

490 4183 746 4254 Χριστὸς
776 4178 1259 4249 καταγγέλλεται.
1292 4170 1451 4236 Εἶδες
1480 4173 1597 4237 πῶς
1634 4173 1819 4228 πολλοὶ
1857 4173 1916 4240 ἐξ
1947 4176 2063 4245 ὲρι..

492 4277 642 4340 θείας
679 4276 1013 4346 ἐκήρυττον;
1061 4268 1195 4324 Ἀλλ’
1233 4269 1380 4340 ὅμως
1417 4267 1512 4322 καὶ
1543 4265 1633 4322 διὰ
1668 4265 1777 4321 τῶν
1809 4265 2066 4321 ἐναντίων

493 4369 732 4439 ἐκράτει.

561 4453 719 4510 Μετὰ
760 4451 816 4504 δέ
858 4449 1084 4514 τούτων,
1129 4449 1223 4502 καὶ
1260 4447 1424 4519 ἕτερα
1463 4444 1530 4520 ἦν
1559 4446 1628 4501 τὰ
1657 4445 2061 4517 ἀντικρούοντα,

493 4545 602 4598 Καὶ
645 4544 752 4614 γὰρ
804 4541 894 4594 καὶ
923 4541 1076 4610 νόμοι
1111 4539 1330 4592 παλαιοὶ
1359 4538 1420 4590 οὐ
1458 4536 1615 4607 μόνον
1644 4537 1743 4589 οὐκ
1782 4536 2058 4608 ἐϐοήθουν,

493 4635 627 4692 ἀλλὰ
660 4636 753 4688 καὶ
790 4631 1135 4703 ἠναντιοῦντο
1168 4633 1258 4684 καὶ
1289 4629 1608 4699 ἐπολέμουν,
1645 4629 1738 4681 καὶ
1765 4630 1799 4698 ή
1835 4629 2068 4699 πονηρία

495 4727 589 4782 καὶ
615 4727 647 4795 ή
679 4725 867 4792 ἄγνοια
894 4721 1003 4776 τῶν
1027 4719 1415 4776 διαϐαλλόντων
1441 4737 1455 4752 ο
1489 4717 1712 4789 βασιλέα
1733 4719 1860 4791 γὰρ,
1883 4719 2066 4787 φασὶν,

493 4818 677 4887 έχουσι
714 4815 805 4867 τὸν
848 4813 1101 4885 Χριστόν.
1145 4813 1220 4866 Οὐ
1269 4810 1379 4883 γὰρ
1425 4811 1491 4880 δὴ
1546 4809 1763 4882 ᾔδεισαν
1810 4809 1910 4878 τὴν
1958 4809 2071 4863 άπω

497 4905 772 4980 βασιλείαν
817 4904 1000 4969 αὑτοῦ,
1034 4903 1134 4975 τὴν
1172 4903 1404 4974 φρικτὴν
1433 4900 1648 4970 ἐκείνην
1687 4899 1780 4954 καὶ
1827 4900 2068 4968 ἀπέραν-

491 5017 605 5063 τον,
641 4998 753 5051 ἀλλ’
793 4997 868 5072 ώς
907 4994 1196 5064 τυραννίδα
1237 4991 1418 5047 αὐτῶν
1455 4990 1854 5060 ἐπεισαγόντων
1889 4992 1955 5060 τῇ
1995 4991 2072 5043 οἰ-

497 5089 752 5160 κουμένῃ,
781 5087 921 5142 οὕτω
957 5085 1218 5153 διέϐαλον,
1254 5085 1346 5138 καὶ
1385 5086 1538 5155 κοινῇ
1573 5083 1794 5146 πάντες,
1835 5081 1930 5135 καὶ
1966 5081 2070 5153 ἰδίᾳ

496 5184 722 5246 ῑκαστος
758 5182 936 5243 αὐτοῖς
977 5180 1240 5234 ἐπύκτευε
1266 5195 1281 5209 ο
1323 5179 1473 5248 κοινῇ
1516 5176 1632 5246 μὲν,
1675 5173 1750 5238 ὡς
1787 5175 1886 5245 τῆς
1927 5174 2072 5226 πολι-

496 5273 643 5337 τείας
671 5272 1089 5344 ἀναιρουμένης,
1117 5271 1211 5324 καὶ
1239 5269 1348 5321 τῶν
1372 5268 1552 5338 νόμων
1580 5264 2031 5335 ἀνατρεπομένων
2052 5278 2067 5294 ο

501 5369 604 5440 ἰδία
627 5367 703 5431 δὲ,
742 5367 872 5418 ὡσεὶ
904 5365 1138 5433 ἐκάστης
1165 5362 1338 5424 οἰκίας
1367 5357 1748 5428 διασπωμένης
1778 5355 1871 5409 καὶ
1901 5371 2070 5408 κατα-

498 5449 780 5532 λυομένης.
814 5458 920 5510 Καὶ
953 5455 1060 5526 γὰρ
1097 5453 1278 5524 πατὴρ
1323 5449 1578 5520 ἐπολέμει
1607 5441 1758 5501 παιδὶ
1793 5447 1935 5512 τότε,
1980 5446 2073 5498 καὶ

498 5552 614 5614 υίὸς
638 5553 855 5622 ἠρνεῖτο
882 5548 1114 5619 πατέρα,
1139 5546 1231 5599 καὶ
1254 5541 1505 5614 γυναῖκες
1526 5542 1744 5613 ἄνδρας,
1768 5539 1860 5593 καί⁵
1884 5537 2074 5610 ἀνδρες

498 5645 782 5713 γυναῖκας,
806 5641 906 5694 καὶ·
922 5639 1218 5709 θυγατέρες
1249 5635 1508 5708 μητέρας,
1533 5632 1623 5686 καὶ
1640 5633 1918 5700 συγγενεῖς
1947 5644 2075 5698 συγ-

500 5752 562 5806 γε
579 5739 695 5798 μείς,
731 5735 825 5788 καὶ
855 5731 995 5802 φίλοι
1021 5733 1225 5800 φίλους,
1261 5729 1352 5782 καὶ
1380 5727 1622 5788 ποικίλος
1655 5742 1736 5788 τις
1763 5720 1831 5794 ἦν
1859 5725 1888 5776 6
1918 5723 2072 5777 πόλε-

503 5848 602 5905 μος
645 5822 802 5882 οὗτος
843 5828 934 5879 καὶ
984 5825 1336 5883 παντοδαπὸς.
1389 5825 1468 5883 εἰς
1510 5823 1608 5882 τὰς
1646 5819 1821 5878 οἰκίας
1862 5820 2067 5894 ἕρπων.

1161 445 1217 500 S.
1243 441 1534 499 JOANNIS
1563 434 2050 497 CHRYSOSTOMI

2151 431 2412 490 RCHIEP.
2455 425 3011 488 CONSTANTINOP.

3531 366 3544 385 ἱ
3599 420 3709 474 494

2127 541 2408 609 συγγενεῖς
2465 538 2728 603 διασπῶν,
2789 532 3142 606 βουλευτήρια
3190 529 3490 600 ταράττων,
3546 526 3712 583 δικα-

2123 645 2320 714 στήρια
2368 638 2630 713 θορυϐῶν,
2681 639 2756 702 ώς
2803 636 2909 690 τῶν
2954 634 3198 704 πατρίων
3253 631 3388 686 ἐθῶν
3435 631 3707 684 καταλυο-

2127 743 2325 815 μένων,
2377 743 2472 796 καὶ
2510 739 2712 813 ἐορτῶν
2752 740 2846 793 καὶ
2887 735 3180 810 θεραπείας
3214 733 3482 805 δαιμόνων
3525 748 3705 786 κατα-

2123 844 2414 915 λυομένης,
2445 842 2481 896 ἀ
2512 844 2624 906 τοῖς
2664 839 2830 894 πάλαι
2867 837 3184 910 νομοθέταις
3228 834 3336 905 πρὸ
3375 832 3484 886 τῶν
3528 831 3708 886 ἄλλων

2129 945 2383 1000 ἀπάντων
2440 941 2878 1016 περισπούδαστα
2951 935 3039 1010 ἦν.
3115 936 3225 991 Καὶ
3300 933 3440 1007 μετά
3497 934 3709 988 τούτων

2127 1047 2223 1100 καὶ
2288 1046 2320 1116 ή
2378 1044 2478 1115 τῆς
2535 1041 2845 1114 τυραννίδος
2909 1038 3114 1109 ὑποψία
3179 1035 3444 1091 πάντοθεν
3506 1032 3708 1094 αὑτοὶς

2129 1148 2445 1204 ἐλαύνεσθαι
2503 1146 2694 1201 ἐποίει.
2749 1142 2861 1198 Καὶ
2915 1140 3016 1195 οὐκ
3069 1139 3137 1194 ἂν
3199 1138 3310 1208 ἔχοι
3368 1152 3452 1198 τις
3507 1135 3709 1196 εἰπεῖν,

2130 1254 2211 1306 ὅτι
2262 1252 2412 1322 παρά
2460 1251 2557 1320 μὲν
2598 1247 2822 1316 Ἕλλησι
2870 1243 3065 1306 ταῦτα,
3115 1239 3265 1309 παρά
3316 1237 3372 1289 δέ
3414 1237 3527 1298 τοῖς
3571 1235 3710 1287 ’1ου-

2130 1349 2300 1412 δαίοις
2345 1347 2632 1418 ἡσύχαζεν,
2683 1345 2818 1400 ἀλλά
2859 1342 2950 1397 καὶ
2999 1333 3196 1394 ἐκεῖνοι
3239 1335 3420 1406 πολλῷ
3455 1332 3712 1404 χαλεπώ-

2131 1468 2289 1521 τερον
2354 1450 2659 1505 ἐπετίθεντο
2680 1466 2695 1481 ’
2745 1448 2841 1502 καὶ
2899 1446 3008 1518 γάρ
3067 1445 3162 1498 καὶ⁵
3219 1439 3370 1496 αὐτοὶ
3434 1434 3716 1498 πολιτείας

2135 1560 2408 1631 ἀναίρεσιν
2447 1560 2694 1630 ᾐτιῶντο.
2735 1559 2816 1611 Οὐ
2853 1555 3102 1610 παύεται
3137 1551 3268 1623 γὰρ,
3307 1547 3460 1619 φησὶ,
3499 1541 3716 1600 λαλῶν

2125 1669 2365 1740 ῥήματα
2407 1667 2747 1738 ,βλάσφημα
2795 1664 2944 1719 κατὰ
2991 1663 3098 1716 τοῦ
3139 1661 3328 1715 τόπου
3377 1654 3484 1710 τοῦ
3536 1652 3715 1723 ἁγίου

2136 1779 2349 1832 τούτου
2382 1777 2480 1831 καὶ
2523 1775 2632 1829 τοῦ
2671 1775 2880 1843 νόμου.
2932 1769 3071 1823 Ἀλλ’
3114 1766 3264 1837 ὅμως
3309 1759 3572 1816 πάντοθεν
3615 1760 3717 1827 τῆς

2141 1885 2320 1954 πυρᾶς
2351 1880 2750 1950 ἀναπτομένης,
2778 1877 2886 1930 ἀπὸ
2918 1874 3028 1928 τῶν
3075 1871 3282 1933 οἰκιῶν,
3309 1867 3417 1920 ἀπὸ
3459 1864 3569 1918 τῶν
3619 1862 3718 1915 πό-

2138 1989 2296 2052 λεων,
2328 1987 2434 2040 ἀπὸ
2473 1985 2581 2039 τῶν
2619 1984 2827 2054 ἀγρῶν,
2863 1981 2970 2035 ἀπὸ
3016 1979 3117 2048 τῆς
3169 1973 3421 2048 ἐρημίας,
3452 1969 3563 2024 ἀπὸ
3604 1967 3720 2021 τῶν

2142 2090 2295 2164 [498]
2337 2091 2622 2160 Ἑλλήνων,
2658 2087 2764 2142 ἀπὸ
2796 2086 2903 2140 τῶν
2937 2082 3226 2149 Ἰουδαίων,
3253 2080 3360 2134 ἀπὸ
3381 2077 3490 2132 τῶν
3518 2074 3720 2147 ἀρχόν-

2141 2217 2273 2265 των,
2303 2197 2411 2252 ἀπδ
2453 2197 2560 2250 τῶν
2595 2193 2932 2266 ἀρχομένων,
2966 2188 3074 2243 ἀπὸ
3117 2186 3226 2241 τῶν
3261 2183 3560 2254 συγγενῶν,
3609 2179 3723 2234 ἀπὸ

2141 2305 2244 2374 τῆς
2280 2302 2406 2373 γῆς,
2442 2299 2548 2354 ἀπὸ
2579 2301 2678 2370 τῆς
2709 2297 2999 2366 θαλάττης,
3022 2293 3132 2348 ἀπδ
3164 2291 3271 2346 τῶν
3302 2287 3720 2361 βασιλευόντων,

2149 2411 2242 2463 καὶ
2274 2410 2488 2463 πάντων
2513 2404 2772 2478 ἀλλήλους
2801 2400 3215 2472 ἐξαγριούντων,
3250 2397 3345 2450 καὶ
3372 2394 3558 2466 θηρίου
3586 2409 3724 2445 πανο

2145 2514 2240 2577 τὺς
2262 2511 2638 2585 χαλεπώτερον
2665 2505 3077 2577 ἐπιτιθεμένων,
3105 2505 3133 2556 6
3167 2500 3434 2572 μακάριος
3463 2485 3616 2559 οὗτος
3642 2495 3726 2556 εἰς

2146 2619 2416 2682 τοσαύτας
2466 2615 2730 2687 καμίνους
2781 2609 3061 2682 ἐμπηδῶν,
3100 2608 3195 2661 καὶ
3239 2605 3297 2660 ἐν
3350 2603 3499 2674 μέσῳ
3541 2598 3729 2652 λύκων

2149 2724 2459 2796 ἱστάμενος,
2502 2721 2594 2775 καὶ
2641 2717 2902 2772 πάντοθεν
2952 2713 3301 2784 βαλλόμενος,
3342 2707 3404 2761 οὐ
3452 2705 3614 2778 μόνον
3662 2704 3728 2757 ού

2151 2811 2493 2901 κατεχώσθη,
2530 2824 2667 2880 ἀλλά
2700 2823 2795 2877 καὶ
2841 2822 3050 2882 πάντας
3085 2817 3281 2880 αὐτοὺς
3320 2815 3401 2877 εἰς
3447 2812 3547 2882 τὴν
3591 2807 3731 2882 ἀλή-

2152 2937 2305 2990 θειαν
2343 2933 2670 3006 μετήγαγεν.
2696 2925 2850 2981 Εἴπω
2881 2923 2976 2979 καὶ
3007 2921 3197 2985 ἀλλους
3220 2918 3356 2992 πρὸς
3380 2916 3593 2981 τούτοις
3623 2931 3729 2968 πο-

2150 3040 2353 3114 λέμους
2393 3033 2845 3111 χαλεπωτάτουςο
2891 3030 2921 3082 6
2967 3028 3076 3082 τῶν
3129 3021 3577 3095 ψευδαποστόλων
3601 3061 3617 3086 ,
3667 3019 3731 3074 τὺ

2155 3149 2393 3221 μάλιστα
2424 3144 2639 3198 πάντων
2666 3138 2826 3194 αὑτὸν
2855 3133 3080 3197 λυποῦν,
3125 3134 3154 3185 6
3199 3129 3307 3184 τῶν
3355 3129 3573 3182 οἰκείων
3618 3127 3732 3182 τῶν

2155 3253 2555 3312 ἀσθενούντων·
2594 3248 2779 3304 πολλοὶ
2805 3245 2916 3318 γὰρ
2948 3240 3292 3302 πιστεύοντες
3320 3236 3694 3307 διεφθείροντο
3715 3251 3729 3263 ·

2155 3363 2296 3418 άλλά
2339 3359 2434 3415 καὶ
2476 3357 2612 3430 πρὸς
2658 3353 2830 3410 ταῦτα
2861 3353 3082 3423 ήρκεσε.
3115 3346 3287 3401 Πόθεν
3321 3345 3415 3399 καὶ
3461 3346 3527 3397 ἐκ
3571 3341 3735 3405 ποίας

2168 3467 2376 3539 ἰσχύος
2423 3467 2501 3520 Τὰ
2526 3463 2686 3517 ὅπλα
2725 3458 2914 3529 ἡμῶν,
2943 3455 3128 3528 φησὶν,
3157 3455 3230 3508 οὐ
3262 3449 3542 3521 σαρκικὰ,
3573 3449 3737 3504 ἀλλὰ

2158 3571 2390 3628 δυνατὰ
2437 3568 2517 3634 τῷ
2558 3566 2680 3632 Θεῷ
2724 3563 2872 3634 πρὸς
2909 3561 3258 3630 καθαίρεσιν
3297 3553 3698 3626 ὀχυρωμάτων
3717 3593 3733 3617 ,

2158 3676 2493 3750 λογισμοὺς
2521 3671 2940 3741 καθαιροῦντες
2977 3668 3074 3723 καί
3103 3665 3227 3722 πᾶν
3253 3664 3471 3732 ὕψωμα
3496 3659 3735 3731 ἐπαιρό-

2153 3799 2350 3855 μενον
2379 3779 2529 3836 κατὰ
2580 3776 2689 3846 τῆς
2735 3774 3011 3847 γνώσεως
3053 3771 3160 3826 τοῦ
3211 3767 3380 3823 Θεοῦ.
3428 3765 3528 3820 Διά
3579 3765 3738 3819 τοῦτο

2164 3891 2348 3945 πάντα
2371 3883 2745 3959 μετεϐάλλετο,
2771 3881 2867 3934 καὶ
2894 3874 3356 3952 μτερρυθμίζετο
3389 3871 3606 3944 ἀθρόον.
3629 3870 3737 3923 Καὶ

2157 3994 2351 4064 ῶσπερ
2395 3992 2576 4061 πυρᾶς
2603 3987 2956 4058 ἀναφθείσης,
2984 3985 3041 4038 αἰ
3075 3982 3328 4046 ἄκανθαι,
3363 3979 3505 4034 κατά
3541 3977 3740 4050 μικρὸν

2163 4098 2573 4170 δαπανώμεναι,
2620 4097 2826 4150 εῐκουσι
2869 4093 2964 4146 καὶ¹
3008 4086 3397 4163 παραχωροῦσι
3445 4087 3511 4156 τῇ
3561 4083 3738 4153 φλογὶ,

2161 4207 2262 4262 καὶ
2291 4202 2533 4273 καθαρὰς
2562 4198 2776 4254 ποιοῦσι
2802 4197 2903 4261 τὰς
2930 4194 3202 4268 ἀρούρας⁹
3237 4191 3377 4246 οὕτω
3403 4189 3466 4260 δὴ
3509 4190 3607 4242 καὶ
3643 4189 3740 4254 τῆς

2163 4308 2382 4369 Παύλου
2408 4305 2651 4378 γλώττης
2675 4301 3070 4374 φθεγγομένης,
3095 4297 3191 4352 καὶ
3212 4295 3388 4360 πάντα
3417 4293 3589 4365 πυρὸς
3615 4307 3742 4361 σφο-

2166 4414 2425 4490 δρότερον
2472 4412 2766 4483 ἐπιούσης,
2818 4405 2961 4463 εἶκεν
3008 4407 3222 4462 ἅπαντα
3270 4403 3362 4457 καὶ
3409 4399 3740 4472 παρεχώρει,

2173 4525 2267 4581 καὶ
2299 4520 2567 4591 δαιμόνων
2589 4518 2893 4590 θεραπεῖαι,
2921 4514 3016 4569 καὶ
3040 4511 3246 4584 ἑορταὶ,
3269 4509 3362 4564 καλ⁵
3385 4505 3740 4578 πανηγύρεις,

2170 4628 2268 4695 καὶ
2318 4626 2520 4696 πάτρια
2567 4622 2682 4693 έθη,
2717 4621 2812 4674 καὶ
2857 4618 3036 4690 νόμων
3063 4612 3372 4686 διαφθοραὶ,
3408 4610 3506 4666 καὶ
3559 4610 3744 4682 δήμων

2173 4731 2362 4804 θυμοὶ,
2396 4731 2492 4784 καὶ
2516 4728 2791 4799 τυράννων
2822 4723 3062 4791 ἀπειλαὶ,
3087 4722 3180 4776 καὶ
3204 4719 3420 4774 οἰκείων
3439 4716 3744 4780 ἐπιϐουλαὶ,

2169 4843 2270 4896 καῖι
2302 4836 2748 4908 ψευδαποστόλων
2774 4829 3129 4902 κακουργίαν
3167 4825 3367 4898 μᾶλλον
3392 4823 3470 4886 δέ,
3494 4822 3746 4891 καθάπερ

2171 4945 2274 5018 τῆς
2320 4945 2536 5006 ἀκτῖνος
2572 4939 2917 5012 ἀνισχούσης,
2949 4937 3043 4990 καὶ
3089 4933 3276 4997 σκότος
3311 4929 3618 4994 ἐλαύνεται,
3655 4928 3748 4982 καὶ

2174 5049 2343 5126 θηρία
2396 5046 2721 5104 καταδύεται
2762 5044 2857 5099 καὶ
2900 5040 3128 5114 φωλεύει
3170 5037 3382 5100 λοιπὸν,
3413 5036 3509 5090 καὶ
3553 5035 3747 5109 λῃσταὶ

2172 5150 2585 5225 δραπετεύουσι,
2615 5148 2710 5201 καὶ
2743 5144 3056 5217 ἀνδροφόνοι
3089 5143 3218 5215 περὶ
3253 5141 3321 5196 τά
3363 5139 3608 5212 σπήλαια
3655 5155 3753 5190 κα-

2172 5260 2530 5332 ταφεύγουσι,
2562 5255 2656 5308 καὶ
2686 5253 2940 5327 πειραταὶ
2968 5251 3314 5320 ἀφίστανται,
3341 5245 3438 5300 καὶ
3467 5241 3752 5316 τυμϐωρύυ

2172 5388 2256 5441 χοι
2296 5361 2661 5437 ἀναχωροῦσι,
2693 5361 2789 5415 καὶ
2831 5359 3009 5432 μοιχοὶ
3031 5359 3145 5412 εκαὶ
3187 5354 3414 5409 κλέπται
3463 5351 3562 5405 καὶ⁸
3605 5367 3749 5420 τοιχι

2170 5474 2404 5546 ωρύχοι,
2431 5468 2529 5526 ἅντε
2564 5467 2672 5521 ἀπὸ
2707 5467 2807 5534 τῆς
2848 5467 3064 5526 ἀκτῖνος
3089 5457 3406 5530 ἐλέγχεσθαι
3442 5455 3746 5528 μέλλοντες,

2174 5577 2506 5638 ἀπελθόντες
2553 5587 2656 5626 που
2717 5568 2932 5642 μακρὰν
2977 5566 3201 5628 ἑαυτοὺς
3251 5561 3594 5633 ἀφανίζουσι,
3657 5557 3752 5612 καὶ

2179 5685 2355 5739 πάντα
2387 5677 2623 5748 διαφανῆ
2649 5676 2742 5730 καὶ
2775 5673 3000 5745 λαμπρά
3033 5673 3266 5741 γίνεται,
3299 5669 3394 5723 καὶ
3419 5667 3516 5740 γῆ.
3545 5667 3640 5722 καὶ
3663 5664 3751 5720 06-

2174 5796 2362 5855 λαττα,
2395 5792 2492 5858 τῆς
2545 5788 2761 5849 ἀκτῖνος
2810 5783 3013 5837 ἄνωθεν
3063 5779 3242 5838 πάντα
3273 5777 3744 5850 καταυγαζούσης,
