3876 6286
196 432 298 488 493

196 555 373 616 pterea
396 548 539 601 enim
561 548 823 603 concessit
854 549 991 604 Deus
1020 558 1074 604 et
1101 550 1337 605 latrones
1356 565 1477 606 cum
1500 550 1772 606 Salvatore

194 638 448 709 cruciﬁgi,
482 646 537 694 ct
563 650 688 694 ante
715 640 1005 695 Salvatoris
1030 642 1316 696 adventum
1339 642 1649 697 seductores
1675 642 1775 697 ali-

194 746 329 799 quos
353 744 633 799 apparere,
655 738 712 784 ut
735 731 893 785 etiam
915 748 975 786 ex
999 734 1393 803 comparatione
1417 749 1593 788 rerum
1617 733 1774 787 nimis

194 821 569 891 insipientibus
620 822 995 878 ostenderetur
1046 825 1358 880 excellentia
1409 824 1645 880 veritatis
1679 843 1692 879 :
1721 835 1775 879 et

193 913 465 968 discerent
492 913 613 982 quia
642 912 728 967 hic
762 929 866 966 non
897 930 1030 967 unus
1070 931 1131 968 ex
1178 916 1282 970 illis
1303 958 1318 984 ,
1356 916 1448 971 sed
1479 917 1679 985 grande
1705 917 1774 971 sit

194 1005 332 1057 inter
357 1012 461 1057 tam
484 1003 741 1073 dispares,
758 1005 1124 1076 inﬁnitumque
1141 1006 1446 1063 discrimen.
1470 1007 1608 1061 Nihil
1631 1008 1773 1063 enim

193 1094 388 1151 Christi
416 1088 638 1163 gloriam
667 1096 837 1165 potuit
864 1097 1189 1163 inumbrare,
1225 1100 1309 1154 vel
1337 1099 1644 1154 eorumdem
1680 1114 1777 1171 op-

194 1188 489 1258 portunitas
518 1196 813 1258 temporum
838 1231 853 1255 ,
888 1191 970 1246 vel
996 1192 1298 1247 communio
1324 1194 1628 1263 passionum
1661 1211 1675 1248 :
1709 1209 1775 1250 ne

191 1285 313 1351 quis
338 1282 478 1335 enim
509 1290 741 1351 putaret,
769 1283 892 1351 quia
917 1283 1186 1338 daemones
1214 1300 1423 1340 crucem
1450 1295 1629 1341 etnon
1657 1300 1778 1341 cru-

191 1372 337 1426 ciftxi
370 1382 623 1441 paverent
646 1374 913 1439 virtutem,
955 1376 1213 1431 obstruxit
1239 1391 1333 1431 ora
1363 1377 1459 1432 ista
1490 1378 1773 1433 dicentium
1800 1384 1806 1389 '

192 1477 291 1531 par
320 1462 605 1518 latronum.
634 1462 783 1531 Quod
812 1465 857 1519 si
886 1474 1181 1535 temporum
1203 1469 1568 1536 opportunitas
1586 1479 1775 1523 cuncta

191 1551 386 1608 fecisse
429 1553 655 1620 dicatur,
701 1556 769 1609 ad
811 1556 1177 1625 repellendum
1225 1557 1474 1612 Thendas
1517 1568 1572 1614 et
1615 1559 1775 1614 ludas

192 1648 551 1717 proferentur,
583 1649 671 1717 qui
697 1664 815 1701 cum
838 1649 1037 1703 eisdem
1063 1649 1192 1714 fere,
1216 1650 1406 1721 quibus
1436 1651 1594 1706 etiam
1621 1649 1777 1706 Chri-

190 1747 305 1790 stus
334 1737 659 1806 temporibus
680 1739 1024 1804 exstitissent,
1050 1749 1103 1794 et
1123 1741 1396 1795 veritatem
1420 1754 1515 1810 per
1531 1741 1773 1811 quaedam

191 1827 354 1882 etiam
398 1829 545 1897 signa
585 1828 893 1898 impugnare
937 1838 1247 1897 tentassent,
1277 1841 1491 1901 repente
1519 1831 1775 1886 destructi

190 1928 337 1973 sunt.
383 1919 532 1986 Quod
574 1919 716 1974 enim
738 1920 848 1988 jam
876 1931 996 1975 ante
1025 1922 1334 1988 memoravi,
1364 1922 1484 1977 ideo
1511 1923 1772 1977 interdum

193 2010 324 2064 falsa
359 2010 472 2065 ﬁeri
502 2011 639 2064 Deus
670 2012 817 2080 signa
851 2013 1148 2079 concessit,
1177 2021 1235 2067 ut
1271 2013 1625 2068 abundantius
1649 2029 1774 2069 vera

192 2108 534 2155 monstraret.
580 2101 864 2170 Propterea
911 2110 965 2156 et
1005 2103 1492 2172 pseudoprophetas
1533 2112 1775 2174 tempore

193 2195 597 2260 prophetarum,
621 2202 673 2247 et
700 2193 1171 2262 pseudoapostolos
1196 2209 1315 2248 cum
1338 2195 1589 2264 apostolis
1610 2209 1775 2265 appa-

192 2299 312 2337 rere
341 2284 597 2352 pertnisit,
618 2294 672 2338 ut
698 2284 930 2340 disceres
947 2286 1063 2354 quia
1083 2285 1419 2354 splendentes
1444 2286 1558 2356 ejus
1584 2287 1776 2357 ubique

199 2376 426 2428 virtutes
474 2389 802 2444 nequaquam
842 2374 1128 2431 obscurare
1167 2383 1346 2446 posset
1390 2375 1676 2432 similitudo
1721 2385 1775 2434 et

194 2465 382 2518 umbra
403 2465 641 2534 qumdam
668 2466 939 2519 virtutum.

268 2554 466 2609 Paulus
496 2556 672 2611 Romae
699 2566 925 2610 vexatur.
948 2587 1017 2596 —
1043 2559 1152 2627 Age
1185 2557 1294 2627 jam
1322 2573 1387 2612 ex
1419 2559 1537 2614 aliis
1563 2574 1774 2631 quoque

196 2648 534 2701 documentis
565 2647 847 2717 probemus
886 2662 1004 2703 esse
1042 2648 1177 2703 hanc
1221 2650 1507 2718 potentiam
1536 2650 1776 2720 singula-

196 2754 310 2792 rem
336 2747 391 2792 et
424 2739 741 2807 praecipuam
769 2746 924 2808 atque
950 2739 1264 2794 mirabilem.
1295 2740 1607 2795 Docebimus
1632 2742 1772 2796 enim

197 2830 395 2884 Christi
429 2830 651 2899 gloriam
679 2830 788 2899 ipsa
816 2831 982 2900 magis
1009 2830 1341 2886 inimicorum
1381 2833 1774 2901 impugnatione

195 2923 453 2976 crevisse.
480 2920 612 2975 Cum
637 2922 776 2976 enim
803 2922 941 2977 hunc
971 2923 1140 2992 ipsum
1168 2923 1378 2978 beatum
1408 2925 1628 2978 Paulum
1662 2924 1775 2978 Bo-

194 3028 301 3066 mea
313 3011 524 3081 quidam
540 3021 1003 3081 persequerentur,
1026 3012 1309 3082 aliquando
1331 3015 1433 3069 hoc
1449 3016 1621 3084 ipsum
1644 3014 1777 3086 dog-

196 3118 287 3157 ma
332 3103 621 3172 inquietius
670 3102 1045 3173 przedicabant.
1089 3102 1371 3173 Cupientes
1424 3106 1568 3160 enim
1606 3105 1775 3161 Nero-

197 3209 322 3248 nem
347 3195 764 3263 impugnatorem
788 3195 934 3249 Pauli
951 3196 1123 3250 acrius
1145 3198 1196 3250 in
1217 3196 1332 3266 ejus
1350 3197 1528 3252 odium
1548 3212 1778 3253 commo-

192 3300 359 3350 vere,
390 3287 520 3338 mira
548 3285 774 3355 quadam
815 3293 930 3341 arte
973 3286 1197 3340 laedendi
1226 3296 1574 3358 susceperunt
1599 3297 1653 3343 et
1676 3289 1776 3359 ipsi

191 3376 521 3445 evangelica:
566 3376 954 3446 praedicationis
982 3376 1236 3443 ofﬁcium,
1267 3388 1326 3432 ut
1364 3379 1533 3449 magis
1576 3380 1777 3435 scilicet

194 3467 326 3522 ﬁdei
355 3482 604 3521 sermone
633 3467 887 3534 fervente,
915 3476 969 3523 et
995 3468 1371 3537 discipulorum
1388 3480 1660 3526 crescente
1677 3486 1778 3527 nu-

190 3574 374 3623 mero,
408 3558 462 3612 in
487 3558 803 3613 immensum
832 3560 1127 3629 ignesceret
1148 3558 1294 3616 furor
1322 3564 1549 3634 tyranni,
1579 3573 1633 3619 et
1665 3564 1777 3619 fera

189 3648 405 3717 majora
434 3647 607 3702 adhuc
643 3649 914 3719 colligeret
950 3648 1278 3706 incrementa
1312 3651 1553 3708 feritatis.
1585 3653 1650 3707 Et
1677 3653 1778 3708 hoc

189 3740 316 3808 ipse
355 3738 424 3791 ad
466 3738 835 3809 Philippenses
861 3740 1055 3795 Paulus
1081 3742 1347 3809 scribens,
1376 3743 1451 3798 ait
1481 3760 1495 3798 :
1526 3745 1670 3799 Scire
1692 3762 1777 3800 vos

186 3836 390 3890 autem,
423 3828 623 3897 inquit,
657 3828 772 3883 volo
791 3871 807 3896 ,
839 3834 1043 3901 fratres,
1070 3832 1203 3900 quod
1226 3848 1340 3901 quae
1366 3834 1500 3886 circa
1522 3851 1600 3886 me
1624 3846 1739 3889 sunt
1758 3874 1772 3901 ,

189 3921 366 3990 magis
400 3930 636 3975 venerunt
668 3921 735 3973 ad
765 3925 1041 3992 profectum
1066 3922 1351 3993 Evangelii,
1378 3925 1451 3977 ita
1479 3935 1534 3977 ut
1563 3926 1729 3994 plures
1754 3942 1780 3980 e

189 4011 446 4082 fratribus
462 4011 764 4079 conﬁdentes
785 4012 993 4065 vinculis
1014 4014 1155 4078 meis,
1176 4013 1514 4067 abundantius
1537 4014 1778 4067 auderent

185 4104 309 4156 sine
338 4102 515 4155 timore
536 4102 734 4155 verbum
757 4102 854 4156 Dei
882 4103 1037 4174 loqui.
1063 4103 1283 4169 Quidam
1302 4105 1501 4173 quidem
1522 4105 1671 4158 etiam
1693 4121 1781 4174 per

185 4194 443 4247 invidiam
477 4202 524 4246 et
559 4195 940 4261 contentionem,
971 4196 1174 4265 quidam
1200 4197 1345 4249 etiam
1373 4213 1460 4267 per
1484 4196 1665 4250 bonam
1690 4214 1780 4251 vos

187 4286 448 4339 («ntalem
485 4284 739 4338 Christum
779 4286 1053 4355 praedicant
1082 4286 1323 4355 :quidam
1358 4297 1529 4341 autem
1559 4303 1621 4341 ea;
1657 4304 1781 4341 con-

185 4378 425 4431 tentione
449 4374 702 4435 Christum
726 4377 1028 4430 annuntiant
1070 4394 1171 4431 non
1207 4378 1415 4443 sincere,
1444 4379 1781 4433 existimantes

187 4483 494 4538 pressuram
518 4467 765 4521 suscitare
786 4468 995 4522 vinculis
1016 4469 1135 4523 meis
1156 4485 1175 4523 :
1191 4470 1399 4536 quidam
1424 4480 1590 4524 autem
1610 4487 1671 4523 ea:
1698 4487 1781 4523 ca-

182 4560 369 4621 ritate,
388 4559 615 4624 scientes,
638 4560 770 4626 quod
786 4559 840 4612 in
856 4559 1141 4630 defensione
1162 4560 1422 4631 Evangelii
1441 4558 1631 4630 positus
1647 4578 1778 4615 sum.

189 4648 345 4716 Quid
361 4648 493 4701 enim
504 4648 530 4701 ?
549 4650 593 4703 si
612 4649 742 4702 omni
755 4650 925 4713 modo,
942 4650 1044 4704 sive
1060 4666 1146 4718 per
1157 4651 1484 4718 occasionem,
1500 4653 1602 4706 sive
1611 4669 1699 4720 per
1712 4669 1783 4706 ve-

195 4743 418 4795 ritatem
448 4740 673 4796 Christus
697 4743 1020 4796 annuntietur
1049 4741 1306 4813 (Philipp.
1332 4745 1382 4797 1.
1404 4743 1611 4815 12-18).
1645 4744 1783 4798 Vidi-

177 4832 269 4887 sti
286 4841 456 4898 certe,
470 4832 915 4900 quemadmodum
930 4832 1033 4888 etsi
1051 4848 1119 4887 ex
1134 4834 1640 4903 contentionealiqui
1657 4849 1783 4903 prae-

174 4925 467 4991 dicarent,
492 4934 670 4980 tamen
697 4924 857 4979 etiam
888 4940 980 4995 per
1004 4925 1253 4979 inimicos.
1274 4925 1465 4979 veritas
1490 4925 1777 4980 obtinebat.

270 5017 551 5072 Christiani
571 5018 825 5071 calumnia
842 5018 1070 5088 appetiti.
1097 5048 1170 5058 —
1195 5018 1365 5087 Supra
1380 5033 1506 5072 vero
1522 5016 1657 5071 hanc
1685 5018 1782 5071 ini-

172 5108 830 5165 micorumcalliditatem
874 5110 975 5163 alia
1013 5125 1222 5179 quoque
1263 5124 1330 5163 ex
1363 5108 1589 5164 adverso
1620 5110 1781 5163 multa

169 5202 509 5259 veniebant.
535 5201 666 5256 Nam
696 5211 750 5257 et
777 5202 1010 5271 antiquas
1038 5203 1181 5272 leges
1205 5217 1311 5256 non
1341 5202 1500 5257 modo
1530 5217 1633 5256 non
1663 5201 1781 5271 Opi-

168 5294 531 5357 tulabantur,
556 5308 742 5347 verum
773 5292 933 5348 etiam
974 5292 1391 5347 adversabantur
1432 5309 1446 5345 :
1495 5303 1784 5361 contraque

164 5384 441 5440 veritatis
470 5382 675 5454 partem
704 5398 807 5437 non
833 5383 1007 5439 solum
1037 5383 1242 5436 malitia
1261 5379 1656 5453 obloquentiutn
1684 5382 1782 5435 ini-

162 5476 488 5541 micorum,
519 5476 866 5529 verumetiam
903 5473 1196 5543 ignorantia
1224 5472 1509 5543 dimicabat
1540 5489 1553 5524 :
1584 5471 1782 5541 Regem

159 5573 364 5635 enim,
400 5570 665 5639 inquiunt,
693 5569 888 5624 habent
909 5568 1199 5624 Christum.
1220 5567 1334 5622 Non
1356 5568 1499 5622 enim
1526 5577 1784 5622 noverant

157 5669 319 5736 ejus
344 5664 563 5717 caeleste
613 5677 855 5732 regnum,
899 5660 1135 5715 terribile
1172 5658 1311 5713 istud
1357 5667 1421 5714 et
1448 5660 1647 5729 absque
1674 5660 1785 5714 ullo

157 5759 433 5817 termino
453 5755 746 5826 gloriosum
777 5774 791 5810 :
823 5755 914 5810 sed
943 5755 1091 5825 quasi
1122 5753 1452 5825 tyrannidem
1486 5754 1612 5823 ipsis
1649 5754 1781 5809 infe-

155 5851 441 5913 rentibus
469 5865 564 5921 per
591 5848 907 5904 calumniam
942 5847 1324 5919 repugnabant,
1353 5854 1406 5903 ct
1426 5846 1478 5903 in
1499 5860 1783 5903 commune

1007 436 1092 491 DE
1134 436 1475 494 LAUDIBUS
1513 435 1572 492 S.
1615 434 1816 491 PAULI
1860 436 2211 494 APOSTOLI.
2253 432 2482 495 HOMIL.
2525 440 2612 498 ιν.

3358 451 3461 508 694

1882 564 2091 617 omnes,
2115 561 2168 605 et
2193 552 2494 621 specialiter
2519 552 2772 610 adversus
2798 569 2890 611 eos
2918 556 3112 628 singuli
3140 558 3460 617 dimicando.
3495 561 3498 564 ’

1883 641 1938 696 1η
1960 644 2227 708 communi
2252 643 2487 713 quidem,
2527 644 2676 714 quasi
2721 655 2905 700 contra
2944 661 3058 715 eos,
3102 650 3190 720 qui
3241 650 3463 721 public-re

1882 731 2177 800 disciplina:
2229 740 2285 786 et
2328 732 2502 803 legum
2548 734 2682 789 scita
2733 735 3070 792 destruereut
3117 740 3464 809 :specialiter

1881 836 2027 885 vero,
2056 823 2206 892 quasi
2244 823 2571 893 singulorum
2610 824 2798 880 domos
2827 826 3173 885 divisionibus
3196 830 3463 885 dlvorttis-

1881 927 1983 981 que
2027 912 2397 969 dissolverent.
2452 913 2585 969 Nam
2626 923 2682 969 et
2736 915 2903 970 ﬁlium
2953 925 3079 973 tunc
3125 920 3467 992 itnpugnabat

1880 1012 2051 1074 pater,
2079 1014 2131 1059 et
2158 1004 2296 1059 ﬁlius
2323 1016 2525 1075 patrem
2550 1006 2795 1073 negabat,
2823 1018 2876 1063 et
2900 1012 3146 1065 maritum
3171 1028 3303 1068 uxor
3325 1014 3457 1069 ode-

1882 1104 1984 1161 rat,
2015 1105 2069 1151 et
2097 1112 2318 1151 uxorem
2361 1098 2616 1164 maritus;
2647 1098 2767 1152 filia:
2791 1114 3003 1170 quoque
3035 1116 3156 1157 cum
3204 1105 3461 1159 matribus

1882 1187 2244 1255 dissidebant;
2301 1191 2513 1259 cognati
2560 1203 2849 1262 cognatos,
2889 1194 3044 1249 amici
3090 1197 3467 1266 oppugnabant

1880 1280 2117 1333 amicos:
2150 1289 2368 1349 eratque
2403 1295 2500 1349 per
2524 1282 2763 1336 omnium
2796 1283 2985 1338 domos
3013 1286 3215 1340 varium
3249 1288 3383 1341 istud
3406 1298 3460 1342 et

1880 1369 2205 1425 multiforme
2234 1370 2454 1439 bellum,
2483 1372 2808 1442 propinquos
2844 1388 3120 1443 separans,
3148 1376 3460 1451 dispergens

1879 1462 2103 1529 curiam,
2150 1463 2348 1533 judicia
2378 1466 2700 1521 conturbans
2735 1482 2749 1519 ε
2781 1481 2900 1521 cum
2932 1468 3114 1538 utique
3142 1485 3321 1525 mores
3362 1487 3447 1539 pa-

1882 1553 1968 1607 trii
1998 1554 2351 1621 solverentur,
2398 1553 2657 1609 festivitas
2696 1564 2749 1610 et
2778 1557 2985 1611 cultura
3011 1558 3310 1613 daemonum
3342 1562 3447 1629 pel-

1881 1648 2099 1711 leretur,
2130 1663 2248 1717 quae
2271 1648 2469 1717 antiqui
2500 1647 2871 1719 legumlatores
2887 1649 2970 1705 vel
3000 1650 3050 1704 in
3076 1650 3262 1722 primis
3282 1660 3459 1707 custo-

1878 1737 2073 1792 dienda
2101 1737 2480 1801 decreverant;
2510 1754 2628 1793 ctun
2672 1740 2756 1794 his
2802 1741 3048 1796 omnibus
3084 1743 3245 1797 etiam
3278 1753 3456 1814 tyran-

1880 1827 2018 1882 nidis
2040 1827 2241 1882 odiosae
2271 1829 2506 1898 suspicio
2546 1830 2779 1900 undique
2828 1830 3055 1886 faciebat
3099 1848 3193 1888 eos
3221 1836 3456 1903 explodi.

1878 1917 2060 1987 Neque
2089 1934 2215 1972 vero
2240 1919 2418 1974 dicere
2448 1920 2709 1989 quispiam
2740 1930 2908 1990 potest
2926 1936 2955 1975 a
2982 1921 3237 1978 Gentibus
3258 1937 3453 1993 quanta

1880 2009 2275 2075 inferebantur,
2323 2026 2353 2065 a
2408 2019 2556 2080 parte
2601 2026 2728 2065 vero
2773 2012 3074 2067 Judaeorum
3121 2016 3356 2070 omnium
3405 2016 3457 2072 in

1886 2100 2062 2168 quiete
2085 2109 2257 2167 erant,
2280 2114 2399 2154 eum
2428 2108 2572 2155 certe
2602 2101 2687 2154 isti
2704 2102 2861 2155 etiam
2888 2102 3079 2157 suavius
3102 2104 3459 2171 imminerent,

1880 2204 2107 2259 cumque
2134 2200 2186 2244 et
2216 2191 2315 2259 ipsi
2358 2192 2405 2245 ei
2437 2190 2851 2246 destructionem
2892 2192 3023 2262 legis
3065 2193 3455 2264 impingerent:

1881 2277 2007 2332 Non
2027 2280 2165 2332 enim
2186 2289 2364 2347 cessat,
2397 2280 2660 2349 inquiunt,
2692 2281 2895 2349 loquens
2920 2290 3093 2335 contra
3122 2283 3276 2353 legem
3303 2294 3348 2338 et
3380 2285 3456 2337 lo-

1879 2382 1995 2423 cum
2021 2368 2248 2423 sbnctum
2275 2370 2410 2441 (Act.
2442 2370 2495 2425 6.
2544 2369 2655 2442 15).
2704 2371 3082 2427 Verumtamen
3109 2375 3341 2444 undique
3371 2377 3453 2430 in-

1878 2460 2035 2516 vidiae
2089 2460 2209 2531 igne
2246 2475 2535 2526 succenso,
2585 2477 2619 2515 a
2662 2460 2944 2527 domibus,
2999 2464 3066 2519 ab
3104 2465 3351 2533 urbibus,
3392 2467 3460 2522 ab

1877 2551 2039 2621 agris,
2072 2564 2101 2604 a
2127 2551 2430 2619 solitudine,
2458 2567 2487 2605 a
2510 2559 2669 2616 terra,
2707 2565 2743 2605 θ’
2769 2553 2920 2617 mari,
2948 2567 2983 2605 a
3008 2551 3283 2620 Gentibus,
3311 2570 3339 2607 a
3364 2554 3459 2610 Ju-

1877 2644 2028 2709 daeis,
2055 2655 2085 2698 a
2118 2644 2465 2714 principibus,
2499 2659 2529 2698 a
2558 2643 2800 2715 plebibus
2827 2645 2867 2710 ",
2893 2659 2923 2698 a
2951 2645 3185 2715 regibus,
3214 2661 3242 2699 a
3270 2662 3454 2718 regum

1879 2737 2137 2792 ministris
2163 2752 2177 2789 :
2208 2751 2330 2791 cum
2359 2750 2545 2792 omnes
2571 2736 2636 2791 ad
2667 2734 3035 2791 crudelitatem
3066 2752 3126 2792 se
3152 2746 3337 2792 mutuo
3362 2748 3453 2793 eo-

1878 2827 2236 2895 bortarentur,
2265 2836 2320 2883 et
2342 2842 2528 2883 omnes
2548 2827 2875 2883 ferocissime
2902 2829 3197 2898 saeviusque
3226 2843 3449 2884 consur-

1877 2926 2065 2989 gerent
2101 2935 2116 2973 :
2146 2918 2330 2973 beatus
2348 2926 2529 2972 tamen.
2544 2918 2737 2973 Paulus
2758 2920 2813 2975 in
2833 2925 3007 2973 tantos
3029 2918 3177 2989 ignes
3198 2919 3457 2987 insiliens,

1878 3021 2037 3082 atque
2085 3011 2140 3066 in
2184 3010 2360 3067 medio
2401 3010 2584 3066 talium
2624 3011 2879 3081 luporum-
2917 3011 3239 3077 consistens,
3265 3022 3455 3080 quaru-

1877 3120 2038 3176 quam
2063 3104 2199 3158 ictus
2227 3103 2467 3158 omnium
2489 3104 2774 3175 exciperet,
2800 3120 2911 3160 non
2931 3100 3091 3156 modo
3112 3109 3284 3156 tamen
3302 3101 3456 3155 obru-

1881 3204 1965 3250 tus
1992 3195 2106 3265 ipse
2135 3209 2241 3248 non
2270 3202 2372 3261 est,
2421 3193 2513 3252 sed
2556 3197 2719 3252 etiam
2762 3210 2948 3250 omnes
3001 3190 3123 3245 illos
3157 3191 3211 3244 in
3252 3198 3454 3259 partem

1881 3284 2150 3342 transtulit
2176 3284 2434 3345 veritatis.
2460 3286 2528 3341 Et
2555 3287 2669 3341 haec
2692 3295 2744 3341 et
2772 3287 2872 3340 alia
2898 3295 3111 3356 quoque
3139 3281 3323 3351 praelia
3346 3294 3453 3336 non

1883 3378 2062 3433 minus
2085 3392 2223 3432 saeva
2253 3375 2559 3432 memorabo
2586 3393 2600 3430 :
2632 3383 2692 3431 ut
2735 3376 2863 3431 illud
2885 3376 3024 3445 quod
3066 3390 3094 3429 a
3120 3369 3454 3446 pseudoapo-

1881 3471 2035 3525 stolis
2078 3468 2421 3534 inferebatur,
2473 3467 2720 3539 quodque
2767 3483 2889 3523 eum
2936 3482 3098 3537 super
3138 3466 3314 3521 omnia
3352 3464 3454 3520 alia

1881 3563 2200 3633 torquebat,
2246 3562 2655 3617 domesticorum
2701 3560 2875 3628 debts,
2919 3560 3073 3615 ruina
3108 3559 3454 3615 nutantium:

1881 3654 2031 3708 multi
2053 3655 2193 3708 enim
2224 3669 2288 3707 ex
2314 3652 2548 3707 ﬁdelium
2572 3664 2802 3707 numero
2820 3651 3150 3714 labebantur,
3174 3650 3267 3706 sed
3287 3650 3451 3705 etiam

1881 3754 2067 3799 contra
2083 3745 2180 3797 ista
2201 3742 2497 3813 prtevaluit.
2528 3742 2696 3807 Unde,
2718 3756 2919 3811 quaeso,
2940 3758 3004 3797 ex
3031 3756 3201 3812 quave
3220 3741 3414 3795 virtute
3435 3740 3456 3791 τ

1880 3836 2036 3903 Quia,
2080 3834 2280 3904 inquit,
2313 3850 2461 3888 arma.
2490 3846 2662 3889 nostra
2708 3850 2806 3887 non
2834 3834 3081 3899 carnalia,
3111 3833 3200 3887 sed
3237 3833 3456 3902 potentia

1881 3938 1996 3983 sunt
2018 3928 2084 3980 ad
2107 3927 2488 3980 destructionem
2535 3926 2889 3991 munitionum,
2916 3924 3127 3979 consilia
3153 3924 3457 3977 destruente:

1884 4031 1930 4074 et
1968 4035 2163 4074 omnem
2204 4018 2519 4072 altitudinem
2562 4017 2879 4071 extollentem
2928 4032 2985 4070 se
3008 4015 3249 4068 adversus
3293 4013 3458 4068 scien-

1886 4111 2011 4163 tiam
2041 4108 2136 4162 Dei
2161 4107 2235 4179 (9..
2267 4105 2386 4162 Cor.
2415 4105 2501 4161 10.
2533 4107 2585 4160 4.
2631 4106 2710 4173 5).
2755 4105 3041 4173 Propterea
3083 4104 3242 4174 igitur
3279 4103 3333 4158 in
3370 4102 3455 4156 di-

1884 4216 2093 4255 versum
2121 4199 2297 4253 omnia
2336 4197 2677 4252 vertebantur
2717 4211 2780 4251 ac
2816 4195 3155 4250 mutabantur
3183 4202 3404 4265 repente
3436 4210 3453 4246 :

1854 4292 2115 4355 ,acsicut
2138 4290 2257 4360 igne
2287 4301 2543 4343 succenso
2581 4286 2829 4357 paulatim
2874 4285 3039 4354 spinae
3075 4291 3459 4338 consumuntur

1886 4393 1938 4438 et
1965 4382 2181 4446 cedunt,
2209 4379 2541 4450 ﬂammisque
2568 4386 2902 4447 superantur.
2930 4392 2993 4431 ac
3021 4376 3200 4430 mundi
3227 4374 3462 4430 reddun-

1886 4483 1983 4529 tur
2023 4474 2239 4528 novales
2284 4490 2297 4526 :
2349 4473 2424 4526 sic
2459 4472 2615 4525 etiam
2660 4471 2806 4526 Pauli
2858 4471 3136 4524 insonante
3180 4468 3379 4538 lingua,
3405 4477 3463 4523 et

1884 4566 2030 4620 omni
2076 4566 2195 4635 igne
2243 4562 2606 4619 vehementius
2647 4562 2917 4625 irruente,
2964 4559 3223 4614 cedebant
3257 4559 3458 4624 omnia,

1887 4656 2260 4727 fugiebantque
2289 4663 2343 4709 et
2367 4653 2667 4707 daemonum
2706 4651 2901 4716 cultus,
2938 4660 2992 4702 et
3033 4647 3315 4702 celebritas
3345 4662 3462 4701 om-

1886 4751 1989 4814 nis,
2017 4758 2175 4819 atque
2218 4746 2494 4808 festivitas,
2523 4752 2577 4798 et
2612 4757 2789 4797 mores
2826 4740 2980 4811 patrii
3004 4742 3114 4806 ’,ει
3146 4739 3459 4808 populorum

1886 4844 2111 4907 furores,
2139 4849 2194 4896 et
2214 4848 2557 4910 tyrannorum
2596 4834 2774 4897 minze,
2810 4842 2863 4886 et
2894 4831 3099 4885 insidiae
3140 4829 3463 4884 domestico-

1885 4951 2039 5002 rum,
2085 4942 2141 4988 et
2192 4927 2761 5001 pseudoapostolorum
2808 4923 3141 4992 operationes
3191 4921 3457 4990 malignae.

1886 5025 1996 5079 lmo
2020 5037 2147 5079 vero
2180 5023 2319 5076 sicut
2350 5019 2512 5074 radiis
2546 5016 2673 5071 solis
2703 5014 2995 5069 orientibus
3023 5022 3077 5068 et
3102 5010 3334 5066 tenebrze
3370 5011 3457 5063 fu-

1885 5124 2097 5184 gantur,
2144 5118 2196 5165 et
2233 5110 2356 5163 fera:
2392 5108 2619 5169 latitant,
2665 5102 2936 5173 foveisque
2962 5100 3276 5162 conduntur,
3303 5105 3358 5152 et
3385 5098 3490 5151 la-'

1889 5215 2065 5259 trones
2090 5200 2365 5263 recedunt,
2396 5207 2455 5253 et
2474 5194 2755 5251 homicidas
2783 5192 2849 5246 ad
2881 5201 3029 5246 antra
3069 5189 3378 5259 suffugium,
3407 5197 3463 5242 et

1888 5304 2201 5352 amoventur
2238 5293 2445 5361 piratae,
2488 5297 2541 5344 et
2577 5286 2939 5357 sepulcrorum
2964 5282 3248 5335 violatores
3279 5278 3463 5349 fugan-

1888 5398 1992 5451 tnr,
2024 5396 2077 5441 et
2103 5383 2327 5438 adulteri
2372 5390 2427 5435 et
2469 5379 2610 5433 fures
2637 5386 2690 5432 et
2713 5374 3039 5446 perfossores
3062 5372 3339 5425 domorum
3366 5369 3462 5423 de-

1892 5476 2139 5549 prehensi
2168 5490 2196 5527 a
2223 5473 2335 5527 sole
2370 5486 2432 5525 ac
2460 5467 2706 5536 redargui
2745 5462 3103 5535 periclitantes
3142 5460 3357 5523 abeunt,
3388 5472 3465 5513 se-

1888 5585 1993 5639 que
2041 5566 2236 5622 alicubi
2282 5562 2469 5635 procul
2506 5560 2795 5623 occultant,
2836 5553 3117 5621 omniaque
3149 5552 3319 5607 lucida
3349 5551 3463 5607 effi-

1889 5638 2099 5716 ciuntur
2125 5666 2179 5714 et
2203 5657 2369 5721 clara,
2401 5648 2785 5710 illustrantibus
2809 5646 3035 5715 desuper
3059 5638 3219 5703 radiis
3243 5651 3466 5715 terram,

1956 5797 1971 5825 ι
2006 5800 2081 5840 Gr.
2108 5790 2257 5847 addit,
2281 5802 2311 5837 a
2333 5795 2562 5848 cognatis.
2698 5839 2724 5848 ν,

1955 5859 1974 5887 ²
2008 5862 2081 5903 Gr.
2103 5852 2246 5902 addiL
2272 5857 2314 5900 et
2334 5847 2491 5912 legum
2512 5847 2853 5906 corruptions.
