3876 6286
421 349 520 404 495

417 465 654 534 pelagus,
679 477 742 517 ac
773 471 1000 528 montes,
1032 461 1189 517 urbes
1229 463 1386 517 simul
1410 472 1567 532 atque
1597 465 1836 533 regiones
1865 481 1877 516 :
1911 463 1992 518 sic

415 563 543 609 tunc
589 554 962 624 praedicatione
1011 554 1264 623 fulgente,
1304 565 1360 608 et
1408 554 1603 625 ubique
1647 556 1990 625 Evangelium

417 646 796 700 disseminante
833 645 1018 708 Paulo,
1053 645 1327 714 fugabatur
1363 661 1534 712 error,
1578 647 1878 717 veritasque
1918 664 1996 705 re.

419 737 660 802 meabat;
693 723 881 790 favillae
908 751 1057 802 vero,
1087 735 1366 806 fumusque
1395 737 1736 806 templorum,
1773 747 1828 792 et
1856 754 1996 809 cym-

418 829 538 883 bala
568 829 765 895 omnia,
797 837 852 883 et
893 837 1162 898 tympana,
1192 836 1246 882 et
1283 829 1589 894 ebrietates,
1641 838 1696 882 et
1737 845 1998 884 comessa-

420 922 612 977 tiones.
641 929 694 975 et
719 929 921 990 stupra,
945 931 999 975 et
1027 920 1305 986 adulteria,
1331 931 1384 974 et
1407 921 1507 974 alia
1531 921 1672 975 dictu
1697 920 1857 988 fmda,
1881 938 1997 991 qua:

422 1016 474 1068 in
499 1014 667 1069 sacris
695 1014 806 1068 suis
829 1013 1100 1068 celebrare
1129 1020 1537 1078 consueverant,
1568 1012 1902 1080 defecerunt,
1927 1023 2000 1068 at-

421 1122 526 1174 que
555 1113 866 1174 consumpta
898 1115 1042 1170 sunt,
1073 1104 1242 1158 instar
1257 1118 1396 1157 cerae
1421 1103 1554 1173 ignis
1570 1118 1766 1174 vapore
1780 1120 1993 1174 pereun-

423 1197 512 1260 tis,
540 1206 595 1251 et
623 1197 890 1266 palearum
930 1195 1069 1260 vice,
1105 1210 1224 1263 qua
1263 1195 1439 1249 subito
1464 1204 1876 1250 concremantur
1911 1198 1996 1250 in-

423 1288 631 1342 cendio.
655 1288 807 1342 Clara
830 1303 954 1342 vero
975 1288 1113 1341 inter
1133 1286 1247 1340 hzee
1267 1287 1502 1341 veritatis
1523 1287 1734 1342 ﬂamma
1753 1290 2002 1358 surgebat

423 1380 792 1448 resplendens,
836 1390 890 1433 et
936 1380 1108 1448 ipsum
1147 1379 1211 1432 ad
1255 1395 1420 1449 usque
1449 1381 1636 1434 caelum
1678 1383 2002 1437 sublimitate

426 1471 795 1525 conscendens
834 1471 901 1525 ab
940 1472 1004 1525 iis
1048 1471 1378 1541 potissimum
1423 1473 1692 1527 sublevata
1717 1514 1732 1538 ,
1762 1475 1848 1544 qui
1881 1489 2000 1529 eam

427 1561 732 1616 nitebantur
755 1563 1074 1630 opprimere,
1105 1578 1301 1633 perque
1335 1563 1453 1617 illos
1485 1564 1652 1632 magis
1675 1564 2002 1618 incrementa

429 1651 747 1720 suscipiens,
794 1652 884 1721 qui
925 1653 1064 1706 illam
1096 1654 1420 1708 exstinctum
1460 1654 1522 1708 iri
1554 1656 1854 1724 cupiebant.
1895 1655 2005 1711 Nec

431 1745 662 1811 pericula
694 1745 834 1798 enim
865 1760 1199 1814 progressum
1223 1747 1358 1815 ejus,
1387 1757 1476 1800 aut
1504 1747 1731 1816 impetus
1755 1763 2005 1804 coercere

432 1843 734 1901 potuerunt,
781 1851 884 1888 non
920 1837 1156 1905 tyrannis
1185 1837 1426 1906 quaedam
1457 1838 1760 1893 inveterata:
1790 1854 2006 1894 consue-

431 1923 647 1986 tudinis,
679 1937 782 1976 non
812 1925 969 1991 patrii
997 1926 1162 1979 moris
1205 1927 1514 1997 auctoritas,
1555 1944 1662 1982 non
1707 1929 1881 1998 legum
1919 1945 2007 2000 po-

429 2021 613 2080 testas,
645 2029 750 2068 non
782 2014 870 2068 illa
915 2016 1026 2085 ipsa
1056 2017 1393 2072 custodiendi
1428 2018 1541 2088 ejus
1569 2020 1708 2090 quod
1751 2020 2008 2088 praedica-

428 2105 584 2159 batur
611 2107 868 2176 evangelii
900 2107 1204 2176 difficultas,
1237 2125 1335 2164 nec
1362 2111 1648 2181 quidquam
1678 2128 1861 2166 eorum
1888 2128 2007 2182 quae

431 2195 864 2264 impedimentum
897 2198 1088 2254 aﬂ‘erre
1133 2210 1374 2269 possunt,
1412 2203 1736 2270 prolicientis
1763 2205 2008 2260 celeriter

431 2289 668 2342 veritatis
694 2304 907 2343 cursum
929 2299 1020 2344 aut
1044 2291 1277 2346 incidere
1296 2301 1387 2346 aut
1405 2295 1677 2351 retardare
1700 2305 2004 2364 potuerunt.

431 2379 605 2446 Atque
656 2388 714 2432 ut
762 2390 1015 2450 quautam
1074 2383 1210 2437 istud
1263 2385 1370 2438 vim
1416 2385 1645 2451 habeat,
1691 2403 2006 2459 cognoscas,

429 2470 758 2524 comminare
808 2471 1101 2538 Gentibus,
1143 2489 1252 2528 non
1291 2473 1411 2529 dico
1466 2477 1736 2546 pericula,
1789 2479 2006 2545 famem,

432 2570 683 2626 mortem,
727 2563 820 2617 sed
854 2564 1106 2619 damnum
1151 2565 1370 2637 aliquod
1413 2569 1693 2638 exiguum,
1725 2581 1779 2625 et
1806 2571 2010 2628 videbis

431 2667 524 2707 eos
551 2662 771 2722 repente
800 2663 1050 2710 mutatos.
1083 2657 1150 2711 At
1179 2673 1283 2712 non
1314 2659 1436 2714 talia
1469 2660 1809 2716 inveniuntur
1833 2673 1887 2718 et
1921 2680 2011 2720 no-

433 2753 566 2809 stra,
596 2732 690 2800 sed
729 2747 957 2802 concisis
985 2748 1282 2818 occisisque
1307 2751 1575 2816 omnibus,
1611 2762 1666 2807 et
1693 2753 1889 2824 ubique
1911 2755 2010 2810 im-

433 2839 678 2905 pugnatis
701 2838 850 2892 vario
872 2854 1068 2908 genere
1091 2839 1370 2910 bellorum,
1400 2843 1488 2899 illa
1511 2853 1685 2902 tamen
1704 2845 2010 2905 ﬂorentiora

432 2941 647 2996 semper
673 2928 858 2984 effecta
880 2939 1022 2984 sunt.

504 3016 664 3071 Error
705 3030 881 3090 suopte
924 3031 1048 3075 nutu
1089 3023 1232 3093 perit.
1273 3054 1346 3064 —
1387 3026 1454 3080 Et
1491 3027 1616 3097 quid
1666 3043 1766 3099 ego
1814 3037 2011 3085 nostra:

433 3109 604 3162 aetatis
653 3124 1018 3170 commemoro
1058 3114 1281 3182 gentiles
1325 3117 1457 3172 viles
1499 3119 1656 3185 istos,
1697 3129 1749 3174 et
1789 3121 2012 3178 omnino

432 3210 736 3270 contemptu
754 3200 975 3258 faciles?
997 3204 1063 3259 Et
1090 3207 1264 3275 potius
1290 3209 1378 3278 qui
1404 3209 1544 3278 apud
1574 3211 1694 3266 illos
1718 3221 1872 3267 erant
1907 3214 2009 3269 ali-

433 3290 642 3358 quando
669 3293 938 3349 mirabiles
963 3296 1014 3348 in
1039 3297 1269 3352 medium
1287 3299 1639 3369 proferamus,
1659 3303 2011 3373 philosophia:

433 3381 640 3436 scilicet
677 3382 882 3438 honore
927 3386 1245 3451 celebratos,
1300 3389 1599 3457 Platonem,
1630 3392 2008 3462 Pythagoram,

433 3471 734 3541 Diagoram,
767 3475 1162 3532 Clazomenium
1193 3477 1290 3551 (α),
1324 3481 1626 3551 multosque
1664 3483 1796 3538 alios
1827 3484 2012 3553 hujus-

434 3563 596 3628 modi,
629 3574 683 3619 ct
724 3573 849 3619 tunc
883 3565 1098 3622 demum
1137 3571 1453 3640 evangelica:
1484 3573 1876 3641 prwdicationis
1903 3576 2011 3630 vir-

435 3664 599 3710 tutem
634 3657 900 3726 probabis.
930 3659 1060 3713 Nam
1093 3669 1212 3730 post
1237 3663 1475 3718 Socratis
1499 3681 1763 3721 venenum
1785 3667 1871 3721 alii
1897 3669 2014 3738 qui-

431 3747 553 3802 dem
573 3747 780 3818 Megara
807 3749 1187 3820 discesserunt,
1207 3753 1399 3808 similia
1420 3756 1652 3824 patiendi
1676 3766 1849 3824 metu;
1878 3759 2014 3814 alter

433 3847 609 3893 autem
635 3849 690 3895 et
716 3842 880 3910 patria
908 3851 962 3898 et
1001 3843 1242 3899 libertate
1279 3846 1516 3914 privatus
1541 3857 1644 3914 est,
1689 3863 1790 3904 nec
1817 3859 2012 3918 praeter

436 3945 593 3983 unam
670 3933 948 3988 mulierem
1020 3935 1369 4006 pbiIOSOphiae
1438 3953 1756 4009 quemquam
1823 3941 2013 3996 studiis

429 4021 764 4091 subjugavit;
811 4024 962 4079 Plato
1003 4036 1180 4082 autem
1214 4029 1480 4098 depictam
1522 4030 1576 4084 in
1625 4031 1829 4102 paginis
1854 4029 2015 4087 disci-

489 4134 566 4197 (a)
596 4143 920 4200 Anaxagoram
942 4139 1310 4192 Clazomenium.

1067 383 1072 388 ι
1159 351 1216 406 8.
1255 349 1532 408 JOANNIS
1569 346 2035 407 CHRYSOSTOMI
2072 347 2391 409 ABCIIIEP.
2432 351 2963 411 CONSTANTINOP.

3572 358 3677 412 £96

2096 467 2294 537 plinam
2339 467 2642 538 relinquens
2685 468 2736 521 in
2779 475 3004 521 mortem
3051 464 3258 521 solutus
3300 477 3403 522 est.
3443 469 3508 523 Et
3536 479 3678 526 certe

2096 557 2228 612 nihil
2254 558 2331 614 eis
2368 566 2494 613 tunc
2518 558 2899 627 impedimento
2923 566 3059 625 erat,
3091 573 3197 611 non
3232 559 3549 627 periculum,
3574 578 3676 616 non

2096 656 2325 718 egestas,
2356 664 2459 702 non
2483 648 2742 716 imperitia
2765 647 3030 702 sermonis
3059 665 3072 700 :
3100 648 3193 702 sed
3212 658 3365 703 erant
3385 659 3440 704 et
3457 650 3679 706 dicemlo

2097 746 2364 806 potentes,
2407 747 2462 792 et
2507 737 2697 808 Opibus
2736 736 3036 803 aﬂluentes,
3086 745 3137 792 et
3191 737 3469 794 nobilitate
3502 745 3679 808 patriae

2098 826 2410 896 gloriantes.
2454 827 2650 882 Verum
2701 842 3034 896 nequaquam
3074 827 3319 883 obtinere
3350 841 3676 899 potuerunt:

2099 917 2218 970 talis
2242 927 2326 970 est
2351 918 2492 971 enim
2518 917 2753 972 conditio
2781 918 2980 972 erroris
3007 958 3022 984 ,
3055 918 3215 973 etiam
3242 921 3390 975 nullo
3417 921 3516 975 sibi
3539 923 3678 977 obsi-

2099 1017 2272 1064 stente
2299 1011 2653 1076 consenescit,
2681 1025 2743 1064 ac
2782 1009 2969 1064 deﬂuit
2997 1027 3013 1066 :
3058 1007 3178 1065 talis
3212 1022 3388 1066 autem
3419 1028 3450 1068 e
3475 1015 3683 1068 diverso

2100 1097 2340 1154 veritatis
2377 1109 2566 1164 status,
2600 1101 2759 1156 etiam
2800 1101 2980 1156 multis
3007 1101 3442 1172 impugnantibus
3465 1106 3684 1159 suscita-

2101 1201 2188 1246 tur
2211 1199 2265 1246 et
2290 1194 2500 1247 crescit.
2535 1193 2660 1248 llaec
2689 1203 2864 1246 autem
2901 1194 2972 1247 ita
2997 1209 3116 1249 esse
3145 1195 3341 1249 veritas
3372 1211 3552 1250 rerum
3577 1198 3685 1266 ipsa

2102 1285 2415 1352 proclamat,
2436 1283 2672 1352 nihilque
2694 1283 2780 1336 hic
2799 1298 2932 1353 opus
2952 1292 3035 1339 est
3054 1284 3351 1340 assertione
3378 1286 3686 1353 verborum,

2102 1389 2222 1428 cum
2269 1389 2454 1428 vocem
2493 1375 2904 1446 quodammodo
2973 1383 3116 1429 totus
3170 1375 3404 1446 undique
3461 1378 3692 1434 mundus

2105 1468 2332 1531 emittat,
2361 1442 2774 1534 urbes—scilicet,
2805 1475 2859 1521 et
2886 1467 3019 1536 agri,
3052 1474 3106 1521 et
3133 1442 3394 1532 terrm-et
3421 1471 3611 1534 maria,
3640 1481 3695 1525 et

2105 1557 2218 1612 loca
2243 1557 2382 1612 culta
2411 1564 2569 1623 atque
2599 1556 2834 1624 deserta,
2865 1557 2994 1626 ipsa:
3014 1574 3223 1628 quoque
3246 1560 3407 1613 etiam
3431 1561 3693 1615 montium

2105 1647 2459 1701 summitates.
2511 1646 2693 1717 Neque
2735 1647 2876 1702 enim
2925 1648 3263 1703 solitudinem
3315 1649 3565 1705 beneficii
3611 1653 3693 1706 sui

2105 1737 2319 1806 reliquit
2350 1745 2641 1802 exsortem,
2673 1736 2768 1792 sed
2809 1738 2975 1806 ipsam
3007 1737 3236 1793 maxime
3275 1739 3360 1806 iis,
3387 1757 3506 1810 quae
3540 1742 3693 1796 nobis

2107 1831 2175 1885 de
2226 1830 2357 1884 caelo
2403 1830 2623 1883 veniens
2663 1829 2873 1895 detulit,
2920 1830 3071 1884 bonis
3122 1831 3376 1900 replevit,
3410 1847 3505 1900 per
3543 1833 3692 1886 Pauli

2109 1902 2372 1990 przecipue
2401 1921 2653 1990 linguam,
2686 1935 2882 1990 perque
2909 1920 3072 1984 illam,
3103 1936 3258 1990 quam
3283 1922 3332 1974 in
3367 1923 3538 1992 ipsum
3567 1939 3694 1977 con-

2110 2010 2249 2074 tulit,
2279 2010 2525 2080 gratiam.
2565 2011 2695 2076 Quia
2727 2011 2867 2063 enim
2909 2009 3120 2080 dignam
3146 2011 3232 2063 tali
3271 2009 3412 2064 dono
3453 2010 3693 2065 devotio-

2111 2115 2230 2154 nem
2253 2099 2493 2170 gerebat,
2527 2101 2740 2170 copiosa
2779 2100 2830 2152 in
2860 2099 2948 2153 illo
2977 2100 3135 2153 etiam
3177 2101 3345 2169 gratia
3371 2103 3694 2168 coruscavit,

2109 2192 2442 2263 plurimaque
2485 2191 2709 2255 horum,
2755 2207 2872 2262 qum
2918 2191 3192 2261 hucusque
3235 2195 3649 2248 memoravimus
3681 2235 3695 2252 .

2112 2284 2275 2356 ipsius
2299 2299 2394 2340 ore
2419 2298 2482 2338 ac
2501 2299 2747 2339 sermone
2772 2284 3030 2353 completa
3058 2292 3201 2338 sunt.

2187 2399 2349 2454 Paulo
2377 2399 2564 2453 similes
2588 2414 2693 2452 esse
2723 2397 3363 2467 possumus.—Quoniam
3406 2398 3566 2467 igitur
3611 2400 3686 2453 ita

2110 2503 2280 2560 genus
2309 2499 2549 2544 nostrum
2581 2487 2878 2543 nobilitavit
2920 2487 3058 2543 Deus
3081 2529 3096 2553 ,
3147 2496 3208 2541 ut
3235 2504 3395 2542 unum
3425 2488 3698 2546 hominem

2110 2580 2418 2650 dignaretur
2441 2588 2704 2634 tantorum
2727 2593 2941 2632 causam
2969 2577 3141 2633 facere
3162 2581 3442 2644 bonorum,
3476 2581 3698 2635 studea-

2111 2685 2232 2724 mus
2257 2677 2311 2723 et
2336 2683 2434 2722 nos
2476 2667 2591 2738 ejus
2638 2669 2838 2723 similes
2877 2668 3119 2722 inveniri.
3165 2667 3346 2737 Neque
3385 2684 3514 2723 vero
3558 2669 3702 2726 istud

2113 2757 2441 2828 impossibile
2470 2765 2752 2826 putemus:
2775 2758 3024 2827 quoniam
3045 2799 3060 2823 ,
3089 2766 3146 2811 ut
3175 2772 3317 2827 smpe
3345 2757 3452 2811 dixi
3477 2768 3532 2813 et
3559 2775 3704 2814 nunc

2114 2849 2385 2905 inculcare
2423 2862 2528 2904 non
2573 2863 2761 2913 cesso,
2811 2849 2912 2902 tale
2954 2849 3061 2914 illi,
3103 2849 3260 2919 quale
3303 2850 3460 2903 etiam
3505 2851 3702 2915 nobis,

2112 2955 2308 3011 corpus
2334 2939 2452 3006 fuit,
2484 2941 2600 2995 talis
2626 2941 2820 3006 anima,
2847 2941 2976 2995 tales
3001 2941 3127 3007 cibi,
3158 2941 3252 2995 sed
3279 2942 3524 2996 voluntas
3552 2943 3603 2997 in
3635 2959 3705 2999 eo

2112 3032 2374 3089 mirabilis
2396 3074 2412 3098 ,
2457 3040 2511 3087 et
2538 3032 2790 3100 praeclara
2835 3031 3079 3097 devotio,
3124 3043 3180 3088 et
3210 3032 3346 3086 istud
3376 3041 3457 3086 est
3482 3048 3706 3102 prorsus

2113 3124 2256 3182 unde
2279 3126 2364 3181 ille
2393 3125 2512 3179 talis
2537 3125 2756 3179 effectus
2779 3132 2880 3178 est.
2909 3123 3073 3177 Nemo
3103 3123 3260 3194 igitur
3288 3123 3512 3189 diflidat,
3539 3141 3706 3180 nemo

2115 3219 2400 3288 desperet:
2423 3217 2465 3272 si
2497 3215 2737 3270 intendas
2761 3215 2994 3268 animum
3023 3225 3076 3269 et
3112 3229 3408 3283 prmpares,
3441 3215 3572 3269 nihil
3610 3223 3701 3271 est

2115 3313 2257 3382 quod
2289 3319 2340 3366 te
2366 3310 2433 3365 ab
2461 3309 2698 3379 ejusdem
2728 3307 2910 3377 gratim
2948 3306 3118 3377 possit
3153 3305 3434 3375 prohibere
3461 3309 3708 3361 muneri-

2115 3402 2215 3457 bus
2244 3418 2256 3454 :
2281 3415 2386 3454 non
2415 3408 2499 3454 est
2528 3397 2671 3452 enim
2703 3411 3050 3466 personarum
3081 3404 3330 3464 acceptor
3360 3396 3522 3450 Deus.
3557 3396 3709 3451 Idem

2115 3493 2265 3548 illum
2288 3501 2442 3561 teque
2471 3489 2716 3544 formavit
2740 3505 2753 3541 :
2779 3497 2833 3542 et
2855 3486 3298 3556 quemadmodum
3329 3487 3489 3552 illius,
3519 3487 3589 3541 ita
3614 3498 3705 3542 est

2119 3587 2278 3642 etiam
2307 3594 2430 3640 tuus
2455 3583 2624 3647 Deus;
2667 3596 2730 3636 ac
2759 3581 2894 3635 sicut
2922 3579 3067 3634 illum
3107 3579 3300 3633 merito
3337 3578 3602 3644 laudavit,
3634 3580 3712 3633 ita

2116 3682 2276 3736 etiam
2303 3679 2395 3734 tibi
2410 3676 2564 3733 oﬂ‘ert
2578 3689 2849 3731 coronam.
2873 3672 3243 3743 Spondeamus
3269 3671 3428 3741 igitur
3451 3681 3702 3727 nosmet-

2118 3773 2263 3843 ipsos
2289 3771 2419 3834 Deo,
2451 3777 2609 3838 atque
2635 3765 2972 3830 mundemus,
3004 3773 3064 3818 ut
3094 3777 3192 3817 nos
3216 3773 3428 3832 queque
3458 3763 3713 3817 eamdem

2119 3862 2341 3933 gratiam
2381 3866 2768 3927 consequentes
2791 3896 2807 3922 ,
2839 3854 3025 3909 eadem
3055 3853 3214 3907 etiam
3246 3853 3463 3921 praemia
3507 3855 3714 3907 sortia-

2119 3968 2259 4018 mur,
2279 3950 2447 4022 gratia
2467 3958 2522 4004 et
2541 3946 2902 4003 misericordia
2922 3944 3129 3999 Domini
3153 3946 3316 3998 nostri
3340 3943 3465 3998 Jesu
3480 3944 3714 4010 Christi,

2118 4042 2205 4099 cui
2246 4052 2328 4098 est
2365 4041 2532 4113 gloria
2577 4047 2632 4096 et
2682 4038 2964 4108 imperium
3017 4036 3069 4090 in
3119 4036 3311 4090 saecula
3362 4037 3713 4090 saeculorum.

2119 4136 2314 4192 Amen.

438 4255 3719 4280 ________—___________________________________

1279 4361 1418 4434 DE
1473 4365 2009 4438 LAUDIBUS
2068 4364 2457 4438 SANCTI
2507 4360 2828 4433 PAULI

1897 4539 2220 4586 APOSTOLI.

1779 4689 2006 4704 _~

1067 4815 1283 4856 HOHILIA
1322 4817 1377 4855 ν.

502 4886 605 4944 Ubi
656 4903 796 4943 nunc
845 4888 918 4943 illi
959 4901 1118 4956 sunt,
1163 4894 1251 4962 qui
1301 4893 1525 4964 querulo
1570 4909 1781 4964 semper
1833 4895 2012 4951 animo

431 4986 656 5033 mortem
699 4980 902 5034 causari
951 4981 1154 5048 solent,
1199 4992 1250 5037 et
1292 4985 1631 5055 corruptibile
1672 4984 1773 5040 hoc
1818 5000 2011 5054 corpus

430 5082 588 5141 atque
629 5072 876 5139 passibile
925 5073 1304 5143 impedimento
1347 5078 1444 5131 sibi
1489 5094 1608 5133 esse
1651 5079 1716 5133 ad
1764 5080 2010 5133 virtutem

433 5161 658 5228 putant?
684 5162 915 5215 Audiant
941 5161 1088 5216 Pauli
1118 5163 1251 5218 facta
1283 5169 1534 5234 praeclara
1556 5209 1572 5233 ,
1603 5171 1746 5223 etlah
1788 5170 1885 5224 hac
1911 5171 2010 5224 ob-

428 5254 741 5308 trectatione
767 5254 1142 5324 malignissima
1175 5259 1572 5326 conquiescant.
1590 5259 1724 5326 Quid
1745 5262 1885 5315 enim
1908 5260 2010 5316 hu-

429 5360 589 5399 mano
618 5348 796 5416 generi
840 5363 983 5403 mors
1015 5349 1231 5403 nocuit?
1275 5351 1398 5420 quid
1446 5367 1570 5406 vero
1599 5354 1845 5407 virtutem
1889 5368 2012 5407 cor-

428 5439 602 5506 ruptio
630 5439 873 5510 corporis
902 5441 1219 5511 impedivit?
1247 5441 1535 5498 Considera
1566 5444 1739 5514 itaque
1767 5444 2008 5511 Paulum,

428 5535 482 5581 et
508 5529 743 5597 videbis,
775 5533 894 5602 quia
932 5534 1084 5589 nobis
1111 5535 1270 5589 etiam
1313 5535 1378 5589 ad
1422 5537 1704 5590 maximam
1733 5538 2012 5594 utilitatem

432 5619 671 5688 proﬁciet
699 5623 797 5677 ista
827 5626 1144 5680 mortalitas.
1189 5627 1284 5682 llic
1311 5627 1452 5682 enim
1484 5629 1582 5683 nisi
1615 5630 1856 5685 mortalis
1885 5629 2012 5684 fuis-

432 5719 538 5776 set,
569 5727 896 5785 nequaquam
928 5716 1103 5771 dicere
1148 5717 1436 5786 potuisset,
1488 5720 1655 5789 magis
1699 5730 1876 5774 autem
1920 5736 2012 5774 ne-

429 5805 630 5873 quisset
653 5799 956 5874 ostendere,
977 5808 1116 5880 quod
1145 5809 1309 5880 ipsius
1332 5811 1580 5882 cperibus
1609 5821 1690 5866 est
1716 5813 1967 5885 loquutus
1995 5830 2007 5866 :

2129 4684 2350 4697 _—-_

2127 4801 2375 4873 quoniam
2401 4799 2636 4866 Quotidie
2674 4799 2862 4853 morior
2890 4814 2982 4870 pro
2999 4806 3160 4851 vestra
3175 4796 3359 4867 gloria,
3378 4812 3530 4866 quam
3542 4795 3729 4850 habeo

2114 4893 2167 4947 in
2196 4893 2395 4948 Christo
2432 4891 2558 4945 Iesu
2594 4892 2671 4960 (l.
2699 4890 2816 4945 Cor.
2859 4890 2946 4945 i5.
2987 4889 3101 4959 5i).
3133 4888 3338 4958 Ubique
3383 4889 3528 4942 enim
3557 4889 3745 4943 nobis

2117 4988 2406 5041 intentione
2447 4984 2608 5039 animi
2651 4998 2712 5038 ac
2759 4991 2998 5052 prompta
3046 4995 3180 5051 opus
3220 4990 3304 5035 est
3344 4981 3640 5035 voluntate
3669 4984 3688 5013 ¹
3722 5001 3742 5036 :

2109 5083 2238 5148 quae
2265 5079 2309 5132 si
2339 5077 2583 5131 aﬂ'uerint
2605 5117 2620 5141 ,
2649 5077 2782 5130 nihil
2810 5075 2913 5130 erit
2941 5075 3080 5144 quod
3131 5089 3229 5129 nos
3259 5075 3428 5143 possit
3457 5090 3487 5128 a
3517 5075 3751 5131 virtute

2121 5169 2404 5236 prohibere
2423 5210 2438 5233 ,
2472 5168 2608 5223 sicut
2637 5167 2884 5238 superior
2908 5168 3015 5237 jam
3043 5181 3222 5221 sermo
3247 5175 3580 5220 memoratus
3615 5180 3745 5223 est.

2119 5258 2306 5314 Nonne
2352 5268 2468 5314 erat
2507 5258 2606 5312 iste
2656 5258 2932 5312 mortalis?
2977 5273 3152 5311 nonne
3199 5257 3488 5327 ignobilis?
3534 5273 3754 5316 nonne

2122 5365 2351 5421 pauper,
2381 5359 2433 5406 et
2456 5349 2760 5420 quotidiano
2789 5364 2951 5418 Opere
2994 5349 3191 5402 victum
3219 5348 3509 5418 quaerens?
3531 5363 3759 5408 nonne

2121 5457 2318 5512 corpus
2342 5442 2524 5496 habuit
2552 5444 2756 5498 cunctis
2785 5451 2986 5495 naturae
3017 5439 3424 5496 necessitatibus
3452 5439 3756 5515 subjuga-

2123 5535 2271 5590 tum?
2297 5533 2432 5602 Quid
2455 5549 2580 5604 ergo
2600 5549 2722 5588 cum
2745 5533 2912 5588 vetuit
2935 5533 3056 5598 illis,
3085 5531 3275 5600 quibus
3301 5531 3501 5594 ﬂoruit,
3524 5533 3760 5600 Splen-

2122 5625 2251 5682 dere
2276 5625 2594 5682 virtutibus?
2625 5623 2866 5681 Profecto
2901 5623 3053 5679 nihil.
3098 5622 3286 5678 Nullus
3324 5635 3456 5692 ergo
3485 5636 3765 5684 nimi-eat

2189 5751 2204 5782 ι
2235 5752 2303 5817 ln_
2323 5753 2508 5817 Graeco.
2533 5760 2598 5817 et_
2619 5766 2711 5801 non
2744 5760 2812 5803 est
2841 5752 3260 5817 impedimentum,
3287 5752 3336 5803 in
3362 5753 3538 5817 primis
3571 5764 3756 5814 ordi-

2118 5813 2254 5864 m'l'us
2277 5813 2425 5879 fuisse
2448 5813 2740 5865 constitutus.
2909 5813 2917 5817 ’
3248 5813 3255 5814 “
3362 5813 3371 5817 “
3399 5828 3405 5833 ε
