3876 6286
492 352 597 409 ιον
608 380 612 387 ·

493 468 666 541 μόνοι,
695 466 808 520 ὅσοι
838 464 1013 537 ψυχὴν
1036 465 1519 538 μεμαλακισμένην
1542 463 1636 517 καὶ
1661 462 1896 516 διάνοιαν
1916 462 2067 533 έχου-

494 577 579 613 σιν
605 555 1111 629 ἐκνενευρισμένην.
1140 554 1310 608 Τοῦτο
1330 555 1441 626 γὰρ
1472 553 1678 622 γίνεται
1707 551 1938 628 κώλυμα
1967 553 2066 624 μό-

489 665 581 704 νον
608 648 744 721 «pb;
767 646 986 723 ἀρετὴν,
1011 645 1179 701 κακία
1197 645 1393 716 ψυχῆς,
1419 643 1515 699 καὶ
1542 643 1784 714 μαλακία
1807 642 2027 713 γνώμης
2048 660 2061 673 ·

488 738 694 808 ταύτης
726 737 783 791 δέ
824 738 950 792 ἄνευ
998 735 1106 791 τῶν
1152 735 1325 790 ἄλλων
1376 734 1547 791 οὐδέν.
1579 735 1691 788 Καὶ
1721 731 1878 788 τοῦτο
1908 734 2065 805 δῆλον

488 829 598 884 ἀπὸ
618 828 712 882 τοῦ
737 827 1006 901 μακαρίου
1031 826 1220 882 τούτου
1241 825 1337 879 τοῦ
1358 824 1453 879 νῦν
1476 824 1873 893 συναγαγόντος
1896 826 2061 895 ἡμᾶς.

491 923 701 993 Ὠσπερ
743 920 853 992 γὰρ
895 918 1085 975 τοῦτον
1129 917 1279 973 οὐδὲν
1310 914 1488 971 ταῦτα
1519 914 1891 986 παρέϐλαψεν,
1923 914 2073 995 οὕτω

484 1009 613 1074 τοὺς
638 1007 835 1076 ἔξωθεν
858 1007 1011 1062 ούδέν
1037 1006 1107 1061 τὰ
1125 1005 1344 1060 ἐναντία
1361 1005 1662 1078 ὠφέλησεν,
1679 1004 1740 1057 ού
1763 1004 1936 1085 λόγων
1959 1005 2065 1057 δει-

487 1109 669 1180 νότης,
699 1109 758 1162 ού
789 1110 1085 1180 χρημάτων
1116 1106 1340 1177 πλῆθος,
1372 1107 1433 1161 οὐ
1480 1105 1810 1177 περιφάνεια
1853 1106 2062 1176 γένους,

489 1208 554 1262 οὐ
581 1208 739 1279 δόξης
775 1207 1026 1280 μέγεθος,
1057 1207 1119 1261 οὐ
1150 1207 1211 1261 τὸ
1238 1208 1297 1261 ἐν
1319 1205 1606 1278 δυναστεία
1635 1201 1796 1261 εἶναι.

554 1312 621 1365 Τί
667 1311 812 1381 λέγω
849 1311 978 1374 τοὺς
1019 1309 1375 1383 ἀνθρώπους;
1424 1309 1624 1380 μᾶλλον
1651 1310 1709 1365 δέ
1738 1310 1901 1383 μέχρι
1931 1309 2061 1364 πότε

484 1414 576 1466 ἐπὶ
600 1414 703 1485 τῆς
731 1413 835 1483 γῆς
861 1412 1076 1483 κατέχω
1101 1412 1192 1465 τὸν
1213 1409 1389 1480 λόγον,
1418 1409 1537 1475 ἐξὸν
1579 1412 1752 1464 εἰπεῖν
1787 1410 1885 1475 τὰς
1916 1411 2061 1464 ἀνω-

483 1511 648 1582 τέρας
689 1511 967 1581 δυνάμεις,
1007 1510 1104 1574 τὰς
1150 1508 1344 1581 ἀρχὰς,
1386 1511 1482 1564 καὶ
1526 1510 1624 1575 τὰς
1671 1510 1936 1578 ἐξουσίας,
1969 1511 2060 1565 καὶ

483 1613 611 1674 τοὺς
639 1611 1088 1683 κοσμοκράτορας
1121 1610 1215 1664 τοῦ
1249 1611 1471 1674 σκότους
1492 1609 1588 1664 τοῦ
1615 1611 1810 1675 αἰῶνος
1833 1610 2057 1677 τούτους

483 1718 538 1768 τί
566 1716 675 1786 γὰρ
698 1715 873 1784 ὢνησε
896 1714 1116 1779 τούτους
1140 1715 1202 1768 τὸ
1226 1715 1385 1784 φύσιν
1412 1715 1665 1788 τοιαύτην
1685 1715 1869 1786 λαχεῖν
1889 1731 1904 1783 ;
1939 1715 2060 1787 οὐχὶ

488 1814 737 1885 ἔρχονται
776 1815 946 1868 πᾶσαι
974 1815 1031 1868 αἰ
1064 1813 1321 1884 δυνάμεις
1354 1814 1668 1885 κρινόμεναι
1702 1814 1790 1869 διὰ
1822 1813 2057 1879 Παύλου,

484 1920 585 1992 καὶ,
621 1904 729 1970 τῶν
776 1919 1157 1984 κατ’ἐκείνον;
1202 1918 1323 1971 Οὐκ
1356 1916 1555 1972 οἴδατε
1598 1915 1707 1988 γὰρ
1748 1916 1935 1989 φησὶν,
1968 1914 2059 1971 ὅτι

482 2022 785 2093 ἀγγέλους
810 2021 1147 2093 κρινοῦμεν,
1171 2022 1316 2093 μήτι
1342 2040 1411 2092 γε
1434 2022 1717 2088 ,βιωτικὰ;
1748 2023 1840 2093 Μὴ
1879 2021 2058 2077 τοίνυν

481 2126 546 2179 δι’
567 2126 753 2197 ἕτερον
802 2125 968 2197 μηδὲν
1017 2108 1290 2198 ἀλγῶμεν,
1317 2125 1453 2181 ἀλλὰ
1500 2125 1589 2180 διὰ
1634 2126 2055 2197 κακίανλμόνον,

489 2227 624 2298 μηδέ
652 2227 719 2280 δι’
739 2225 867 2282 ἄλλο
898 2228 1177 2300 χαίρωμεν
1211 2230 1303 2283 καὶ
1330 2229 1770 2301 εὐφραινώμεθα,
1805 2229 1941 2283 ἀλλὰ
1989 2229 2057 2283 δι’

481 2327 683 2400 ἀρετὴν
729 2330 906 2400 μόνον.
926 2331 1052 2384 Ἐὰν
1080 2332 1284 2404 ταύτην
1315 2332 1667 2405 ζηλώσωμεν,
1690 2334 1841 2387 οὐδὲν
1863 2334 1925 2388 τὸ
1951 2351 2059 2388 κω-

481 2431 607 2487 λύον
649 2433 898 2501 γενέσθαι
942 2436 1083 2493 κατὰ
1123 2438 1353 2492 Παῦλον.
1372 2437 1608 2505 Ἐκεῖνος
1648 2439 1758 2512 γὰρ
1797 2442 1917 2512 ούχὶ
1950 2442 2058 2496 ἀπὸ

481 2535 582 2606 τῆς
616 2537 838 2609 χάριτος
888 2541 1048 2612 μόνον
1094 2541 1336 2606 τοιοῦτος
1385 2543 1621 2613 ἐγένετο,
1656 2544 1791 2598 ἀλλὰ
1824 2546 1917 2600 καὶ
1951 2546 2058 2601 ἀπὸ

479 2639 584 2710 τῆς
608 2642 812 2708 οἰκείας
844 2644 1181 2717 προθυμίας·
1213 2647 1307 2701 καί⁵
1329 2646 1417 2700 διὰ
1441 2648 1598 2701 τοῦτο
1635 2648 1786 2721 [501]
1814 2650 1922 2703 ἀπὸ
1959 2653 2057 2722 τῆς

364 2800 370 2805 _
480 2743 724 2829 χάριτος,
760 2748 946 2821 ἐπειδὴ
977 2750 1074 2804 καὶ
1104 2749 1212 2803 ἀπὸ
1243 2750 1343 2821 τῆς
1375 2750 1703 2823 προθυμίας.
1740 2752 1876 2807 Μεθ’
1898 2753 2058 2825 ύπερ-

479 2845 641 2920 ϐολῆς
666 2852 774 2922 γὰρ
802 2852 1056 2924 ἑκάτερα,
1098 2853 1193 2908 καὶ
1220 2852 1290 2906 τὰ
1315 2851 1407 2906 τοῦ
1434 2852 1568 2906 Θεοῦ
1597 2853 1857 2908 έπνευσεν
1887 2855 2053 2928 αὐτῷ,

478 2951 571 3004 καὶ
607 2951 676 3004 τὰ
701 2953 801 3022 τῆς
827 2954 1033 3018 οἰκείας
1066 2953 1439 3025 προαιρέσεως
1471 2954 1699 3026 ὑπῆρξε.
1732 2955 1919 3010 Βούλει
1953 2974 2058 3028 μα-

480 3055 590 3109 θεῖν
620 3055 692 3111 τὰ
716 3055 811 3110 τοῦ
838 3056 971 3110 Θεοῦ
996 3073 1010 3124 ;
1033 3056 1117 3110 Τὰ
1143 3057 1335 3128 ἱμάτια
1360 3056 1524 3111 αὐτοῦ
1550 3058 1906 3114 ἐδεδοίκεισαν
1940 3061 2054 3114 δαί-

480 3175 660 3231 μονες.
692 3160 832 3215 Ἀλλ’
858 3160 919 3215 οὐ
956 3161 1222 3232 θαυμάζω
1256 3160 1434 3228 τοῦτο,
1479 3162 1667 3235 ῶσπερ
1714 3164 1821 3218 οὐδ’
1844 3166 1927 3219 δτι
1957 3165 2056 3237 τὴν

478 3265 640 3319 σκιὰν
670 3266 878 3337 Πέτρου
905 3265 974 3319 τά
1002 3267 1282 3338 νοσήματα
1318 3266 1551 3336 ἔφυγενο
1590 3268 1725 3323 ἀλλὰ
1767 3269 2053 3341 θαυμάζω,

477 3370 561 3423 ὅτι
607 3370 669 3423 τὸ
715 3369 1026 3439 θαυμαστὸν
1062 3369 1220 3425 τοῦτο
1261 3372 1367 3440 πρὸ
1404 3374 1504 3445 τῆς
1543 3375 1783 3448 χάριτος,
1811 3377 1905 3431 καὶ
1948 3378 2057 3431 ἀπὸ

480 3471 726 3541 βαλϐῖδος
768 3473 938 3544 αὐτῆς
970 3474 1064 3527 καὶ⁸
1103 3476 1402 3547 προοιμίων
1442 3476 1620 3531 αὐτῶν
1651 3478 1823 3549 ἐφάνη
1852 3477 2051 3531 ποιῶψ

477 3572 598 3627 οὐδὲ
634 3572 734 3644 τὴν
772 3574 1003 3645 δύναμιν
1033 3575 1235 3646 ταύτην
1267 3577 1425 3648 ἔχων,
1463 3580 1583 3632 οὐδὲ
1610 3580 1941 3651 χειροτονίαν
1966 3581 2056 3635 δε-

481 3675 730 3746 ξάμενος,
761 3678 903 3732 οὕτω
941 3680 1019 3753 τῷ
1072 3683 1209 3755 πρὸς
1251 3683 1482 3754 Χριστὸν
1530 3682 1738 3755 ἐξήφθη
1789 3684 1953 3756 ζήλῳ,
1981 3687 2056 3750 ὡς

477 3779 655 3833 πάντα
702 3780 811 3834 τῶν
845 3782 1114 3838 Ἰουδαίων
1149 3785 1238 3840 τὸν
1268 3786 1440 3858 δῆμον
1484 3788 1746 3860 διεγεῖραι
1776 3791 1899 3845 καθ’
1932 3792 2057 3845 ἐαυ-

475 3881 603 3937 τοῦ·
633 3883 692 3947 ὃς
733 3885 829 3939 καὶ
864 3886 988 3941 ίδὼν
1017 3889 1178 3944 αὐτὸν
1210 3893 1269 3944 ἐν
1302 3890 1577 3955 τοσούτοις
1609 3891 1741 3947 ὄντα
1768 3892 2054 3961 κινδύνοις,

475 3989 554 4053 ὡς
584 3990 679 4044 καὶ
697 3989 795 4063 τὴν
817 3993 971 4047 πόλιν
994 3994 1420 4068 πολιορκεῖσθαι,
1444 3995 1532 4050 διὰ
1553 3997 1765 4069 θυρίδος
1784 3999 2055 4072 ἐχαλάσθη

476 4087 568 4143 διὰ
594 4088 689 4145 τοῦ
718 4093 950 4165 τείχους,
985 4095 1081 4149 καὶ
1107 4095 1407 4165 διαφυγὼν,
1432 4097 1553 4150 ούδέ
1584 4098 1756 4162 οὕτως
1793 4100 1875 4163 είς
1902 4099 2056 4155 δκνον

476 4195 753 4265 ἐνέπεσεν,
789 4201 911 4254 οὐδὲ
954 4203 1033 4265 είς
1079 4202 1280 4256 δειλίαν
1312 4204 1409 4257 καὶ
1445 4203 1631 4272 φόϐον,
1660 4205 1794 4260 ἀλλὰ
1838 4207 2057 4262 πλείονα

474 4301 786 4374 προθυμίαν
835 4306 1087 4359 ἐντεῦθεν
1136 4307 1369 4377 ἐδέχετο,
1413 4309 1759 4381 παραχωρῶν
1796 4311 1896 4382 μὲν
1944 4316 2057 4377 τοῖς

476 4405 741 4470 κινδύνοις
769 4407 837 4461 δι’
868 4408 1198 4477 οἰκονομίαν,
1231 4409 1291 4461 ού
1322 4411 1670 4482 παραχωρῶν
1697 4412 1755 4466 δὲ
1779 4415 1877 4486 τῆς
1918 4415 2057 4469 διδα-

474 4506 704 4573 σκαλίας
750 4510 948 4574 οὐδενὶ,
995 4511 1133 4565 ἀλλά
1174 4511 1266 4566 τὸν
1320 4515 1550 4586 σταυρὸν
1594 4517 1754 4572 πάλιν
1801 4520 2054 4591 ἁρπάσας

472 4611 789 4682 ἧκολούθει*
823 4612 1000 4667 καίτοι
1038 4631 1102 4684 γε
1130 4617 1282 4687 παρὰ
1311 4618 1475 4682 πόδας
1501 4619 1638 4691 ἔχων
1672 4621 1753 4675 ἔτι
1783 4623 1844 4676 τὸ
1873 4625 2051 4696 παρά-

473 4713 672 4785 δειγμα
711 4714 772 4768 τὸ
819 4717 961 4771 κατὰ
996 4719 1087 4771 τὸν
1114 4721 1405 4790 Στέφανον,
1434 4725 1526 4777 καὶ
1565 4726 1706 4797 ὁρῶν
1740 4731 1859 4781 κατ’
1888 4730 2052 4782 αὐτοῦ

478 4815 713 4887 μάλιστα
746 4817 962 4872 πάντων
1002 4820 1162 4890 φόνου
1192 4824 1451 4889 πνέοντας
1488 4826 1790 4893 Ἰουδαίους,
1824 4830 1919 4882 καὶ
1952 4830 2051 4882 αύ-

474 4917 585 4972 τῶν
612 4919 1012 4992 ἐπιθυμοῦντας
1034 4924 1201 4980 αὑτοῦ
1230 4928 1337 4982 τῶν
1366 4930 1589 5001 σαρκῶν
1618 4929 2049 5000 ἀπογεύσασθαι.

473 5018 613 5075 Οὔτε
641 5016 735 5076 οὖν
765 5025 1000 5094 ἀφειδῶς
1032 5028 1287 5083 ἐνέπιπτε
1320 5034 1432 5096 τοῖς
1463 5032 1750 5097 κινδύνοις,
1793 5032 1914 5086 ούδέ
1945 5033 2054 5086 δια-

472 5125 693 5197 φεύγων
718 5128 1106 5204 μαλακώτερος
1127 5135 1345 5204 ἐγένετο
1365 5137 1549 5191 πάλιν.
1569 5136 1783 5209 Σφόδρα
1800 5138 1900 5209 τῆς
1920 5155 2054 5211 παρ-

471 5231 639 5303 ούσης
660 5234 771 5306 ἤρα
796 5235 942 5308 ζωῆς
962 5237 1051 5293 διὰ
1071 5240 1132 5293 τὸ
1155 5241 1345 5312 κέρδος
1374 5244 1433 5295 τὸ
1467 5241 1529 5306 ἐξ
1560 5242 1732 5312 αὐτῆς
1753 5259 1767 5272 ·
1799 5244 1893 5296 καὶ
1921 5244 2052 5312 σφό-

470 5339 574 5411 δρα
593 5339 763 5414 αύτῆς
790 5343 1082 5417 ὑπερεώρα
1108 5345 1195 5398 διὰ
1226 5345 1323 5417 τὴν
1347 5345 1666 5415 φιλοσοφίαν
1692 5346 1792 5417 τὴν
1820 5348 1929 5402 ἀπὸ
1952 5349 2051 5420 τῆς

475 5445 776 5520 ὑπεροψίας
806 5450 1100 5522 γινομένην
1129 5450 1352 5523 αύτῷ,ἦ
1385 5451 1471 5506 διὰ
1493 5451 1552 5504 τὸ
1583 5451 1787 5523 σφόδρα
1830 5453 2051 5523 ἐπείγε-

473 5550 599 5607 σθαι
637 5553 775 5626 πρὸς
801 5554 892 5610 τὸν
930 5556 1137 5628 Ἰησοῦν
1156 5555 1434 5610 ἀπελθεῖν.
1463 5557 1639 5628 Ὅπερ
1667 5556 1776 5628 γὰρ
1796 5558 1883 5613 ἀεὶ
1907 5558 2050 5629 λέγω

473 5656 605 5725 περὶ
641 5656 830 5721 αὑτοῦ,
863 5658 956 5713 καὶ
997 5658 1254 5713 οὐδέποτε
1297 5660 1579 5732 παύσομαι
1613 5659 1786 5729 λέγων
1808 5703 1824 5727 ,
1874 5662 2049 5728 οὐδεὶς

472 5757 647 5823 οὕτως
678 5761 758 5823 εἰς
778 5761 994 5818 ἐναντία
1022 5764 1325 5839 πράγματα
1345 5766 1621 5839 ἐμπεσὼν,
1646 5768 1881 5838 ἑκάτερα
1912 5767 2048 5837 πρὸς

1223 372 1283 426 S.
1328 366 1616 438 ιοΑΝμιε
1649 364 2141 427 CHRYSOSTOMI
2184 363 2507 421 ABCHIEP.
2546 356 3100 418 CONSTANTINOP.

3649 339 3751 398 ωε

2174 462 2459 533 ἀκρίϐειαν
2489 462 2763 532 ἦσκησενο
2794 460 2967 525 οὐδεὶς
2997 460 3125 530 γοῦν
3153 457 3296 513 οὕτω
3340 457 3441 530 τῆς
3470 459 3757 532 παρούσης

2176 565 2493 636 ἐπεθύμησε
2539 564 2686 634 ζωῆς
2707 603 2723 626 ,
2752 564 2872 616 οὐδὲ
2900 563 3010 616 τῶν
3053 562 3258 633 σφόδρα
3289 561 3753 631 φιλοῴυχούντων·

2172 667 2355 731 οὐδεὶς
2389 665 2561 731 οὕτως
2602 665 2771 737 αὐτῆς
2803 665 3102 736 ὑπερεῖδεν,
3133 662 3255 718 οὐδέ
3289 663 3402 718 τῶν
3432 663 3554 733 μεθ’
3586 663 3759 736 ὑπερ-

2171 769 2334 840 ϐολῆς
2358 768 2713 824 θανατώντων
2746 779 2796 823 ι.
2832 767 2989 822 Οὕτω
3019 767 3200 839 πάσης
3241 765 3539 837 ἐπιθυμίας
3581 767 3757 823 καθα-

2173 874 2262 946 ρὸς
2286 871 2355 947 ἦν
2378 876 2606 940 ἐκεῖνος,
2630 875 2723 928 καὶ
2743 873 2918 928 οὐδενὶ
2940 873 3287 944 προσέπασχε
3305 872 3414 926 τῶν
3439 872 3752 944 παρόντων,

2168 980 2305 1036 ἀλλὰ
2340 976 2617 1050 πανταχοῦ
2650 979 2716 1050 τῇ
2773 975 2939 1049 βουλῇ
2966 974 3061 1030 τοῦ
3108 975 3245 1030 Θεοῦ
3299 974 3398 1048 τὴν
3451 975 3754 1046 ἐπιθυμίαν

2166 1085 2360 1156 ἐκίρνα
2385 1083 2484 1156 τὴν
2512 1080 2739 1153 ἐαυτοῦξ
2770 1080 2864 1134 καὶ
2895 1079 2992 1135 νῦν
3027 1080 3125 1151 μὲν
3155 1079 3326 1153 αὐτὴν
3359 1079 3454 1135 καὶ
3485 1079 3591 1151 τῆς
3615 1081 3757 1153 μετά

2166 1185 2403 1257 Χριστοῦ
2440 1183 2728 1248 συνουσίας
2765 1182 2862 1237 καὶ
2892 1182 3112 1252 ὁμιλίας
3145 1184 3584 1257 ἀναγκαιοτέραν
3609 1179 3754 1240 εἷναί

2166 1304 2319 1359 φησι,
2347 1287 2442 1342 νῦν
2467 1288 2524 1342 δέ
2562 1285 2707 1341 οὕτω
2735 1284 2960 1358 βαρεῖαν
2980 1285 3077 1340 καὶ
3114 1286 3350 1357 ἐπαχθῆ,
3389 1287 3466 1351 ὡς
3494 1289 3595 1341 καὶ
3630 1305 3754 1342 στε-

2165 1393 2347 1459 νάζειν
2377 1393 2472 1446 καὶ
2497 1370 2815 1461 ἐπείγεσθαι
2846 1390 2986 1461 πρὸς
3020 1391 3122 1463 τὴν
3164 1390 3446 1446 ἀνάλυσιν.
3489 1391 3753 1448 Ἐκείνων

2164 1496 2273 1568 γὰρ
2318 1496 2578 1567 ἐπιθυμεῖ
2632 1494 2816 1566 μόνον,
2874 1493 2984 1547 τῶν
3014 1494 3156 1547 κατὰ
3190 1493 3324 1548 Θεὸν
3365 1494 3561 1567 κέρδος
3598 1496 3753 1566 αὐτῷ

2165 1599 2463 1670 φερόντων,
2491 1602 2538 1653 εἰ
2566 1599 2664 1653 καὶ
2693 1597 2912 1652 ἐναντία
2939 1596 3113 1651 ταῦτα
3133 1592 3274 1651 εἰναι
3317 1598 3606 1653 συνέϐαινε
3639 1602 3752 1663 toi;

2165 1705 2474 1778 προτέροις.
2508 1704 2621 1758 Kal
2646 1704 2754 1777 γὰρ
2777 1703 3022 1769 ποικίλος
3051 1720 3134 1767 τις
3162 1698 3233 1775 ἦν
3255 1705 3351 1757 καί
3382 1704 3751 1773 παντοδαπὸς,

2166 1810 2268 1880 οὐχ
2288 1808 2741 1880 ὑποκρινόμενος,
2768 1807 2844 1880 μὴ
2874 1807 3107 1877 γένοιτο,
3136 1807 3274 1861 ἀλλὰ
3307 1806 3487 1862 πάντα
3524 1809 3752 1881 γινόμε-

2161 1930 2274 1977 νος,
2305 1912 2449 1983 διπερ
2477 1914 2511 1984 ἠ
2546 1911 2639 1965 τοῦ
2666 1911 3025 1984 κηρύγματος
3049 1911 3144 1965 καὶ
3178 1912 3278 1982 τῆς
3319 1911 3601 1984 σωτηρίας
3641 1912 3752 1966 τῶν

2161 2015 2462 2088 ἀνθρώπων
2493 2015 2650 2087 χρεία
2678 2016 2898 2088 ἀπῄτει,
2946 2018 3047 2071 κάν
3095 2017 3272 2089 τούτῳ
3318 2016 3413 2072 τὸν
3466 2017 3751 2088 Δεσπότην

2162 2121 2256 2174 τὸν
2284 2119 2477 2174 ἐαυτοῦ
2513 2119 2869 2192 μιμούμενος.
2900 2120 3013 2173 Kal
3038 2120 3148 2192 γὰρ
3181 2122 3210 2173 ὁ
3232 2120 3366 2186 Θεὸς
3396 2120 3493 2174 καὶ
3533 2120 3754 2191 ἄνθρω-

2162 2244 2264 2291 πος
2290 2228 2580 2298 ἐφαίνετο,
2621 2227 2711 2281 ὅτε
2739 2226 2846 2280 ἔδει
2885 2226 3122 2297 φανῆναι
3155 2224 3350 2295 τοῦτο’
3389 2226 3486 2281 καὶ
3525 2227 3585 2280 ἐν
3613 2229 3753 2298 πυρὶ

2161 2330 2329 2386 πάλαι
2376 2331 2466 2384 ὅτε
2511 2331 2540 2382 ὁ
2603 2329 2792 2401 καιρὸς
2849 2329 3009 2384 τοῦτο
3066 2329 3315 2402 ἀπῄτεισ.
3349 2330 3444 2384 καὶ
3501 2331 3588 2387 θῦν
3650 2333 3753 2403 μὲν

2160 2436 2219 2489 ἐν
2267 2435 2486 2490 ὁπλίτου
2551 2436 2795 2507 σχήματι
2848 2435 2944 2489 καὶ
2993 2434 3327 2507 στρατιώτου
3355 2474 3371 2501 ,
3421 2435 3519 2493 νῦν
3580 2436 3640 2489 δέ
3688 2437 3753 2492 ἐν

2162 2540 2327 2594 εἰκόνι
2361 2539 2664 2612 πρεσϐύτου
2695 2534 2717 2605 ,’
2754 2538 2850 2594 νῦν
2876 2538 2933 2593 δέ
2957 2541 3015 2594 ἐν
3059 2538 3231 2613 αὔρα,
3268 2539 3365 2594 νῦν
3401 2539 3463 2593 δέ
3492 2539 3570 2604 ὡς
3594 2538 3753 2612 [502]

2160 2644 2457 2716 ὁδοιπόρος,
2488 2644 2582 2698 νῦν
2618 2645 2677 2698 δὲ
2704 2644 3148 2718 αὐτοάνθρωπος,
3188 2647 3284 2701 καὶ
3312 2647 3435 2701 ούδέ
3458 2646 3753 2701 ἀποθανεῖν

2160 2746 2304 2802 οὕτω
2333 2749 2706 2821 παρῃτήσατο.
2734 2748 2808 2801 Τὸ
2827 2748 2906 2813 δέ,
2930 2748 3053 2804 ἔδει
3078 2749 3275 2814 τοῦτο,
3308 2750 3440 2804 ὅταν
3459 2749 3622 2815 εἴπω,
3652 2767 3753 2822 μη-

2161 2854 2270 2918 δεὶς
2308 2856 2552 2926 ἀνάγκην
2581 2849 2721 2908 εἶναι
2767 2851 3038 2926 νομιζέτω
3065 2851 3177 2906 τῶν
3223 2851 3419 2921 λόγων,
3477 2852 3616 2906 ἀλλὰ
3644 2854 3747 2923 τῆς

2161 2958 2326 3013 αὑτοῦ
2357 2959 2766 3031 φιλανθρωπίας
2791 2959 2970 3029 μόνον.
3018 2958 3127 3011 Kal
3172 2957 3302 3010 ποτέ
3329 2958 3428 3028 μὲν
3458 2959 3517 3011 ἐν
3544 2956 3749 3029 θρόνῳ,

2161 3064 2291 3117 ποτέ
2311 3063 2368 3118 δὲ
2400 3064 2493 3118 ἐπὶ
2525 3064 2633 3118 τῶν
2662 3064 2945 3135 Χερουϐὶμ
2973 3062 3232 3135 κάθηται.
3261 3061 3449 3115 Πάντα
3479 3061 3539 3116 δέ
3570 3061 3752 3117 ταῦτα

2162 3168 2298 3240 πρὸς
2319 3166 2417 3232 τὰς
2461 3168 2827 3238 ὑποκειμένας
2856 3165 3170 3236 οἰκονομίας
3219 3165 3478 3236 ἔπραττε.
3508 3167 3603 3218 Διὸ
3654 3168 3751 3219 καὶ

2160 3267 2248 3323 διὰ
2271 3270 2363 3324 τοῦ
2391 3272 2670 3343 προφήτου
2704 3269 2911 3338 έλεγεψ
2958 3267 3101 3337 Ἐγὼ
3130 3265 3374 3335 ὁράσεις
3404 3266 3748 3336 ἐπλήθυνα,

2161 3369 2259 3423 καὶ
2291 3370 2360 3423 ἐν
2388 3370 2559 3440 χερσὶ
2594 3367 2914 3438 προφητῶν
2941 3367 3266 3437 ὠμοιώθην.
3301 3366 3457 3421 Ούτω
3482 3369 3576 3421 καὶ
3601 3367 3751 3422 Παῦ-

2159 3472 2250 3538 λος
2275 3473 2365 3527 τδν
2402 3471 2596 3527 ἐαυτοῦ
2625 3472 2963 3545 μιμούμενος
3018 3474 3315 3544 Δεσπότην,
3354 3474 3458 3528 ούκ
3500 3474 3569 3528 ἂν
3615 3491 3749 3528 κατ-

2161 3577 2429 3650 εγνώσθη,
2463 3577 2557 3633 νῦν
2587 3578 2686 3649 μὲν
2708 3577 2784 3642 ὡς
2834 3577 3080 3641 Ἰουδαῖος
3111 3579 3415 3650 γινόμενος,
3452 3577 3552 3632 νῦν
3586 3578 3645 3632 δέ
3672 3579 3751 3643 ὡς

2160 3683 2360 3754 ἄνομος
2378 3699 2393 3714 ο
2420 3683 2514 3737 καὶ
2536 3681 2632 3737 νῦν
2658 3682 2756 3753 μὲν
2777 3682 2942 3754 νόμον
2976 3683 3270 3753 ἐφύλαττε,
3295 3683 3392 3739 νῦν
3415 3684 3475 3737 δέ
3500 3684 3752 3757 ύπερεώ·

2163 3801 2233 3856 ρα
2261 3784 2462 3854 νόμου*
2524 3784 2621 3838 καὶ
2653 3784 2784 3837 ποτέ
2835 3783 2935 3855 μὲν
2986 3784 3267 3855 ἀντείχετο
3317 3772 3749 3857 τῆς’παρούσης

2161 3890 2329 3960 ζωῆς,
2375 3887 2505 3942 ποτέ
2547 3888 2607 3942 δὲ
2644 3888 2965 3960 κατεφρόνει
2990 3888 3158 3959 αὐτῆς
3181 3906 3194 3919 ·
3228 3888 3324 3943 καὶ
3352 3888 3449 3943 νῦν
3487 3890 3590 3961 μὲν
3622 3891 3747 3963 ﬁrst.

2161 3995 2441 4066 χρήματα,
2491 3992 2586 4048 νῦν
2629 3992 2687 4047 δὲ
2715 3994 2809 4048 καὶ
2836 3993 3093 4064 διδόμενα
3125 3993 3464 4067 διεκρούετοο
3494 3996 3594 4049 καὶ
3622 3996 3748 4050 ἐθυε

2161 4101 2257 4155 καὶ
2289 4099 2538 4172 ἐξυρᾶτο,
2565 4099 2660 4153 καὶ
2691 4098 2855 4153 πάλιν
2878 4098 3236 4176 άνεθεμάτιζε
3261 4099 3388 4163 τοὺς
3411 4098 3709 4165 ποιοῦντας
3729 4117 3746 4133 ο

2161 4205 2257 4259 καὶ
2295 4204 2392 4260 νῦν
2426 4204 2526 4275 μὲν
2573 4205 2890 4275 περιέτεμε,
2936 4203 3032 4258 νῦν
3059 4202 3117 4256 δέ
3157 4202 3461 4275 περιτομὴν
3494 4203 3746 4272 ἐξέϐαλε.

2161 4309 2273 4364 Kal
2300 4310 2369 4363 τὰ
2394 4310 2493 4380 μέν
2543 4310 2807 4380 γινόμενα
2833 4305 3051 4361 ἐναντία
3077 4300 3165 4378 ἦν,
3194 4308 3227 4377 ἡ
3260 4306 3316 4360 δέ
3337 4306 3532 4379 γνώμη
3565 4308 3666 4362 καὶ
3711 4309 3750 4378 ἡ

2160 4415 2385 4479 διάνοια,
2423 4415 2518 4483 ἀφ’
2542 4408 2610 4484 ἦς
2639 4411 2813 4465 ταῦτα
2834 4410 3071 4481 ἐγίνετο,
3096 4410 3303 4482 σφόδρα
3327 4410 3628 4476 ἀκόλουθος
3653 4413 3750 4466 καὶ

2160 4519 2325 4588 ἐαυτῇ
2350 4515 2686 4587 συνημμένη.

2235 4623 2331 4674 Ἕν
2352 4619 2462 4691 γὰρ
2495 4619 2698 4690 ἐζήτει,
2733 4618 2842 4674 τῶν
2884 4619 3057 4674 ταῦτα
3106 4620 3414 4674 ἀκουόντων
3445 4621 3541 4676 καὶ
3579 4622 3751 4694 δρώνο

2156 4738 2265 4775 των
2295 4722 2394 4792 τὴν
2421 4712 2726 4792 ἅωτηρίαν.
2761 4721 2862 4774 Διὰ
2893 4721 2958 4792 δὴ
3015 4720 3171 4775 τοῦτο
3219 4721 3313 4775 νῦν
3369 4723 3468 4792 μὲν
3531 4724 3752 4795 ἐπαίρει

2158 4824 2342 4893 νόμον,
2378 4821 2472 4875 νῦν
2517 4821 2573 4874 δὲ
2605 4822 2767 4876 αὐτὸν
2828 4822 3101 4894 καθαιρεῖ.
3139 4823 3215 4877 υύ
3258 4822 3370 4894 γὰρ
3394 4824 3459 4895 δὴ
3496 4826 3661 4896 μόνον
3690 4827 3751 4879 ἐν

2157 4923 2237 4990 οἷς
2269 4926 2558 4996 ἔπραττεν,
2584 4926 2721 4979 ἀλλὰ
2745 4926 2842 4979 καί¹
2874 4928 2933 4980 ἐν
2960 4921 3045 4991 οἷς
3067 4926 3240 4996 ἔλεγε,
3281 4928 3526 4993 ποικίλος
3558 4925 3631 5001 ἦν
3654 4930 3753 4984 καὶ

2158 5029 2516 5095 παντοδαπὸς,
2549 5031 2669 5102 οὐχὶ
2695 5029 3167 5102 μεταϐαλλόμενος
3205 5032 3305 5104 τὴν
3339 5034 3596 5106 γνώμην,
3626 5034 3753 5089 οὐδέ

2157 5133 2343 5205 ἕτερος
2363 5132 2420 5198 ἐξ
2444 5133 2632 5205 ἐτέρου
2662 5121 2966 5203 γινόμενος,
2998 5134 3134 5188 ἀλλὰ
3163 5136 3340 5206 μένων
3364 5137 3506 5210 ὅπερ
3534 5134 3626 5209 ἦν,
3649 5140 3751 5194 καὶ

2155 5239 2263 5295 τῶν
2285 5238 2600 5312 εἰρημένων
2631 5241 2861 5296 ἕκαστον
2888 5242 3027 5315 πρὸς
3046 5243 3146 5314 τὴν
3173 5221 3453 5316 παροῦσαν
3489 5263 3752 5317 μεταχει-

2159 5350 2321 5422 ρίζων
2347 5349 2556 5423 χρείαν.
2611 5351 2706 5422 Μὴ
2732 5349 2910 5405 τοίνυν
2942 5349 3105 5404 αύτδν
3145 5349 3232 5403 διὰ
3254 5350 3429 5405 ταῦτα
3457 5353 3699 5424 κακίσῃς
3728 5390 3747 5415 ,

2216 5590 2243 5619 ⁸
2268 5588 2489 5656 Ούδεὶς...
2514 5589 2813 5656 ύπερεῖδεν...
2853 5590 3173 5656 θανατώντων.
3199 5587 3295 5656 Yel
3337 5585 3583 5656 limitibus
3603 5591 3750 5656 ρςιςι

2154 5651 2528 5700 rescribendum
2576 5650 2690 5700 eése
2732 5652 3073 5709 θανατιώντων,
3112 5658 3169 5698 ιιι
3187 5650 3260 5698 sic
3301 5650 3362 5697 ad
3396 5650 3604 5698 verbum
3646 5650 3748 5697 ista

2155 5713 2389 5775 pericope
2410 5712 2659 5775 reddenda
2677 5714 2745 5760 sit
2769 5731 2782 5760 :
2808 5709 2986 5775 Νριίίιιε
3005 5711 3077 5775 gic
3093 5723 3202 5761 eam
3222 5710 3745 5775 (vium_preson_§em)

2156 5769 2389 5839 ilespeiit,
2401 5772 2545 5824 etiam
2564 5772 2761 5824 illorum
2781 5771 2864 5836 qui
2888 5771 3100 5825 nmina:
3122 5769 3321 5825 mortem
3341 5769 3583 5837 alféctam.
3598 5769 3744 5823 Emi.
