3876 6286
186 368 287 423 437

185 497 406 551 pauper,
434 480 612 536 nullus
641 488 863 551 angatur
890 479 1170 549 inglorius,
1198 478 1375 533 nullus
1403 493 1466 533 ex
1497 478 1770 536 vilioribus

186 571 525 639 ingemiscat;
572 574 667 629 sed
722 571 1089 628 tantummodo
1127 571 1236 637 illi,
1279 571 1370 640 qui
1414 570 1600 625 molles
1649 577 1774 623 sunt

188 664 409 731 animo,
449 675 506 721 et
532 666 770 720 enervati
811 674 994 718 mente
1036 670 1160 717 sunt
1189 671 1348 730 atque
1391 660 1629 715 resoluti.
1662 658 1775 713 lloc

190 770 330 809 emm
372 757 547 811 solum
593 766 676 811 est
716 756 857 825 quod
897 768 996 808 nos
1031 769 1061 806 a
1100 753 1294 807 virtute
1338 751 1509 805 valeat
1550 763 1733 805 arcere
1756 788 1773 814 ,

192 848 449 902 vitiositas
468 848 659 902 animae
687 857 846 917 atque
867 846 1145 901 mollitudo
1173 845 1470 907 sententiae,
1499 857 1597 897 nec
1625 840 1778 910 quid-

192 953 352 1007 quam
394 938 615 993 omnino
643 947 931 1007 praeterea:
958 937 1114 1005 idque
1144 934 1283 989 beati
1328 934 1518 1002 hujus,
1560 941 1779 1001 propter

194 1045 352 1097 quem
397 1029 556 1084 hodie
581 1029 888 1099 congregati
918 1043 1103 1082 sumus
1123 1069 1137 1091 ,
1188 1028 1477 1080 illustratur
1512 1023 1777 1091 exemplo.

196 1120 344 1175 Sicut
368 1122 510 1175 enim
534 1120 698 1175 Paulo
717 1119 849 1174 nihil
870 1134 931 1171 ea
952 1135 1069 1186 qua:
1090 1117 1332 1185 superius
1347 1124 1469 1168 sunt
1490 1120 1778 1167 memorata

198 1220 515 1277 nocuerunt,
542 1210 612 1264 ita
638 1219 788 1264 extra
818 1209 1124 1278 religionem
1156 1216 1390 1259 nostram
1423 1204 1623 1274 positos
1649 1201 1781 1256 nihil

201 1300 287 1355 his
309 1300 532 1354 adversa
567 1300 817 1369 juverunt
835 1342 849 1363 ,
878 1315 982 1353 non
1010 1298 1218 1368 generis
1245 1297 1536 1361 claritudo,
1565 1310 1670 1348 non
1698 1293 1782 1346 di-

201 1390 446 1445 vitiarum
476 1390 745 1445 afﬂuentia
764 1431 779 1454 ,
811 1406 915 1444 non
943 1389 1195 1458 splendor
1221 1388 1433 1457 eloquii,
1465 1401 1568 1440 non
1598 1385 1783 1456 gloriae

202 1482 531 1552 magnitudo,
561 1497 666 1536 non
692 1482 987 1536 sublimitas
1014 1490 1335 1550 potentatus.

271 1574 541 1629 Damone:
586 1576 659 1627 nil
704 1576 842 1640 iuvat
892 1570 1468 1648 immortalitas.-—Sed
1516 1568 1641 1640 quid
1685 1583 1784 1638 ego

203 1663 271 1719 de
294 1663 597 1718 hominibus
631 1662 805 1716 adhuc
832 1663 1039 1730 loquor,
1068 1671 1120 1716 et
1144 1660 1397 1730 quamdiu
1422 1662 1563 1713 circa
1591 1669 1785 1713 terram

204 1753 455 1809 contineo
496 1754 835 1808 sermonem?
878 1752 981 1807 Fas
1018 1761 1100 1807 est
1136 1752 1293 1806 etiam
1342 1765 1598 1819 supernas
1636 1762 1785 1803 com-

205 1858 505 1899 memorare
536 1845 756 1898 virtutes
781 1884 795 1910 ,
849 1844 1172 1912 principatus
1218 1843 1485 1907 videlicet,
1534 1856 1597 1895 ac
1640 1849 1788 1911 pote-

204 1944 388 2001 states,
402 1935 688 2005 mundique
715 1944 949 1990 rectores
971 1950 1033 1989 ac
1058 1936 1395 1990 tenebrarum
1412 1932 1564 2002 hujus
1586 1931 1784 1986 saeculi.

199 2030 341 2099 Quid
377 2028 518 2083 enim
560 2028 694 2096 juvit
737 2042 830 2082 eos
866 2028 1171 2097 angelorum
1218 2027 1434 2081 sortitos
1476 2039 1596 2079 esse
1637 2034 1790 2077 natu-

206 2120 362 2174 ram?
410 2136 586 2175 nonne
626 2120 839 2175 venient
865 2135 1052 2174 omnes
1094 2119 1209 2173 ista:
1250 2119 1474 2173 virtutes
1518 2132 1548 2170 a
1587 2117 1786 2183 Paulo,

207 2210 432 2279 ejusque
501 2211 761 2265 similibus
832 2209 1177 2279 judicandte?
1246 2209 1465 2264 Nescitis
1496 2250 1512 2276 ,
1580 2208 1787 2277 inquit,

209 2300 324 2366 quia
374 2299 582 2369 angelos
625 2300 1005 2370 judicabimus,
1062 2310 1250 2371 quanto
1307 2300 1466 2370 magis
1525 2297 1791 2353 sazcularia

213 2391 289 2457 (Ι.
330 2388 449 2444 Cor.
491 2390 545 2443 6.
576 2390 673 2458 5)?
702 2390 816 2444 Non
844 2392 1000 2460 igitur
1025 2391 1094 2449 ob
1118 2391 1248 2444 alias
1271 2390 1557 2459 aliquando
1603 2404 1791 2444 causas

209 2481 310 2535 nisi
332 2482 403 2537 ob
429 2481 553 2537 vitia
578 2483 693 2537 sola
715 2483 1021 2547 doleamus;
1052 2482 1241 2536 borum
1264 2497 1362 2536 nos
1386 2481 1649 2536 studiosos
1674 2495 1793 2535 esse

211 2574 469 2643 paeniteat
497 2591 511 2627 :
540 2589 713 2644 neque
752 2574 822 2629 oh
852 2574 995 2628 aliud
1037 2574 1322 2644 quidquam
1366 2574 1692 2643 gaudeamus
1731 2587 1794 2627 ac

210 2668 453 2721 laetemur
480 2668 582 2721 nisi
609 2668 815 2722 virtutis
845 2683 1004 2721 causa
1037 2686 1050 2721 :
1082 2667 1214 2721 nihil
1242 2676 1324 2721 est
1350 2666 1490 2737 quod
1521 2681 1618 2720 nos
1647 2665 1793 2720 Pauli

209 2757 413 2811 similes
439 2756 553 2812 fieri
575 2767 735 2812 vetet.
759 2757 853 2812 llle
869 2758 1008 2812 enim
1031 2772 1136 2812 non
1166 2758 1337 2812 solum
1367 2757 1532 2826 gratia
1562 2756 1675 2822 Dei,
1699 2754 1794 2810 sed

212 2850 377 2903 etiam
390 2863 484 2903 sua
510 2848 780 2903 voluntate
802 2848 920 2903 talis
941 2848 1161 2904 ell'ectus
1185 2857 1287 2912 est,
1311 2858 1364 2902 et
1385 2847 1583 2902 idcirco
1603 2847 1792 2915 gratia,

210 2940 335 3009 quia
363 2940 525 2994 etiam
550 2939 618 2994 de
644 2941 857 3010 propria
891 2940 1180 2995 voluntate.
1211 2939 1444 3007 Utraque
1470 2938 1611 2992 enim
1641 2937 1792 3006 plena

213 3033 267 3084 in
298 3030 390 3084 illo
417 3030 628 3089 fuerunt
668 3041 830 3100 atque
859 3031 1122 3100 perfecta,
1149 3041 1203 3086 et
1229 3046 1290 3085 ea
1317 3045 1435 3099 qua:
1473 3029 1737 3082 donantur
1764 3041 1793 3080 a

213 3121 346 3186 Deo,
372 3130 428 3175 et
466 3136 528 3175 ea
567 3137 687 3189 qua:
714 3123 985 3177 voluntate
1031 3130 1371 3191 prmstantur.
1399 3120 1494 3174 Vis
1519 3119 1658 3173 dona
1701 3117 1797 3173 Dei

212 3213 540 3281 agnoscere?
557 3213 883 3267 Vestimenta
903 3212 1050 3267 Pauli
1071 3211 1397 3266 da-monibus
1412 3210 1601 3264 terrori
1622 3218 1793 3263 erant.

215 3303 415 3359 Verum
442 3319 543 3373 ego
569 3319 900 3374 nequaquam
925 3302 1057 3358 illud
1084 3302 1342 3367 admiror,
1370 3302 1510 3355 sicut
1540 3314 1641 3353 nee
1669 3298 1796 3370 illud

214 3396 453 3467 quidem,
477 3398 599 3466 quia
630 3397 815 3451 umbra
858 3396 1000 3452 Petri
1034 3409 1319 3464 corporum
1359 3393 1639 3462 languores
1664 3389 1798 3446 etfu-

214 3489 395 3559 gabat.
425 3489 553 3543 Haec
591 3496 716 3542 sunt
754 3503 885 3542 vero
932 3487 1205 3551 miranda,
1249 3501 1368 3555 quae
1409 3484 1605 3539 Paulus
1640 3483 1799 3536 etiam

214 3590 345 3637 ante
387 3582 614 3651 gratiam
657 3596 876 3651 magnus
914 3581 984 3635 ab
1020 3580 1148 3649 ipsis
1190 3578 1526 3644 rudimentis,
1567 3575 1635 3630 ab
1676 3575 1803 3644 ipsis

216 3673 349 3728 ﬁdei
374 3687 485 3727 suae
513 3672 779 3727 invenitur
805 3672 995 3727 fecisse
1020 3670 1296 3741 principiis
1312 3710 1327 3737 ,
1354 3668 1478 3739 quia
1497 3683 1595 3722 nec
1610 3666 1803 3720 virtute

217 3764 343 3830 hac,
373 3780 477 3834 qua
523 3774 704 3833 postea
741 3763 947 3832 polluit,
976 3762 1300 3827 illustratus,
1331 3775 1429 3816 nec
1472 3759 1803 3829 apostolatus

217 3854 429 3911 honore
457 3854 707 3921 donatus,
736 3854 807 3908 ita
834 3854 885 3908 in
910 3852 1106 3908 Christi
1128 3853 1300 3906 zelum
1330 3860 1473 3905 totus
1496 3850 1716 3916 exarsit,
1748 3858 1807 3902 ut

218 3961 439 4000 omnem
466 3956 650 4000 contra
673 3961 732 4000 se
755 3946 1069 4000 accenderet
1095 3944 1370 3999 Iudaicum
1392 3943 1645 4013 populum
1671 3958 1685 3995 :
1715 3941 1805 4011 qui

219 4053 344 4093 cum
372 4052 434 4092 se
463 4039 515 4091 in
551 4038 714 4091 tantis
740 4036 991 4107 periculis
1012 4045 1066 4089 et
1089 4036 1354 4089 civitatem
1386 4043 1604 4104 propter
1630 4047 1688 4086 se
1714 4032 1808 4086 ob-

220 4145 427 4185 sessam
457 4138 721 4195 cerneret,
756 4145 849 4199 per
875 4143 1086 4182 murum
1113 4126 1378 4180 demissus
1402 4126 1453 4179 in
1484 4132 1662 4193 sporta
1689 4131 1771 4178 est
1790 4164 1805 4188 ,

222 4222 413 4291 sicque
433 4220 726 4291 depositus,
756 4236 855 4275 nec
876 4228 1001 4273 tunc
1024 4218 1240 4288 quidem
1268 4217 1321 4269 in
1347 4215 1631 4284 segnitiem
1658 4228 1721 4267 ac
1747 4213 1811 4266 ti-

224 4313 524 4369 miditatem
572 4314 812 4383 relapsus
868 4321 984 4376 est;
1033 4309 1130 4364 sed
1177 4308 1435 4377 majorem
1482 4306 1809 4360 alacritatem

226 4404 429 4459 mentis
453 4403 677 4471 accepit,
709 4401 957 4471 periculis
975 4400 1292 4469 quihusdam
1320 4411 1379 4452 se
1404 4411 1548 4466 saepe
1578 4393 1812 4450 subdens

225 4496 283 4551 in
325 4495 555 4550 aliorum
591 4493 816 4547 salutem
846 4507 860 4544 :
890 4492 1022 4546 nulli
1063 4498 1241 4545 autem
1288 4488 1465 4544 studio
1498 4488 1694 4543 cedens
1718 4486 1815 4541 do-

226 4586 407 4651 condi,
463 4585 557 4640 sed
586 4583 825 4654 quotidie
868 4592 1084 4653 portans
1127 4595 1371 4646 crucem,
1404 4578 1688 4633 Dominum
1730 4592 1816 4631 se-

227 4676 531 4748 quebatur,
586 4683 644 4730 et
682 4673 900 4744 quidem
941 4687 1063 4727 cum
1110 4685 1297 4725 recens
1344 4669 1517 4723 adhuc
1558 4667 1814 4737 Stephani

230 4779 361 4821 ante
384 4767 571 4821 oculos
597 4764 819 4819 haberet
856 4762 1176 4832 exemplum,
1209 4760 1520 4837 videretque
1543 4768 1728 4815 contra
1757 4772 1818 4813 se

230 4872 424 4913 omnes
472 4856 806 4926 potissimum
850 4853 1146 4908 concitatos
1184 4850 1420 4915 Judazos,
1462 4848 1663 4903 caedem
1706 4848 1818 4917 spi-

230 4958 439 5013 rantes,
467 4947 717 5015 ipsasque
737 4958 873 5015 pene
892 4957 1079 4997 carnes
1099 4942 1216 5009 ejus
1237 4939 1496 4994 devorare
1517 4939 1817 5008 cupientes.

233 5040 404 5108 igitur
433 5036 631 5092 Paulus
657 5048 834 5104 neque
863 5048 984 5089 cum
1012 5033 1067 5087 in
1101 5030 1337 5102 pericula
1368 5029 1618 5095 irrueret,
1646 5036 1820 5083 teme-

232 5130 415 5185 ritatis
456 5127 609 5197 argui
651 5134 894 5196 poterat:
937 5138 1036 5178 nec
1081 5122 1316 5191 pericula
1358 5118 1572 5188 fugere,
1624 5118 1823 5172 timidi-

233 5222 384 5275 datis
430 5219 450 5253 ⁸
503 5235 519 5271 :
568 5218 691 5287 quia
741 5215 924 5285 utique
967 5223 1021 5268 et
1069 5210 1285 5265 amabat
1332 5210 1464 5264 satis
1506 5216 1823 5278 presentem

234 5313 428 5374 vitam,
459 5306 530 5363 ob
552 5307 759 5361 lucrum
786 5301 1051 5367 docendi;
1082 5312 1137 5356 et
1162 5314 1375 5355 rursum
1404 5298 1557 5353 valde
1586 5313 1703 5353 eam
1727 5297 1825 5353 de-

236 5403 525 5475 spiciebat,
569 5398 641 5453 ob
684 5394 1109 5468 philosophiam,
1150 5392 1217 5446 ad
1254 5406 1414 5461 quam
1458 5391 1605 5445 illum
1644 5389 1827 5444 mundi

238 5501 584 5563 contemptus
606 5497 880 5563 evexerat,
901 5495 1223 5557 propterque
1237 5497 1475 5539 amorem
1501 5497 1609 5553 quo
1634 5482 1710 5535 ire
1730 5496 1827 5534 ur-

239 5589 470 5657 gebatur
489 5581 559 5638 ad
574 5579 866 5637 Christum.
885 5574 1038 5645 Quod
1058 5574 1201 5630 enim
1227 5572 1295 5630 de
1314 5573 1430 5643 ipso
1452 5572 1575 5627 dico
1593 5586 1829 5640 semper,

309 5746 327 5775 ι
362 5751 465 5798 ατ..
494 5737 673 5788 Paulus
694 5735 839 5798 igitur
862 5747 1012 5798 neque
1033 5730 1369 5798 inconsultcse
1400 5728 1625 5797 periculis
1663 5729 1832 5781 trade-

247 5806 324 5856 au
339 5789 553 5861 obvium,
578 5789 794 5861 nequam
820 5797 913 5847 illis
936 5789 1179 5859 fugiendis
1202 5789 1465 5846 motttus'se
1487 5789 1647 5856 gessit.

1013 364 1103 423 DE
1140 362 1483 422 LAUDIBUS
1522 364 1581 422 S.
1624 363 1831 423 PAULI
1867 366 2221 424 APOSTOLI.
2264 364 2495 425 HOMIL.
2536 366 2601 421 ν.

3359 356 3458 411 J98

1883 496 1985 537 nec
2005 481 2185 538 dicere
2228 483 2513 553 aliquando
2545 481 2767 537 cessabo
2797 498 2811 535 :
2838 478 3019 534 nullus
3049 477 3121 530 ita
3159 474 3213 528 in
3252 471 3461 527 diversa

1880 590 2061 630 rerum
2091 575 2329 631 incidens
2354 586 2516 645 atque
2553 574 2841 637 contraria,
2869 580 3094 638 utraque
3129 568 3180 620 in
3224 577 3460 618 commo-

1880 666 2005 720 dum
2051 680 2205 721 suum
2249 666 2552 733 transtulit,
2609 675 2831 733 utraque
2870 662 2980 716 suis
3033 656 3345 713 utilitatibus
3374 668 3465 706 co-

1882 757 2103 826 aptavit.
2138 753 2327 811 Nullus
2358 757 2500 811 enim
2524 755 2601 808 sic
2621 768 2870 822 umquam
2915 748 3192 820 praesentis
3218 746 3340 799 vitae
3370 743 3465 796 fuit

1883 861 2069 901 amans
2091 887 2106 912 ,
2134 860 2235 901 nec
2263 861 2451 900 eorum
2479 844 2569 914 qui
2596 852 2720 899 sunt
2748 843 2881 896 lucis
2908 840 3058 893 istius
3086 834 3415 906 cupidissimi
3447 851 3461 886 :

1883 946 1937 992 et
1966 952 1998 991 e
2027 936 2242 1007 regione
2272 934 2494 1009 [nullus]
2522 936 2599 989 sic
2636 932 2920 1003 aliquando
2946 928 3192 1000 despexit
3237 926 3464 981 salutem

1885 1031 2095 1084 illorum
2125 1029 2217 1097 qui
2247 1043 2305 1082 se
2333 1030 2384 1082 in
2413 1036 2638 1082 mortem
2671 1035 2862 1094 sponte
2889 1012 3241 1093 przccipitant.
3273 1017 3364 1072 Sic
3398 1016 3467 1071 ab

1886 1125 2031 1180 omni
2082 1138 2141 1178 se
2183 1123 2436 1177 mundum
2478 1121 2766 1190 cupiditate
2814 1114 3175 1178 abstraltebat,
3217 1111 3469 1179 nullaque

1887 1215 2228 1285 praesentium
2280 1213 2557 1268 tenebatur
2584 1209 2852 1280 passione,
2898 1206 2991 1262 sed
3018 1205 3213 1274 ubique
3252 1201 3466 1257 deside-

1887 1307 2024 1361 rium
2050 1321 2204 1360 suum
2231 1320 2351 1359 cum
2383 1303 2477 1358 Dei
2503 1302 2776 1356 voluntate
2802 1297 3075 1361 miscebat,
3105 1304 3159 1350 et
3185 1307 3326 1347 nunc
3354 1291 3471 1360 qui-

1887 1397 2008 1451 dem
2036 1403 2351 1467 praesentem
2379 1393 2540 1447 vitam
2570 1392 2739 1461 magis
2766 1387 3123 1444 necessariam
3159 1398 3278 1439 esse
3303 1381 3469 1436 duce-

1889 1489 2000 1554 bat,
2028 1503 2186 1557 quam
2213 1487 2519 1540 societatem
2541 1482 2740 1538 Christi
2760 1491 2918 1550 atque
2938 1477 3261 1547 colloquium
3285 1492 3299 1540 ;
3330 1487 3472 1528 nunc

1888 1594 2016 1633 vero
2048 1587 2153 1632 tam
2180 1577 2461 1631 molestam
2490 1574 2593 1630 sibi
2624 1575 2765 1629 illam
2787 1572 3050 1627 fatebatur
3071 1578 3124 1623 et
3150 1581 3386 1636 gravem,
3414 1572 3474 1618 ut

1889 1672 2049 1726 etiam
2096 1669 2488 1739 ingemisceret,
2530 1677 2690 1736 atque
2720 1665 2773 1719 in
2813 1663 3000 1718 mortis
3034 1658 3355 1715 desiderium
3378 1669 3473 1709 co-

1890 1773 2124 1835 geretur.
2176 1763 2249 1818 Ea
2289 1763 2430 1816 enim
2465 1761 2580 1816 sola
2626 1758 2893 1827 cupiebat,
2926 1770 3044 1825 qua:
3083 1752 3155 1807 illi
3179 1749 3473 1805 secundum

1894 1855 2061 1910 Deum
2113 1854 2260 1908 lucra
2308 1861 2575 1921 parerent,
2605 1850 2811 1905 etiamsi
2863 1846 3126 1916 prioribus
3167 1841 3475 1895 viderentur

1892 1965 2012 2005 esse
2038 1947 2325 2004 contraria.
2354 1946 2482 2000 Erat
2522 1944 2664 1998 enim
2695 1941 2907 2011 quidem
2955 1938 3132 1992 varius
3174 1948 3387 2002 semper
3410 1946 3476 1983 ac

1893 2043 2197 2112 multiplex,
2230 2056 2333 2095 non
2364 2040 2545 2109 utique
2569 2036 2993 2092 dissimulatione
3014 2029 3300 2092 mutabilis,
3331 2026 3474 2096 quod

1894 2136 2053 2202 absit,
2084 2134 2178 2190 sed
2212 2133 2410 2188 faciens
2431 2131 2608 2186 omnia
2630 2144 2745 2199 qua:
2767 2124 3158 2198 praedicationis
3187 2120 3477 2188 salutisque
3522 2140 3527 2145 υ

1896 2230 2172 2284 hominum
2204 2226 2495 2282 necessitas
2530 2221 2884 2294 poposcisset,
2916 2219 2966 2272 in
3004 2218 3106 2270 hoc
3129 2227 3339 2284 quoque
3365 2211 3477 2265 Do-

1896 2321 2022 2376 mini
2073 2321 2154 2375 sui
2200 2319 2451 2373 inventus
2499 2315 2750 2369 imitator.
2798 2310 2931 2365 Nam
2959 2318 3014 2362 et
3043 2308 3181 2361 Deus
3219 2313 3274 2359 et
3316 2302 3479 2356 homo

1896 2412 2161 2483 apparuit,
2192 2424 2312 2464 cum
2339 2407 2391 2462 id
2423 2421 2545 2462 eum
2589 2402 2851 2474 Oportuit'
2872 2412 3161 2468 apparere,
3195 2404 3248 2448 ct
3276 2395 3328 2446 in
3358 2391 3479 2459 igne

1896 2482 2106 2571 quando
2133 2510 2344 2568 tempus
2372 2499 2442 2551 ita
2471 2496 2645 2565 exegit
2670 2534 2685 2559 ,
2715 2502 2768 2547 et
2810 2505 2949 2545 nunc
2973 2487 3183 2558 quidem
3214 2499 3273 2539 se
3298 2483 3350 2537 in
3381 2482 3479 2535 ha-

1897 2593 2009 2648 bitu
2039 2591 2228 2646 armati
2255 2589 2460 2653 militis,
2493 2601 2633 2642 nunc
2662 2586 2713 2639 in
2740 2582 2916 2653 specie
2942 2580 3107 2645 senis,
3137 2591 3277 2631 nunc
3306 2575 3357 2629 in
3385 2588 3482 2627 au-

1897 2700 1975 2748 ra,
2010 2696 2152 2737 nunc
2180 2682 2231 2734 in
2262 2677 2614 2734 similitudine
2639 2674 2856 2728 viatoris
2875 2712 2891 2739 ,
2919 2684 3063 2724 nunc
3088 2668 3139 2721 in
3168 2668 3280 2735 ipsa
3302 2672 3482 2719 osten-

1898 2774 1978 2829 dit
2022 2772 2255 2827 hominis
2302 2770 2565 2832 veritate,
2625 2764 2917 2821 secundum
2974 2774 3132 2831 quam
3189 2771 3256 2811 ne
3310 2755 3479 2824 ipsam

1899 2866 2113 2938 quidem
2144 2872 2373 2919 mortem
2405 2861 2599 2930 refugit
2627 2877 2641 2913 :
2671 2860 2763 2912 sed
2794 2859 2984 2911 iterum
3012 2853 3312 2919 iterumque
3334 2862 3484 2902 com-

1899 2972 2131 3022 moneo,
2190 2970 2348 3009 nemo
2399 2951 2849 3021 dispensationem
2902 2948 3059 3000 istam
3108 2939 3484 2997 necessitatem

1900 3056 2070 3118 putet.
2099 3045 2195 3102 sed
2241 3042 2610 3099 tantummodo
2658 3054 2894 3094 amorem
2937 3035 3031 3091 Dei
3071 3047 3196 3102 erga
3239 3028 3486 3084 homines

1902 3137 2188 3206 intelligat.
2218 3135 2349 3189 Nam
2378 3145 2431 3189 et
2457 3131 2743 3201 aliquando
2770 3128 2982 3199 quidem
3010 3141 3170 3193 super
3202 3123 3482 3183 thronum,

1902 3226 2188 3296 aliquando
2226 3239 2357 3280 vero
2394 3238 2558 3293 super
2602 3219 2889 3277 Cherubim
2934 3214 3224 3286 apparebat
3267 3211 3501 3275 sedensq

1903 3318 2093 3374 Omnia
2121 3327 2299 3371 tamen
2344 3315 2441 3368 ista
2473 3327 2568 3382 pro
2591 3311 2856 3365 variarmn
2891 3304 3345 3377 dispensationum
3391 3315 3489 3370 op-

1904 3407 2228 3480 portunitate
2255 3405 2513 3471 faciebat,
2541 3412 2762 3473 propter
2790 3398 2932 3470 quod
2964 3397 3197 3466 loquitur
3240 3408 3332 3462 per
3358 3405 3485 3461 pro-

1904 3504 2158 3574 phetam:
2190 3501 2302 3573 Ego
2330 3501 2541 3554 visiones
2580 3495 2932 3563 multiplicavi,
2965 3502 3009 3547 et
3036 3493 3089 3545 in
3114 3489 3341 3543 manibus
3364 3502 3486 3557 pra-

1907 3596 2170 3666 phetarum
2213 3591 2519 3646 assimilatas
2557 3605 2666 3644 sum
2700 3588 2852 3657 (Osee
2874 3584 2959 3640 12.
3006 3584 3117 3650 10).
3146 3582 3221 3635 lla
3255 3580 3411 3648 igitur
3434 3586 3490 3630 et

1906 3686 2105 3742 Paulus
2133 3682 2352 3739 creditae
2381 3681 2484 3737 sibi
2514 3677 2931 3750 dispensationis
2970 3674 3186 3729 modmn
3230 3686 3373 3739 stupe
3398 3684 3491 3721 va-

1909 3776 2132 3842 riando,
2177 3787 2508 3844 nequaquam
2548 3771 2616 3825 de
2659 3767 2868 3824 Domini
2914 3767 2995 3821 sui
3040 3762 3340 3819 imitatione
3377 3759 3491 3814 cul-

1910 3877 2068 3939 patos
2087 3876 2189 3929 est,
2213 3881 2331 3920 cum
2351 3864 2510 3919 modo
2528 3862 2742 3918 Judzeus
2766 3862 2936 3923 lieret,
2961 3855 3120 3911 modo
3140 3868 3200 3909 se
3223 3852 3326 3907 illis
3346 3850 3491 3905 nulla

1911 3957 2394 4015 communicatione
2416 3955 2685 4019 misceret,
2714 3962 2770 4005 et
2796 3964 2937 4005 nunc
2960 3946 3173 4017 quidem
3200 3942 3495 3998 custodiret

1914 4050 2083 4119 legem
2107 4089 2122 4114 ,
2151 4060 2292 4101 nunc
2334 4060 2464 4098 vero
2510 4044 2845 4111 despiceret:
2878 4047 2931 4093 et
2958 4035 3243 4106 aliquando
3286 4047 3496 4086 conser-

1915 4148 2066 4194 varet
2104 4146 2419 4208 praesentem
2448 4135 2610 4188 vitam
2634 4174 2648 4197 ,
2678 4128 2962 4200 aliquando
2992 4133 3359 4181 contemneret
3397 4142 3411 4177 :
3442 4132 3497 4178 et

1914 4245 2056 4285 nunc
2080 4229 2290 4298 quidem
2320 4227 2480 4280 etiam
2508 4222 2801 4293 postularet
2827 4217 3109 4290 pecunias,
3137 4230 3279 4269 nunc
3315 4223 3495 4267 autem

1916 4322 2123 4377 oblatas
2165 4319 2325 4374 etiam
2376 4314 2680 4385 repudiaret
2718 4331 2731 4367 :
2773 4327 2895 4366 nam
2939 4318 2993 4364 et
3035 4306 3368 4363 sacrificium
3396 4298 3509 4359 ob;

1926 4412 2068 4475 tulit,
2097 4418 2153 4464 et
2178 4408 2595 4478 puriﬁcationem
2622 4419 2688 4459 ex
2734 4416 2883 4457 more
2922 4398 3230 4463 celebravit,
3261 4406 3313 4451 et
3343 4402 3500 4464 caput

1920 4504 2084 4567 rasit;
2114 4501 2208 4558 sed
2235 4514 2423 4554 rursus
2452 4506 2508 4552 et
2546 4493 3012 4550 anathematizavit
3050 4491 3149 4545 ista
3194 4488 3451 4542 facientes
3479 4500 3496 4539 :

1922 4606 1978 4652 et
2007 4609 2149 4650 nunc
2174 4592 2390 4663 quidem
2429 4586 2845 4644 circumcidebat
2874 4585 3009 4653 ipse,
3052 4595 3192 4635 nunc
3221 4577 3502 4633 circumci-

1924 4686 2129 4742 sionem
2161 4683 2375 4753 penitus
2404 4678 2740 4734 excludebat.
2785 4675 2853 4729 Et
2899 4680 3056 4728 erant
3104 4670 3240 4724 facta
3286 4667 3501 4738 quidem

1925 4777 2038 4846 ipsa
2069 4775 2277 4828 diversa
2320 4773 2461 4826 inter
2492 4784 2550 4823 se
2576 4776 2736 4835 atque
2763 4764 3049 4829 contraria,
3085 4777 3236 4816 mens
3266 4774 3392 4814 vero
3418 4768 3501 4811 at-

1927 4883 2031 4937 que
2059 4866 2319 4921 sententia
2348 4878 2410 4917 ex
2439 4876 2541 4931 qua
2570 4859 2657 4913 illa
2686 4857 2885 4913 ﬂebant
2913 4854 3067 4910 valde
3091 4854 3191 4908 sibi
3218 4851 3508 4907 concinens

1926 4968 2087 5028 atque
2115 4955 2465 5012 concordatis.

2001 5048 2198 5101 Paulus
2224 5045 2371 5099 modo
2403 5046 2559 5113 legem
2586 5042 2801 5107 ear-tollit,
2831 5040 2981 5094 modo
3010 5038 3203 5109 dejicil.
3234 5064 3304 5076 ——
3328 5034 3504 5089 Unum

1932 5139 2063 5195 illud
2090 5139 2397 5208 requirebat
2420 5144 2473 5190 et
2502 5135 2674 5188 solum
2695 5174 2709 5197 ,
2741 5148 2927 5188 eorum
2958 5131 3046 5200 qui
3087 5129 3235 5183 illum
3262 5125 3510 5180 audirent

1934 5248 1998 5289 ac
2042 5230 2305 5296 viderent,
2353 5229 2618 5281 salutem:
2651 5237 2932 5296 propterea
2976 5221 3136 5277 modo
3181 5218 3390 5273 extollit
3433 5217 3510 5270 le-

1936 5340 2079 5397 gem,
2124 5321 2284 5376 modo
2325 5318 2543 5373 inclinat
2570 5333 2634 5370 ac
2674 5316 2874 5385 dejicit.
2922 5312 3035 5368 Non
3083 5310 3224 5365 enim
3260 5307 3430 5360 solum
3459 5307 3513 5361 in

1937 5416 2141 5470 actibus
2167 5412 2300 5477 suis,
2330 5425 2515 5463 verum
2546 5406 2784 5463 etiamin
2816 5404 2995 5459 verbis
3017 5409 3152 5464 erat,
3184 5407 3241 5451 ut
3261 5397 3392 5462 dixi,
3422 5412 3515 5449 va-

1939 5507 2053 5568 rius
2082 5518 2147 5558 ac
2183 5499 2480 5570 nmltiplcx,
2516 5514 2624 5553 non
2663 5495 2917 5551 mutando
2960 5489 3301 5553 sententiam,
3340 5501 3513 5556 neque

1941 5599 2079 5653 alter
2133 5594 2302 5649 factus
2346 5608 2412 5648 ex
2460 5591 2631 5644 altero
2678 5606 2691 5641 :
2736 5586 2829 5641 sed
2875 5586 2989 5653 ipse
3029 5581 3171 5652 quod
3215 5589 3333 5635 erat
3370 5594 3514 5634 sem-

1940 5703 2039 5761 per
2090 5683 2393 5746 manendo,
2445 5696 2632 5735 eorum
2686 5692 2806 5748 qua:
2848 5675 2988 5729 dicta
3042 5685 3166 5728 sunt
3217 5687 3370 5727 nsum
3417 5686 3513 5740 pro

1949 5790 2233 5832 causarum
2286 5772 2677 5844 opportunitate
2728 5766 2983 5823 variabat.
3030 5765 3146 5823 Non
3191 5765 3347 5837 igitur
3395 5776 3515 5816 eum
