3876 6286
371 272 477 325 499

382 397 602 458 propter
639 384 736 437 ista
764 382 1156 449 reprehendas,
1197 390 1414 449 propter
1455 393 1570 447 quae
1610 377 1756 431 illum
1785 378 1952 448 magis

381 475 550 529 debes
570 470 742 540 dignis
766 471 1006 525 laudibus
1029 484 1305 526 coronare.
1329 467 1598 537 Siquidem
1617 476 1670 522 et
1695 467 1955 521 medicmn

381 584 503 622 cum
543 580 683 619 nunc
726 573 962 618 urentem
1003 563 1232 628 videris,
1276 576 1414 615 nunc
1460 560 1764 625 foventem,
1815 576 1955 614 nunc

383 657 525 710 ferro
555 663 812 719 utentem,
845 670 985 710 nunc
1015 654 1423 719 medicamento,
1456 660 1509 705 et
1536 651 1817 721 aliquando
1845 651 1960 719 qui-

380 749 502 804 dem
532 757 784 820 aagrotum
814 762 841 798 a
871 747 990 801 cibo
1016 755 1246 816 potuque
1270 744 1642 807 cohibentem,
1677 741 1958 812 aliquando

383 855 514 895 vero
552 855 670 896 cum
707 842 758 892 in
788 839 885 892 ista
913 839 1209 901 laxantem,
1240 846 1292 891 et
1322 836 1480 891 modo
1525 835 1736 905 quidem
1765 849 1961 902 coope-

383 931 606 984 rientem
635 928 885 998 undique,
910 938 963 983 et
986 929 1219 997 undique
1243 927 1644 988 confoveutem;
1667 940 1806 980 nunc
1837 939 1962 977 vero

379 1022 480 1089 ipsi
511 1021 586 1075 illi
607 1019 860 1076 calefacto
889 1022 1125 1076 securius
1153 1021 1360 1090 plenam
1385 1019 1586 1089 frigidis
1613 1019 1764 1088 aquis
1790 1018 1959 1086 impe-

387 1119 592 1166 rantem
619 1120 837 1180 epotare
867 1111 1095 1180 phialam
1121 1129 1133 1163 :
1164 1125 1269 1165 non
1309 1111 1486 1178 utique
1514 1125 1674 1178 super
1714 1111 1812 1162 hac
1839 1124 1960 1162 eum

385 1201 638 1256 varietate
683 1211 737 1256 et
779 1200 1039 1272 frequenti
1076 1203 1365 1256 mutatione
1411 1201 1676 1269 culpabis;
1707 1199 1800 1255 sed
1839 1207 1961 1253 tunc

384 1291 648 1360 principue
675 1292 912 1360 stupebis
936 1303 1128 1358 artem,
1169 1292 1382 1362 quando
1408 1307 1468 1345 ea
1494 1307 1611 1360 qua:
1655 1291 1808 1346 nobis
1836 1305 1964 1344 con—

386 1383 545 1437 traria
575 1384 822 1438 videntur
849 1394 902 1439 et
924 1386 1099 1450 noxia,
1133 1385 1273 1438 illam
1304 1400 1423 1438 eum
1459 1383 1645 1438 ﬁducia
1672 1383 1865 1437 videris
1886 1382 1964 1435 of-

389 1473 676 1531 ferentem.
724 1475 835 1529 lloc
872 1485 953 1529 est
993 1477 1134 1530 enim
1179 1476 1288 1528 veri
1333 1474 1551 1528 artiﬁcis
1589 1488 1651 1528 ac
1693 1473 1865 1540 periti.
1908 1471 1965 1526 Si

391 1565 549 1632 igitur
573 1566 929 1634 approbamus
955 1566 1217 1621 medicum
1248 1567 1510 1620 contraria
1540 1567 1634 1619 ista
1665 1565 1960 1630 facientem,

395 1655 561 1708 multo
589 1658 754 1725 magis
795 1657 938 1710 Pauli
979 1657 1235 1712 debemus
1263 1658 1492 1711 animam
1522 1657 1829 1726 praedicare,
1859 1665 1964 1710 tam

393 1745 577 1798 multis
605 1761 662 1798 se
690 1760 750 1798 ae
775 1745 1000 1801 diversis
1021 1747 1191 1801 modis
1211 1749 1587 1817 aegrotantibus
1608 1755 1963 1818 eoaptautem.

391 1833 509 1888 Non
553 1837 694 1890 enim
745 1838 917 1892 minus
969 1837 1020 1890 hi
1049 1839 1138 1906 qui
1186 1839 1514 1903 animarum,
1562 1854 1717 1907 quam
1759 1839 1832 1893 illi
1878 1839 1967 1908 qui

391 1943 674 1994 corporum
725 1930 976 1997 languore
1018 1940 1295 1994 vexantur,
1326 1941 1440 1986 arte
1479 1947 1612 2001 opus
1649 1932 1877 1994 habent,
1906 1946 1968 1984 ac

392 2019 643 2072 varietate
681 2021 900 2074 curandi
927 2038 939 2074 :
971 2023 1036 2074 ad
1066 2037 1198 2091 quos
1221 2023 1264 2076 si
1308 2038 1494 2077 secure
1523 2033 1576 2077 et
1601 2023 1741 2076 velut
1785 2038 1851 2076 ex
1885 2022 1967 2075 di-

391 2118 539 2162 recto
558 2110 791 2164 volueris
817 2111 1091 2178 accedere,
1115 2114 1289 2167 omnis
1315 2127 1437 2181 spes
1458 2114 1523 2166 ab
1549 2114 1625 2167 eis
1661 2113 1846 2168 salutis
1871 2129 1966 2165 au-

394 2198 572 2266 fugiet.
631 2199 693 2253 Et
721 2201 846 2270 quid
877 2203 1066 2256 mirum
1099 2205 1142 2256 si
1193 2203 1436 2257 homines
1478 2203 1543 2257 ad
1584 2205 1697 2259 haac
1747 2205 1966 2257 sanandi

392 2301 808 2359 temperameuta
859 2293 1205 2359 descendant,
1259 2310 1379 2348 cum
1427 2296 1586 2348 etiam
1634 2296 1970 2364 omnipotens

396 2382 536 2435 Deus
567 2382 668 2435 hoc
689 2383 805 2451 ipso
828 2384 1102 2438 medicina:
1124 2392 1303 2439 utatur
1327 2385 1507 2451 modo,
1545 2401 1643 2440 nec
1669 2388 1845 2440 omnia
1870 2403 1967 2440 no—

395 2470 476 2523 bis
524 2469 857 2527 uniformiter
902 2487 964 2526 ac
1011 2473 1250 2528 directim
1303 2474 1600 2544 loquatur?
1653 2475 1783 2544 Quia
1829 2479 1969 2532 enim

399 2573 590 2630 sponte
617 2577 716 2616 nos
741 2564 854 2617 vult
877 2563 1017 2618 efﬁci
1048 2565 1215 2618 bonos
1244 2607 1257 2629 ,
1306 2581 1410 2620 non
1453 2567 1768 2621 necessitate
1813 2576 1972 2636 atque

403 2651 676 2719 violentia,
697 2667 832 2722 opus
857 2655 1016 2709 etiam
1044 2655 1204 2709 habet
1231 2657 1693 2722 mutatiouecuraa,
1721 2672 1824 2711 non
1844 2673 1964 2728 pro-

398 2749 517 2810 pter
544 2743 775 2813 aliquam
812 2746 1286 2815 impossibilitatem
1328 2763 1499 2814 suam,
1533 2749 1688 2811 absit,
1717 2751 1810 2804 sed
1851 2765 1976 2820 pro-

406 2847 528 2904 pter
549 2845 783 2891 nostram
813 2837 1170 2908 fragilitatem.
1201 2840 1304 2909 Ipsi
1327 2841 1468 2895 enim
1489 2842 1609 2895 licet
1637 2843 1856 2898 innuere
1881 2857 1972 2896 so-

400 2927 531 2991 lum,
561 2928 666 2982 imo
694 2930 829 2984 velle
855 2932 1219 2985 tantummodo
1246 2972 1260 2996 ,
1307 2933 1522 3002 jamque
1547 2933 1683 2988 facta
1736 2946 1975 3004 speetare

403 3033 522 3088 qua:
546 3021 732 3075 voluit.
754 3021 864 3076 Nos
891 3037 1018 3077 vero
1047 3024 1136 3093 qui
1159 3025 1325 3078 semel
1347 3023 1672 3078 dominatum
1693 3027 1859 3082 nostri
1884 3029 1978 3082 ad-

400 3114 507 3180 epti
536 3127 742 3179 sumus,
761 3128 866 3168 non
899 3115 950 3168 in
973 3117 1178 3170 cunctis
1205 3117 1312 3171 Deo
1346 3117 1591 3172 subditos
1614 3133 1733 3173 esse
1759 3134 1858 3173 nos
1886 3135 1976 3189 pa-

401 3207 562 3258 timur
593 3222 605 3256 :
636 3206 724 3275 qui
746 3206 789 3260 si
817 3206 1050 3261 traheret
1071 3207 1282 3272 invitos,
1307 3209 1534 3276 eriperet
1549 3209 1662 3278 ipse
1682 3210 1821 3278 quod
1843 3225 1975 3265 eon-

402 3295 539 3358 tulit,
565 3295 618 3349 id
643 3305 745 3362 est,
773 3295 984 3350 arbitrii
1005 3305 1345 3366 potestatem.
1375 3297 1452 3353 Ne
1500 3299 1660 3369 igitur
1694 3300 1832 3354 istud
1884 3301 1976 3355 lie-

403 3397 504 3452 ret,
534 3387 798 3456 frequenti
831 3388 928 3443 fuit
947 3404 1082 3458 opus
1101 3391 1352 3446 varietate
1379 3392 1696 3448 medicandi.
1729 3394 1852 3448 llaec
1879 3409 1976 3447 au-

400 3489 507 3533 tem
529 3495 558 3532 a
588 3481 741 3535 nobis
765 3495 868 3534 non
893 3481 1161 3551 superfluo
1182 3483 1445 3553 disputata
1471 3495 1614 3551 sunt,
1643 3485 1734 3540 sed
1762 3495 1978 3555 propter

401 3570 541 3624 beati
570 3570 720 3626 Pauli
741 3571 943 3625 varium
983 3573 1213 3630 studium
1239 3584 1396 3647 atque
1415 3577 1647 3645 sapiens,
1682 3586 1738 3630 ut
1765 3577 1978 3647 quando

404 3677 528 3716 eum
563 3661 758 3717 videris
779 3664 1013 3732 pericula
1046 3665 1352 3735 fugientem,
1386 3682 1489 3720 non
1524 3667 1670 3720 illum
1699 3667 1977 3725 admireris

406 3753 600 3819 minus,
627 3769 786 3824 quam
816 3770 934 3810 cum
955 3771 1015 3811 se
1039 3758 1288 3826 periculis
1331 3758 1525 3827 gaudet
1570 3773 1841 3828 opponere
1869 3780 1880 3814 :
1923 3771 1980 3816 ut

408 3845 548 3900 enim
580 3844 680 3899 hoc
700 3846 1042 3913 fortitudinis,
1073 3849 1143 3901 ita
1174 3848 1304 3903 illud
1330 3848 1605 3916 sapientiae
1637 3860 1738 3904 est.
1764 3851 1829 3905 Et
1857 3867 1978 3907 cum

405 3937 604 3992 videris
629 3953 749 3993 eum
779 3954 966 4010 magna
995 3939 1062 3994 de
1092 3941 1270 4009 seipse
1304 3948 1601 4000 sonantem.
1631 3943 1982 3999 similiterad-

407 4031 640 4098 mireris,
670 4046 733 4085 ac
753 4033 797 4086 si
828 4032 975 4086 illum
995 4031 1529 4102 videassemetipsum
1543 4033 1929 4105 depretiantem
1963 4055 1977 4091 :

407 4133 463 4176 ut
492 4123 631 4178 enim
667 4123 805 4178 istud
828 4123 1142 4178 humilitatis
1167 4163 1180 4184 ,
1213 4122 1282 4176 ita
1308 4133 1362 4178 et
1390 4124 1515 4179 illud
1536 4127 1982 4196 magnanimitatis

409 4222 511 4268 est.
538 4214 761 4280 Quando
785 4214 928 4269 enim
959 4213 1270 4283 gloriantem
1299 4215 1512 4281 videris,
1541 4217 1804 4272 admirare
1842 4235 1854 4270 :
1888 4218 1979 4273 sed

407 4305 658 4360 similiter
685 4304 839 4360 lauda
867 4346 880 4368 ,
929 4319 1048 4359 cum
1095 4303 1238 4357 illum
1267 4305 1413 4360 vides
1448 4307 1665 4361 humilia
1715 4309 1781 4363 de
1824 4324 1882 4363 se
1932 4318 1984 4364 et

405 4396 820 4464 coutemptibilia
838 4395 1120 4450 dicentem.
1139 4395 1268 4449 Nam
1288 4396 1456 4451 ethoc
1472 4407 1550 4452 est
1566 4400 1724 4453 animi
1743 4415 1985 4470 arrogan»

408 4486 479 4539 tia
509 4487 684 4550 vacui,
717 4497 769 4541 et
790 4485 916 4540 illud
945 4485 1229 4541 dilectione
1255 4496 1308 4541 et
1333 4488 1660 4545 humanitate
1710 4490 1869 4556 pleni.
1928 4489 1981 4543 ln

408 4578 856 4646 dispensationem
896 4578 1158 4647 siquidem
1211 4581 1494 4634 multorum
1530 4583 1714 4636 salutis
1757 4582 1855 4636 ista
1905 4581 1983 4636 fa-

409 4670 617 4731 ciebat,
669 4680 882 4738 propter
907 4670 1046 4740 quod
1087 4671 1198 4725 ait:
1229 4671 1346 4727 Sive
1386 4673 1516 4728 enim
1575 4683 1734 4727 mente
1791 4677 1986 4729 excedi-

411 4777 552 4822 mus,
601 4758 732 4824 Deo;
769 4762 870 4813 sive
902 4762 1055 4815 sobrii
1086 4779 1258 4817 sumus
1279 4804 1291 4828 ,
1321 4764 1456 4818 vobis
1489 4765 1565 4836 (2.
1605 4765 1720 4818 Cor.
1767 4767 1820 4820 5.
1873 4769 1980 4838 15).

412 4853 593 4921 Neque
633 4852 768 4906 alius
795 4854 1073 4922 quisquam
1107 4863 1300 4920 tantas,
1333 4871 1438 4911 non
1485 4855 1604 4911 dico
1648 4860 1982 4925 occasiones,

415 4943 506 4995 sed
547 4957 766 5010 prorsus
807 4945 1152 4999 necessitates
1197 4946 1381 5002 habuit
1419 4949 1733 5016 arrogantire
1759 4989 1772 5014 ,
1815 4965 1988 5020 neque

413 5043 590 5086 tamen
620 5033 760 5086 ullus
782 5035 916 5088 alter
936 5035 1004 5088 ita
1031 5052 1087 5091 se
1114 5036 1308 5091 munde
1328 5038 1395 5093 ab
1423 5039 1565 5095 omni
1587 5040 1836 5109 iactantia
1859 5040 1986 5095 sub-

411 5125 583 5177 duxit.
609 5123 734 5178 llaec
755 5125 931 5194 itaque
946 5129 1124 5182 animo
1135 5130 1416 5186 attentiore
1430 5132 1724 5187 considera.
1742 5134 1982 5200 Scientia,

413 5215 605 5284 inquit,
635 5215 783 5285 inﬂat
811 5218 888 5284 (1.
915 5216 1031 5272 Cor.
1064 5219 1115 5273 8.
1150 5221 1239 5290 l):
1273 5231 1325 5278 et
1365 5221 1468 5276 hoc
1496 5237 1682 5279 omnes
1707 5221 1985 5294 eumApe-

415 5306 554 5360 stolo
596 5305 750 5362 facile
797 5306 1111 5364 dixerimus.
1159 5314 1227 5366 At
1271 5322 1412 5369 tanta
1460 5326 1604 5370 certe
1646 5315 1697 5369 in
1748 5315 1838 5370 illo
1876 5326 1990 5372 erat

414 5397 658 5463 scicntia,
687 5410 884 5468 quanta
916 5400 967 5455 in
996 5401 1102 5456 ullo
1126 5419 1374 5474 umquam
1403 5404 1590 5474 fuerit,
1614 5423 1787 5477 neque
1816 5418 1987 5462 tamen

416 5504 473 5542 se
494 5491 680 5545 extulit
729 5492 1045 5562 insolenter,
1075 5497 1164 5566 qui
1196 5512 1254 5551 se
1280 5498 1332 5551 in
1376 5498 1476 5552 hoc
1504 5501 1618 5567 ipso
1648 5498 1891 5552 hutniliat
1929 5515 1991 5554 ac

413 5579 594 5648 dejicit
619 5580 804 5637 dicens
837 5601 851 5638 :
881 5583 962 5639 Ea:
989 5597 1130 5654 parte
1142 5588 1503 5656 cognoscimus,
1527 5605 1588 5642 ex
1609 5599 1749 5657 parte
1771 5591 1988 5658 prapheo

419 5682 580 5728 tamus
591 5675 639 5749 (1
650 5675 801 5732 Cani
814 5679 864 5734 5.
882 5677 960 5752 9).
982 5677 1066 5747 Et,
1092 5677 1210 5734 Non
1233 5696 1311 5735 me
1326 5679 1540 5736 arbitror
1554 5682 1988 5750 comprehendisse

1071 266 1130 321 Β.
1171 264 1449 322 JOANNIS
1486 261 1960 318 CilRYSOSTOMl
2001 266 2338 323 ARCIllEP.~
2363 259 2900 322 CONSTANTINOP.

3546 255 3656 313 500

2075 379 2328 450 (Philipp.
2361 381 2414 434 '5.
2444 381 2553 451 15).
2585 378 2670 443 Ει,
2695 378 2756 433 Si
2781 377 2895 447 quis
2922 376 3174 430 existimat
3202 391 3255 429 se
3278 374 3408 428 scire
3428 373 3653 438 aliquid,

2066 472 2286 524 nondum
2337 473 2568 540 cognovit
2624 470 3046 540 quemadmodum
3107 485 3220 522 eum
3273 476 3470 536 oportet
3520 465 3655 519 scire

2070 564 2142 630 (ι.
2175 562 2292 615 Cor.
2326 563 2378 617 8.
2423 563 2502 633 2).
2553 562 2820 632 Jejunium
2863 576 3048 616 rursus
3095 559 3263 624 inflat,
3311 558 3472 626 idque
3525 557 3658 611 fecit

2065 653 2365 707 Pharisazus
2392 654 2480 708 ille
2509 653 2868 719 manifestum,
2891 653 2980 722 qui
3003 653 3078 706 ait
3105 669 3118 704 :
3151 649 3341 722 Jejuno
3360 650 3434 702 bis
3454 649 3509 702 in
3531 647 3657 703 sab-v

2067 746 2179 796 bato
2211 743 2359 816 (Luc.
2396 745 2481 799 18.
2514 745 2621 814 12).
2659 745 2762 800 Sed
2792 745 2987 798 Paulus
3017 760 3124 798 non
3156 743 3316 797 modo
3355 741 3611 811 jejunans
3634 779 3654 807 ,

2067 851 2251 890 verum
2294 835 2454 890 etiam
2493 835 2684 890 famem
2735 844 2951 904 prepter
2999 833 3269 888 Christum
3316 832 3550 902 patiens,
3594 844 3657 885 se

2066 925 2226 979 etiam
2247 926 2540 980 abortivum
2568 925 2791 979 vocabat
2818 927 2896 993 (1.
2928 923 3042 978 Cor.
3077 924 3163 978 15.
3195 923 3272 992 8).

2141 1015 2260 1070 Non
2287 1034 2456 1071 omnes
2477 1017 2800 1070 revelationes
2833 1033 2952 1070 suas
2981 1015 3217 1068 reserauit
3251 1012 3469 1066 Paulus.
3501 1010 3658 1065 Pau-

2068 1109 2145 1164 lus
2167 1111 2414 1180 quomodo
2441 1127 2493 1164 se
2529 1110 2769 1162 laudarit.
2801 1139 2871 1150 —-
2895 1109 2959 1163 Et
2988 1107 3110 1177 quid
3154 1106 3222 1161 de
3259 1106 3479 1161 scicntia
3532 1105 3660 1159 dico

2067 1211 2224 1271 atque
2265 1201 2495 1271 jejunio,
2539 1200 2749 1270 quando
2777 1201 2934 1255 etiam
2977 1208 3118 1252 tanta
3144 1212 3265 1252 cum
3300 1197 3408 1251 Deo
3446 1195 3660 1249 habens

2067 1304 2123 1348 et
2149 1305 2251 1347 tam
2273 1293 2459 1347 crebra
2480 1295 2764 1362 colloquia,
2784 1302 2979 1363 quanta
3011 1307 3108 1347 nec
3134 1291 3512 1361 prophetarum
3556 1303 3660 1343 nec

2070 1386 2428 1454 apostolorum
2473 1387 2610 1440 ullus
2641 1385 2851 1450 habuit,
2884 1400 2977 1454 per
3002 1401 3064 1440 ea
3100 1385 3213 1454 ipsa
3243 1382 3498 1436 humilior
3535 1381 3662 1435 red.

2069 1477 2336 1532 debetur?
2382 1476 2495 1531 Non
2547 1477 2688 1531 enim
2738 1476 2865 1530 mihi
2906 1476 3050 1530 dicas
3094 1475 3191 1529 ista
3237 1487 3356 1542 qua:
3405 1471 3658 1541 legimus.

2071 1567 2200 1621 Nam
2224 1569 2374 1637 plura
2399 1567 2590 1622 celavit
2614 1608 2628 1632 ,
2657 1581 2756 1622 nec
2779 1567 2921 1621 enim
2947 1567 3126 1621 omnia
3170 1563 3302 1618 dixit
3320 1605 3336 1628 ,
3370 1578 3438 1618 ne
3485 1563 3661 1632 gloria

2072 1659 2258 1728 majori
2278 1675 2337 1714 se
2358 1658 2748 1713 circumdaret:
2781 1672 2880 1712 nec
2906 1657 3122 1711 omnino
3140 1664 3329 1710 cuncta
3357 1654 3557 1716 tacuit,
3591 1667 3662 1707 ne

2074 1751 2634 1820 pseudoapostolorum
2689 1760 2872 1804 contra
2917 1764 2976 1804 se
3026 1763 3118 1802 ora
3176 1754 3464 1802 reseraret.
3514 1745 3662 1800 Nihil

2073 1845 2212 1898 enim
2242 1844 2412 1898 otiose
2439 1843 2530 1898 ille
2572 1841 2830 1907 faciebat,
2857 1839 2951 1896 sed
2972 1840 3149 1894 omnia
3174 1853 3296 1894 cum
3324 1851 3488 1893 causa
3513 1837 3662 1906 just:

2075 1935 2443 2003 probabilith
2467 1935 2691 1989 ratione.
2719 1933 2851 1987 Cum
2881 1941 3025 1986 tanta
3046 1931 3224 1999 itaque
3248 1928 3457 1982 ratione
3483 1935 3666 1982 tantas

2074 2041 2159 2079 res
2187 2026 2323 2080 inter
2347 2039 2406 2079 se
2429 2025 2667 2080 diversas
2687 2023 3088 2092 contrariasque
3115 2020 3430 2090 peragebat,
3460 2029 3520 2073 ut
3545 2019 3662 2072 eis-

2073 2116 2194 2172 dem
2225 2127 2400 2172 tamen
2447 2116 2689 2172 laudibus
2735 2115 2932 2184 ubique
2973 2121 3274 2168 ornaretur.
3329 2109 3484 2177 Quod
3527 2108 3664 2164 dum

2074 2209 2307 2275 apertius
2335 2207 2560 2262 dicimus
2579 2247 2594 2271 ,
2619 2207 2844 2260 intuere.
2877 2204 3122 2273 Magnum
3159 2203 3357 2257 bonum
3387 2208 3470 2254 est
3498 2198 3568 2252 de
3600 2212 3664 2252 se

2074 2297 2208 2350 nihil
2245 2311 2490 2366 magnum
2516 2295 2692 2365 loqui;
2723 2295 2808 2350 hic
2832 2303 3009 2348 autem
3043 2301 3150 2346 tam
3181 2299 3480 2360 opportune
3503 2297 3665 2356 apte-

2076 2405 2179 2459 que
2193 2389 2292 2443 hoe
2309 2389 2568 2454 faciebat,
2596 2397 2654 2443 ut
2676 2389 2842 2457 magis
2869 2395 3167 2442 mereretur
3186 2382 3453 2454 loquendo
3480 2385 3548 2436 de
3575 2394 3663 2444 se,

2076 2495 2234 2548 quam
2276 2479 2499 2534 tacendo
2522 2520 2537 2544 ,
2561 2478 2783 2533 laudari.
2814 2477 2914 2546 Qui
2941 2476 3042 2531 nisi
3069 2473 3285 2531 fecisset
3314 2471 3453 2527 istud
3475 2513 3490 2535 ,
3540 2470 3666 2524 eul-

2077 2573 2303 2642 pabilior
2349 2581 2494 2626 esset
2546 2571 2686 2636 illis,
2716 2570 2805 2640 qui
2843 2568 3050 2637 seipsos
3101 2567 3403 2636 importune
3440 2561 3668 2617 laudare

2078 2665 2376 2721 didicerunt
2409 2671 2498 2718 :et
2527 2663 2626 2716 nisi
2657 2663 2816 2716 etiam
2854 2659 3108 2730 gloriatus
3153 2657 3376 2722 fuisset,
3424 2653 3668 2710 creditos

2079 2754 2180 2809 sibi
2209 2752 2523 2822 perdidisset
2563 2766 2857 2821 omnesque
2902 2764 2990 2805 res
3017 2748 3392 2811 inimicorum,
3435 2744 3562 2798 dum
3601 2757 3668 2798 se

2081 2847 2352 2912 humiliat,
2379 2845 2677 2900 extulisset.
2710 2845 2798 2899 Sic
2824 2853 3048 2898 noverat
3073 2843 3146 2895 uti
3170 2840 3366 2909 ubique
3397 2849 3666 2905 tempore,

2080 2948 2135 2994 et
2163 2954 2281 2994 cum
2307 2946 2454 2993 recto
2479 2937 2700 2993 consilio
2725 2945 2885 3006 atque
2911 2935 3173 2991 sententia
3193 2947 3254 2987 ea
3275 2945 3394 3001 qua:
3413 2929 3668 2984 videntur

2079 3028 2411 3098 reprobanda
2457 3027 2715 3096 perﬁcere
2738 3067 2753 3092 ,
2787 3035 2891 3080 tam
2921 3025 3120 3079 utiliter
3161 3032 3215 3077 et
3236 3018 3552 3083 commode,
3603 3025 3667 3072 ut

2081 3138 2186 3177 non
2237 3121 2416 3176 minus
2463 3119 2530 3174 de
2580 3119 2683 3174 illis
2716 3118 2982 3189 placeret,
3036 3129 3194 3185 quam
3239 3127 3360 3167 cum
3401 3111 3663 3180 imperata

2081 3213 2392 3283 compleret.
2421 3211 2664 3279 Amplius
2705 3209 2847 3265 enim
2877 3221 3019 3262 nunc
3057 3205 3252 3260 Paulus
3298 3201 3497 3272 placuit
3543 3200 3668 3269 glo-

2082 3295 2302 3370 riando,
2329 3319 2486 3374 quam
2517 3304 2650 3357 alter
2675 3300 2860 3355 laudes
2897 3297 3138 3369 proprias
3177 3293 3492 3350 occultando
3519 3311 3534 3348 :
3564 3306 3668 3348 nec

2085 3406 2285 3452 tantum
2329 3397 2606 3466 quisquam
2655 3392 2852 3464 profuit
2897 3407 3018 3447 cum
3069 3405 3163 3445 sua
3189 3389 3378 3443 merita
3424 3386 3665 3452 celaret,

2083 3497 2340 3558 quantum
2367 3488 2466 3541 iste
2488 3500 2607 3539 cum
2626 3485 2893 3555 proderet.
2920 3481 3023 3538 Sed
3051 3481 3154 3535 hoc
3176 3493 3389 3548 quoque
3415 3486 3500 3532 est
3524 3475 3674 3530 tnui.

2085 3589 2139 3634 to
2167 3579 2530 3634 admirabilius
2562 3595 2576 3633 :
2609 3577 2729 3648 quia
2757 3577 2824 3631 de
2850 3591 2908 3631 se
2935 3590 3039 3630 non
3067 3572 3228 3628 modo
3249 3573 3500 3642 loquutus
3518 3610 3534 3636 ,
3566 3584 3664 3625 ve-

2084 3686 2200 3726 rum
2228 3671 2385 3725 etiam
2412 3677 2669 3737 quantum
2695 3666 2925 3737 oportuit
2955 3673 3038 3720 est
3078 3664 3347 3732 loquutus.
3371 3660 3494 3715 Non
3519 3659 3664 3715 enim

2085 3763 2233 3833 quasi
2275 3761 2559 3817 maximam
2582 3759 2848 3814 licentiam
2879 3757 2948 3812 de
2997 3754 3392 3825 opportunitate
3438 3759 3674 3816 nactus,

2086 3852 2485 3908 immoderatius
2508 3851 2751 3906 laudibus
2773 3849 2885 3906 suis
2915 3862 3038 3903 usus
3058 3856 3173 3909 est;
3207 3845 3300 3900 sed
3322 3842 3667 3899 considera».

2087 3945 2290 4000 tissime
2316 3957 2590 4018 quousque
2609 3958 2730 4001 eum
2751 3941 2994 4012 progredi
3025 3939 3208 3994 liceret
3231 3937 3462 4006 agnovit.
3483 3934 3668 4003 Neque
3683 3959 3694 3964 --

2087 4045 2264 4089 tamen
2297 4033 2437 4088 istud
2463 4032 2710 4088 sufﬁcere
2751 4031 2852 4086 sibi
2893 4028 3154 4090 credidit,
3185 4026 3279 4081 sed
3309 4040 3376 4081 ne
3403 4023 3538 4078 alios
3567 4023 3668 4081 hoc

2089 4142 2337 4185 sermone
2353 4136 2556 4183 vetaret
2577 4125 2640 4198 [f.
2663 4123 2918 4196 vitiaret],
2944 4122 3101 4192 idque
3123 4120 3364 4176 efﬁceret
3386 4128 3443 4171 ut
3460 4126 3663 4172 semet-

2089 4221 2234 4288 ipsos
2265 4219 2506 4287 ,inauiter
2537 4216 2920 4287 praedicarent,
2971 4213 3200 4268 libenter
3239 4224 3298 4264 se
3321 4208 3484 4263 etiam
3533 4207 3666 4261 insi-

2089 4311 2322 4381 pientem
2355 4309 2562 4364 vocavit
2591 4327 2604 4362 :
2631 4320 2946 4376 quamquam
2977 4311 3123 4358 certa
3144 4301 3397 4356 invitante
3415 4312 3576 4352 causa
3603 4297 3670 4352 de

2090 4401 2299 4470 propria
2321 4399 2521 4469 aliquid
2549 4396 2707 4452 laude
2725 4393 3117 4464 perstrinxerit.
3145 4390 3278 4459 Quia
3305 4389 3448 4444 enim
3475 4401 3664 4442 conseo

2090 4504 2259 4561 quens
2283 4497 2396 4545 erat
2413 4530 2426 4552 ,
2453 4498 2511 4542 ut
2535 4486 2761 4554 idipsum
2791 4483 3137 4552 respicientes
3161 4479 3249 4534 alii
3275 4487 3479 4534 temere
3508 4487 3668 4546 atque

2092 4583 2317 4636 inaniter
2352 4581 2468 4648 ejus
2516 4584 2790 4631 uterentur
2840 4573 3125 4641 exemplo:
3165 4569 3306 4639 quod
3356 4568 3670 4638 plerumque

2091 4669 2347 4739 contingit
2373 4679 2426 4723 et
2446 4666 2666 4722 medicis
2692 4682 2705 4719 :
2738 4679 2880 4734 srepe
2899 4662 3041 4718 enim
3064 4660 3506 4718 medicamentum
3528 4655 3667 4727 (ιιιοὸ

2091 4771 2387 4831 opportune
2413 4745 2816 4826 alter'apposuit
2832 4795 2846 4821 ,
2877 4755 3178 4822 importune
3197 4752 3331 4805 alter
3352 4749 3666 4808 admovens,

2093 4855 2196 4907 vim
2230 4849 2592 4905 medicaminis
2617 4849 3042 4914 obscuratatque
3065 4841 3360 4909 corrumpit
3387 4857 3402 4891 :
3426 4852 3495 4892 ne
3511 4838 3668 4906 igitur

2094 4947 2179 5000 hic
2199 4959 2411 5014 quoque
2436 4942 2575 4998 istud
2602 4939 2901 5004 accideret,
2929 4936 3052 4992 vide
3067 4943 3267 5006 quanta
3295 4931 3668 5002 procuratione

2094 5052 2220 5092 usus
2241 5038 2309 5091 sit
2340 5055 2353 5090 :
2378 5035 2466 5105 qui
2493 5049 2611 5089 cum
2655 5031 2978 5102 gloriaturus
3001 5035 3178 5088 esset.
3205 5040 3312 5080 non
3333 5022 3534 5084 semel,
3563 5033 3670 5074 non

2093 5126 2359 5190 secundo,
2387 5125 2482 5181 sed
2511 5123 2702 5192 sapius
2740 5119 3032 5176 dill‘erendo
3061 5129 3219 5189 atque
3257 5112 3557 5170 cunctando
3586 5110 3668 5164 di-

2094 5221 2247 5276 cebat
2281 5237 2295 5273 :
2330 5218 2539 5274 Utinam
2575 5214 2878 5270 sustinentis
2927 5212 3180 5266 modicum
3207 5207 3329 5279 quid
3370 5201 3673 5274 insipientim

2097 5328 2219 5366 meae
2246 5311 2320 5375 (‘2.
2354 5308 2472 5365 Cor.
2499 5308 2584 5361 11.
2617 5307 2668 5361 1.
2700 5306 2760 5378 Ξ)
2787 5324 2798 5360 :
2828 5314 2880 5360 et
2903 5317 3120 5368 rursus,
3151 5299 3299 5368 Quod
3336 5299 3542 5366 loquor,
3571 5308 3668 5347 non

2097 5405 2271 5473 loquor
2290 5401 2564 5456 secundum
2590 5398 2784 5463 Deum,
2811 5397 2900 5451 sed
2924 5396 2978 5449 in
3001 5394 3288 5463 insipientia
3313 5393 3330 5422 ⁸
3361 5387 3466 5458 (Ib.
3513 5401 3561 5439 υ.
3605 5382 3668 5438 17

2095 5506 2140 5548 et
2162 5495 2272 5563 21).
2307 5494 2546 5562 Cumque
2571 5499 2715 5545 tanta
2754 5487 3000 5554 dixisset,
3027 5501 3135 5540 non
3165 5493 3338 5538 tamen
3369 5494 3430 5534 ea
3451 5492 3510 5534 se
3533 5491 3666 5547 μων

2126 5629 2288 5753 {tegam
2317 5627 2446 5684 add.,
2473 5623 2521 5679 in
2545 5637 2638 5688 quo
2661 5622 2765 5686 quis
2788 5620 2931 5674 ardet
2949 5655 2964 5681 ,
2987 5631 3036 5670 tn
3060 5616 3333 5682 utapientia
3357 5613 3467 5668 dico
3483 5649 3498 5672 .
3522 5608 3670 5660 audeo

2222 5704 2266 5738 0.

2098 5702 2142 5739 ει
2165 5702 2266 5739 εσυ.
