3876 6286
167 377 272 437 499

161 494 303 549 ἀλλά
357 493 424 546 δι’
456 488 595 546 αὗτά
652 489 750 564 μὲν
789 489 892 549 ὀῦν
924 495 1096 550 ταῦτα
1141 497 1376 569 μάλιστα
1405 498 1744 573 ἀνακὴρυξον

163 589 260 642 καὶ
287 586 653 655 στεφάνωσον.
707 587 860 640 Ἐπεὶ
887 589 982 641 καὶ
1007 589 1096 644 τὸν
1118 591 1322 662 ἰατρὸν,
1349 593 1475 646 ὅταν
1512 595 1624 665 ἴδῃς
1653 593 1746 646 νῦν

167 680 268 749 μὲν
305 677 553 741 καίοντα,
598 678 694 730 νῦν
720 677 776 731 δὲ
802 680 1096 750 τρέφοντα,
1151 687 1245 735 καὶ
1272 683 1367 736 νῦν
1410 684 1508 755 μὲν
1543 683 1748 756 σιδήρῳ

161 769 468 842 χρώμενον,
501 768 596 822 νῦν
620 770 676 823 δὲ
711 771 1010 843 φαρμάκῳ,
1044 775 1138 826 καὶ
1163 776 1292 828 ποτὲ
1326 777 1426 846 μὲν
1463 777 1745 846 ἀπάγοντα

166 869 356 922 σιτίων
383 869 476 922 καὶ
508 870 709 933 ποτῶν,
748 872 876 925 ποτὲ
925 872 982 925 δὲ
1022 873 1386 946 ἐπιτρέποντα
1416 876 1620 932 τούτων
1647 879 1746 948 ἄρ-

163 961 258 1030 δην
303 961 664 1031 ἐμφορεῖσθαι
705 961 798 1015 τὸν
859 963 1165 1034 κάμνοντα,
1218 967 1313 1020 καὶ
1347 968 1475 1021 ποτὲ
1505 969 1604 1039 μὲν
1647 987 1746 1021 πε-

165 1051 489 1119 ριϐάλλοντα
548 1053 853 1121 πάντοθεν,
913 1056 1042 1108 ποτὲ
1088 1057 1146 1110 δὲ
1195 1057 1358 1112 αὑτὸν
1413 1061 1618 1113 ἐκεῖνον
1655 1059 1747 1113 τὸν

163 1143 632 1214 διαθερμανθέντα
699 1144 990 1202 κελεύοντα
1056 1148 1254 1220 φιάλην
1312 1151 1603 1223 ὁλόκληρον
1658 1153 1749 1208 ἐκ-

165 1236 309 1287 πιεῖν
349 1235 556 1290 ὑδάτων
588 1236 848 1309 ψυχρῶν,
888 1241 949 1293 οὐ
983 1242 1310 1317 καταγνώσῃ
1360 1245 1459 1316 τῆς
1519 1246 1748 1317 μεταδο-

163 1323 283 1393 λῆς,
316 1325 440 1378 οὐδὲ
467 1327 566 1394 τῆς
595 1328 852 1399 συνεχοῦς
878 1333 1264 1400 μεταστάσεως
1285 1351 1299 1365 ·
1329 1335 1466 1388 ἀλλά
1493 1338 1614 1391 τότε
1645 1339 1747 1408 μά-

165 1416 324 1471 λιστα
347 1419 652 1483 ἐπαινέσεις
677 1421 776 1492 τὴν
808 1422 1024 1493 τέχνην,
1050 1425 1118 1477 τά
1151 1425 1410 1480 δοκοῦντα
1438 1431 1569 1498 ἡμῖν
1591 1431 1745 1484 ἐναν-

161 1511 252 1564 τία
284 1505 425 1563 εἶναι
450 1511 542 1564 καὶ
572 1511 808 1583 βλαϐερά
833 1515 970 1584 μετά
989 1516 1084 1568 τοῦ
1112 1515 1336 1590 θαρρεῖν
1359 1522 1744 1592 προσάγουσαν

157 1615 304 1688 ὀρῶν
325 1657 340 1680 ,
382 1618 474 1670 καὶ
501 1617 561 1670 τὸ
600 1619 838 1688 ἀσφαλὲς
864 1621 1242 1694 ἐγγυωμένην.
1277 1625 1447 1680 Τοῦτο
1471 1627 1577 1698 γὰρ
1607 1629 1748 1700 ἀνὴρ

161 1721 434 1791 τεχνικός.
463 1721 525 1774 Εἰ
549 1720 605 1773 δὲ
639 1721 820 1791 ἰατρὸν
845 1721 1220 1793 ἀποδεχόμεθα
1241 1726 1310 1781 τά
1330 1729 1548 1783 ἐναντία
1572 1733 1744 1787 ταῦτα

163 1825 466 1890 ποιοῦντα,
505 1825 687 1897 πολλῷ
719 1828 918 1897 μᾶλλον
962 1829 1059 1902 τὴν
1111 1829 1323 1887 Παύλου
1356 1835 1534 1906 ψυχὴν
1554 1875 1567 1896 ,
1606 1837 1747 1892 οὕτω

163 1935 280 1996 τοῖς
304 1932 573 2003 κάμνουσι
599 1935 1076 2008 προσφερομένην,
1105 1939 1500 2010 ἀνακηρύττειν
1523 1943 1620 1996 δεῖ.
1641 1945 1751 1998 Καὶ

165 2039 276 2109 γὰρ
318 2038 430 2093 τῶν
472 2038 539 2092 τά
575 2038 803 2110 σώματα
837 2041 1263 2112 ἀρρωστούντων
1304 2047 1403 2098 οὐκ
1445 2047 1664 2102 ἔλαττον
1703 2051 1749 2103 οἱ

163 2143 264 2206 τάς
296 2142 478 2213 ψυχὰς
511 2142 794 2206 νοσοῦντες
824 2138 1036 2200 δέονται
1073 2152 1324 2220 μηχανῆς
1364 2153 1457 2204 καὶ
1500 2170 1751 2225 μεταχει-

167 2246 369 2316 ρίσεως
389 2261 405 2278 ⁸
436 2245 540 2298 κᾶν
570 2245 630 2310 ἐξ
660 2245 875 2311 εὐθείας
906 2250 1090 2314 αὐτοῖς
1114 2252 1365 2323 προσίῃς,
1395 2248 1572 2308 πάντα
1603 2259 1753 2327 οἰχήι-

167 2361 320 2398 σεται
359 2345 430 2398 τά
461 2345 562 2415 τῆς
613 2345 889 2417 σωτηρίας
929 2349 1130 2404 αὐτῶν.
1169 2353 1281 2406 Καὶ
1321 2354 1373 2408 τί
1418 2353 1750 2428 θαυμαστὸν,

166 2447 216 2497 εἰ
261 2444 544 2517 ἄνθρωποι
580 2446 754 2500 ταῦτα
799 2447 1069 2512 ποιοῦσιν,
1097 2451 1226 2505 ὅταν
1257 2452 1285 2507 ὁ
1316 2453 1448 2518 Θεὸς
1468 2495 1482 2519 ,
1519 2457 1547 2510 ό
1579 2456 1754 2511 πάντα

165 2545 500 2615 δυνάμενος,
521 2543 708 2616 ’τούτῳ
738 2547 1004 2620 κέχρηται
1035 2544 1134 2621 τῆς
1179 2553 1421 2624 ἰατρείας
1457 2554 1534 2625 τῷ
1567 2555 1716 2628 νόμῳ
1739 2593 1753 2620 ,

168 2648 263 2700 καὶ
282 2647 346 2700 οὑ
370 2648 604 2702 πάντοτε
622 2649 682 2716 ἐξ
709 2649 928 2714 εὐθείας
953 2653 1087 2722 ἡμῖν
1115 2650 1265 2726 [505]
1295 2655 1456 2727 ὁμιλῇ
1480 2673 1494 2722 ;
1538 2658 1756 2730 Ἐπειδὴ

166 2748 279 2818 γάρ
308 2748 536 2812 ἑκόντας
565 2744 704 2804 εῖναι
741 2748 993 2819 βούλεται
1022 2751 1242 2816 καλοὺς,
1271 2753 1388 2807 ἀλλ’
1418 2756 1518 2808 οὐκ
1541 2757 1757 2829 ἀνάγκῃ

167 2847 266 2901 καὶ
307 2847 418 2917 βίᾳ,
455 2846 676 2917 ἐδέησεν
708 2849 862 2918 αὑτῷ
890 2850 985 2902 καὶ
1019 2849 1264 2920 μεθόδου,
1295 2849 1355 2904 οὐ
1382 2851 1471 2905 διά
1505 2852 1566 2906 τὸ
1591 2852 1756 2906 αὑτοῦ

166 2947 456 3016 ἀδύνατον,
490 2949 669 3016 ἄπαγε
690 2988 704 3012 ,
737 2948 876 3004 ἀλλά
903 2949 992 3003 διά
1030 2950 1093 3004 τὸ
1119 2951 1347 3016 ἀσθενὲς
1375 2953 1436 3005 τὸ
1463 2954 1754 3026 ἡμέτερον.

167 3047 331 3120 Αύτῷ
362 3050 462 3120 μὲν
491 3047 602 3120 γὰρ
631 3048 808 3112 ἔξεστι
834 3049 1023 3103 νεῦσαι
1053 3046 1232 3121 μόνον,
1261 3051 1460 3122 μᾶλλον
1485 3053 1542 3105 δὲ
1569 3053 1756 3125 ἐθελῆ-

168 3167 262 3203 σαι
309 3149 505 3220 μόνον,
551 3149 646 3207 καὶ
688 3149 912 3220 ποιῆσαι
956 3151 1132 3204 πάντα
1171 3151 1315 3221 ἅπερ
1356 3149 1422 3203 ἂν
1467 3150 1753 3222 βούληται⁶

168 3251 336 3320 ἡμεῖς
369 3249 427 3302 δέ
463 3248 612 3313 ἅπαξ
638 3249 846 3303 ἑαυτῶν
887 3246 1170 3319 γενόμενοι
1201 3249 1416 3321 κύριοι,
1446 3251 1546 3303 οὐκ
1573 3253 1759 3322 ἀνεχό-

171 3345 314 3418 μεθα
353 3345 535 3399 πάντα
566 3345 866 3399 ὑπακούειν
895 3346 1065 3418 αύτῷ.
1107 3347 1234 3400 Ἐάν
1277 3343 1369 3401 οῦν
1409 3350 1640 3414 ἄκοντας
1674 3351 1758 3403 ἑλ-

170 3448 320 3520 κύσῃ
344 3488 359 3512 ,
392 3447 532 3517 ὅπερ
564 3445 786 3511 ἔδωκεν,
819 3447 1187 3520 ἀφαιρήσεται
1212 3487 1228 3512 ,
1259 3446 1356 3518 τὴν
1389 3449 1488 3519 τῆς
1513 3448 1760 3514 ἐξουσίας

170 3545 318 3617 λέγω
350 3547 686 3620 ἐλευθερίαν.
715 3542 816 3601 ’Ίνδ
849 3544 941 3602 οὖν
981 3548 1057 3619 μὴ
1081 3548 1240 3602 τοῦτο
1263 3549 1510 3621 γένηται,
1542 3549 1760 3622 ἐδέησεν

171 3647 329 3716 αὐτῷ
353 3646 594 3718 μεθόδων
621 3646 847 3701 πολλῶν.
879 3646 1066 3700 Ταῦτα
1094 3646 1152 3700 δὲ
1186 3649 1317 3719 ἡμῖν
1345 3647 1442 3719 οὐχ
1463 3649 1650 3713 ἁπλῶς
1680 3650 1760 3702 εί-

178 3771 384 3826 ρηται,
418 3750 557 3806 ἀλλά
592 3751 681 3804 διὰ
711 3751 772 3805 τὸ
817 3751 1062 3806 ποικίλον
1093 3751 1190 3806 τοῦ
1227 3753 1500 3825 μακαρίου
1545 3753 1760 3807 Παύλου

171 3862 270 3916 καὶ
316 3859 520 3929 σοφόνο
561 3859 702 3912 ὥστε
741 3859 870 3913 ὅταν
909 3860 1025 3931 ἴδῃς
1070 3860 1235 3914 αὐτὸν
1263 3861 1546 3930 ’φεύγοντα
1581 3861 1762 3915 κινδύ-

174 3983 325 4029 νους,
358 3963 640 4036 θαύμασον
671 3965 894 4037 ὁμοίως,
937 3961 1125 4038 ὥσπερ
1155 3966 1284 4020 ὅταν
1311 3965 1428 4039 ἴδῃς
1455 3965 1620 4036 ὁμόσε
1652 3983 1760 4036 χω-

177 4073 382 4145 ροῦντα
413 4071 628 4135 αὐτοῖς’
665 4069 919 4141 καθάπερ
949 4070 1057 4143 γὰρ
1087 4070 1247 4124 τοῦτο
1285 4069 1568 4141 ἀνδρείας,
1620 4071 1762 4124 οὕτω

176 4181 404 4236 κάκεῖνο
454 4179 666 4248 σοφίας.
716 4178 886 4232 Ὅταν
942 4177 1058 4248 ἴδῃς
1105 4175 1317 4248 μεγάλα
1368 4173 1760 4246 φθεγγόμενον,

179 4283 467 4356 θαύμασον
483 4275 898 4353 ὁμοίως,ώσπερ
927 4281 1053 4334 ὅταν
1068 4281 1184 4352 ἴδῃς
1199 4297 1298 4350 μετ
1306 4279 1577 4350 ριάξοντα⁹
1597 4280 1766 4334 καθιίι⁹

179 4407 284 4462 περ
313 4389 426 4459 γὰρ
451 4387 608 4441 τοῦτο
634 4384 1157 4458 ταπεινοφροσύνης,
1190 4379 1364 4450 οὕτως
1392 4387 1569 4440 ἐκεῖνο
1594 4403 1766 4454 μεγα-

179 4493 465 4563 λοψυχίας.
489 4493 659 4546 Ὅταν
686 4492 803 4565 ἴδῃς
833 4491 1210 4562 καυχώμενον,
1228 4490 1510 4561 θαύμασον
1542 4491 1762 4562 ὁμοίως,

182 4597 376 4666 ῶσπερ
419 4596 550 4650 ὅταν
590 4595 707 4666 ἴδῃς
738 4592 1161 4666 διακρουόμενον
1189 4595 1463 4666 ἐγκώμιον
1485 4611 1499 4624 °
1529 4595 1626 4649 καὶ
1657 4595 1765 4668 γάρ

185 4701 279 4754 καὶ
312 4699 474 4753 τοῦτο
507 4698 672 4769 ἧθους
714 4692 923 4768 ἀτύφου
943 4739 958 4765 ,
1013 4697 1235 4752 κάκεῖνο
1279 4697 1634 4770 φιλοστόργου
1670 4703 1765 4756 καὶ

186 4801 574 4874 φιλανθρώπου
594 4818 609 4833 ο
640 4803 740 4874 τὴν
763 4801 872 4874 γὰρ
892 4802 1000 4857 τῶν
1031 4801 1246 4855 πολλῶν
1270 4803 1568 4874 οἰκονομῶν
1592 4822 1766 4876 σωτη-

187 4913 332 4982 ρίαν,
365 4909 541 4965 ταῦτα
567 4909 825 4980 ἔπραττε.
861 4908 952 4962 Διὸ
984 4907 1078 4963 καὶ
1104 4907 1296 4976 ἔλεγεν
1313 4924 1330 4941 ο
1358 4908 1492 4963 Εῑτε
1519 4909 1767 4978 ἐξέστη-

185 5033 318 5086 μεν,
350 5012 499 5079 Θεῷ·
531 5013 652 5066 εἶτε
677 5012 1128 5081 σωφρονοῦμεν,
1161 5011 1324 5082 ὑμῖν.
1362 5009 1501 5065 Οὔτε
1538 5013 1646 5083 γάρ
1683 5027 1768 5075 τις

187 5120 348 5183 ἄλλος
379 5114 494 5190 εἶχε
535 5113 804 5180 τοσαύτας
854 5116 1100 5185 ἀνάγκας
1139 5113 1277 5185 πρὸς
1302 5115 1562 5169 ἀπόνοιαν
1583 5154 1599 5180 ,
1641 5114 1767 5170 οὔτε

185 5226 348 5290 ἀλλος
386 5241 474 5288 τις
503 5223 647 5276 οὓτω
679 5221 918 5293 καθαρὸς
951 5221 1270 5287 ἀλαζονείας
1298 5215 1383 5292 ἦν.
1435 5219 1634 5274 Σκόπει
1673 5220 1730 5274 δέ
1749 5235 1764 5253 °

203 5331 264 5385 Ἠ
294 5327 523 5399 γνῶσις
558 5325 800 5397 φυσιοῖο
841 5321 936 5378 καὶ
969 5324 1171 5388 πάντες
1209 5324 1367 5378 τοῦτο
1404 5324 1472 5378 ἂν
1521 5325 1772 5396 εἴποιμεν

193 5435 311 5505 μετ’
346 5433 589 5487 ἐκείνου·
629 5432 722 5485 καὶ¹
768 5428 1004 5501 τοσαύτη
1047 5429 1105 5484 δὲ
1156 5426 1224 5502 ἦν
1264 5433 1322 5486 ἐν
1357 5430 1504 5502 αύτῷ
1539 5431 1770 5500 γνῶσις,

193 5535 291 5606 ὅση
320 5537 380 5587 ἐν
408 5531 584 5587 οὐδενὶ
610 5531 718 5586 τῶν
761 5529 982 5583 πώποτε
1014 5529 1318 5600 ἀνθρώπων
1356 5529 1769 5602 γεγενημένων

197 5633 310 5688 ἀλλ’
361 5634 514 5704 ὅμως
560 5631 722 5684 αὐτὸν
772 5633 874 5685 οὐκ
914 5630 1138 5701 ἐπῆρεν,
1193 5629 1331 5683 ἀλλά
1379 5631 1473 5682 καὶ
1520 5632 1579 5682 ἐν
1625 5629 1775 5700 αύτῷ

195 5737 368 5808 τούτῳ
401 5732 706 5808 μετριάζει.
736 5734 837 5787 Διά
874 5733 1031 5787 τοῦτο
1074 5731 1252 5802 λέγει·
1298 5734 1393 5786 Ἐκ
1423 5732 1645 5802 μέρους
1688 5751 1774 5802 γι-

201 5837 530 5909 νώσκομεν,
561 5833 658 5890 καὶ
692 5834 760 5889 ἐκ
779 5833 997 5904 μέρους
1029 5834 1508 5903 προφητεύομεν*
1554 5833 1646 5886 καὶ
1673 5829 1774 5885 πά-

1029 380 1504 443 DELAUDIBUS
1535 390 1592 444 S.
1639 388 1840 444 PAULI
1877 391 2240 449 APOSTOLI.
2283 395 2516 452 llOMlL.
2558 398 2621 452 V.

3316 387 3421 442 500

1851 499 1932 556 λιν
1954 522 1965 534 ·
2007 505 2169 574 Ἐγὼ,
2192 503 2469 574 ἀδελφοὶ,
2499 504 2662 558 οὔπω
2691 501 2993 574 λογίζομαι
3015 499 3269 570 ἐμαυτὸν
3294 517 3424 554 κατι-

1849 609 2158 678 ειληφέιναι
2178 627 2190 641 ⁸
2221 610 2332 674 καὶ,
2364 610 2439 664 El
2464 627 2554 676 τις
2587 609 2756 662 δοκεῖ
2782 608 3001 663 ειδέναι
3025 625 3100 670 τι,
3133 607 3296 661 οὔπω
3321 608 3422 660 οὺ-

1852 711 1958 765 δὲν
1985 713 2231 781 ἔγνωκε.
2273 712 2442 767 Πάλιν
2470 713 2693 783 νηστεία
2721 714 2865 783 φυσᾷ
2886 729 2899 742 ’
2926 713 3020 765 καί¹
3049 711 3208 765 τοῦτο
3243 714 3272 764 ὁ
3311 712 3420 764 Φα-

1859 820 2065 889 ρισαῖος
2093 818 2244 889 δηλοῖ
2267 818 2439 887 λέγων
2457 834 2470 848 ⁸
2500 818 2785 886 Αἠστεύω
2807 817 2903 883 δὶς
2931 816 3042 886 τῆς
3074 815 3418 886 ἑϐδομάδος.

1863 919 2002 976 Ἀλλ’
2031 915 2186 985 οὗτος
2209 922 2332 992 οὐχ).
2361 921 2659 993 νηστεύων,
2691 922 2826 975 ἀλλά
2854 923 2948 975 καλν
2975 920 3258 991 λιμώττων
3297 921 3424 973 ἐαυο

1850 1047 1941 1101 τὸν
1975 1046 2233 1119 ἔκτρωμα
2264 1048 2468 1102 ἐκάλει.

1919 1170 1984 1227 Τί
2029 1173 2172 1242 λέγω
2196 1173 2448 1244 νηστείαν
2477 1173 2573 1226 καὶ
2606 1173 2826 1240 γνῶσιν,
2856 1175 2990 1226 ὅπου
3016 1189 3081 1241 γε
3109 1171 3309 1242 ὁμιλίαι
3337 1189 3427 1224 το-

1853 1276 2048 1330 σαῦται
2079 1277 2173 1330 καὶ
2203 1276 2347 1331 οὕτω
2376 1277 2616 1347 συνεχῶς
2651 1278 2788 1348 πρὸς
2819 1279 2909 1330 τὸν
2953 1277 3086 1330 Θεὸν
3109 1273 3249 1348 ἦσαν
3278 1275 3427 1345 αὐτῷ

1851 1382 2234 1452 γεγενημέναι,
2263 1382 2384 1434 ὅσαι
2416 1384 2553 1452 μήτε
2588 1381 2905 1452 προφητῶν,
2946 1383 3082 1452 μήτε
3116 1381 3429 1435 ἀποστόλων

1853 1487 2100 1554 ἐγένοντο
2125 1485 2314 1559 μηδενὶ
2332 1528 2346 1547 ,
2376 1488 2469 1540 καὶ
2499 1488 2699 1557 μᾶλλον
2729 1487 3079 1540 ἐταπεινοῦτο
3115 1486 3200 1540 διά
3224 1485 3426 1551 ταῦτας

1853 1591 1944 1662 Μὴ
1967 1593 2074 1664 γάρ
2103 1611 2192 1665 μοι
2218 1593 2418 1657 ταύτας
2452 1594 2612 1666 εἴπῃς
2643 1593 2738 1656 τὰς
2766 1593 3266 1661 ἀναγεγραμμένας
3287 1608 3298 1619 ·
3330 1590 3430 1656 τὰς

1853 1700 1961 1769 γὰρ
1992 1698 2211 1762 πλείους
2256 1698 2579 1769 ἀπέκρυψε,
2616 1697 2710 1751 καὶ
2751 1697 2873 1750 οὔτε
2917 1698 3099 1762 πάσας
3138 1691 3312 1764 εἴπεν,
3344 1696 3433 1749 ἵνα

1857 1800 1932 1871 μὴ
1955 1796 2111 1864 δόξαν
2141 1795 2322 1870 ἑαυτῷ
2355 1798 2552 1870 nemon
2589 1799 2857 1869 μεγάλην,
2886 1797 3013 1852 οὔτε
3044 1799 3226 1861 πάσας
3244 1798 3434 1869 ἐσίγη-

1856 1922 1968 1970 σεν,
1996 1905 2084 1958 ἵνα
2116 1905 2191 1975 μὴ
2228 1905 2295 1957 τά
2331 1905 2440 1958 τῶν
2469 1904 2922 1974 ψευδαποστόλων
2947 1902 3130 1976 ἀνοίξῃ
3165 1906 3430 1976 στόματα.

1856 2006 2021 2062 Οὐδὲν
2046 2008 2156 2078 γὰρ
2190 2007 2376 2070 ἁπλῶς
2405 2009 2614 2071 ἐκεῖνος
2649 2009 2858 2073 ἐποίει,
2890 2008 3029 2062 ἀλλά
3073 2010 3212 2080 μετά
3253 2010 3434 2072 αἰτίας

1855 2110 2071 2178 δικαίας
2105 2116 2286 2170 πάντα
2327 2115 2423 2168 καὶ
2458 2115 2683 2184 εὐλόγου
2705 2131 2720 2147 ·
2749 2115 2844 2170 καὶ
2877 2116 3017 2187 μετά
3047 2115 3318 2186 τοσαύτης
3345 2133 3435 2168 σο-

1857 2218 1985 2290 φίας
2016 2217 2206 2292 μετῄει
2245 2221 2314 2274 τά
2348 2221 2568 2274 ἐναντία
2599 2220 2937 2292 πράγματα,
2990 2219 3066 2285 ὡς
3102 2221 3213 2274 τῶν
3256 2220 3436 2276 αὐτῶν

1858 2324 2132 2396 πανταχοῦ
2174 2325 2466 2395 τυγχάνειν
2510 2323 2768 2378 ἐπαίνων.
2811 2323 2880 2380 Ὀ
2911 2322 2968 2377 δέ
3011 2324 3154 2393 λέγω
3195 2323 3437 2378 τοιοῦτόν

1860 2426 1992 2483 ἐστι.
2036 2427 2201 2498 Μέγα
2231 2428 2436 2498 ἀγαθὸν
2471 2429 2533 2482 τὸ
2577 2429 2743 2500 μηδὲν
2781 2428 2924 2499 μέγα
2953 2429 3084 2500 περὶ
3120 2427 3313 2482 ἑαυτοῦ
3358 2429 3445 2483 λέ-

1857 2551 2004 2603 γειν·
2048 2531 2076 2586 ὁ
2115 2531 2171 2587 δέ
2208 2533 2379 2597 οὕτως
2419 2530 2551 2588 αὐτὸ
2586 2534 2858 2605 εὐκαίρως
2905 2533 3111 2600 ἐποίει,
3161 2534 3236 2597 ὡς
3269 2530 3446 2586 εἰπὼν

1863 2639 2087 2711 μᾶλλον,
2127 2638 2159 2710 ἢ
2204 2640 2468 2710 σιγήσας,
2502 2639 2888 2710 ἐπαινεθῆναι·
2932 2636 3026 2692 καὶ
3068 2637 3116 2692 εί
3163 2636 3238 2708 μὴ
3279 2637 3440 2691 τοῦτο

1860 2745 2150 2814 πεποίηκε,
2167 2743 2314 2816 [501]
2332 2745 2440 2799 τῶν
2461 2745 2704 2815 ἀκαίρως
2724 2744 3178 2815 ἐγκωμιαζόντων
3201 2758 3408 2812 κατηγο
3422 2775 3437 2783 -

1862 2848 1999 2920 ρήθη
2035 2846 2102 2902 ἂν
2143 2847 2369 2919 μᾶλλον·
2401 2849 2450 2900 εί
2485 2848 2596 2919 γὰρ
2633 2848 2706 2918 μὴ
2747 2848 3090 2918 ἐκαυχήσατο
3111 2889 3124 2912 ,
3160 2846 3339 2900 πάντα
3373 2847 3440 2900 ἃν

1860 2949 2109 3004 ἀπώλεσε
2143 2951 2237 3004 καὶ
2263 2950 2563 3022 προέδωκε,
2596 2952 2691 3004 καὶ
2711 2949 2778 3004 τά
2805 2949 2916 3004 τῶν
2943 2948 3152 3022 ἐχθρῶν
3179 2945 3245 3005 ἂν
3268 2951 3440 3020 ἐπῆρε

1861 3055 2182 3126 πράγματα.
2199 3051 2386 3120 Οὕτως
2401 3047 2511 3109 οἵδε
2527 3054 2612 3130 τῷ.
2627 3053 2803 3126 καιρῷ
2821 3055 3097 3126 πανταχοῦ
3115 3054 3439 3126 κεχρῆσθαι.

1861 3155 1957 3212 καὶ
1985 3159 2123 3230 μετὰ
2137 3157 2362 3231 γνώμης
2381 3154 2568 3232 ὀρθῆς,
2596 3160 2691 3214 καὶ
2707 3161 2774 3214 τά
2797 3159 3226 3232 ἀπηγορευμένα
3243 3162 3438 3220 ποιεῖν,

1863 3261 1958 3314 καὶ
1985 3261 2127 3316 οὕτω
2157 3264 2476 3334 χρησίμως,
2516 3263 2593 3327 ὡς
2617 3264 2727 3317 τῶν
2753 3264 3246 3334 προστεταγμένων
3274 3262 3443 3332 μηδὲν

1864 3361 2082 3418 ἔλαττον
2126 3365 2191 3418 ἐκ
2239 3363 2444 3418 τούτων
2485 3365 2810 3436 εὐδοκιμεῖν.
2848 3359 3065 3419 Μᾶλλον
3099 3363 3204 3437 γὰρ
3231 3362 3443 3425 Παῦλος

1861 3466 2215 3537 καυχώμενος
2241 3467 2360 3520 τότε
2387 3466 2766 3538 εὐδοκίμησεν,
2790 3466 2823 3539 ἢ
2856 3465 3042 3540 ἕτερός
3061 3487 3147 3533 τις
3181 3468 3441 3541 κρύπτων

1862 3569 1932 3622 τὰ
1963 3568 2154 3622 ἑαυτοῦ
2183 3569 2583 3640 κατορθώματα
2603 3585 2616 3598 ·
2646 3570 2821 3634 οὐδεὶς
2843 3569 2951 3641 γάρ
2975 3570 3217 3626 τοσαῦτα
3249 3569 3443 3643 είργά-

1864 3689 1997 3726 σατο
2031 3673 2210 3741 ἀγαθὰ
2244 3672 2613 3743 ἀποκρύπτων
2646 3672 2714 3726 τά
2745 3672 2964 3740 ἐαυτοῦ,
2992 3674 3091 3727 ὅσα
3120 3676 3326 3739 ἐκεῖνος
3354 3674 3442 3741 ἐξα

1865 3777 2035 3832 ειπὼν
2061 3778 2130 3831 τὰ
2162 3774 2378 3834 ἐαυτοῦ.
2419 3779 2530 3832 Καὶ
2569 3777 2630 3832 τὸ
2671 3778 2735 3850 δὴ
2770 3779 2933 3834 πάλιν
2967 3779 3442 3851 θαυμαστότερον,

1866 3882 1948 3935 ὅτι
1999 3881 2060 3935 οὐ
2110 3882 2268 3951 μόνον
2308 3881 2556 3946 ἐξεῖπεν,
2593 3880 2728 3934 ἀλλά
2781 3881 2874 3935 καὶ
2921 3881 3081 3951 μέχρι
3117 3882 3215 3951 τῆς
3259 3881 3444 3952 χρείας

1868 3984 2018 4055 ἔστη.
2043 3985 2117 4038 Οὐ
2141 3985 2249 4056 γὰρ
2272 3985 2347 4048 ὡς
2375 3984 2466 4038 τοῦ
2492 3983 2684 4055 καιροῦ
2709 3985 3041 4055 παρέχοντος
3066 3985 3216 4054 αύτῷ
3247 3985 3443 4055 πολλὴν

1865 4089 1963 4160 τὴν
1993 4089 2196 4153 ἄδειαν,
2232 4089 2488 4161 ἀμέτρως
2533 4089 2696 4142 πάλιν
2725 4090 2802 4160 τῷ
2832 4091 3120 4160 πράγματι
3150 4093 3440 4162 ἐχρήσατο,

1867 4195 1979 4249 ἀλλ’
2008 4194 2147 4264 ἔγνω
2173 4196 2336 4266 μέχρι
2366 4194 2469 4248 ποῦ
2505 4195 2788 4266 προελθεῖν
2817 4195 2944 4250 ἔδει.
2997 4197 3107 4249 Καὶ
3134 4195 3254 4249 οὐδὲ
3285 4195 3444 4250 τοῦτο

1869 4297 2016 4368 αὐτῷ
2044 4296 2294 4368 ἤρκεσεν,
2323 4296 2436 4350 ἀλλ’
2470 4297 2610 4350 ὥστε
2644 4298 2718 4368 μὴ
2738 4297 2865 4361 τοὺς
2893 4293 3086 4361 ἄλλους
3111 4297 3440 4369 διαφθεῖραι,

1873 4401 2008 4472 μηδέ
2033 4402 2449 4473 παρασκευάσαι
2471 4402 2658 4465 ἀπλῶς
2690 4401 2916 4465 ἑαυτοὺς
2946 4402 3334 4471 ἐγκωμιάζειν,
3352 4405 3444 4454 καὶ

1872 4510 2081 4580 ἄφρονα
2115 4508 2304 4562 ἐαυτὸν
2327 4508 2518 4562 καλεῖ·
2543 4507 2704 4570 αὐτὸς
2726 4507 2824 4577 μὲν
2853 4505 2984 4580 γὰρ,
3014 4507 3111 4576 τῆς
3131 4507 3320 4577 χρείας
3344 4524 3444 4560 και

1869 4620 2088 4691 λούσης,
2110 4617 2268 4672 τοῦτο
2292 4617 2569 4689 ἐποίησεν,
2612 4615 2832 4686 Ἐπειδὴ
2853 4615 2910 4670 δέ
2933 4615 3082 4678 εἰκὸς
3112 4610 3181 4686 ἦν
3201 4617 3330 4678 τοὺς
3352 4616 3444 4670 άλ-

1873 4731 1998 4797 λους
2031 4731 2110 4795 είς
2140 4729 2300 4784 αὑτὸν
2327 4727 2588 4800 ὁρῶντας,
2626 4725 2811 4789 ἁπλῶς
2841 4725 2936 4779 καὶ
2977 4724 3100 4793 εἰκῆ
3142 4725 3445 4796 κεχρῆσθαι

1869 4843 1946 4913 τῷ
1984 4840 2414 4912 παραδείγματιο
2455 4837 2482 4889 ὃ
2523 4837 2617 4890 καὶ
2673 4836 2767 4888 ἐπὶ
2806 4835 2914 4887 τῶν
2957 4832 3156 4902 ἰατρῶν
3199 4833 3439 4902 γίνεταιο

1870 4952 2128 5014 πολλάκις
2169 4950 2312 5020 γὰρ,
2353 4948 2382 5000 ὃ
2423 4947 2562 5017 μετά
2604 4943 2796 5015 καιροῦ
2843 4945 3133 5016 φάρμακον
3176 4941 3444 5011 ἐπέθηκεν

1869 5055 2044 5125 οὗτος,
2073 5058 2313 5130 ἀκαίρως
2338 5056 2525 5127 ἕτερος
2544 5053 2754 5117 ἐπιθεὶς
2773 5053 3078 5124 ἐλυμήνατο
3099 5050 3193 5106 καὶ
3216 5048 3446 5101 ἐπεσκό-

1867 5183 2004 5242 τησε
2039 5171 2104 5239 τῇ
2145 5165 2236 5220 τοῦ
2268 5164 2561 5235 φαρμάκου
2599 5162 2858 5232 δυνάμει·
2905 5161 2971 5213 ἶν’
2999 5154 3091 5213 οὖν
3129 5157 3202 5228 μὴ
3233 5156 3327 5210 καὶ
3358 5156 3444 5207 ἐν-

1870 5277 2044 5334 ταῦθα
2085 5273 2241 5328 τοῦτο
2280 5271 2544 5343 γένηται,
2585 5271 2688 5343 ὅρα
2725 5269 2864 5340 πόσῃ
2910 5268 3170 5340 κέχρηται
3199 5267 3265 5335 τῇ
3308 5281 3442 5334 προ-

1871 5386 2152 5458 διορθώσει
2187 5382 2396 5456 μέλλων
2436 5379 2778 5451 καυχᾶσθαι,
2819 5378 2918 5446 οὐχ
2957 5373 3137 5439 ἅπαξ,
3171 5371 3292 5425 ούδέ
3325 5371 3439 5436 δὶς,

1872 5495 2006 5551 ἀλλά
2030 5491 2287 5554 πολλάκις
2310 5485 2970 5558 ἀναδυόμενος.¹¹οφελον
2992 5479 3101 5550 γὰρ
3123 5479 3256 5532 (ira!
3258 5477 3444 5548 χεσθέ

1870 5626 2010 5680 μου,
2046 5604 2206 5678 φησὶ,
2239 5602 2454 5672 μικρόν
2478 5615 2531 5651 τι
2563 5595 2668 5664 τῆς
2699 5591 3051 5662 ἀφροσύνης
3077 5606 3088 5618 ·
3123 5589 3218 5642 καὶ
3245 5588 3406 5643 πάλιν
3427 5605 3440 5620 ·

1880 5719 1942 5770 Ὀ
1961 5713 2147 5778 λαλῶ,
2175 5713 2246 5767 οὺ
2278 5707 2444 5765 λαλῶ
2467 5704 2617 5760 κατὰ
2649 5703 2886 5769 Κύριον,
2913 5697 3050 5753 ἀλλ’
3072 5697 3153 5764 ὠς
3173 5697 3242 5752 ἐν
3266 5697 3446 5766 ἀφρο-

1879 5826 2055 5896 σύνῃ.
2095 5823 2180 5875 Ἑν
2205 5815 2247 5888 ᾧ
2269 5818 2312 5871 δ’
2347 5817 2410 5870 ἀν
2437 5831 2518 5878 τις
2545 5813 2624 5886 [ἐν
2656 5806 2960 5882 ἀφροσύνῃ]
2976 5807 3244 5880 τολμᾷ,ἐν
3275 5809 3447 5876 ἀφρο-
