3876 6286
455 342 548 396 501

452 463 591 533 σύνῃ
619 462 792 531 λέγω,
825 460 1007 531 τολμῶ
1045 459 1218 528 κάγώ.
1254 459 1364 512 K01
1407 460 1644 514 τοσαῦτα
1671 456 1841 513 είπὼν
1863 498 1877 524 ,
1905 457 2026 512 ούδέ

453 553 662 615 τούτοις
695 551 962 622 ἠρκέσθη,
987 550 1122 602 ἀλλά
1153 549 1314 629 πάλιν
1349 549 1558 620 μέλλων
1585 551 1665 613 είς
1688 549 1757 603 τά
1777 549 2027 620 ἐγκώμια

456 641 735 712 ἐμϐαίνειν
773 639 1002 710 κρύπτει
1033 637 1226 690 ἐαυτὸν
1257 637 1459 704 λέγων·
1494 632 1637 690 Οἶδα
1673 635 1987 704 ἄνθρωπον
2011 652 2025 665 °

457 735 552 787 καὶ
591 732 770 793 πάλιν,
804 729 985 797 ’Υπὲρ
1007 729 1115 782 τοῦ
1142 730 1413 782 τοιούτου
1443 727 1844 797 καυχήσομαι,
1877 729 2031 796 ὑπὲρ

456 827 525 878 δὲ
543 824 801 894 ἐμαυτοῦ
823 825 894 877 οὐ
915 823 1293 892 καυχήσομαι
1313 837 1327 850 °
1351 821 1445 875 καὶ
1474 821 1614 892 μετά
1634 821 1808 874 ταῦτα
1827 821 2026 883 πάντα,

457 915 685 986 Γέγονα
715 914 951 983 ἄφρων,
986 915 1148 983 φησὶν
1167 952 1183 978 ,
1218 913 1382 982 ὑμεῖς
1404 930 1480 982 με
1503 912 1906 984 ἠναγκάσατε.
1935 913 2031 975 Τίς

456 1002 551 1060 οὖν
581 1005 753 1069 οὕτως
787 1006 1016 1076 ἀνόητος
1060 1005 1153 1058 καὶ
1193 1005 1398 1076 σφόδρα
1433 1007 1789 1078 ἀναίσθητος,
1833 1006 1909 1072 ὼς
1940 1008 2030 1061 τὸν

457 1099 613 1166 ἆγιον
642 1100 846 1150 ἐκεῖνον
875 1098 1037 1168 ὀρῶν,
1065 1097 1332 1169 τοσαύτης
1360 1099 1718 1170 ἐπικειμένης
1760 1100 2028 1170 ἀνάγκης,

455 1191 714 1245 ὀκνοῦντα
752 1191 846 1244 καὶ
881 1190 1241 1262 ἀναδυόμενον
1275 1191 1404 1263 περὶ
1443 1191 1638 1246 ἐαυτοῦ
1677 1210 1729 1246 τι
1770 1193 1914 1264 μέγα
1954 1197 2032 1248 εί-

457 1284 579 1334 πεῖν
599 1321 613 1344 ,
643 1282 738 1335 καὶ
770 1281 1020 1354 καθάπερ
1051 1283 1218 1336 ἵππον
1253 1283 1396 1337 κατά
1436 1283 1696 1354 κρημνῶν
1737 1284 2032 1356 ἐρχόμενον

458 1375 550 1428 καὶ
580 1372 996 1445 ἀναχαιτίζοντα
1027 1373 1296 1444 συνεχῶς,
1337 1375 1514 1428 καίτοι
1543 1375 1804 1446 μέλλοντα
1837 1376 2033 1431 τοσαῦ-

455 1482 526 1518 τα
558 1467 880 1536 οἰκονομεῖν,
917 1464 992 1536 μὴ
1018 1465 1238 1535 φεύγειν
1264 1468 1328 1518 ἐκ
1355 1466 1558 1538 πολλῆς
1593 1468 1654 1520 τὸ
1683 1470 1915 1540 πρᾶγμα
1941 1487 2035 1524 πε-

463 1557 725 1629 ριουσίας,
757 1559 851 1610 καὶ
881 1557 1042 1627 μόνου
1076 1559 1269 1629 καιροῦ
1296 1559 1804 1628 καταναγκάζοντος
1833 1564 2034 1634 κεχρῆ-

462 1647 586 1700 σθαι
614 1646 693 1716 τῷ
723 1647 1041 1718 πράγματι;
1087 1648 1274 1701 Βούλει
1309 1648 1404 1701 καὶ
1443 1649 1626 1720 ἕτερον
1669 1649 1832 1705 αὑτοῦ
1875 1651 2032 1717 δείξω

459 1738 736 1804 τοιοῦτον;
768 1739 841 1792 Τὸ
871 1741 981 1810 γὰρ
1008 1740 1070 1810 δὴ
1098 1739 1407 1811 θαυμαστὸν
1432 1740 1588 1795 τοῦτὸ
1611 1743 1777 1808 ἐστιν,
1807 1743 1888 1797 ὅτι
1931 1743 2032 1798 ούκ

459 1832 682 1904 ἠρκεῖτο
711 1830 788 1902 τῷ
821 1832 1118 1897 συνειδότι,
1147 1831 1282 1886 ἀλλά
1321 1833 1417 1886 καὶ
1454 1833 1600 1904 ἡμᾶς
1636 1834 1881 1889 ἐδίδασκε
1915 1837 2035 1900 πῶς

460 1923 691 1978 ἕκαστον
739 1922 942 1976 τούτων
971 1923 1215 1993 μετιέναι
1239 1923 1338 1989 δεῖ,
1370 1925 1469 1994 οὐχ
1497 1925 1676 1996 ἐαυτῷ
1713 1927 1871 1998 μόνον
1899 1928 2036 1982 ἀπο-

461 2013 648 2081 λογίαν
673 2012 1100 2078 κατασκευάζων
1125 2017 1233 2070 ἀπὸ
1265 2017 1367 2087 τῆς
1392 2019 1502 2072 τῶν
1533 2023 1744 2092 καιρῶν
1764 2023 2030 2095 ἀνάγκης,

463 2104 598 2159 ἀλλὰ
640 2105 735 2160 x01
780 2106 907 2168 τοὺς
945 2105 1140 2170 ἀλλους
1177 2108 1482 2178 παιδεύων,
1511 2110 1653 2165 ὥστε
1702 2113 2036 2184 ἐμπεσόντος

460 2197 653 2270 καιροῦ
687 2199 761 2272 μὴ
794 2198 1016 2269 φεύγειν
1058 2200 1120 2252 τὸ
1157 2199 1420 2267 τοιοῦτον,
1457 2205 1596 2276 μήτε
1621 2206 1867 2277 ἀκαίρως
1898 2209 2036 2263 αὐτὸ

465 2291 706 2361 μετιέναι
736 2292 915 2346 πάλιν.
949 2291 1049 2345 Διά
1078 2291 1186 2362 γὰρ
1208 2293 1438 2359 τούτων,
1472 2295 1624 2368 [505]
1654 2291 1730 2352 ὧν
1760 2295 1903 2364 εἶπε,
1940 2318 2034 2370 μο-

460 2384 672 2454 νονουχὶ
701 2383 873 2437 ταῦτα
919 2385 1106 2454 ἔλεγε·
1154 2387 1339 2440 Κακὸν
1387 2388 1529 2459 μέγα
1573 2389 1635 2442 τὸ
1676 2393 1805 2464 περὶ
1839 2391 2034 2447 ἐαυτοῦ

461 2475 642 2542 λέγειν
678 2475 819 2546 μέγα
849 2494 902 2529 τι
943 2479 1038 2531 καὶ
1067 2476 1374 2549 θαυμαστόν
1398 2497 1411 2510 ·
1452 2481 1548 2533 καὶ
1587 2482 1823 2554 ἐσχάτης
1851 2486 2037 2550 ἀνοίας

461 2563 622 2619 τοῦτο
643 2607 658 2630 ,
683 2565 963 2637 ἀγαπητὲ,
993 2567 1055 2619 τὸ
1087 2567 1356 2639 μηδεμιᾶς
1380 2569 1626 2642 ἀνάγκης
1655 2574 2032 2647 ἐπικειμένης,

462 2657 556 2708 καὶ
581 2653 827 2726 ἀνάγκης
862 2657 1062 2727 βιαίας,
1091 2659 1532 2725 καλλωπίζεσθαι
1563 2665 1677 2728 τοῖς
1710 2666 2028 2737 ἐγκωμίοις.

460 2749 575 2801 Οὐκ
599 2748 712 2802 ἐστι
739 2749 895 2803 τοῦτο
936 2752 1074 2805 κατά
1109 2751 1312 2822 Κύριον
1340 2753 1520 2810 λαλεῖν
1540 2797 1556 2823 ,
1586 2757 1721 2812 ἀλλά
1747 2760 2038 2832 παραπλη-

463 2840 582 2906 ξίας
611 2841 809 2910 μᾶλλον
841 2842 1042 2912 δεῖγμα
1066 2841 1127 2894 τὸ
1149 2844 1388 2898 τοιοῦτόν
1415 2846 1551 2911 ἐστι,
1580 2846 1676 2900 καὶ
1699 2848 1874 2902 πάντα
1905 2852 2036 2922 ἡμῖν

463 2933 609 2982 κενοῖ
636 2929 727 2983 τὸν
757 2931 946 3001 μισθὸν
983 2931 1121 3001 μετά
1147 2933 1275 2995 τοὺς
1307 2933 1534 2996 πολλοὺς
1568 2934 1796 3005 ἱδρῶτας
1820 2937 2035 2990 3:017:6-

461 3036 602 3081 νους.
636 3018 820 3071 Ταῦτα
850 3017 960 3090 γὰρ
989 3018 1206 3072 ἅπαντα
1243 3019 1338 3072 καὶ
1373 3019 1592 3074 πλείονα
1616 3022 1841 3088 τούτων,
1869 3024 1935 3077 δι’
1962 3021 2038 3080 ὦν

463 3108 816 3177 παρῃτήσατο
862 3107 956 3158 καὶ
1000 3107 1245 3178 ἀνάγκης
1293 3107 1670 3182 ἐμπεσούσης,
1715 3107 1836 3165 εἶπε
1901 3113 2038 3185 πρὸς

465 3199 729 3262 ἅπαντας.
785 3198 860 3250 Τὸ
895 3198 952 3250 δὲ
995 3197 1184 3250 τούτου
1232 3199 1444 3268 μεῖζον,
1492 3201 1574 3254 ὅτι
1625 3202 1746 3256 οὐδὲ
1793 3204 2040 3275 ἀνάγκης

464 3289 838 3359 ἐμπεσούσης,
897 3288 1076 3341 πάντα
1141 3288 1353 3360 ἐξέχεεν
1402 3293 1482 3354 εἰς
1528 3293 1732 3362 μέσον,
1787 3295 1922 3348 ἀλλὰ
1971 3297 2041 3350 τὰ

467 3379 685 3433 πλείονα
728 3380 1088 3451 ἀπεκρύψατο
1142 3383 1236 3435 καὶ
1289 3382 1358 3437 τά
1401 3385 1641 3454 μείζονα.
1683 3387 2041 3457 Ἐλεύσομαι

466 3471 574 3539 γὰρ
595 3511 608 3536 ,
644 3472 840 3541 φησὶν,
883 3475 970 3538 εἰς
1001 3473 1296 3540 ὀπτασίας
1336 3476 1436 3529 καὶ
1475 3477 1895 3546 ἀποκαλύψεις
1921 3485 2041 3535 Κυ-

463 3561 596 3627 ρίου
617 3574 630 3586 ·
657 3560 932 3629 φείδομαι
958 3560 1044 3625 δὲ,
1069 3561 1156 3631 μή
1191 3581 1280 3630 τις
1304 3566 1390 3632 εἰς
1409 3566 1514 3635 ἐμὲ
1536 3568 1874 3636 λογίσηται,
1891 3570 2044 3639 ὑπὲρ

469 3650 500 3703 ὃ
525 3651 744 3714 βλέπει
771 3653 808 3720 ἢ
843 3653 1047 3708 ἀκούει
1069 3671 1125 3708 τι
1151 3655 1222 3720 ἐξ
1253 3658 1420 3726 ἐμοῦ.
1445 3659 1631 3714 Ταῦτα
1655 3661 1713 3715 δὲ
1735 3661 1886 3731 ἔλεγε
1915 3681 2046 3718 7:0:-

469 3744 639 3798 δεύων
685 3745 963 3810 ἅπαντας,
1008 3749 1143 3818 μηδὲ
1192 3750 1438 3823 ἀνάγκης
1477 3751 1677 3824 οὖα-ης,
1723 3755 1899 3810 πάντα
1944 3758 2044 3812 ὅσα

475 3835 732 3904 σύνισμεν
767 3837 1010 3901 ἑαυτοῖς,
1042 3837 1309 3909 φέροντας
1351 3841 1488 3894 αύτά
1516 3841 1596 3904 είς
1628 3843 1792 3914 μέσον
1824 3863 2047 3901 κατατι-

475 3926 644 3991 θέναι,
669 3926 784 3980 ἀλλ’
811 3928 911 3981 ὅσα
937 3931 1050 3993 τοῖς
1077 3930 1333 3984 ἀκούουσι
1371 3933 1636 4004 χρήσιμα.

558 4019 708 4072 Ἐπεὶ
759 4021 853 4075 καὶ
899 4022 927 4074 ὁ
975 4022 1256 4094 Σαμουήλο
1311 4023 1464 4077 οὐδὲν
1521 4026 1629 4098 γάρ
1675 4027 1900 4092 ἀπεικὸς
1953 4031 2047 4085 καὶ

475 4111 682 4164 ἐκείνου
712 4113 1017 4184 μνησθῆναι
1037 4113 1130 4167 τοῦ
1159 4114 1336 4184 άγίου,
1365 4117 1442 4179 εἰς
1468 4115 1577 4187 γὰρ
1605 4118 1870 4186 ὠφέλειαν
1889 4123 1920 4192 ή
1931 4123 2046 4192 μῶν

478 4202 571 4257 καὶ
595 4201 662 4255 τά
691 4203 940 4274 ἐγκώμια
964 4204 1203 4273 γίνεται·
1240 4207 1586 4277 ἐκαυχήσατό
1619 4226 1749 4262 ποτε
1780 4211 1874 4263 καὶ
1904 4214 2047 4266 ἐκεῖ-

477 4311 599 4359 νος,
635 4296 728 4347 κα)⁸
755 4295 970 4361 ἐξεῖπεν
1008 4297 1187 4350 οἰκεῖα
1223 4296 1655 4368 κατορθώματα’
1696 4301 1835 4354 ἀλλά
1881 4305 2042 4370 ποῖα;

479 4388 547 4440 Ἀ
577 4389 687 4442 τοῖς⁹
732 4387 988 4441 ἀκούουσι
1039 4388 1346 4460 συνέφερεν,
1393 4391 1467 4444 06
1503 4391 1611 4462 γὰρ
1656 4395 1785 4465 περὶ
1836 4413 2049 4467 σωφρο-

477 4477 642 4546 σύνης
689 4477 939 4531 ἀπέτεινε
982 4479 1138 4548 λόγον
1185 4481 1428 4552 μακρὸν,
1478 4483 1598 4536 ούδέ
1637 4487 1766 4558 περὶ
1796 4505 2048 4544 ταπεινο-

477 4569 775 4640 φροσύνης,
803 4570 924 4624 ούδέ
955 4571 1083 4642 περὶ
1107 4572 1201 4625 τοῦ
1237 4575 1311 4647 μὴ
1343 4580 1718 4647 μνησικακεῖν,
1746 4579 1883 4634 ἀλλὰ
1911 4582 2050 4654 ὑπὲρ

476 4659 655 4727 τίνος;
695 4660 869 4733 ’Υπὲρ
894 4661 1104 4728 τούτου,
1134 4663 1164 4717 6
1197 4665 1432 4735 μάλιστα
1453 4668 1559 4722 ἔδει
1589 4671 1778 4741 μαθεῖν
1805 4673 1897 4726 τὸν
1929 4673 2048 4727 τότε

1169 344 1224 398 S.
1265 344 1552 402 JOANNIS
1591 346 2082 404 CIIRYSOSTOMI
2117 349 2441 409 ARCIIIEP.
2477 353 3022 412 CONSTANTINOP.

3593 343 3698 402 5ίὲ

2131 457 2510 527 βασιλεύοντα,
2557 461 2696 533 ὑπὲρ
2739 459 3114 530 δικαιοσύνης,
3167 459 3261 513 καὶ
3309 458 3402 512 τοῦ
3454 461 3710 534 καθαράς

2129 551 2272 622 ἔχειν
2299 552 2396 616 τὰς
2422 555 2608 624 χεῖρας
2636 551 2840 623 δώρων.
2884 552 2992 604 K01
3028 553 3057 604 ό
3093 550 3260 605 Δαυτδ
3294 552 3454 606 πάλιν
3492 569 3714 623 καυχω-

2132 662 2290 716 μενος
2314 683 2329 708 ,
2373 645 2466 697 ἀπ’
2509 645 2731 698 ἐκείνων
2787 645 3054 714 καυχᾶται
3099 643 3208 696 τῶν
3259 644 3576 714 δυναμένων
3614 644 3713 700 τὸν

2129 737 2404 810 ἀκροατὴν
2431 736 2742 809 διορθῶσαι.
2784 736 2919 802 Οὐδὲ
2961 734 3068 806 γάρ
3101 735 3306 798 ἐκεῖνος
3335 734 3503 804 ἀλλην
3549 729 3710 789 εἶπεν

2129 829 2349 900 ἀρετὴν,
2377 828 2512 882 ἀλλά
2541 829 2640 900 τὴν
2667 828 2867 899 ἄρκτον
2899 827 2994 880 καὶ
3037 827 3130 879 τὸν
3155 825 3347 880 λέοντα
3376 827 3709 896 παρήγαγεν

2131 924 2212 983 εἰς
2253 923 2434 990 μέσον,
2467 921 2558 973 καὶ
2589 919 2740 972 οὐδὲν
2773 918 2981 990 ἓτερον.
3007 917 3081 971 Τδ
3111 917 3209 989 μὲν
3238 916 3350 988 γὰρ
3391 916 3715 988 περαιτέρω

2131 1013 2221 1066 τὸν
2246 1011 2400 1080 λόγον
2443 1005 2750 1081 ἐξαγαγεῖν,
2796 1009 3077 1081 φιλοτίμου
3111 1010 3206 1064 καὶ
3237 1008 3526 1072 ἀλαζόνοςσ
3559 1007 3626 1061 τὺ
3652 1007 3711 1061 δέ

2133 1105 2306 1158 εἰπεῖν
2344 1104 2548 1168 ταῦτα,
2588 1104 2624 1158 ἀ
2650 1104 2786 1176 πρὸς
2821 1103 2920 1173 τὴν
2961 1101 3242 1174 παροῦσαν
3278 1099 3471 1170 ἔμελλε
3511 1099 3711 1170 χρείαν

2130 1197 2401 1264 ἀναγκαῖα
2448 1191 2620 1261 εἶναι,
2657 1193 3069 1265 φιλανθρώπου.
3104 1192 3198 1246 καὶ
3241 1192 3302 1245 τὸ
3341 1191 3450 1245 τῶν
3490 1189 3709 1244 πολλῶν

2133 1287 2407 1360 συμφέρον
2438 1287 2672 1358 ὁρῶντος
2695 1303 2708 1316 ο
2757 1285 2786 1338 6
2824 1285 2888 1354 δὴ
2921 1285 3016 1337 καὶ
3055 1282 3266 1345 Παῦλος
3312 1281 3559 1353 ἐποίησε.
3597 1280 3714 1334 Καὶ

2131 1377 2241 1448 γὰρ
2277 1375 2607 1438 διεϐάλλετο,
2641 1376 2716 1439 ῶς
2744 1376 2844 1428 ούκ
2873 1373 2946 1426 ὢν
2975 1372 3272 1435 ἀπόστολος
3305 1371 3553 1440 δόκιμος,
3587 1371 3711 1422 ούδέ

2132 1469 2270 1539 έχων
2307 1469 2428 1522 τινὰ
2473 1468 2646 1538 ἰσχύν.
2684 1467 2920 1536 Ἀνάγκη
2963 1464 3142 1517 τοίνυν
3186 1459 3255 1533 ἦν
3290 1463 3358 1515 δι’
3403 1464 3590 1515 ἐκεῖνα
3629 1463 3712 1525 είς

2131 1557 2302 1612 ταῦτα
2329 1561 2610 1629 ἐμπεσεῖν,
2631 1557 2666 1611 ἃ
2691 1556 2926 1628 μάλιστα
2956 1555 3164 1608 ἐδείκνυ
3191 1553 3354 1607 αὐτοῦ
3383 1553 3445 1606 τὸ
3467 1553 3712 1624 ἀξίωμα.

2144 1651 2306 1721 Ὁρᾷς
2344 1649 2410 1702 δι’
2440 1650 2579 1703 ὅσων
2613 1647 2896 1702 ἐπαίδευσε
2945 1646 3038 1699 τὸν
3084 1647 3361 1718 ἀκροατὴν
3403 1647 3479 1717 μὴ
3521 1645 3714 1710 ἁπλῶς

2134 1741 2470 1814 καυχᾶσθαι;
2503 1742 2726 1814 Πρῶτον
2757 1741 2856 1812 μὲν
2887 1742 2994 1813 γὰρ
3019 1740 3114 1794 διά
3143 1740 3239 1793 τοῦ
3265 1739 3458 1803 δεῖξαι,
3495 1742 3580 1793 ὅτι
3613 1741 3711 1792 ἀν-

2132 1835 2278 1905 άγκῃ
2301 1832 2459 1886 τοῦτο
2485 1833 2707 1902 ἐποίησε
2727 1829 3024 1903 ·δεύτερον,
3048 1831 3134 1884 διά
3162 1829 3256 1883 τοῦ
3281 1831 3376 1884 καὶ
3394 1829 3471 1893 ώς
3497 1830 3713 1900 ἄφρονα

2133 1925 2322 1979 ἐαυτὸν
2341 1925 2590 1988 καλέσαι,
2606 1925 2702 1977 x01
2731 1923 2950 1988 πολλαῖς
2980 1921 3290 1994 χρήσασθαι
3316 1922 3714 1992 παραιτήσεσιο

2132 2018 2333 2090 τρίτον,
2378 2016 2466 2071 διά
2492 2015 2586 2070 τοῦ
2624 2016 2698 2088 μὴ
2738 2015 2917 2069 πάντα
2962 2016 3158 2078 εἰπεῖν,
3199 2013 3338 2068 ἀλλά
3364 2014 3432 2066 τά
3485 2013 3716 2084 μείζονα

2134 2108 2474 2180 ἀποκρύψαι,
2495 2109 2592 2161 καὶ
2617 2107 2795 2161 ταῦτα
2815 2106 3061 2177 ἀνάγκης
3086 2103 3281 2176 οὔσηςο
3305 2105 3588 2176 τέταρτον,
3624 2105 3716 2158 διά

2133 2199 2226 2254 τοῦ
2276 2201 2615 2271 προσωπεῖον
2663 2199 2846 2270 ἕτερον
2899 2197 3174 2262 ὑπελθεῖν,
3233 2197 3328 2250 καὶ
3379 2197 3553 2248 εἰπεῖν
3587 2195 3702 2258 ὃτι,

2138 2290 2282 2348 Οἶδα
2300 2292 2610 2360 ἄνθρωπον
2627 2304 2641 2319 ⁸
2667 2291 2942 2361 πέμπτον,
2975 2289 3063 2344 διά
3081 2288 3178 2342 τοῦ
3206 2288 3281 2360 μὴ
3303 2288 3400 2341 καὶ
3425 2287 3524 2359 τὴν
3543 2287 3718 2358 ἀλλην

2135 2384 2336 2457 ἀρετὴν
2376 2384 2590 2438 ἃπασαν
2624 2383 2705 2446 είς
2749 2381 2910 2452 μέσον
2957 2382 3183 2450 ἀγαγεῖν
3203 2421 3219 2446 ,
3258 2379 3373 2432 ἀλλ’
3420 2382 3598 2433 ἐκεῖνο
3651 2379 3716 2434 τὸ

2139 2478 2324 2549 μέρος,
2369 2471 2431 2530 οὗ
2463 2475 2697 2545 μάλιστα
2739 2476 2767 2526 ὁ
2808 2472 3001 2544 παρὼν
3041 2474 3210 2526 ἐδεῖτο
3254 2472 3464 2544 καιρός.
3497 2472 3615 2525 Οὐκ
3657 2472 3718 2524 ἐν

2135 2568 2213 2639 τῷ
2247 2566 2553 2637 καυχᾶσθαι
2600 2566 2657 2619 δὲ
2704 2565 2884 2636 μόνον,
2925 2564 3061 2618 ἀλλά
3116 2565 3210 2618 καὶ
3242 2566 3300 2617 ἐν
3350 2563 3430 2634 τῷ
3465 2563 3719 2635 ὑϐρίζειν

2135 2658 2372 2718 τοιοῦτος
2394 2657 2540 2731 [506]
2565 2654 2653 2730 ἦν.
2673 2657 2866 2711 Καίτοι
2905 2658 3001 2711 καὶ
3025 2655 3184 2710 τοῦτο
3211 2655 3593 2726 κεκωλυμένον
3619 2652 3715 2726 ἦν,

2135 2749 2196 2802 τὸ
2229 2747 2470 2821 ὑϐρίζειν
2500 2749 2727 2818 ἀδελφὸν
2748 2789 2764 2813 ,
2796 2746 2912 2801 ἀλλ’
2953 2745 3095 2800 οὕτω
3139 2747 3235 2800 καὶ
3263 2745 3441 2816 τούτῳ
3484 2745 3720 2809 δεόντως

2138 2842 2408 2912 ἐχρήσατο
2437 2839 2617 2906 πάλιν,
2645 2838 2722 2902 ὡς
2753 2839 2860 2891 τῶν
2888 2837 3346 2909 ἐγκωμιαζόντων
3375 2837 3387 2875 -’
3395 2836 3594 2906 μᾶλλον
3624 2836 3721 2890 εὑ-

2136 2933 2450 3003 δοκιμῆσαι.
2484 2931 2586 2984 Διά
2620 2948 2703 2983 τοι
2736 2928 2893 2983 τοῦτο
2936 2929 3030 2981 καὶ
3068 2928 3314 2990 Γαλάτας
3341 2926 3524 2980 καλῶν
3552 2927 3721 2997 ἀνοή-

2136 3039 2260 3085 τους
2289 3022 2380 3076 x01
2408 3020 2555 3087 ἅπαξ
2583 3021 2678 3073 καὶ
2707 3019 2808 3082 61;,
2840 3019 2936 3073 καὶ
2966 3016 3190 3088 Κρῆτας
3219 3016 3492 3087 γαστέρας
3513 3015 3719 3086 ἀργὰς,

2139 3113 2232 3164 καὶ
2260 3111 2423 3182 θηρία
2454 3108 2633 3171 κακὰ,
2678 3108 2772 3161 καὶ
2814 3106 3060 3160 ἐντεῦθεν
3097 3103 3559 3176 ἀνακηρύττεται.
3602 3105 3722 3159 Καὶ

2139 3203 2248 3274 γάρ
2279 3203 2402 3276 ὅρον
2436 3203 2568 3271 ἡμῖν
2608 3199 2774 3252 ἐδωκε
2816 3199 2911 3250 x01
2952 3197 3186 3260 κανόνα,
3222 3195 3365 3248 ὥστε
3412 3196 3522 3248 τῶν
3573 3196 3722 3250 κατά

2140 3292 2270 3345 Θεὸν
2317 3289 2700 3361 ἀμελουμένων
2751 3288 2824 3358 μὴ
2874 3285 3174 3357 κεχρῆσθαι
3223 3285 3512 3358 θεραπείᾳ,
3579 3285 3723 3340 ἀλλὰ

2143 3382 2579 3454 πληκτικώτερον
2612 3379 3010 3452 μεταχειρίζειν
3031 3377 3123 3430 τὸν
3151 3377 3327 3446 λόγον.
3360 3379 3470 3430 Καὶ
3499 3379 3720 3430 πάντων

2146 3475 2319 3546 μέτρα
2345 3474 2463 3527 ἐστὶ
2493 3475 2620 3544 παρ’
2657 3471 2808 3540 αὐτῷ
2837 3471 3092 3540 κείμεναο
3116 3470 3206 3523 διὰ
3244 3469 3308 3541 δὴ
3349 3469 3507 3522 τοῦτο
3537 3469 3720 3524 πάντα

2144 3568 2312 3621 ποιῶν
2348 3569 2444 3620 καὶ
2487 3566 2663 3635 λέγων
2695 3563 2970 3636 εὐδοκίμει
2996 3603 3010 3628 ,
3044 3565 3139 3618 καὶ
3169 3564 3408 3634 ὑϐρίζων
3439 3564 3534 3616 καὶ
3561 3565 3724 3616 ἐπαι-

2143 3659 2270 3724 νῶν,
2299 3659 2394 3712 καὶ
2424 3657 2899 3729 ἀποστρεφόμενος
2931 3658 3026 3710 x01
3055 3655 3402 3728 θεραπεύων,
3426 3655 3526 3708 x01
3559 3655 3724 3709 ἐπαί-

2147 3769 2255 3823 ρων
2283 3751 2503 3813 ἐαυτδν,
2552 3751 2647 3803 καὶ
2695 3748 3028 3820 μετριάζων,
3055 3749 3151 3800 καὶ
3198 3745 3588 3817 καυχώμενος,
3627 3747 3725 3800 καὶ

2143 3840 2461 3906 ταλανίζων.
2498 3843 2608 3894 K01
2635 3841 2688 3894 τί
2717 3839 3038 3911 θαυμάζεις,
3075 3841 3123 3892 εί
3155 3837 3314 3909 ὕϐρις
3346 3837 3443 3891 καὶ
3483 3837 3726 3908 λοιδορία

2145 3935 2441 4004 εὐδοκιμεῖ,
2471 3933 2602 3987 ὅπου
2627 3950 2692 4000 γε
2723 3933 2816 3987 καὶ
2854 3933 3012 4002 φόνος
3049 3929 3378 4000 εὐδοκίμησε
3406 3929 3503 3982 καὶ
3531 3929 3723 3994 ἀπάτη

2146 4029 2240 4082 καὶ
2270 4027 2440 4090 δόλος,
2467 4027 2562 4080 καὶ
2585 4025 2676 4078 ἐπὶ
2701 4025 2800 4096 τῆς
2827 4025 3093 4090 Παλαιᾶς,
3113 4023 3208 4077 καὶ
3237 4023 3331 4075 ἐπὶ
3353 4021 3455 4092 τῆς
3473 4021 3725 4091 Καινῆς;

2148 4121 2310 4174 Ταῦτ’
2342 4115 2433 4173 οὖν
2462 4121 2676 4174 ἅπαντα
2707 4116 2846 4188 μετὰ
2877 4115 3166 4190 ἀκριϐείας
3196 4113 3593 4178 ἐξετάσαντες,
3627 4113 3727 4165 x01

2151 4209 2361 4264 Παῦλον
2394 4209 2783 4281 θαυμάσωμεν,
2817 4207 2912 4260 καὶ
2951 4206 3042 4259 τὸν
3082 4205 3217 4259 Θεὸν
3247 4203 3588 4274 δοξάσωμεν,
3627 4203 3726 4256 καὶ

2151 4305 2311 4374 ἡμεῖς
2347 4302 2518 4365 οὕτως
2547 4301 2708 4356 αὑτὸν
2741 4297 3263 4370 μεταχειρισόμεθα,
3309 4297 3397 4349 ἴνα
3429 4297 3524 4348 καὶ
3571 4293 3727 4348 06:01

2151 4393 2257 4445 τῶν
2282 4392 2511 4447 αἰωνίων
2540 4390 2882 4460 ἐπιτύχωμεν
2921 4388 3164 4455 ἀγαθῶν,
3191 4389 3375 4460 χάριτι
3407 4388 3504 4441 καὶ
3533 4387 3724 4456 φιλαν-

2155 4487 2372 4558 θρωπίᾳ
2393 4483 2489 4538 τοῦ
2533 4483 2738 4553 Κυρίου
2768 4481 2926 4552 ἡμῶν
2970 4481 3144 4553 Ἰησοῦ
3170 4479 3430 4554 Χριστοῦ,
3463 4473 3509 4548 ᾧ
3541 4481 3576 4551 ἡ
3601 4477 3729 4544 δόξα

2149 4579 2243 4632 καὶ
2272 4577 2333 4629 τὸ
2357 4575 2576 4646 κράτος,
2596 4572 2693 4627 νῦν
2722 4572 2818 4628 καὶ
2851 4573 2958 4640 ἀεὶ,
2995 4573 3092 4628 καὶ
3123 4574 3204 4636 είς
3228 4573 3354 4636 τοὺς
3386 4571 3595 4636 αἰῶνας
3618 4569 3730 4626 τῶν

2149 4668 2380 4722 αἰώνων.
2423 4666 2616 4737 Ἀμήν.

497 4898 3709 4946 ..________________________________________

1393 5137 1500 5190 ΕΙΣ
1537 5136 1672 5191 ΤΟΝ
1709 5135 1918 5191 ΛΠοΝ
1955 5141 2364 5196 ΑΠΟΣΤΟΛΟΝ
2400 5136 2704 5196 ΠΛΥΛΟΝ.

1117 5657 1302 5726 Λόγγος
1344 5663 1416 5721 ς’.

2166 5655 2373 5709 Παύλου
2405 5657 2497 5710 καὶ
2530 5657 2834 5729 θαυμαστὰ,
2864 5657 2900 5712 ἀ
2932 5659 3081 5712 δοκεῖ
3105 5657 3252 5730 παρά
3280 5675 3390 5713 τισι
3411 5657 3584 5730 λαϐήν
3609 5675 3727 5712 τινα

560 5744 818 5802 Βούλεσθε
849 5749 1103 5822 τήμερον,
1134 5747 1426 5820 ἀγαπητοὶ,
1448 5745 1706 5820 παρέντες
1740 5746 1806 5802 τά
1837 5748 2046 5820 μεγάλα
2160 5747 2342 5820 ἔχειν,
2401 5748 2572 5803 ταῦτα
2600 5753 2694 5822 ,εἰς
2744 5751 2902 5822 μέσον
2965 5751 3275 5822 ἀγάγωμεν,
3330 5751 3424 5806 καὶ
3469 5749 3579 5822 γὰρ
3621 5748 3712 5802 καὶ
