3876 6286
160 365 258 422 501

161 475 370 533 misisse
395 478 678 528 contentus
700 477 784 525 est
803 510 820 536 ,
846 465 939 524 sed
965 482 1152 523 rursus
1180 467 1516 538 ingressurus
1537 464 1590 518 in
1619 463 1738 518 lau-

161 570 289 632 des.
332 566 677 634 semetipsum
707 561 966 625 occultat,
999 569 1053 615 et
1079 558 1246 614 dicit;
1296 557 1418 613 Scio
1446 557 1738 622 hominem,

161 673 213 717 et
234 661 450 725 iterum,
483 657 587 711 Pro
612 655 904 728 hujusmodi
924 652 1196 724 gloriabor,
1228 668 1322 721 pro
1365 665 1442 703 me
1467 657 1635 703 autem
1658 650 1745 702 ni-

164 755 252 807 hil.
277 748 855 821 Postqueltmcomnia,
886 745 1074 799 Factus
1102 762 1213 799 sum
1240 744 1480 813 insipiens
1499 783 1514 808 ,
1549 741 1736 812 inquit,

164 863 248 900 ros
277 861 359 898 me
378 842 607 914 coegistis
639 840 838 910 (λοστ.
867 838 947 894 12.
978 839 1032 892 2.
1079 847 1124 890 et
1153 837 1210 892 5.
1237 846 1282 890 et
1310 835 1418 906 11).
1447 835 1576 902 Quis
1618 849 1745 903 ergo

165 947 270 990 tam
302 935 496 990 stultus
512 973 528 996 ,
557 932 677 1002 quis
703 931 770 984 ita
792 929 1090 994 inveniatur
1115 927 1260 981 omni
1277 941 1438 981 sensu
1460 941 1521 980 ac
1540 925 1746 978 ratione

164 1029 402 1098 privatus
421 1065 436 1091 ,
469 1025 558 1094 qui
582 1023 771 1077 videns
791 1030 1030 1074 sanctum
1061 1019 1209 1073 illum
1231 1058 1246 1084 ,
1274 1019 1434 1073 etiam
1456 1032 1576 1071 cum
1601 1023 1746 1069 tanta

165 1119 212 1172 ci
253 1116 548 1172 necessitas
593 1113 924 1177 immineret,
964 1120 1303 1165 cunctantem
1355 1119 1532 1166 tamen
1587 1116 1748 1177 atque

165 1217 492 1263 metuentem
531 1203 732 1274 grande
760 1204 955 1274 aliquid
984 1203 1051 1257 de
1094 1203 1271 1271 scipso
1301 1202 1479 1270 loqui,
1511 1209 1565 1256 et
1612 1201 1750 1255 sicut

167 1318 364 1372 equum
407 1315 577 1370 usque
621 1298 686 1351 ad
738 1297 1028 1366 prmeipitia
1088 1295 1353 1349 horrenda
1407 1294 1746 1356 venientem,

167 1409 330 1464 seque
359 1391 554 1461 szepius
597 1389 720 1445 inde
746 1388 1045 1443 trahentem
1067 1429 1082 1453 ,
1115 1397 1168 1441 et
1194 1385 1410 1457 quidem
1441 1400 1560 1440 cum
1585 1392 1751 1441 tanta

168 1488 268 1540 hoc
315 1492 461 1540 esset
513 1481 909 1552 dispensatione
960 1479 1198 1534 facturus
1249 1496 1262 1531 :
1319 1477 1466 1548 quis,
1499 1477 1750 1545 inquam,

167 1578 243 1632 sic
285 1577 357 1629 sit
405 1574 685 1642 insipiens,
738 1571 827 1640 qui
859 1586 962 1624 non
1006 1570 1162 1623 etiam
1190 1568 1393 1636 majore
1430 1565 1753 1621 abundantia

169 1665 433 1720 cautionis
467 1662 652 1719 laudes
701 1675 824 1715 suas
869 1660 1059 1730 fugiat,
1110 1669 1166 1714 et
1217 1674 1359 1714 nunc
1401 1657 1538 1711 forte
1579 1657 1751 1710 solum

168 1757 233 1810 de
287 1756 396 1808 illis
452 1752 649 1823 aliquid
691 1753 946 1821 attingat,
995 1749 1207 1818 quando
1253 1749 1304 1804 id
1363 1737 1753 1818 opportunissi-

170 1863 313 1900 mum
385 1854 594 1911 tempus
676 1843 950 1912 exegerit?
1011 1840 1106 1896 Vis
1156 1849 1210 1895 et
1273 1839 1414 1893 aliud
1481 1839 1576 1893 tibi
1651 1837 1756 1892 tale

171 1954 384 2009 quoque
439 1937 583 1991 illius
630 1935 946 1990 ostendam?
1008 1934 1219 1988 Etenim
1286 1931 1426 1987 istud
1500 1941 1581 1986 est
1636 1945 1756 1984 om-

171 2032 299 2086 nino
373 2029 651 2093 mirabile,
686 2029 806 2098 quia
869 2035 1153 2081 contentus
1207 2040 1313 2079 non
1360 2033 1477 2079 erat
1521 2023 1758 2078 testimo-

174 2124 262 2177 nio
285 2120 625 2176 conscientiae
647 2161 664 2187 ,
693 2118 789 2174 sed
827 2118 988 2174 etiam
1012 2132 1110 2172 nos
1147 2117 1371 2172 docebat
1405 2116 1555 2184 juxta
1599 2131 1758 2186 quam

176 2215 415 2284 regulam
446 2213 502 2267 in
517 2211 603 2266 tali
625 2226 803 2266 rerum
827 2210 1136 2266 discrimine
1159 2209 1758 2275 deberemusincedere,

176 2321 280 2362 non
308 2306 408 2361 sibi
429 2302 796 2360 tantummodo
813 2303 880 2358 de
899 2312 1196 2372 temporum
1220 2300 1535 2356 necessitate
1550 2298 1761 2353 satisfa-

175 2397 406 2452 ctionem
427 2409 828 2466 parans,verum
844 2394 1000 2448 etiam
1017 2393 1150 2447 alios
1161 2391 1629 2461 erudiens,quanta
1641 2405 1764 2448 cum

177 2487 446 2552 cautione,
487 2496 727 2555 tempore
756 2483 1109 2554 efllagitante,
1149 2481 1289 2536 istud
1318 2496 1419 2536 nec
1447 2480 1762 2551 effugerent,

177 2595 280 2636 nec
301 2580 604 2648 importune
633 2577 969 2646 perficerent.
1010 2574 1144 2629 Nam
1166 2589 1263 2644 per
1290 2574 1389 2628 ista
1406 2613 1422 2640 ,
1445 2589 1562 2643 quae
1587 2573 1762 2638 dixit,

179 2670 578 2742 quodammodo
610 2669 739 2725 illud
765 2669 958 2725 effatus
990 2678 1110 2724 est:
1139 2667 1359 2725 Grande
1405 2668 1607 2722 malum
1647 2676 1763 2734 est,

179 2763 559 2827 dilectissime,
597 2761 664 2816 de
709 2761 887 2831 seipse
911 2760 1107 2831 aliquid
1153 2759 1354 2830 grande
1394 2759 1575 2815 dicere
1609 2767 1768 2828 atque
1802 2807 1807 2812 .

180 2854 427 2910 mirabile
451 2893 467 2920 ,
516 2861 875 2922 extremaeque
901 2853 1122 2907 omnino
1146 2851 1432 2907 dementia:
1470 2858 1582 2913 est,
1619 2850 1766 2904 nulla

182 2948 502 3002 imminente
527 2945 846 3000 necessitate
873 2960 1074 3012 rerum,
1095 2952 1151 2999 et
1177 2943 1500 3000 necessitate
1515 2943 1766 3008 violenta,

183 3037 417 3110 propriis
462 3036 705 3091 laudibus
736 3036 872 3090 velle
899 3035 1163 3091 decorari.
1211 3034 1328 3090 Non
1370 3035 1512 3090 enim
1547 3042 1630 3090 est
1669 3033 1772 3087 hoc

185 3129 482 3186 secundum
520 3130 684 3182 Deum
726 3128 902 3196 loqui;
932 3126 1187 3184 indicium
1211 3125 1388 3195 potius
1413 3135 1496 3181 est
1522 3123 1662 3179 istud
1692 3124 1772 3178 in-

185 3221 374 3278 saniae.
419 3219 534 3274 Hoc
574 3217 716 3272 enim
764 3217 917 3272 nobis
941 3231 1154 3272 omnem
1206 3231 1426 3285 prorsus
1470 3215 1771 3270 mercedem

185 3320 414 3368 evacuat
435 3351 450 3377 ,
476 3320 531 3366 et
556 3310 768 3380 quidem
809 3309 1049 3380 plurimis
1085 3309 1360 3364 laboribus
1389 3307 1775 3376 sudoribusque

187 3404 492 3475 quaesitam.
544 3402 672 3456 llaec
700 3402 841 3457 enim
897 3401 1108 3466 omnia,
1157 3400 1346 3470 hisque
1386 3401 1535 3469 plura
1578 3399 1776 3454 dixisse

187 3496 404 3550 videtur
424 3494 489 3548 ad
516 3501 736 3548 cunctos
759 3534 775 3558 ,
799 3492 928 3547 dum
957 3490 1207 3561 loquendi
1233 3491 1300 3547 de
1323 3506 1383 3546 se
1403 3490 1776 3546 necessitatem

189 3585 352 3641 etiam
381 3583 726 3638 excusatione
747 3583 990 3636 munivit.
1018 3582 1112 3637 His
1137 3592 1315 3637 autem
1343 3581 1582 3652 profecto
1607 3583 1780 3651 majus

189 3685 313 3743 est,
365 3676 489 3744 quia
520 3675 835 3730 necessitate
873 3685 1132 3744 cogente,
1165 3690 1271 3730 non
1301 3675 1544 3731 universa
1569 3674 1705 3729 fudit
1725 3675 1779 3729 in

191 3767 432 3822 medium
454 3808 469 3831 ,
500 3766 592 3820 sed
631 3766 778 3834 plura
815 3766 976 3819 etiam
1021 3775 1075 3820 et
1103 3767 1305 3836 majora
1340 3767 1551 3821 celavit.
1595 3765 1777 3831 Venio,

192 3860 406 3929 inquit,
435 3859 504 3912 ad
532 3859 744 3913 visiones
767 3866 813 3911 et
839 3859 1165 3912 revelationes
1203 3857 1336 3925 Dei;
1380 3877 1532 3930 parco
1570 3871 1740 3913 autem
1763 3899 1779 3924 ,

194 3970 259 4006 ne
283 3953 398 4021 quis
427 3953 489 4006 de
512 3967 590 4004 me
610 3951 854 4004 existimet
891 3967 1042 4020 super
1078 3951 1132 4002 id
1162 3951 1296 4017 quod
1337 3951 1468 4004 uidet
1488 3992 1502 4017 ,
1531 3949 1608 4003 uel
1643 3950 1784 4002 audit

195 4043 394 4114 aliquid
421 4059 486 4097 ex
513 4059 591 4095 me
616 4042 693 4114 (‘2.
719 4041 840 4096 Cor.
873 4041 958 4096 l2.
992 4043 1044 4095 1.
1075 4051 1120 4095 et
1145 4041 1223 4111 6).
1255 4041 1366 4095 lloc
1392 4056 1520 4096 vero
1557 4040 1785 4094 dicendo

197 4151 301 4190 nos
322 4133 532 4199 erudit,
560 4141 618 4186 ut
638 4149 703 4186 ne
723 4133 1014 4187 exsistente
1044 4131 1259 4202 quidem
1289 4132 1638 4197 necessitate,
1671 4145 1787 4184 om-

199 4229 287 4283 nia
307 4269 322 4290 ,
346 4242 572 4296 quorum
597 4226 750 4280 nobis
775 4225 978 4280 conscii
1002 4239 1188 4279 sumus
1210 4265 1225 4290 ,
1256 4224 1308 4278 in
1335 4222 1568 4278 medium
1607 4222 1787 4292 profe-

200 4321 374 4376 rendo
419 4319 732 4389 vulgemus,
779 4318 875 4374 sed
920 4333 980 4373 ea
1029 4318 1242 4386 solum,
1293 4333 1411 4387 quae
1454 4317 1788 4371 audientibus

203 4414 352 4467 utilia
373 4411 690 4480 judicamus.

277 4504 495 4561 Samuel
533 4519 586 4558 se
632 4503 827 4557 laudat.
858 4529 930 4544 -ο
969 4502 1228 4570 Quoniam
1275 4510 1329 4557 et
1376 4501 1610 4567 Samuel;
1659 4501 1790 4555 nihil

205 4599 352 4653 enim
383 4596 594 4650 videtur
639 4597 1026 4665 inconsequens
1075 4595 1214 4649 illius
1241 4610 1453 4665 quoque
1484 4596 1791 4650 meminisse

207 4691 413 4751 sancti,
447 4687 499 4740 in
542 4696 778 4740 nostram
807 4685 1068 4756 siquidem
1100 4686 1376 4740 utilitatem
1419 4687 1577 4740 etiam
1609 4686 1792 4741 Iaudes

206 4779 581 4844 proferuntur;
627 4786 678 4832 et
729 4779 873 4846 ipse,
923 4777 1136 4845 inquam
1162 4817 1176 4839 ,
1217 4777 1501 4846 aliquando
1540 4779 1794 4847 gloriatus

206 4881 326 4938 est,
355 4879 412 4925 et
443 4871 652 4939 propria
683 4878 826 4924 recte
853 4868 986 4923 facta
1016 4867 1262 4938 patefecit
1290 4887 1302 4922 :
1349 4869 1443 4924 sed
1472 4871 1645 4939 qualia
1675 4871 1791 4938 illa,

207 4966 434 5034 quzeso?
474 4965 604 5031 Qua:
639 4964 818 5032 utique
854 4976 1177 5032 cognoscere
1215 4963 1550 5018 audientibus
1596 4978 1796 5018 conve-

210 5059 370 5110 niret.
402 5055 520 5109 Non
564 5055 706 5109 enim
753 5069 914 5122 super
934 5053 1126 5108 decore
1172 5053 1468 5124 pudicitiae,
1517 5070 1688 5124 neque
1730 5055 1798 5110 de

212 5143 518 5199 humilitate
537 5186 551 5207 ,
579 5159 752 5213 neque
780 5143 847 5198 de
872 5144 1135 5198 oblivione
1160 5145 1409 5213 loquutus
1443 5154 1526 5199 est
1568 5145 1795 5213 injuriae,
1822 5134 1827 5141 ’

216 5238 309 5292 sed
331 5253 495 5306 super
522 5237 612 5289 tali
641 5251 699 5290 re
728 5235 980 5303 quadam,
1009 5251 1166 5304 quam
1194 5237 1463 5306 prmcipue
1480 5237 1688 5291 discere
1712 5253 1798 5290 re-

1101 5375 1245 5444 DE
1293 5321 3398 5450 mum

1010 353 1100 410 DE
1139 350 1479 409 LAUDIBUS
1515 349 1572 408 S.
1605 347 1807 405 PAULI
1847 344 2202 405 APOSTOLI.
2245 343 2474 403 HOMIL.
2519 343 2606 402 Vl.

3248 425 3250 428 ν
3315 352 3419 407 503

1845 475 1964 532 gem
2001 461 2138 519 illius
2166 461 2421 532 temporis
2442 460 2722 532 oportebat
2751 479 2764 515 :
2795 461 2848 518 id
2868 469 2949 526 est
2966 505 2979 529 ,
3012 461 3083 518 de‘
3103 478 3424 519 conseri-an-

1848 550 1914 605 da
1945 552 2243 621 integritate
2259 551 2476 622 justitite
2497 594 2512 621 ,
2541 561 2596 608 et
2621 554 2864 608 manibus
2903 554 3228 610 abstinendis
3250 570 3278 607 a
3312 571 3426 608 tnu-

1849 645 2083 699 neribus.
2107 645 2270 700 David
2297 649 2455 702 etiam
2499 646 2732 716 glorians
2755 646 2822 702 de
2852 648 2928 700 eis
2954 648 3131 718 utique
3159 626 3432 716 gloriaba:

1851 746 1953 801 tur,
1979 752 2096 806 qum
2120 737 2405 792 emendare
2440 738 2736 793 auditorem
2757 738 3013 793 valerent.
3063 738 3245 806 Neque
3285 739 3428 793 enim

1849 828 1916 883 de
1936 844 1994 882 se
2023 829 2176 882 aliam
2208 831 2645 898 commemoravit
2693 831 2780 886 ille
2809 831 3057 886 virtutem
3078 873 3092 896 ,
3125 832 3218 887 sed
3247 847 3429 887 ursum

1848 929 2008 988 atque
2033 919 2239 973 leonem
2265 920 2480 975 adduxit
2509 921 2562 975 in
2585 921 2815 976 medium
2837 964 2852 989 ,
2879 931 3038 993 atque
3052 922 3191 977 aliud
3214 936 3434 992 prorsus

1851 1011 1978 1065 nihil
2010 1013 2086 1081 (1.
2136 1012 2262 1082 Reg.
2295 1013 2380 1066 17.
2414 1013 2530 1086 54).
2570 1015 2778 1068 Etenim
2833 1015 2989 1069 altius
3041 1015 3107 1069 de
3133 1031 3192 1069 se
3241 1015 3434 1072 efferre

1851 1118 2152 1158 sermonem
2191 1104 2406 1173 gloriosi
2445 1113 2528 1159 est
2569 1113 2623 1159 et
2661 1105 2949 1160 insolenter
2977 1119 3096 1160 sese
3132 1105 3384 1174 jactantis
3416 1121 3431 1156 τ

1851 1197 2029 1252 dicere
2048 1207 2224 1252 autem
2256 1198 2339 1252 illa
2360 1214 2478 1267 qua:
2498 1199 2774 1265 pra'sentis
2794 1200 2868 1252 rei
2889 1214 3046 1254 causa
3071 1198 3436 1252 tantummodo

1853 1291 2150 1345 necessaria
2202 1301 2326 1345 sunt
2377 1291 2585 1356 futura,
2637 1294 2863 1347 amantis
2906 1299 2991 1347 est
3046 1292 3437 1362 multorumque

1852 1382 2132 1438 commoda
2161 1384 2459 1453 cogitantis.
2491 1384 2605 1438 Hoc
2647 1385 2821 1454 itaque
2847 1383 2969 1440 fecit
3001 1394 3055 1440 et
3082 1385 3279 1440 Paulus
3300 1427 3315 1450 ,
3346 1384 3436 1454 qui

1855 1489 2028 1529 cuma
2059 1474 2520 1544 pseudoapostolis
2570 1487 2897 1546 carperetur,
2945 1477 3094 1547 quasi
3148 1494 3252 1532 non
3295 1487 3440 1532 esset

1857 1565 2108 1636 probatus
2145 1568 2450 1636 apostolus,
2503 1584 2604 1623 nec
2650 1568 2852 1623 habens
2889 1584 2918 1622 a
2947 1569 3160 1622 Christo
3207 1570 3438 1638 aliquam

1857 1667 2203 1730 potestatem,
2252 1669 2468 1729 propter
2509 1660 2923 1716 obtrectationes
2971 1660 3129 1717 falsas
3169 1662 3219 1714 in
3261 1662 3442 1717 laudes

1857 1766 1981 1808 suas
2010 1753 2087 1808 ire
2111 1753 2417 1822 compulsus
2441 1761 2556 1820 est,
2583 1769 2702 1822 qua:
2732 1754 2961 1808 maxime
2990 1752 3298 1822 dignitatem
3327 1752 3441 1821 ejus

1858 1843 2219 1898 ostenderent.
2258 1842 2489 1897 Videsne
2529 1843 2687 1912 igitur
2722 1857 2818 1912 per
2846 1851 3041 1911 quanta
3073 1842 3313 1898 docuerit
3349 1858 3444 1896 au-

1859 1935 2085 1990 ditorem
2128 1950 2234 1988 non
2280 1935 2508 1989 inaniter
2547 1933 2800 2005 gloriari?
2851 1935 3030 1988 Primo
3073 1934 3284 2004 quidem
3316 1933 3443 1988 dum

1861 2027 2093 2082 ostendit
2119 2042 2177 2082 se
2198 2025 2338 2082 istud
2354 2026 2595 2082 adactum
2620 2025 2935 2081 necessitate
2952 2025 3158 2080 fecisse.
3175 2025 3444 2090 Secundo,

1861 2117 1987 2172 dum
2018 2126 2192 2173 tamen
2222 2133 2279 2172 se
2301 2117 2634 2186 insipientem
2652 2118 2892 2183 vocavit,
2923 2125 2978 2172 et
2999 2117 3237 2188 plurimis
3260 2116 3450 2171 laudes

1863 2223 1986 2263 suas
2029 2208 2480 2264 satisfactionibus
2525 2208 2857 2278 temperavit.
2912 2207 3124 2272 Tertio,
3177 2209 3298 2277 quia
3339 2221 3446 2262 non

1863 2307 2054 2354 cuncta
2084 2297 2360 2354 confessus
2383 2307 2492 2362 est,
2522 2298 2618 2352 sed
2645 2298 2844 2367 majora
2872 2298 3201 2367 suppressit,
3249 2307 3303 2352 et
3347 2298 3450 2354 hoc

1865 2403 2040 2456 certe,
2093 2407 2212 2446 cum
2263 2392 2579 2446 necessitate
2599 2391 2824 2461 quadam
2872 2391 2922 2444 in
2953 2405 3046 2444 sua
3068 2391 3333 2460 pra-conia
3359 2406 3451 2446 co-

1865 2493 2101 2553 geretur.
2153 2481 2388 2548 Quarto,
2435 2481 2559 2535 dum
2609 2481 2709 2535 sub
2756 2481 2974 2534 alterius
3012 2495 3237 2550 persona
3283 2479 3452 2545 dixit,

1871 2576 1992 2631 Scio
2045 2577 2300 2631 hominem
2347 2576 2428 2646 (2.
2469 2574 2586 2631 Cor.
2643 2575 2731 2630 12.
2776 2575 2854 2646 2).
2900 2576 3131 2643 Quinto,
3179 2592 3299 2630 cum
3345 2591 3453 2630 non

1868 2683 2055 2723 omnes
2105 2668 2329 2723 virtutes
2376 2682 2500 2722 suas
2541 2667 2761 2722 adduxit
2795 2669 2847 2721 in
2891 2667 3144 2732 medium,
3195 2667 3290 2722 sed
3337 2682 3456 2722 eam

1870 2771 2074 2831 partem
2101 2801 2115 2827 ,
2164 2774 2320 2829 quam
2351 2774 2587 2829 prmsens
2629 2767 2839 2828 tempus
2886 2760 3118 2817 maxime
3162 2758 3454 2829 ﬂagitabat.

1869 2855 2052 2926 Neque
2098 2869 2223 2910 vero
2269 2853 2337 2909 de
2365 2869 2422 2909 se
2453 2848 2819 2908 tantummodo
2865 2852 3168 2924 gloriando,
3213 2850 3458 2906 eumdem

1872 2947 2125 3002 virtutum
2168 2961 2385 3000 suarum
2413 2945 2660 3000 servabat
2687 2955 2960 3012 tenorem,
3003 2943 3352 2999 verutnetiam
3405 2943 3460 2998 in

1873 3040 2008 3094 alios
2029 3080 2044 3105 ,
2076 3054 2196 3108 quae
2226 3038 2543 3093 viderentur
2563 3037 2819 3108 injuriosa
2842 3079 2858 3104 ,
2889 3037 3132 3093 dicendo.
3163 3037 3293 3092 Nam
3319 3037 3460 3106 iniu.-

1874 3133 2008 3187 riam
2033 3131 2228 3186 inferre
2254 3130 2403 3186 fratri
2433 3131 2570 3186 inter
2588 3119 2854 3202 prohibita
2873 3142 3186 3188 numeratur
3205 3149 3220 3198 ;
3243 3132 3337 3188 sed
3362 3131 3463 3186 hac

1876 3239 2088 3295 quoque
2111 3223 2290 3293 specie
2329 3223 2400 3277 ita
2429 3223 2626 3278 Paulus
2655 3235 2955 3294 opportune
2981 3240 3108 3281 usus
3135 3233 3218 3280 est
3243 3234 3298 3280 et
3327 3241 3463 3280 con—

1877 3332 2035 3386 grue,
2068 3325 2124 3371 ut
2170 3317 2338 3387 magis
2364 3316 2523 3372 etiam
2551 3332 2708 3386 quam
2751 3316 2973 3372 laudans
3011 3317 3248 3386 placeret
3278 3332 3291 3369 :
3332 3331 3464 3387 pro-

1879 3420 2062 3479 pterea
2079 3419 2128 3464 et
2145 3409 2355 3464 Galatas
2385 3409 2682 3464 insensatos
2708 3419 2862 3464 vocat
2895 3408 3035 3479 (Gal.
3060 3410 3112 3464 '5.
3140 3407 3228 3476 1.);
3257 3417 3310 3462 et
3337 3409 3466 3462 CN}?

1881 3509 2060 3555 tenses
2086 3543 2099 3567 ,
2141 3508 2353 3556 ventres
2375 3501 2592 3570 pigros,
2624 3510 2678 3554 et
2704 3500 2901 3556 bestias
2943 3501 3110 3554 malas
3199 3495 3215 3567 (
3253 3499 3357 3552 Tit.
3409 3500 3464 3553 1.

1883 3591 1971 3660 12)
2001 3609 2013 3643 :
2047 3598 2117 3661 et
2145 3600 2320 3646 tamen
2351 3591 2476 3646 hinc
2505 3594 2664 3646 etiam
2708 3591 3046 3661 prmdicatur.
3080 3591 3240 3646 Fines
3269 3592 3467 3645 etenim

1885 3681 2040 3735 nobis
2067 3681 2316 3750 exemplo
2359 3697 2454 3736 suo
2485 3682 2669 3736 statuit
2691 3697 2754 3736 ac
2789 3684 3028 3752 regulas,
3057 3692 3114 3736 ut
3141 3682 3470 3752 neglectores

1884 3771 2171 3825 voluntatis
2198 3772 2292 3826 Dei
2339 3788 2668 3842 nequaquam
2717 3787 2843 3826 cura
2888 3772 3092 3826 leniore
3140 3780 3467 3836 tractemus,

1887 3863 1980 3918 sed
2010 3879 2310 3917 sermonem
2341 3863 2395 3917 in
2447 3878 2570 3928 eos,
2605 3864 2691 3932 qui
2719 3863 2878 3932 paulo
2925 3863 3145 3932 rigidius
3177 3862 3467 3931 percutiat,

1887 3952 2198 4022 dirigamus.
2247 3952 2496 4006 Omnium
2538 3945 2799 4021 siquidem
2858 3967 3120 4005 mensura:
3159 3962 3283 4006 sunt
3335 3952 3472 4019 apud

1889 4043 2033 4099 illum
2061 4044 2281 4109 locatae,
2309 4058 2371 4097 ac
2395 4052 2671 4112 propterea
2702 4057 2860 4095 omne
2889 4041 3030 4111 quod
3058 4041 3287 4105 dixerit,
3317 4057 3476 4097 omne

1890 4137 2031 4208 quod
2058 4136 2244 4192 fecerit
2262 4179 2276 4202 ,
2305 4136 2478 4206 placet
2506 4153 2518 4189 :
2546 4143 2601 4188 et
2624 4134 2879 4190 conviciis
2916 4133 3212 4189 coercendo
3234 4174 3248 4198 ,
3278 4144 3332 4187 et
3359 4134 3473 4188 lau-

1891 4229 2048 4284 dibus
2078 4226 2445 4298 provocando,
2475 4227 2740 4281 austerius
2781 4227 2988 4296 aliquos
3030 4226 3329 4281 accusando
3355 4268 3368 4294 ,
3419 4237 3476 4281 ct

1893 4321 2136 4375 blandius
2205 4317 2576 4381 admonendo;
2629 4327 2683 4372 et
2729 4333 2849 4371 cum
2902 4317 3057 4372 ell'ert
3105 4317 3370 4388 seipsum,
3426 4329 3480 4373 et

1894 4428 2078 4466 rursus
2103 4426 2222 4465 cum
2253 4409 2473 4479 deponit
2498 4425 2560 4464 ac
2577 4409 2785 4478 dejicit,
2814 4418 3006 4462 etcum
3029 4409 3098 4463 de
3122 4424 3180 4463 se
3199 4409 3471 4479 gloriatur.

1895 4512 1951 4559 et
1976 4519 2094 4558 cum
2125 4503 2360 4571 seipsum
2389 4503 2690 4558 miseretur.
2742 4501 2812 4555 Et
2839 4501 2964 4571 quid
2994 4502 3184 4556 mirum
3211 4504 3254 4555 si
3290 4501 3479 4570 injuria

1897 4606 1951 4650 et
1977 4595 2316 4651 maledictum
2347 4594 2560 4665 placet,
2611 4593 2825 4664 quando
2853 4595 3049 4664 placuit
3092 4604 3146 4649 et
3173 4596 3377 4659 caedes,
3426 4604 3482 4649 et

1899 4689 2050 4743 dolus
2079 4689 2293 4758 quidem
2342 4697 2501 4758 atque
2543 4687 2786 4756 deceptio
2815 4702 2922 4741 non
2973 4687 3024 4740 in
3059 4695 3242 4742 vetere
3272 4687 3442 4741 solum
3465 4729 3482 4751 ,

1901 4779 1992 4834 sed
2018 4779 2067 4832 in
2094 4795 2232 4834 novo
2258 4779 2419 4834 etiam
2450 4777 2834 4833 Testamento?
2861 4777 2984 4832 llzec
3010 4777 3188 4831 omnia
3219 4778 3375 4847 igitur
3398 4776 3480 4830 di-

1898 4874 2080 4944 ligenti
2106 4874 2352 4929 examine
2391 4873 2750 4943 ponderantes
2791 4871 3119 4926 admiremur
3144 4871 3364 4925 Paulum
3388 4909 3400 4932 ,
3429 4878 3484 4922 et

1901 4966 2256 5036 glorificemus
2287 4965 2452 5018 Deum
2473 5004 2488 5029 ,
2529 4971 2586 5017 ut
2618 4963 2716 5031 ipsi
2737 4963 2898 5017 etiam
2930 4963 3065 5017 bona
3093 4975 3482 5029 consequamur

1903 5067 2132 5123 aeterna,
2173 5055 2342 5125 gratia
2373 5061 2429 5108 et
2476 5053 2838 5108 misericordia
2895 5052 3101 5106 Domini
3149 5051 3314 5104 nostri
3353 5049 3480 5102 Jesu

1904 5149 2128 5213 Christi,
2156 5149 2239 5202 cui
2270 5158 2349 5202 est
2377 5147 2542 5217 gloria
2574 5156 2627 5202 et
2655 5148 2932 5217 imperium
2958 5186 2972 5212 ,
3007 5158 3147 5197 nunc
3173 5151 3226 5196 ct
3250 5156 3482 5209 semper,

1911 5249 1964 5293 et
1985 5241 2037 5292 in
2065 5238 2255 5292 saecula
2283 5239 2621 5292 smculorum.
2658 5241 2848 5291 Amen.

3401 5322 3472 5334 ..ι-..ι

1685 5504 1999 5549 ΑΡοεΤοιῐ.

1570 5634 1800 5648 ᾑ-

853 5723 1066 5763 ΠΟΜΙΗΑ
1101 5725 1173 5762 Vl.

297 5793 532 5850 Primum
561 5811 728 5851 eorum
755 5813 864 5869 quo:
889 5800 938 5856 in
967 5798 1131 5859 Paulo
1152 5800 1582 5872 reprehenduntur
1619 5817 1635 5857 :
1663 5819 1804 5857 man—

1816 5618 2145 5659 Elia-—

1910 5707 2029 5760 duta
2060 5709 2156 5762 Dei
2183 5709 2456 5778 possibilia.
2493 5734 2561 5746 -—
2593 5705 2764 5760 Vultis
2796 5704 2980 5770 hodie,
3018 5704 3208 5761 fratres
3248 5704 3484 5760 dilectis-

1914 5803 2031 5858 simi
2057 5842 2071 5871 ,
2100 5803 2187 5872 qui
2217 5800 2463 5860 audiendi
2491 5799 2666 5858 studio
2703 5799 2804 5856 huc
2834 5799 3186 5871 convenistis,
3213 5809 3270 5857 ut
3295 5793 3485 5870 magna
