3876 6286
360 259 469 339 303

369 409 516 474 gesta
546 380 693 455 Pauli
722 393 883 468 atque
911 393 1166 467 praeclara
1197 435 1213 458 ,
1250 407 1372 463 quae
1407 391 1557 461 juata
1598 384 1948 458 quorumdam

1106 262 1168 331 Β.
1208 266 1487 330 ιοΑΝΝιε
1523 266 1996 326 CHRYSOSTOMI

2112 263 2352 322 lCHlEP.
2390 242 2925 320 CONSTAN'I‘INOP‘.

3544 224 3655 302 itii

2064 413 2216 461 tuere
2242 401 2425 473 plagas
2449 395 2866 467 reprehensione
2904 390 3123 461 dignum
3148 394 3232 445 est
3254 425 3268 452 ,
3304 383 3401 441 sed
3431 378 3658 455 propter

375 493 732 564 sttspiciOnem
770 489 970 546 habere
995 487 1253 542 ‘videntur
1291 486 1317 561 l.
1340 481 1541 553 aliquid
1573 475 1954 550 reprehensio-
2060 496 2333 568 plagarum
2376 499 2576 546 meum,
2607 485 2804 557 aliquid
2848 482 3123 552 imﬁgnum
3160 476 3358 549 ρίοιηιο
3396 474 3657 529 commit.

380 586 463 640 nis
484 626 504 653 ,
532 585 583 640 in
612 582 844 638 medium
886 578 1256 652 proferamus?
1294 574 1505 631 Etenim
1531 572 1865 628 inveniemus
1889 571 1954 626 il-

382 668 492 733 lum
516 689 618 731 non
644 674 819 729 minus
846 687 910 728 ex
938 672 1021 727 his
1045 713 1058 735 ,
1082 685 1239 742 quam
1264 684 1329 724 ex
1358 666 1567 722 caeteris
1584 665 1787 721 clarum
1815 661 1958 718 efﬁci

383 767 541 839 atque
570 764 929 835 magniﬁcum.
958 756 1222 830 Quidnam
1253 758 1383 816 illud
1406 773 1535 829 ergo
1569 760 1673 821 eat,
1703 754 1847 826 quod
1877 770 1963 810 re-

385 854 742 929 piehensibile
760 850 1027 924 iudicatur
1049 844 1071 907 ’ἓ
1092 852 1252 907 Visus
1271 861 1373 916 est,
1401 849 1664 919 inquiunt,
1683 843 1966 916 aliquando

388 949 568 1021 plagas
594 946 786 1001 timere
815 962 829 1000 :
859 944 996 1015 quod
1024 948 1170 999 certe
1194 943 1340 997 visus
1365 951 1468 1008 est,
1499 935 1714 1010 quando
1740 951 1863 992 eum
1888 935 1969 990 ιοέ

387 1020 693 1092 risinili‘tes
725 1033 1034 1090 tutuderunt
1055 1073 1071 1099 ,
1115 1047 1286 1103 neque
1326 1041 1454 1085 vero
1481 1029 1652 1084 selum
1683 1035 1809 1081 tunc
1830 1066 1847 1090 ,
1873 1020 1970 1080 sed

390 1128 519 1183 alias
545 1142 753 1197 quoque
771 1124 909 1195 apud
936 1124 1077 1178 illam
1100 1127 1352 1194 purpurae
1364 1119 1734 1185 venditricem,
1757 1115 1971 1188 quando

391 1219 549 1273 etiam
576 1231 766 1273 causas
791 1215 930 1286 apud
952 1216 1071 1270 illos
1096 1213 1366 1281 movebat,
1397 1211 1489 1281 qui
1518 1225 1637 1265 eum
1664 1208 1733 1263 de
1754 1220 1973 1263 carcere

391 1308 500 1378 jam
543 1308 771 1365 educere
801 1305 1140 1362 festinabant.
1187 1303 1330 1359 Nihil
1378 1302 1519 1357 enim
1563 1298 1707 1354 aliud
1747 1298 1850 1353 ista
1893 1295 1973 1350 la-

394 1397 622 1463 ciendo,
659 1397 762 1451 nisi
800 1396 1014 1450 sibimet
1051 1394 1153 1464 ipsi
1176 1393 1538 1449 defensionem
1568 1389 1821 1461 parabat,
1850 1396 1905 1443 et
1931 1387 1978 1442 si

396 1487 526 1560 quid
550 1490 738 1544 horum
768 1488 1005 1559 fugeret,
1045 1502 1113 1542 ne
1142 1487 1196 1541 in
1221 1500 1283 1541 ea
1322 1486 1436 1554 ipsa
1460 1480 1649 1538 rursus
1678 1476 1935 1537 incideret
1959 1521 1976 1546 ,

399 1581 730 1651 providebat.
754 1579 892 1647 Quid
913 1579 1070 1650 igitur
1093 1576 1332 1633 dicemus
1352 1576 1375 1631 2
1396 1575 1668 1646 Siquidem
1696 1572 1828 1628 nihil
1856 1582 1980 1627 eum

407 1673 481 1726 ita
526 1674 775 1741 magnum
819 1679 978 1740 atque
1023 1665 1356 1736 mirabilem,
1398 1675 1458 1722 ut
1497 1659 1612 1721 haec
1640 1664 1781 1720 di'cta
1809 1663 1984 1719 decla-

405 1753 563 1832 iant,
591 1764 714 1833 quia
741 1762 923 1832 utique
961 1770 1016 1816 et
1044 1761 1204 1816 talem
1236 1758 1439 1814 habens
1476 1757 1710 1812 animam
1731 1796 1748 1822 ,
1772 1754 1827 1810 id
1855 1761 1939 1809 est
1965 1794 1982 1821 ,

406 1862 514 1910 non
539 1854 861 1924 malignitate
886 1852 1112 1922 quadam
1144 1865 1207 1906 ac
1234 1849 1606 1919 deSperatione
1633 1846 1982 1919 praecipitem,

408 1950 464 2001 et
482 1960 675 2015 corpus
697 1943 891 2000 cedens
913 1943 1097 2014 plagis,
1123 1951 1282 2013 atque
1305 1941 1528 1996 verbera
1543 1939 1985 2002 contremiscens,

411 2036 518 2090 non
545 2035 721 2089 minus
752 2043 928 2087 tamen
958 2048 1115 2103 quam
1150 2032 1480 2100 incorporea:
1516 2030 1739 2084 virtutes
1762 2069 1779 2096 ,
1810 2018 1988 2082 omnia

411 2125 503 2179 illa
532 2139 654 2196 quze
690 2124 936 2180 videntur
972 2110 1229 2179 terribilia
1269 2116 1509 2192 despeiit
1534 2163 1550 2189 ,
1581 2135 1701 2176 cum
1729 2120 1832 2175 hoc
1857 2127 1992 2175 tem-

415 2220 514 2285 pus
548 2216 801 2286 exigeret.
829 2208 1053 2282 Quando
1090 2216 1221 2285 ergo
1259 2213 1411 2268 illum
1445 2212 1596 2267 vides
1619 2219 1892 2267 extentum
1924 2208 1992 2264 ad

416 2305 598 2375 plagas
615 2346 632 2373 ,
670 2313 831 2375 atque
856 2312 1181 2359 metuentem
1202 2343 1218 2370 ,
1259 2300 1469 2358 illorum
1496 2300 1778 2357 recordare
1801 2299 1994 2356 Verbo-

421 2412 573 2464 rum,
606 2411 702 2466 per
729 2410 849 2467 qua:
874 2394 1203 2450 transcendit
1228 2395 1297 2448 ad
1325 2393 1511 2448 caelum
1539 2392 1845 2463 ahgélisque
1872 2405 1993 2447 cer-

416 2476 571 2551 iavit.
594 2485 819 2541 dicendo
846 2503 863 2541 ι
895 2484 1022 2553 Quis
1050 2500 1169 2556 ergo
1192 2499 1283 2538 nos
1297 2482 1547 2554 separabit
1562 2499 1594 2536 a
1612 2482 1819 2537 caritate
1845 2480 1996 2538 Chri-

420 2577 521 2633 sti?
546 2577 803 2632 tribulatio
821 2617 837 2644 ,
857 2593 925 2631 an
948 2576 1211 2647 angustia,
1237 2592 1306 2630 an
1334 2575 1647 2646 perscquutio
1669 2613 1686 2641 ,
1716 2590 1784 2628 an
1806 2574 1996 2643 futues,

424 2685 493 2723 an
517 2668 740 2733 auditas,
767 2684 835 2722 an
862 2667 1163 2739 periculum,
1193 2682 1260 2720 an
1283 2665 1486 2738 gladius
1511 2663 1686 2738 (Rom.
1709 2664 1765 2721 8.
1789 2662 1917 2735 55)?
1940 2664 2001 2718 il-

424 2742 702 2830 lorutuque
727 2759 1008 2815 verborum
1031 2767 1298 2813 memento
1316 2797 1333 2825 ,
1360 2756 1552 2828 quibus
1569 2757 1745 2812 omnia
1769 2771 1887 2827 qua:
1911 2771 2000 2826 pa-

425 2850 592 2919 titur,
636 2851 767 2907 nihil
797 2858 917 2908 esse
957 2848 1293 2922 pronuntiat,
1323 2848 1508 2904 dicens
1540 2866 1555 2903 :
1589 2847 1738 2914 Quod
1784 2850 1916 2903 enim
1948 2850 2003 2902 in

429 2942 665 3013 presenti
690 2949 763 2996 est
795 2939 1197 2996 riiomentaneum
1214 2957 1276 2994 ac
1300 2940 1405 2995 leue
1434 2939 1769 2994 tribulationis
1798 2948 2002 3005 nostra,

430 3040 587 3109 supra
631 3036 837 3091 iitodttm'
880 3036 935 3090 iii
970 3034 1274 3090 sublimitate
1304 3032 1546 3089 talentum
1587 3033 1764 3105 glorite
1808 3033 2006 3103 pondus

432 3127 671 3200 operatur
707 3128 761 3182 in
797 3118 938 3182 nobis
959 3168 975 3195 ,
1002 3142 1105 3181 non
1143 3123 1598 3195 contemplantibus
1623 3125 1764 3178 nobis
1793 3136 1906 3194 quae
1942 3125 2009 3177 tti-

433 3221 634 3288 dentur,
653 3220 741 3275 sed
755 3234 868 3289 qua
894 3236 995 3274 non
1023 3217 1253 3273 uidentur
1275 3216 1350 3290 (2.
1371 3215 1489 3272 Cor.
1516 3215 1571 3271 4.
1600 3201 1688 3271 1⁵1.
1719 3212 1830 3288 18).
1858 3213 2008 3272 Adde

434 3311 521 3368 l‘t'is
539 3311 874 3383 quotidianus
900 3310 1289 3373 tribulationes,
1320 3308 1428 3363 imo
1456 3308 1779 3377 singularum
1810 3318 2010 3363 mortes

436 3394 641 3461 dierum
665 3445 681 3470 ,
707 3406 866 3473 atque
888 3403 988 3458 ista
1017 3400 1353 3472 perpendens
1381 3398 1645 3455 admirare
1672 3400 1893 3455 Paulum
1915 3443 1933 3468 ,
1959 3409 2013 3455 et

439 3493 509 3548 de
535 3501 586 3547 te
611 3492 896 3562 desperare
915 3491 1131 3546 desiste.
1162 3489 1288 3546 llzec
1315 3491 1457 3546 enim
1483 3493 1602 3560 quae
1624 3489 1835 3545 'videtur
1865 3490 2015 3544 inﬁr-

439 3585 598 3641 mitas
624 3599 745 3640 esse
764 3591 986 3652 naturae,
1015 3583 1127 3653 ipsa
1146 3591 1229 3638 est
1254 3583 1539 3638 maximum
1561 3582 1676 3653 ejus
1699 3583 1906 3638 virtutis
1928 3582 2014 3637 in-

442 3674 641 3731 dicium
664 3718 678 3740 ,
718 3674 840 3746 quia
870 3674 1028 3730 talem
1066 3688 1125 3730 se
1150 3674 1331 3745 utique
1355 3674 1642 3744 prmstabat
1664 3715 1680 3740 ,
1708 3675 1868 3730 etiam
1892 3690 2016 3730 cum

444 3768 730 3824 multarum
772 3781 951 3822 rerum
997 3766 1315 3823 necessitate
1357 3777 1712 3838 terqueretur.
1755 3767 2019 3834 Quoniam

446 3859 736 3915 enormitas
756 3859 1113 3929 periculorum
1138 3858 1275 3918 hanc
1305 3858 1372 3914 de
1392 3858 1485 3914 illo
1508 3840 1690 3914 multis
1715 3857 2018 3928 opinionem

448 3962 815 4022 suggesserat,
846 3963 896 4008 et
921 3953 1180 4023 suspicari
1207 3958 1302 4007 eus
1335 3951 1574 4021 profecto
1602 3950 1840 4018 fecerat,
1878 3951 2023 4022 quod

447 4058 608 4113 super
643 4042 927 4099 humanam
953 4055 1194 4100 naturam
1221 4045 1309 4100 ille
1332 4043 1634 4115 proﬁciens,
1679 4052 1855 4099 tantus
1882 4042 2024 4098 exsi-

449 4140 615 4189 s‘teret
646 4152 660 4189 :
688 4136 885 4191 idcirco
923 4135 1161 4191 tribulari
1202 4135 1638 4206 permittebatur,
1670 4144 1727 4190 ut
1753 4135 2022 4203 disceres,

449 4232 570 4298 quia
595 4242 717 4284 cum
743 4229 1031 4284 secundum
1060 4238 1299 4283 naturam
1329 4242 1465 4283 unus
1489 4237 1631 4284 esset
1656 4228 1722 4282 de
1748 4227 2022 4297 pluribus;

452 4327 670 4390 prapter
688 4320 1011 4374 voluntatem
1035 4334 1141 4374 non
1167 4318 1337 4374 solum
1359 4333 1518 4388 supra
1542 4320 1739 4374 multos
1759 4318 2026 4385 homines,

453 4421 640 4468 verum
680 4412 840 4467 etiam
870 4424 1005 4466 unus
1039 4419 1183 4466 esset
1205 4406 1277 4466 et
1321 4410 1544 4480 angelis.
1574 4411 1711 4465 Cum
1743 4411 1831 4465 tali
1867 4412 2028 4465 etiam

457 4504 634 4559 anima
666 4503 863 4574 talique
888 4508 1113 4572 corpOre
1140 4502 1340 4557 mortes
1365 4502 1508 4557 mille
1538 4502 1817 4568 tolerabat,
1848 4501 2031 4569 deSpi-

456 4597 634 4652 ciebat
652 4591 952 4664 praesentia,
983 4592 1357 4649 centemnebat
1377 4590 1569 4656 futura,
1601 4593 1741 4648 clara
1772 4593 1855 4646 illa
1877 4601 2034 4662 atque

460 4686 738 4758 lnagnilica
772 4687 930 4742 verba
961 4682 1284 4742 resonabat:
1319 4671 1572 4751 Quoniam
1599 4686 1800 4756 aptavi,
1831 4683 2033 4754 inquit,

460 4790 553 4850 ego
592 4778 702 4846 ipse
740 4777 1006 4831 anathen'za
1045 4793 1152 4830 esse
1193 4793 1226 4831 α
1260 4775 1457 4833 Christo
1493 4767 1617 4829 Iesu
1660 4792 1751 4845 pro
1800 4776 2039 4844 fratribus

462 4871 616 4949 lueis,
646 4869 732 4940 qui
755 4879 872 4924 sunt
897 4870 1100 4940 sagunti
1126 4870 1220 4923 mei
1250 4867 1522 4924 secundum
1551 4879 1751 4921 carnem
1778 4866 1952 4937 (Rom;
1984 4868 2036 4921 9.

465 4965 544 5031 3).
574 4960 833 5018 Possibile
859 4970 941 5017 est
969 4961 1109 5016 ‘enim
1148 4961 1243 5016 Dei
1278 4962 1427 5032 jussa
1472 4960 1759 5030 perlicere,
1808 4959 1851 5011 si
1882 4956 2041 5011 modo

465 5052 698 5112 i‘elimus
734 5067 948 5109 omnem
990 5054 1194 5109 naturae
1232 5048 1637 5124 trepidationem
1665 5050 1912 5110 alacriter
1932 5048 2042 5103 vir—

470 5157 580 5206 tute
613 5153 903 5220 superare,
943 5145 1180 5217 nihilque
1209 5143 1534 5217 impossibile
1558 5148 1639 5200 est
1667 5146 1851 5199 eorum
1873 5182 1888 5205 ,
1924 5148 2044 5212 qua:

466 5250 498 5296 ‘a
518 5240 732 5297 Christo
751 5238 1051 5296 hominibus
1072 5241 1420 5310 imperantur.
1446 5236 1503 5294 Si
1522 5236 1662 5291 enim
1684 5242 1939 5306 quantum
1964 5244 2049 5289 est

470 5334 526 5389 in
553 5333 706 5389 nobis
732 5332 957 5390 velimtts
985 5332 1173 5387 virium
1201 5331 1501 5401 etprimere
1523 5369 1539 5397 ,
1569 5327 1856 5382 maiimum
1886 5326 2047 5379 etiam

470 5424 627 5481 nobis
656 5428 795 5483 Deus
820 5427 1059 5499 adjungit
1096 5424 1382 5486 auxilium,
1414 5431 1573 5490 atque
1597 5420 1704 5485 ita,-
1732 5416 1833 5471 etsi
1873 5415 2048 5469 omnia

475 5514 527 5572 ln
549 5530 648 5573 nos
673 5520 894 5575 adversa
922 5523 1274 5582 concurrant,
1304 5515 1398 5568 tuti
1428 5521 1602 5567 tamen
1629 5509 1681 5562 in
1710 5505 1886 5562 medio
1911 5504 2052 5577 peri-

474 5608 714 5664 culorum
758 5612 1042 5679 intactique
1089 5605 1443 5663 servabimur.
1485 5601 1670 5670 Neque
1717 5606 1894 5652 tamen
1939 5609 2052 5649 me-

540 5702 563 5769 :
591 5705 689 5772 cru
720 5700 871 5772 eum:
889 5699 1031 5772 hodie
1046 5706 1114 5755 αττ
1130 5687 1877 5772 ρηιεειενηξέιιςηεεερξςεςὲἐξταξε
1898 5683 2050 5735 ’πίνω

477 5748 594 5817 iam
612 5748 771 5821 mea.
780 5748 1066 5821 Mittin
1082 5748 1317 5820 quosdam
1341 5756 1517 5813 habere
1535 5752 1774 5812 uidentur,
1798 5756 1894 5800 etc.

2064 592 2199 643 tere.
2220 585 2335 640 Hoc
2371 583 2489 654 ipso
2513 581 2689 646 enim,
2714 592 2821 648 quo
2848 576 3027 645 plagas
3055 573 3239 637 timet,
3265 569 3357 640 qui
3396 568 3452 623 in
3480 577 3661 622 certa-

2065 681 2210 736 mine
2238 693 2344 733 non
2364 674 2611 737 vincitur,
2634 669 3000 727 admirabilior
3017 663 3317 720 ostenditur
3333 702 3351 729 ,
3377 675 3543 731 quam
3566 657 3661 713 ille

2066 770 2162 841 qui
2192 772 2298 825 noh
2318 768 2488 822 timet.
2514 750 2679 835 Magis
2706 760 2847 817 enim
2871 760 2923 813 in
2944 759 3047 813 isto
3065 756 3234 810 virtus
3258 752 3510 822 refulget,
3534 764 3660 803 cum

2071 865 2260 921 vicerit
2285 860 2444 918 etiam
2474 859 2562 915 illa
2591 872 2710 928 qua:
2738 854 2930 910 timuit.
2956 847 3091 907 Nam
3122 848 3303 918 plagas
3328 843 3622 900 formidare
3640 882 3661 907 ,

2073 957 2276 1011 naturae
2314 960 2399 1008 est
2426 969 2440 1006 :
2467 948 2602 1004 nillil
2637 956 2815 1001 autem
2858 942 3111 997 indecens
3149 939 3424 1007 plagarum
3465 934 3666 988 timore

2073 1046 2440 1110 committere,
2485 1038 2773 1096 voluntatis
2825 1040 3070 1090 naturam
3115 1028 3379 1085 infirmam
3422 1025 3671 1096 juvantis

2076 1147 2192 1205 est,
2244 1137 2464 1206 ejusque
2503 1131 2921 1187 imbecillitatem
2957 1139 3050 1181 sua
3100 1123 3296 1176 virtute
3336 1118 3663 1189 superantis.

2080 1227 2170 1285 Sic
2194 1232 2295 1284 nec
2319 1231 2547 1280 maerere
2571 1220 2832 1291 culpabile
2852 1225 2936 1273 est
2959 1258 2975 1282 ,
3008 1215 3100 1270 sed
3124 1228 3219 1283 per
3247 1223 3543 1267 maerorem
3570 1208 3660 1262 ali-

2081 1322 2207 1395 quid
2245 1329 2338 1376 aut
2372 1319 2583 1381 facere,
2619 1323 2710 1370 aut
2737 1313 2917 1367 dicere
2940 1309 3130 1364 eorum
3167 1320 3287 1375 qua:
3323 1300 3673 1395 Dw‘dlSpliJ

2081 1393 2225 1470 cent.
2253 1409 2404 1479 Quod
2433 1409 2480 1464 si
2512 1422 2612 1477 ego
2654 1403 2876 1461 Paulum
2923 1400 3090 1455 fuisse
3133 1395 3404 1451 hominem
3434 1393 3671 1460 denega-

2085 1520 2224 1567 rem,
2253 1478 2446 1557 merito
2474 1497 2604 1553 mihi
2635 1495 2731 1550 has
2769 1478 3083 1562 fragilitates
3123 1496 3328 1543 naturae
3356 1482 3475 1553 ejus
3499 1497 3673 1552 oppo-

2086 1595 2244 1652 neres
2261 1636 2277 1659 ,
2303 1592 2498 1665 quibus
2517 1598 2759 1644 nostrum
2782 1592 2967 1654 posSes
2994 1579 3228 1636 refutare
3254 1589 3592 1632 sermonem.
3617 1571 3682 1626 Si

2087 1693 2219 1744 vero
2238 1687 2352 1756 ipse
2377 1684 2497 1739 dico
2522 1690 2681 1751 atque
2704 1676 2963 1734 cenlirmo
2981 1674 3106 1744 quia
3128 1672 3288 1726 homo
3314 1667 3534 1740 quidem
3557 1665 3676 1731 fuit,

2088 1791 2143 1837 et
2186 1773 2329 1833 nulla
2368 1774 2523 1831 nobis
2560 1774 2721 1828 etiam
2768 1770 2972 1833 natura:
3000 1763 3307 1820 conditione
3335 1757 3681 1831 praestantior

2090 1871 2224 1937 fuit,
2256 1875 2431 1924 tamen
2471 1863 2660 1919 melior
2682 1861 2959 1916 v0luutate
2989 1873 3004 1910 :
3036 1850 3232 1910 frustra
3256 1851 3386 1907 mihi
3413 1852 3517 1904 ista
3549 1862 3680 1918 pro-

2091 1962 2247 2034 ponis
2268 2001 2285 2029 ,
2328 1959 2437 2014 imo
2472 1971 2579 2011 non
2608 1955 2805 2010 frustra
2833 1991 2848 2016 ,
2879 1947 2976 2004 sed
3002 1946 3223 2003 omnino
3250 1958 3346 2013 pro
3370 1940 3551 2034 (Paulo
3571 1979 3594 2034 ,Δ
3628 1937 3686 1993 et

2095 2031 2221 2109 hinc
2261 2049 2598 2123 potissimum
2636 2044 2810 2117 qualis
2852 2042 2944 2098 ille
2990 2038 3152 2095 fuerit
3195 2033 3470 2098 ostendis,
3502 2031 3601 2102 qui
3629 2031 3691 2086 in“

2096 2145 2188 2201 tali
2219 2152 2408 2198 natura
2451 2139 2672 2204 vivens;
2716 2134 2890 2207 putuit
2927 2126 3321 2203 quodammodo
3357 2137 3481 2180 esse
3520 2126 3689 2209 supra

2096 2250 2361 2297 naturam.
2388 2236 2504 2292 Non
2531 2244 2710 2289 autem
2736 2232 2883 2287 illum
2912 2225 3280 2285 tantummodo
3300 2220 3555 2285 extollis;
3589 2217 3693 2271 sed

2098 2333 2258 2390 etiam
2282 2327 2499 2385 consuis
2516 2340 2611 2381 ora
2635 2322 2962 2394 torpentium
2985 2322 3209 2389 seseque
3235 2317 3289 2371 in
3310 2313 3575 2370 desidiam
3601 2319 3688 2365 rei

2100 2423 2408 2481 clinantium
2428 2460 2446 2488 ,
2482 2430 2589 2474 non
2616 2421 2712 2473 eos
2739 2414 3011 2471 sustinens
3032 2409 3099 2465 ad
3124 2407 3468 2465 eminentiam
3490 2400 3689 2458 confu-

2100 2531 2229 2589 gere
2249 2522 2452 2570 παίω-ω
2472 2554 2488 2580 ,
2521 2509 2615 2567 sed
2646 2507 2931 2578 impellens
2957 2504 3024 2558 ad
3054 2500 3284 2558 studium
3312 2494 3627 2589 voluntatis.

2174 2608 2394 2663 Mortem
2428 2621 2497 2659 an
2544 2601 2763 2657 timuerit
2810 2595 3043 2661 Paulus;
3078 2593 3239 2647 libera
3277 2589 3535 2643 uoluntate
3568 2580 3702 2638 boui

2105 2702 2363 2773 eﬂicimur.
2389 2705 2462 2737 —‘-
2487 2694 2594 2752 Sed
2622 2702 2677 2749 et
2704 2698 2954 2755 mortem,
2995 2684 3193 2756 inquis,
3233 2677 3520 2751 aliquando
3563 2690 3695 2745 per-

2107 2770 2301 2850 timuit.
2319 2790 2426 2847 Sed
2447 2789 2551 2844 hoc
2575 2782 2788 2858 quoque
2809 2774 3049 2853 profecto
3069 2776 3274 2832 natura:
3295 2782 3412 2839 est;
3442 2778 3498 2825 et
3513 2770 3703 2823 tamen’

2107 2901 2295 2943 rursus
2336 2884 2423 2938 hic
2460 2883 2575 2952 ipse
2616 2879 2707 2949 qui
2751 2883 2978 2932 mortem
3027 2871 3202 2927 timuit
3226 2910 3241 2934 ,
3272 2865 3480 2922 dicebat
3509 2881 3524 2918 :
3555 2860 3706 2916 Nam

2108 2979 2349 3050 quamdiu
2376 2990 2547 3031 mus
2560 2975 2614 3028 in
2643 2977 2736 3026 hoc
2753 2967 3091 3031 tabernaculo,
3113 2960 3484 3035 ingemiscimus
3502 2952 3709 3050 gravati

2115 3048 2190 3144 (2.
2213 3071 2330 3126 (ἔον.
2363 3070 2418 3124 5.
2445 3067 2500 3139 4)
2535 3084 2550 3122 :
2579 3073 2632 3122 et
2650 3075 2857 3129 rursus,
2896 3058 3009 3114 Nos
3035 3057 3135 3126 ipsi
3172 3049 3308 3108 intra
3333 3067 3426 3106 nos
3454 3048 3711 3121 gemimus

2115 3139 2294 3235 (Rom.
2343 3162 2398 3219 8.
2443 3160 2570 3231 25).
2602 3157 2836 3212 Videsne
2890 3166 3051 3223 quam
3095 3146 3511 3218 mquiparantcm
3551 3139 3705 3235 edi-

2114 3232 2270 3314 t'erso
2306 3253 2532 3310 naturali
2572 3245 2865 3307 inﬁrmitati
2891 3245 3136 3297 virtutem
3164 3236 3475 3308 opposuerit
3511 3232 3706 3314 volun-_

2116 3310 2282 3405 tati—si?
2306 3346 2440 3414 Quia
2467 3351 2521 3399 et
2565 3349 2828 3406 martyres
2879 3332 3094 3405 plurimi
3129 3345 3250 3385 cum
3283 3327 3609 3382 ducerentur
3637 3310 3712 3377 ad

2116 3450 2364 3503 mortem,
2392 3436 2586 3505 saepius
2613 3431 2938 3502 palluerunt,
2968 3435 3022 3481 et
3036 3424 3228 3478 timore
3255 3434 3319 3473 ac
3345 3415 3707 3486 trepidatione

2118 3530 2363 3602 completi
2389 3536 2512 3584 sunt
2536 3542 2551 3580 :
2582 3523 2678 3579 "sed
2703 3522 2805 3575 h‘oc
2828 3520 2945 3587 ipso
2974 3514 3239 3585 prmciptie
3259 3509 3531 3565 mirabiles
3555 3520 3708 3561 eom-

2119 3612 2431 3697 probantur,
2459 3615 2706 3690 quoniam
2733 3612 2809 3667 illi
2831 3610 2931 3680 ipsi
2955 3608 3043 3677 qui
3061 3603 3195 3659 morl
3220 3602 3537 3697 timuerunt,
3558 3610 3709 3697 mor:

2122 3678 2244 3767 {emi
2256 3678 2432 3762 tamen
2463 3678 2679 3773 propter
2701 3678 2969 3753 Christum
2999 3689 3217 3745 minime
3245 3684 3583 3752 refugerunt.
3611 3678 3707 3735 Sié

2123 3813 2178 3859 et
2200 3799 2414 3863 Paulus,
2457 3770 2548 3865 qui
2588 3805 2709 3847 cum
2740 3784 2967 3842 mortem
3009 3782 3239 3842 timeret,
3290 3791 3359 3829 ne
3400 3774 3571 3842 ipsam
3595 3770 3712 3838 qni-

2124 3894 2246 3950 dem
2289 3887 2571 3945 recusabat
2609 3881 2942 3954 gehennam,
2995 3873 3086 3945 qui
3133 3876 3351 3942 propter
3376 3865 3707 3921 desiderium

2126 3984 2323 4042 Christi
2347 4024 2363 4047 ,
2387 3980 2547 4035 etiam
2572 3991 2693 4031 cum
2736 3968 3044 4027 formidaret
3082 3963 3351 4018 interitum
3374 4001 3389 4024 ,
3420 3967 3599 4010 tamen
3620 3968 3715 4009 cu-

2127 4076 2309 4150 piebat
2330 4044 2547 4128 resolvi.
2569 4067 2686 4123 Non
2712 4074 2888 4119 autem
2919 4059 3006 4113 hic
3033 4055 3180 4111 solus
3212 4053 3331 4106 mus
3370 4049 3487 4113 fuit,
3511 4046 3605 4101 sed
3627 4044 3718 4099 ille‘

2130 4139 2341 4240 quoque
2366 4163 2455 4235 qui
2484 4161 2583 4216 fuit
2602 4155 2963 4228 apostolorum
2993 4151 3172 4218 caput,
3201 4144 3289 4215 qui
3321 4155 3466 4240 sape
3506 4139 3719 4240 dixerat

2132 4227 2462 4330 paratum-se
2489 4259 2612 4308 esse
2637 4227 2736 4318 pro
2757 4244 2973 4299 Christo
2996 4240 3227 4294 animam
3263 4232 3474 4287 tradere
3500 4227 3717 4330 (Matth:

2131 4317 2239 4418 26)
2264 4389 2280 4414 ,
2318 4354 2373 4401 et
2393 4354 2566 4398 tamen
2602 4317 2829 4393 mortem
2855 4332 3200 4387 vehementer
3240 4325 3542 4378 horruerat.
3584 4317 3720 4373 Audi

2137 4411 2296 4509 igitur
2315 4433 2437 4505 quid
2461 4432 2509 4486 ei
2531 4443 2694 4497 super
2720 4426 2822 4479 hoc
2848 4414 3336 4487 Ghristusloqiiitur
3361 4431 3374 4465 :
3400 4411 3527 4466 Cum
3554 4413 3721 4463 autent

2137 4501 2384 4592 senueris;
2412 4524 2543 4578 alius
2568 4526 2614 4573 te
2633 4518 2813 4586 cinget,
2833 4524 2880 4568 et
2900 4513 3044 4567 ducet
3068 4510 3168 4581 quo
3197 4520 3298 4561 non
3324 4506 3397 4560 uis
3414 4502 3574 4575 (Ioan
3592 4541 3606 4554 .
3627 4501 3718 4592 2i.

2142 4618 2267 4690 l8):
2288 4591 2499 4671 natura:
2526 4607 2885 4666 infirmitatem
2927 4600 3251 4671 exprimens,
3278 4604 3385 4649 non
3417 4591 3723 4690 voluntatis:

2141 4677 2411 4780 Siquidem
2432 4710 2617 4757 natura
2636 4698 2788 4753 nobis
2812 4692 2989 4750 invitis
3008 4701 3219 4760 quoque
3238 4683 3470 4741 oetendit
3512 4696 3633 4742 sua.
3647 4770 3660 4780 -
3676 4677 3727 4780 et

2143 4770 2477 4856 inlirmitates
2493 4793 2607 4863 ejus
2631 4800 2883 4860 Superare
2909 4798 3014 4840 non
3029 4792 3315 4853 possumus
3333 4817 3350 4842 ,
3380 4789 3479 4829 nec
3503 4774 3548 4826 si
3577 4770 3729 4825 valde

2146 4890 2487 4957 studioseque
2512 4861 2788 4953 cupiamus
2820 4896 2834 4932 :
2865 4891 2964 4931 nec
2986 4873 3262 4943 culpamus
3287 4866 3448 4932 istud,
3475 4865 3601 4934 quia
3635 4861 3730 4917 uti-

2146 4996 2251 5054 que
2275 4952 2555 5035 inde—nihil
2583 4952 2846 5036 laedimur,
2873 4969 2982 5022 imo
3005 4964 3129 5020 inde
3156 4961 3326 5030 magis
3346 4971 3534 5012 sumus
3556 4952 3729 5051 adrui-7

2149 5044 2362 5131 rabiles.
2411 5070 2527 5126 Non
2570 5068 2715 5123 enim
2747 5063 2949 5120 crimen
2985 5068 3070 5115 est
3096 5052 3324 5111 mortem
3362 5051 3555 5106 timere
3584 5064 3599 5102 :
3629 5044 3733 5100 imo

2154 5260 2307 5327 turpe
2346 5226 2504 5324 autne
2533 5226 2725 5304 servile
2754 5241 2956 5315 perpeti
2994 5244 3091 5312 per
3123 5231 3406 5291 timorem?
3450 5228 3568 5285 Non
3595 5226 3731 5327 enim

2156 5316 2395 5404 naturam
2420 5316 2622 5398 habere
2659 5334 3050 5393 inﬁrmitatibus
3078 5328 3365 5389 subditam,
3397 5320 3492 5375 sed
3538 5316 3734 5375 servire

2156 5434 2573 5496 inﬁrmitatibus,
2624 5428 2965 5485 criminosum
3006 5428 3090 5477 est
3135 5426 3241 5472 :ut
3280 5414 3473 5468 merito
3520 5408 3735 5477 magnus

2158 5534 2247 5588 ille
2277 5530 2530 5584 habeatur
2556 5534 2714 5594 atque
2743 5518 2997 5575 mirabilis
3017 5556 3032 5580 ,
3064 5513 3153 5583 qui
3194 5506 3614 5564 imbecillitatem
3641 5514 3732 5554 na-

2160 5634 2287 5678 tura:
2306 5616 2591 5673 voluntatis
2610 5616 2804 5667 virtute
2828 5604 3159 5677 superaverit
3182 5619 3195 5655 :
3216 5610 3270 5656 et
3297 5598 3398 5652 hoc
3422 5596 3541 5665 ipso
3558 5602 3733 5647 osten-

2161 5714 2239 5769 dit
2262 5720 2454 5783 quanta
2498 5706 2565 5761 sit
2590 5704 2769 5761 libera:
2799 5696 3083 5756 voluntatis
3112 5698 3365 5764 potestas,
3416 5678 3739 5749 obstruitun
