3884 6294
449 439 549 497 καὶ
576 434 912 508 ἐπιστομίζει
944 433 1068 498 τοὺς
1094 432 1370 500 λέγοντας,
1405 429 1506 484 Διά
1541 429 1594 482 τί
1626 428 1702 500 μὴ
1727 426 1888 497 φύσει
1926 444 2022 496 γε-

450 543 689 611 γόναμεν
737 536 921 599 καλοί;
982 533 1031 587 τί
1081 532 1189 604 γὰρ
1229 531 1478 602 διαφέρει
1537 529 1696 582 τοῦτο
1752 525 1934 597 φύσει,
1991 525 2026 598 ἢ

453 637 766 712 προαιρέσει
803 631 976 699 εἷναι;
1023 633 1171 703 πόσῳ
1222 632 1279 684 δὲ
1321 631 1478 683 τοῦτο
1527 629 1738 700 βέλτιον
1779 629 2024 694 ἐκείνους

455 740 608 810 Ὅσῳ
634 737 728 792 καὶ
760 736 1053 804 στεφάνους
1082 734 1214 803 ἔχει,
1245 731 1340 786 καὶ
1386 729 1646 801 λαμπράν
1675 729 1775 800 τὴν
1819 729 2029 800 άνακή-

456 839 630 912 ρυξιν.
669 836 828 891 Ἀλλά
859 836 1074 906 βέϐαιον
1105 834 1164 888 τὸ
1197 835 1294 906 τῆς
1317 833 1566 904 φύσεως;
1611 832 1815 884 ’Λλλέἰ
1848 831 2027 900 βούλει

454 941 769 1014 προαίρεσιν
806 937 1056 1006 γενναίαν
1095 936 1258 1005 ἔχειν,
1293 934 1448 988 τοῦτο
1497 934 1849 1006 στερῤὀτερον
1895 929 2030 985 ἐκεί-

451 1057 546 1094 νου
595 1038 822 1107 γίνεται.
863 1039 930 1090 Ἥ
975 1037 1072 1107 οὐχ
1115 1036 1250 1107 ὁρᾷς
1284 1032 1392 1088 τῶν
1431 1033 1720 1105 μαρτύρων
1754 1033 1930 1102 ξίφεσι
1960 1029 2030 1083 τά

454 1137 684 1209 σώματα
714 1122 1040 1208 τεμνόμενα,
1068 1136 1161 1190 καὶ
1190 1134 1290 1206 τὴν
1327 1135 1423 1206 μὲν
1471 1133 1632 1202 φύσιν
1665 1133 1918 1187 εἴκουσαν
1950 1133 2028 1204 τῷ

456 1239 678 1309 σιδήρῳ,
717 1236 814 1307 τὴν
841 1236 897 1288 δὲ
925 1235 1240 1306 προαίρεσιν
1281 1234 1341 1286 οὐ
1387 1232 1822 1304 παραχωροῦσαν
1850 1231 2025 1301 αὐτῷ,

451 1339 572 1393 ούδέ
619 1337 1015 1407 ἐλεγχομένηνς
1053 1336 1153 1388 οὐκ
1179 1331 1316 1396 εἶδες
1336 1333 1429 1386 ἐπὶ
1451 1333 1543 1386 τοῦ
1595 1332 1864 1404 Ἀϐραὰμ,
1903 1332 2025 1385 εἰπέ

457 1457 571 1510 μοι,
603 1438 917 1510 προαίρεσιν
945 1437 1155 1506 φύσεως
1187 1437 1557 1508 κρατήσασαν,
1590 1437 1752 1506 ἡνίκα
1789 1435 1880 1488 τὸν
1907 1437 2028 1487 παῖ-

453 1540 521 1592 δα
572 1541 866 1608 σφαγιάσαι
907 1538 1221 1606 ἐκελεύσθη,
1253 1537 1346 1589 καὶ
1378 1535 1580 1604 ταύτην
1620 1536 1834 1605 ἐκείνης
1862 1536 2028 1588 δυνα-

456 1642 699 1712 τωτέραν
746 1643 1036 1710 φανεῖσαν;
1065 1640 1162 1693 οὐκ
1194 1635 1330 1701 εἶδες
1359 1639 1451 1690 ἐπὶ
1485 1639 1592 1692 τῶν
1629 1637 1792 1709 τριῶν
1819 1637 2029 1690 παίδων

457 1739 518 1792 τὸ
551 1738 681 1792 αὐτὸ
711 1737 868 1791 τοῦτο
921 1737 1161 1808 συμϐἀν;
1189 1737 1287 1790 οὐκ
1317 1738 1533 1799 ἀκούεις
1563 1737 1656 1789 καὶ
1683 1737 1780 1804 τῆς
1830 1735 2032 1802 ἔξωθεν

459 1835 759 1906 παροιμίας
781 1833 1064 1902 λεγούσης,
1091 1835 1174 1886 ὅτι
1210 1833 1434 1903 δευτέρα
1467 1832 1628 1901 φύσις
1653 1835 1686 1902 ἡ
1711 1834 2035 1904 προαίρεσις

458 1931 667 2000 γίνεται
701 1933 764 1982 ἐκ
795 1929 1108 2000 συνηθείας;
1147 1927 1289 1996 Ἐγὼ
1307 1929 1362 1981 δὲ
1380 1929 1542 1998 φαίην
1573 1928 1659 1994 ἂν,
1681 1929 1761 1981 ὅτι
1792 1929 1882 1980 καὶ
1901 1945 2034 1998 προ-

457 2027 612 2099 τέρα,
646 2026 828 2089 καθὼς
860 2026 929 2079 τὰ
977 2025 1347 2097 προειρημένα
1399 2024 1698 2088 ἀπέδειξεν.
1744 2025 1906 2095 Ὁρᾷς
1949 2026 2034 2078 ὅτι

458 2123 680 2177 δυνατὸν
712 2123 807 2177 καὶ
837 2124 935 2194 τὴν
986 2123 1092 2175 ἀπὸ
1121 2123 1216 2192 τῆς
1257 2121 1470 2191 φύσεως
1499 2119 1641 2190 ἔχειν
1672 2121 2030 2193 στερρότητα,

460 2220 556 2273 ἐὰν
594 2220 910 2292 προαίρεσις
1045 2217 1268 2286 γενναία
1315 2217 1409 2270 καὶ
1453 2217 1886 2287 διεγηγερμένη,
1938 2216 2034 2270 καὶ

459 2317 681 2370 πλείονα
709 2315 1049 2388 καρποῦσθαι
1076 2316 1167 2367 τὸν
1193 2314 1412 2369 ἔπαινον
1443 2314 1534 2366 τόν
1579 2332 1641 2382 γε
1665 2314 1915 2384 ἑλόμενον
1941 2315 2037 2368 καὶ

465 2412 616 2484 [509]
677 2412 1024 2482 βουληθέντα,
1071 2411 1105 2481 ἢ
1151 2409 1570 2477 ἀναγκασθέντα
1632 2409 1798 2463 καλὸν
1854 2406 2030 2476 εἷναι;

462 2508 635 2562 Τοῦτό
668 2509 781 2561 ἐστι
812 2508 1044 2578 μάλιστα
1068 2507 1251 2568 καλὸν,
1276 2506 1350 2570 ὡς
1371 2508 1497 2560 ὅταν
1524 2505 1659 2579 λέγῃ
1682 2523 1695 2538 °
1743 2506 2032 2560 ’Υπωπιά-

463 2604 538 2667 ᾇ.)
579 2623 698 2675 μου
746 2605 815 2658 τὸ
859 2603 1030 2672 σῶμα
1068 2603 1164 2656 καὶ
1207 2603 1586 2673 δουλαγωγῶ.
1611 2604 1745 2656 Τότε
1798 2604 2035 2673 μάλιστα

463 2701 576 2771 ἐγὼ
608 2701 770 2755 αὑτὸν
803 2701 1028 2767 ἐπαινῶ,
1067 2699 1209 2770 ὁρῶν
1257 2700 1356 2754 οὐκ
1411 2700 1642 2771 ἀπονητὶ
1692 2699 1790 2771 τὴν
1837 2700 2038 2771 ἀρετὴν

463 2797 852 2871 κατορθοῦντα,
886 2796 1027 2850 ὥστε
1060 2797 1134 2867 μὴ
1170 2792 1307 2854 εἶναι
1337 2799 1452 2859 τοῖς
1485 2796 1623 2866 μετά
1651 2796 1826 2851 ταῦτα
1870 2797 2040 2868 ρᾳθυ-

467 2895 606 2966 μίας
624 2894 876 2948 ὑπόθεσιν
911 2893 1008 2964 τὴν
1051 2893 1296 2947 εὐκολίαν
1342 2893 1441 2964 τὴν
1485 2892 1715 2947 ἐκείνου.
1770 2892 1878 2946 Kal
1909 2893 2040 2947 ὅταν

463 2991 601 3063 λέγῃ
651 2991 829 3056 πάλιν,
870 2989 954 3054 Τῷ
984 2990 1187 3059 κόσμῳ
1215 2989 1606 3058 ἐσταύρωμαι,
1633 2989 1733 3060 τὴν
1782 2990 2040 3061 προαίρε-

466 3103 554 3141 σιν
608 3087 772 3141 αὐτοῦ
826 3085 1096 3151 στεφανῶ.
1153 3086 1272 3138 Ἐνι
1329 3086 1457 3155 γὰρ,
1512 3085 1592 3137 ένι
1637 3085 1850 3155 φύσεως
1884 3087 2040 3158 ἰσχὺν

465 3185 836 3256 προαιρέσεως
879 3182 1134 3255 ἀκριϐείᾳ.
1167 3182 1543 3254 μιμήσασθαι’
1590 3183 1695 3236 κάν
1749 3186 1830 3246 είς
1878 3183 2041 3254 μέσον

464 3285 762 3352 ἀγάγωμεν
795 3279 982 3334 τοῦτον
1035 3281 1194 3334 αὑτὸν
1244 3280 1335 3332 τὸν
1367 3278 1657 3352 ἀνδριάντα
1688 3279 1784 3350 τῆς
1813 3281 2039 3352 ἀρετῆς,

466 3379 770 3450 εὑρήσομεν
815 3378 895 3430 ὃτι
926 3377 993 3429 τά
1054 3378 1118 3428 ἐκ
1163 3377 1532 3448 προαιρέσεως
1571 3375 1719 3447 αὐτῷ
1769 3377 2038 3447 προσόντα

468 3473 630 3535 καλά,
658 3475 737 3536 εἰς
784 3472 997 3542 φύσεως
1039 3473 1370 3544 στερρότητα
1399 3473 1798 3544 ἐφιλονείκησεν
1825 3473 2040 3541 ἐξενεγ-

470 3573 606 3625 κεῖν.
635 3569 828 3637 Ἢλγει
854 3568 953 3638 μὲν
976 3569 1082 3640 γάρ
1115 3569 1474 3638 τυπτόμενοςο
1513 3569 1621 3622 τῶν
1655 3570 1709 3622 δὲ
1736 3571 2043 3642 ἀσωμάτων

467 3659 748 3745 δυνάμεων
775 3667 882 3719 τῶν
910 3667 1009 3720 ούκ
1035 3665 1314 3734 ἀλγουσῶν
1355 3667 1453 3736 οὐχ
1503 3661 1662 3737 ἧττον
1690 3667 1868 3720 αὐτῶν
1904 3687 2039 3722 κατ-

469 3763 712 3836 εφρόνει,
741 3762 817 3825 ὡς
866 3761 1011 3815 ἔστιν
1067 3761 1296 3815 ἀκοῦσαι
1352 3762 1461 3815 τῶν
1503 3763 1760 3833 ῥημάτων
1794 3765 1980 3830 αὑτοῦ,
2007 3765 2042 3819 ἂ

473 3859 610 3932 μηδέ
637 3859 735 3930 τῆς
768 3857 980 3928 φύσεως
1009 3859 1170 3911 αὑτὸν
1214 3861 1358 3912 ποιεῖ
1383 3859 1692 3929 νομίζεσθαι
1720 3861 1819 3930 τῆς
1849 3862 2044 3932 ἡμετέ-

471 3974 591 4029 ρας.
629 3957 796 4010 Ὅταν
841 3955 950 4027 γὰρ
986 3956 1152 4028 λέγῃ·
1198 3956 1352 4026 Ἐμοὶ
1391 3959 1616 4026 κόσμος
1653 3959 2039 4027 ἐσταύρωται,

471 4052 635 4122 κάγὼ
660 4052 740 4118 τῷ
768 4053 992 4123 κόσμῳ,
1018 4055 1112 4107 καὶ
1147 4053 1330 4118 πάλιν,
1365 4053 1456 4106 Ζῶ
1481 4054 1549 4107 δὲ
1570 4055 1771 4109 οὐκέτι
1811 4055 1946 4125 ἐγὼ,
1971 4055 2041 4125 ζῇ

469 4149 542 4202 δὲ
568 4149 638 4203 ἐν
671 4149 798 4219 ἐμοὶ
825 4150 1099 4219 Χριστὸς,
1129 4150 1184 4202 τί
1202 4150 1329 4205 ἀλλο
1359 4151 1507 4204 ἐστὶν
1546 4151 1739 4217 εἰπεῖν,
1775 4152 1808 4221 ἢ
1841 4152 1919 4204 ὅτι
1948 4151 2042 4205 καὶ

469 4245 531 4312 ἐξ
567 4245 731 4299 αὑτοῦ
766 4247 994 4317 μετέστη
1029 4245 1123 4299 τοῦ
1154 4244 1438 4316 σώματος;
1469 4246 1523 4298 τί
1568 4245 1648 4309 δὲ,
1711 4247 1841 4302 ὅταν
1885 4246 2040 4318 λέγῃ,

483 4341 687 4409 Ἐδόθη
731 4359 835 4410 μοι
873 4343 1119 4410 σκόλοψ
1168 4341 1245 4410 τῇ
1281 4343 1482 4410 σαρκὶ,
1513 4341 1768 4412 ἄγγελος
1810 4343 2044 4408 Θυτεῖνὶ

469 4436 628 4490 τοῦτο
653 4436 710 4490 δὲ
735 4437 886 4490 οὐδὲν
917 4437 1103 4508 ἔτερόν
1129 4437 1297 4500 ἐστιν,
1336 4437 1369 4507 ἦ
1407 4438 1576 4502 δεῖξαι
1619 4441 1782 4510 μέχρι
1807 4439 1901 4492 τοῦ
1935 4438 2044 4491 σώ-

475 4549 645 4602 ματος
676 4531 963 4602 ἱστάμενον
1011 4532 1103 4585 τὸν
1134 4532 1292 4584 πόνον
1313 4548 1326 4562 ·
1356 4531 1455 4586 οὐκ
1481 4534 1667 4605 ἐπειδὴ
1695 4533 1850 4588 ἔνδον
1879 4535 1938 4587 ού
1959 4535 2041 4588 δι-

473 4610 705 4694 έϐαινεν,
753 4627 865 4680 ἀλλ’
886 4625 1070 4697 ἐπειδὴ
1115 4629 1181 4698 τῇ
1231 4627 1516 4699 περιουσίᾳ
1553 4628 1649 4700 τῆς
1675 4631 2044 4700 προαιρέσεως

473 4723 638 4777 αὐτὸν
656 4723 962 4793 διεκρούετο
974 4723 1068 4776 καὶ
1085 4721 1294 4786 ἐξώθει.
1325 4723 1390 4776 Τί
1421 4723 1500 4788 δὲ,
1523 4725 1649 4778 ὅταν
1677 4725 1840 4798 ἕτερα
1865 4728 2038 4782 πολλὰ

476 4819 676 4873 τούτων
706 4819 1118 4891 θαυμαστότερα
1141 4820 1294 4892 λέγῃ,
1319 4821 1414 4875 καὶ
1435 4821 1600 4897 χαίρῃ
1624 4823 2042 4897 μαστιζόμενος,

478 4915 572 4970 καὶ
601 4916 870 4986 καυχᾶται
888 4915 980 4970 ἐπὶ
1004 4919 1122 4981 ταῖς
1143 4916 1393 4986 άλύσεσι;
1429 4919 1494 4972 Τί
1516 4919 1582 4974 ἂν
1613 4919 1741 4976 ἀλλο
1769 4940 1853 4987 τις
1879 4924 2043 4992 εῐποι,

475 5012 510 5082 ἢ
534 5010 689 5065 τοῦτο
720 5013 859 5084 ὅπερ
909 5012 1064 5086 ἔφην,
1096 5015 1178 5068 ὅτι
1206 5013 1267 5069 τὸ
1301 5014 1504 5086 λέγειν,
1545 5017 1872 5081 Ὑπωπιάζω
1924 5039 2044 5092 μου

477 5108 544 5162 τὸ
581 5109 751 5178 σῶμα
787 5110 886 5164 καὶ
919 5110 1302 5182 δουλαγωγῶ,
1347 5113 1447 5168 καὶ
1493 5113 1788 5185 φοϐοῦμαι
1827 5116 2043 5186 μήπως

477 5207 689 5272 ἄλλοις
708 5208 976 5276 κηρύξας
1001 5208 1182 5276 αὐτὸς
1205 5209 1490 5282 ἀδόκιμος
1504 5212 1780 5283 γένωμαι,
1801 5213 1861 5266 τὸ
1882 5215 2044 5268 ἀσθε-

477 5305 567 5369 νὲς
587 5305 920 5376 τῆς’.φύσεως
945 5305 1310 5372 ἀποδείκνυσι,
1333 5309 1420 5364 διὰ
1442 5309 1498 5363 δέ
1524 5309 1746 5378 τούτων,
1775 5308 1851 5370 ὧν
1867 5311 2042 5380 εἷπον,

476 5401 576 5472 τὴν
608 5401 883 5470 εὐγένειαν
914 5403 1012 5472 τῆς
1045 5405 1450 5476 προαιρέσεωςς

548 5496 647 5551 Διά
674 5498 780 5570 γάρ
822 5499 980 5553 τοῦτο
1026 5499 1307 5571 ἀμφότερα
1333 5503 1528 5566 κεῖται,
1563 5503 1650 5558 ἵνα
1683 5505 1822 5577 μήτε
1849 5506 1937 5560 διά
1973 5509 2042 5562 τά

483 5596 696 5664 μεγάλα
757 5598 940 5652 ἐκεῖνα
993 5598 1183 5669 ἐτέρας
1246 5592 1382 5652 εῖναι
1433 5599 1592 5654 αὑτὸν
1657 5601 1885 5674 νομίσῃς
1949 5603 2044 5674 φύ-

485 5705 642 5760 σεως,
669 5694 758 5748 καὶ
798 5695 1065 5768 ἀπογνῷς,
1100 5697 1236 5769 μήτε
1261 5695 1348 5750 διὰ
1389 5696 1456 5752 τὰ
1513 5699 1684 5773 μικρὰ
1729 5698 1898 5754 ταῦτα
1955 5719 2047 5757 κα-

1133 335 1195 392 S.
1230 328 1518 390 JOANNIS
1568 323 2058 380 CHRYSOSTOMI
2097 325 2421 382 ARCHIEP.
2463 325 3018 383 CONSTANTINOP.

3597 317 3703 376 506

2135 433 2347 502 ταγνῷς
2368 435 2466 506 τῆς
2498 435 2660 505 ἁγίας
2687 433 2888 504 ψυχῆς,
2925 430 3062 483 ἀλλά
3090 429 3382 484 κάντεῦθεν
3408 432 3572 486 πάλιν

2132 536 2439 604 ἀπόγνωσιν
2493 537 2762 602 ἐκϐαλὼν,
2809 539 2887 600 είς
2941 535 3184 608 χρηστὰς
3247 538 3440 590 σαυτὸν
3495 540 3715 610 ἀγάγῃς

2134 638 2371 704 ἐλπίδας.
2395 641 2493 694 Διά
2532 642 2690 696 τοῦτο
2719 641 2900 710 τίθησι
2952 640 3112 694 πάλιν
3147 640 3240 693 καὶ
3269 641 3329 693 τὸ
3353 642 3454 711 τῆς
3487 643 3714 712 χάριτος

2131 743 2225 794 τοῦ
2248 743 2382 796 Θεοῦ
2415 744 2530 813 μεθ’
2558 744 2883 816 ὑπερϐολῆς,
2913 743 3112 814 μᾶλλον
3137 744 3194 796 δέ
3237 743 3297 796 ού
3333 745 3450 815 μεθ’
3477 745 3715 816 ὑπερϐο-

2133 845 2232 915 λῆς
2287 847 2423 902 ἀλλά
2470 848 2604 919 μετά
2663 848 3114 918 εὐγνωμοσύνης.
3174 849 3261 902 ἵνα
3317 849 3482 920 μηδὲν
3543 850 3713 904 αὑτοῦ

2141 951 2362 1022 νομίσῃς
2419 948 2577 1006 εἶναι.
2611 954 2775 1020 Λέγει
2822 951 2876 1005 δὲ
2927 953 3020 1005 καὶ
3050 952 3118 1006 τά
3147 953 3248 1024 τῆς
3302 953 3467 1006 αὐτοῦ
3505 953 3716 1025 προθυο

2139 1055 2284 1124 μίας,
2322 1057 2406 1110 ἵνα
2443 1057 2597 1128 μὴτὸ
2628 1060 2734 1111 πᾶν
2768 1057 2859 1110 ἐπὶ
2881 1056 2972 1109 τὸν
3005 1058 3135 1110 Θεὸν
3166 1057 3348 1128 ῥίψας,
3369 1058 3561 1131 διάγῃς
3582 1059 3718 1112 καθο

2135 1163 2301 1216 εύδων
2335 1165 2426 1216 καὶ
2471 1165 2700 1234 ῥέγχων.
2739 1165 2850 1218 Καὶ
2885 1164 3100 1218 πάντων
3143 1164 3314 1235 μέτρα
3352 1164 3448 1217 καὶ
3484 1165 3719 1228 κανόνας

2137 1268 2388 1339 εὑρήσεις
2411 1270 2537 1339 παρ’
2558 1269 2706 1339 αὐτῷ
2735 1270 2876 1339 μετὰ
2904 1269 3190 1341 ἀκριϐείας
3215 1269 3519 1340 κειμένους.
3552 1269 3720 1322 Ἀλλά

2139 1373 2233 1426 καὶ
2248 1373 2563 1458 ἐπηράσατο
2575 1374 2651 1446 τῷ
2662 1375 3064 1447 χαλκεῖ,φησὶν,
3083 1374 3414 1445 Ἀλεξάνδρῳ
3433 1375 3585 1429 ποτέ.
3606 1375 3720 1428 Kal

2136 1474 2189 1528 τί
2213 1475 2399 1541 τοῦτο;
2428 1478 2502 1529 Οὐ
2535 1477 2643 1548 γάρ
2676 1476 2848 1547 θυμοῦ
2877 1477 2937 1530 τὸ
2969 1479 3120 1548 ῥῆμα
3143 1474 3234 1550 ἦν,
3267 1477 3381 1530 ἀλλ’
3402 1477 3596 1548 ὀδύνης
3619 1477 3721 1547 τῆς

2139 1577 2280 1648 ὑπὲρ
2299 1577 2398 1648 τῆς
2414 1577 2667 1649 ἀληθείας
2683 1596 2696 1609 ·
2717 1580 2776 1632 οὐ
2793 1579 2901 1650 γάρ
2917 1580 2982 1632 δι’
3004 1581 3190 1633 ἐαυτὸν
3213 1580 3388 1650 ιἤλγει,
3404 1579 3613 1633 ἀλλ’ὅτι
3633 1581 3723 1634 ἀν⁴

2140 1681 2358 1735 θίστατο
2378 1682 2455 1752 τῷ
2474 1683 2788 1752 κηρύγματι
2807 1699 2820 1712 ·
2839 1685 2990 1737 Λιάν
3005 1683 3112 1754 γὰρ
3129 1683 3498 1747 ἀνθίσταται,
3528 1684 3722 1754 φησὶν,

2139 1785 2257 1856 ούχὶ
2289 1786 2432 1856 ἐμοὶ,
2467 1786 2601 1841 ἀλλά
2623 1788 2748 1852 τοῖς
2770 1787 3076 1857 ἡμετέροις
3103 1790 3332 1858 λόγοις·
3373 1790 3510 1843 ὥστε
3545 1791 3580 1860 ἡ
3610 1789 3725 1860 ἀρὰ

2139 1889 2201 1940 ού
2247 1889 2407 1957 μόνον
2431 1889 2522 1941 τὸν
2558 1889 2748 1942 τούτου
2803 1891 2968 1944 πόθον
3017 1890 3260 1944 ἐδείκνυε
3311 1891 3402 1944 τὸν
3452 1893 3594 1962 ὑπὲρ
3621 1893 3726 1962 τῆς

2139 1989 2415 2060 ἀληθείας,
2427 1991 2564 2045 ἀλλά
2581 1994 2675 2045 καὶ
2693 1995 2818 2056 τοὺς
2836 1981 3083 2063 μαθητάς
3099 1995 3482 2064 παρεμυθεῖτο.
3501 1995 3724 2066 Ἐπειδὴ

2139 2095 2246 2164 γὰρ
2281 2095 2488 2159 πάντας
2532 2097 2680 2160 είκὸς
2723 2093 2790 2167 ἦν
2843 2097 3310 2164 σκανδαλίζεσθαι,
3337 2098 3444 2151 τῶν
3471 2100 3724 2170 ἐπηρεα-

2141 2197 2342 2261 ζόντων
2366 2198 2513 2270 [510]
2538 2199 2618 2269 τῷ
2651 2199 2795 2270 λόγῳ
2850 2201 3002 2254 οὐδὲν
3064 2202 3398 2272 πασχόντων,
3432 2201 3523 2255 διὰ
3559 2202 3725 2258 τοῦτο

2138 2302 2312 2356 ταῦτά
2356 2321 2539 2374 φησιν.
2566 2305 2726 2358 Ἀλλά
2751 2307 2844 2359 καὶ
2886 2305 3192 2376 κατηύξατό
3235 2323 3365 2359 ποτε
3417 2307 3623 2378 ἑτέρων
3649 2326 3725 2362 τι·

2140 2404 2268 2472 νῶν,
2298 2405 2495 2474 λέγων·
2531 2407 2715 2476 Εἴπερ
2743 2407 2977 2461 δίκαιον
3011 2409 3169 2476 παρὰ
3199 2409 3320 2474 Θεῷ
3347 2410 3724 2466 ἀνταποδοῦ-

2141 2525 2241 2562 ναι
2271 2509 2384 2576 τοῖς
2418 2511 2729 2566 θλίϐουσιν
2749 2511 2907 2581 ἡμᾶς
2935 2513 3146 2581 θλῒψιν
3166 2531 3178 2542 ·
3207 2513 3574 2578 ούκ,ἐκείνους
3603 2519 3725 2569 ἐπι-

2142 2614 2330 2684 θυμῶν
2365 2615 2519 2685 δίκην
2545 2615 2748 2680 δοῦναι,
2790 2616 2863 2688 μὴ
2889 2617 3119 2685 γένοιτο,
3150 2617 3288 2671 ἀλλά
3315 2619 3442 2681 τοὺς
3479 2620 3728 2692 ἐπηρεα-

2142 2719 2400 2792 ζομένους
2428 2722 2670 2802 σπεύδων
2700 2723 3206 2795 παραμυθήσασθαι
3225 2741 3240 2756 ο
3258 2723 3339 2777 διὸ
3366 2724 3462 2778 καὶ
3498 2725 3727 2794 ἐπάγει,

2134 2826 2347 2892 Αὐτοῖς
2378 2825 2502 2894 τοῖς
2531 2828 2904 2897 θλιϐομένοις
2927 2828 3161 2883 ἄνεσιν.
3209 2827 3364 2882 Ἐπεὶ
3391 2829 3522 2882 ὃταν
3562 2827 3732 2893 αὑτός

2142 2951 2196 2986 τι
2231 2932 2416 3004 πάσχῃ
2454 2933 2640 3004 ἀηδὲς,
2683 2933 2918 2988 ἄκουσον
2959 2935 3076 2998 πῶς
3116 2935 3416 3005 φιλοσοφεῖ,
3471 2935 3570 2988 καὶ
3612 2938 3731 3000 τοῖς

2145 3036 2404 3101 ἐναντίοις
2437 3039 2746 3108 ἀμείϐεται,
2789 3038 2997 3108 λέγων⁶
3053 3039 3507 3108 Λοιδορούμενοι
3557 3041 3738 3095 εὐλο-

2145 3141 2393 3212 γοῦμεν,
2422 3139 2768 3210 διωκόμενοι
2793 3142 3146 3212 ἀνεχόμεθα,
3176 3143 3732 3214 ,βλασφημούμενοι

2145 3245 2628 3317 παρακαλοῦμεν.
2665 3245 2729 3299 Εἰ
2760 3247 2817 3300 δὲ
2837 3247 2905 3300 τά
2937 3248 3075 3319 ὑπὲρ
3107 3248 3217 3301 τῶν
3261 3247 3437 3302 ἄλλων
3457 3247 3730 3319 λεγόμενα

2147 3349 2178 3418 ἢ
2211 3350 2468 3420 γινόμενα
2489 3350 2659 3421 ὀργῆς
2687 3346 2825 3404 εἶναι
2848 3351 3034 3422 φαίης,
3064 3350 3183 3424 ῶρα
3210 3369 3290 3405 σοι
3317 3351 3412 3404 καὶ
3434 3352 3524 3405 τὸν
3569 3353 3731 3406 Ἐλύ-

2151 3474 2258 3527 μαν
2290 3457 2348 3523 ἐξ
2383 3457 2551 3527 ὀργῆς
2587 3455 2748 3510 αὑτὸν
2796 3457 3206 3528 πεπηρωκέναι,
3268 3458 3363 3511 καὶ
3415 3456 3732 3528 ὑϐρικέναι,

2147 3559 2356 3613 καὶτὸν
2408 3559 2654 3612 Ἀνανίαν
2681 3559 2772 3612 καὶ
2817 3559 2915 3627 τὴν
2953 3559 3266 3630 Σάπφειραν
3301 3559 3393 3612 τὸν
3426 3559 3635 3630 Πέτρον
3672 3559 3733 3624 ἐξ

2147 3665 2318 3736 ὀργῆς
2347 3663 2724 3717 ἀπεκτονέναι.
2773 3661 2911 3715 Ἀλλ’
2944 3661 3117 3724 οὐδεὶς
3155 3660 3327 3724 οὕτως
3374 3661 3601 3732 ἀνόητος
3633 3643 3732 3716 καὶ

2148 3769 2370 3840 ἠλίθιος,
2397 3769 2473 3833 ὠς
2501 3769 2673 3823 ταῦτα
2707 3769 2903 3823 εἰπεῖν.
2940 3767 3044 3821 Καὶ
3068 3768 3231 3839 ἕτερα
3261 3768 3319 3822 δὲ
3375 3767 3549 3822 πολλά
3578 3768 3732 3842 εὑρί-

2151 3893 2354 3946 σκομεν
2388 3875 2553 3930 αὐτὸν
2577 3875 2669 3929 καὶ
2695 3874 2920 3944 λέγοντα
2947 3875 3040 3927 καὶ
3063 3873 3339 3940 ποιοῦντα,
3364 3873 3624 3928 δοκοῦντα
3646 3869 3732 3927 εἷ-

2149 4001 2235 4038 ναι
2268 3984 2526 4054 φορτικὰ,
2558 3984 2654 4036 καὶ
2683 3982 2853 4037 ταῦτα
2893 3983 3129 4053 μάλιστά
3153 3984 3323 4048 ἐστιν,
3351 3983 3386 4036 ἃ.
3416 3983 3517 4054 τὴν
3548 3984 3730 4038 ἐπιείο

2149 4106 2301 4144 κειαν
2330 4089 2495 4143 αὑτοῦ
2527 4089 2790 4144 δείκνυσι.
2818 4090 2928 4143 Καὶ
2965 4089 3073 4159 γάρ
3105 4091 3232 4142 ὅταν
3269 4089 3346 4160 τῷ
3377 4090 3594 4160 Σατανᾷ
3620 4107 3732 4144 πα-

2152 4193 2298 4264 ραδῷ
2335 4192 2427 4248 τὸν
2449 4194 2506 4246 ἐν
2535 4192 2785 4265 Κορίνθῳ
2808 4195 3237 4265 πεπορνευκότα,
3264 4191 3325 4258 ἐξ
3349 4193 3571 4263 ἀγάπης
3592 4193 3732 4248 αὐτὸ

2151 4295 2356 4366 πολλῆς
2400 4297 2545 4349 ποιεῖ
2590 4295 2687 4349 καὶ
2718 4295 3074 4368 φιλοστόργου
3118 4296 3356 4361 διανοίας
3379 4313 3392 4326 ·
3431 4300 3526 4352 καὶ
3567 4297 3733 4352 τοῦτο

2151 4406 2394 4460 δείκνυσι
2435 4407 2531 4460 καὶ
2568 4407 2633 4458 ἐκ
2678 4406 2778 4476 τῆς
2816 4405 3077 4477 δευτέρας
3123 4407 3434 4478 ἐπιστολῆς.
3456 4408 3568 4462 Καὶ
3595 4410 3731 4464 ὅταν

2163 4511 2435 4573 Ἰουδαίοις
2462 4509 2657 4580 ἀπειλῇ
2675 4510 2768 4564 καὶ
2779 4510 2932 4582 λέγῃ,
2955 4512 3261 4579 Ἕφθασεν
3279 4513 3499 4578 αὐτοὺς
3516 4513 3554 4580 ἠ
3577 4513 3729 4582 ὀργὴ

2151 4617 2238 4681 εἰς
2266 4615 2458 4680 τέλος,
2488 4614 2548 4667 ού
2581 4612 2754 4684 θυμοῦ
2773 4613 3147 4686 πληρούμενος
3159 4613 3290 4666 αὐτὸ
3321 4617 3466 4666 ποιεῖ
3485 4595 3729 4683 (ἀκούεις

2152 4719 2282 4788 γοῦν
2313 4717 2476 4772 αὑτοῦ
2524 4716 2762 4787 συνεχῶς
2809 4717 2948 4788 ὑπὲρ
2999 4716 3176 4769 αὐτῶν
3214 4716 3555 4788 εὐχομένου),
3589 4717 3729 4772 ἀλλά

2153 4823 2472 4894 βουλόμενος
2501 4822 2732 4892 φοϐῆσαι
2763 4820 2856 4875 καὶ
2873 4820 3342 4892 σωφρονεστέρους
3362 4821 3724 4893 ἐργάσασθαι.

2166 4935 2326 4990 Ἀλλά
2347 4934 2439 4989 τδν
2477 4933 2646 5000 ἱερέα,
2673 4932 2859 5004 φησὶν,
2891 4931 3102 5004 ὕϐρισε,
3132 4931 3335 5001 λέγων’
3371 4934 3623 4988 Τύπτειν
3651 4948 3731 4988 σε

2147 5039 2359 5110 μέλλει
2391 5041 2424 5093 ό
2455 5038 2624 5104 Θεὸς,
2668 5036 2829 5104 τοῖχε
2880 5035 3286 5106 κεκονιαμένε.
3338 5037 3448 5090 Καὶ
3498 5032 3731 5108 οἴδαμεν

2152 5153 2234 5207 ὃτι
2255 5154 2399 5217 τινὲς
2425 5153 2558 5224 πρὸς
2583 5150 2742 5204 τοῦτο
2756 5150 3197 5222 ἀπολογούμενοι,
3223 5153 3559 5225 προφητείαν
3585 5151 3730 5208 εἷναί

2154 5279 2283 5331 φασι
2313 5262 2376 5314 τὸ
2413 5260 2719 5333 εἰρημένον.
2763 5259 2875 5313 Kal
2926 5260 3027 5312 οὐκ
3069 5259 3283 5328 ἐγκαλῶ
3332 5264 3442 5325 τοῖς
3470 5261 3727 5330 λέγουσι·

2153 5373 2247 5425 καὶ
2272 5370 2380 5443 γάρ
2415 5369 2614 5439 συνέϐη
2673 5367 2854 5432 τοῦτο,
2904 5369 3000 5423 καὶ
3033 5366 3206 5429 οὕτως
3259 5368 3629 5442 ἐτελεύτησεν.
3663 5371 3730 5425 Εἰ

2152 5479 2211 5534 δέ
2243 5497 2325 5543 τις
2351 5477 2672 5550 δριμύτερος
2699 5477 2890 5549 ἐχθρὸς
2926 5477 3002 5532 ῶν
3042 5479 3334 5550 ἀντιλέγοι,
3372 5482 3467 5535 καὶ
3496 5499 3728 5554 περιερο

2154 5589 2374 5662 γότερόν
2403 5606 2456 5641 τι
2505 5589 2672 5641 ποιῶν
2713 5587 3075 5661 ἀνθυποφέροι
3119 5588 3325 5656 λέγων’
3365 5589 3477 5644 Καὶ
3515 5591 3563 5643 εἰ
3601 5607 3735 5662 προ-

2156 5697 2346 5769 φητεία
2371 5693 2459 5768 ἦν,
2478 5697 2617 5762 τίνος
2646 5697 2830 5754 ἕνεκεν
2857 5697 3171 5766 ἀπελογεῖτο
3199 5699 3392 5763 λέγων,
3419 5703 3542 5755 Οὐκ
3565 5701 3733 5774 ἕρδειν
