3876 6286
159 365 250 421 505
992 358 1084 415 DE
1117 358 1460 418 LAUDIBUS
1495 358 1554 416 S.
1587 356 1791 415 PAULI
1829 349 2180 416 APOSTOLI.
2215 361 2447 420 IIOMIL.
2487 363 2579 420 Vl.

155 495 236 534 ora
256 475 564 540 dicentium,
592 475 703 532 Cur
728 490 833 530 non
858 483 1045 530 natura
1065 474 1192 530 boni
1230 473 1353 529 facti
1397 487 1603 540 sumus,
1625 487 1726 528 nec

153 585 260 626 cum
288 567 404 638 ipsa
439 567 633 622 virtute
659 567 962 637 progeniti?
989 565 1126 634 Quid
1170 566 1312 621 enim
1340 564 1503 620 refert
1540 573 1726 618 natura

153 674 279 723 esse,
310 657 454 728 quod
484 664 657 725 potest
683 657 820 712 efﬁci
857 656 1170 710 voluntate?
1197 654 1308 710 Imo
1335 665 1482 709 tanto
1502 665 1583 709 est
1609 669 1728 709 me-

153 749 243 803 lius
275 757 470 818 sponte
495 762 617 803 esse
654 747 873 813 bonum,
911 761 1070 816 quam
1109 754 1274 810 sorte,
1319 753 1520 814 quanto
1547 743 1729 813 utique

153 849 358 910 prastat
394 839 608 894 coronis
633 849 689 894 et
728 837 1054 908 amplissima
1083 836 1237 891 laude
1273 835 1536 898 decorari,
1566 849 1726 906 quam

152 931 351 1000 penitus
379 930 452 984 nil
485 929 700 984 mereri.
732 932 801 982 At
824 936 906 983 est
945 927 1097 981 ﬁrma
1126 935 1331 981 natura.
1361 925 1473 981 lmo
1512 925 1557 980 si
1597 925 1730 980 velis

149 1023 466 1077 voluntatem
514 1022 702 1076 fortem
742 1020 940 1076 habere
964 1028 1122 1090 atque
1162 1018 1456 1084 robustam,
1500 1015 1603 1072 hoc
1640 1015 1730 1071 illo

146 1115 296 1186 plane
325 1113 384 1167 fit
423 1110 783 1186 ﬁrmius._An
813 1126 941 1166 vero
971 1127 1075 1166 non
1101 1109 1250 1164 vides
1287 1111 1498 1164 concisa
1527 1117 1728 1180 marty-

147 1183 255 1259 rum
285 1217 512 1272 corpora
544 1183 792 1271 ferrdque
811 1201 1074 1267 cedentia,
1097 1215 1196 1255 nec
1217 1208 1394 1255 tamen
1416 1198 1608 1254 cedere
1633 1207 1725 1253 aut

145 1296 278 1350 vinei
335 1296 390 1350 in
443 1295 620 1364 aliquo
663 1293 1023 1348 voluntatem?
1052 1294 1132 1346 An
1164 1289 1302 1346 forte
1343 1306 1446 1344 non
1475 1287 1730 1360 spectasti

145 1387 298 1440 etiam
339 1384 608 1439 Abraham
653 1384 926 1438 voluntate
966 1391 1166 1437 naturae
1216 1380 1589 1453 impedimenta
1641 1395 1730 1435 su-

145 1485 414 1544 perantem
434 1473 584 1544 (Gen.
605 1473 701 1546 22)
727 1513 741 1537 ,
768 1473 978 1544 quando
1005 1473 1185 1543 utique
1211 1473 1535 1542 unigenitum
1559 1471 1727 1526 filium

144 1567 318 1636 jussus
343 1577 426 1621 est
464 1566 763 1629 immolare,
809 1580 930 1620 cum
976 1574 1122 1620 certe
1165 1573 1292 1618 tunc
1339 1573 1525 1618 natura
1575 1561 1729 1633 quasi

143 1659 345 1714 fortiori
389 1659 608 1714 cesserit
662 1656 964 1712 voluntati?
992 1670 1170 1710 nonne
1209 1654 1386 1709 vidisti
1415 1653 1644 1724 idipsuui
1673 1653 1726 1708 in

143 1749 239 1804 illis
270 1749 440 1804 tribus
493 1748 670 1818 pueris
711 1747 969 1802 accidisse
1003 1746 1166 1817 (Dan.
1197 1743 1312 1816 5)?
1343 1759 1520 1800 nonne
1564 1745 1725 1799 etiam

142 1843 328 1898 audisti
356 1843 484 1898 illud
509 1843 781 1911 antiquum
810 1850 863 1896 et
901 1838 1158 1895 saeculare
1182 1838 1545 1909 proverbium,
1582 1835 1727 1906 quod

141 1932 226 1988 tiat
249 1948 316 1988 ex
344 1932 729 1987 consuetudine
753 1931 986 1986 secunda
1013 1929 1244 1984 natura?
1277 1929 1391 1999 Ego
1417 1944 1545 1984 vero
1571 1928 1726 1983 dixe-

141 2026 259 2090 rim,
292 2024 435 2095 quod
477 2025 636 2080 etiam
680 2025 874 2096 prima,
908 2024 1045 2077 sicut
1069 2021 1312 2091 superius
1341 2021 1480 2076 dicta
1524 2019 1725 2075 docue-

140 2123 281 2170 runt.
313 2115 474 2170 Vides
492 2115 646 2185 igitur
666 2123 720 2169 et
745 2113 925 2169 haberi
954 2128 1112 2183 posse
1128 2113 1292 2178 illam,
1310 2128 1428 2183 qua:
1455 2111 1506 2166 in
1530 2121 1719 2166 natura

140 2215 237 2272 est,
265 2205 596 2270 ﬁrmitatem,
625 2206 672 2283 si
715 2207 785 2260 sit
810 2206 1054 2261 voluntas
1096 2204 1250 2260 fortis
1275 2220 1337 2259 ac
1380 2203 1602 2274 vigilans
1630 2220 1646 2258 ε
1670 2210 1726 2258 et

137 2298 276 2369 quod
308 2299 511 2368 majore
562 2296 718 2353 laude
758 2297 829 2352 sit
865 2297 1055 2367 dignus
1089 2297 1175 2368 qui
1201 2307 1320 2351 esse
1365 2297 1481 2351 vult
1531 2295 1722 2361 bonus,

135 2404 293 2458 quam
323 2388 414 2444 ille
465 2388 558 2459 qui
584 2389 789 2459 cogitur
823 2403 836 2440 :
869 2387 970 2442 hoc
1000 2400 1082 2442 est
1110 2387 1250 2442 enim
1292 2401 1410 2442 esse
1459 2386 1725 2456 praecipue

134 2478 359 2534 bonum.
390 2477 574 2548 Itaque
602 2493 722 2534 cum
751 2477 878 2533 dicit
907 2496 920 2533 :
948 2477 1149 2549 Castigo
1169 2494 1352 2547 corpus
1379 2493 1564 2542 meum,
1596 2485 1643 2529 et
1670 2477 1724 2530 in

131 2571 418 2626 servitutem
441 2570 614 2640 redigo
647 2584 666 2623 :
687 2570 835 2623 timeo
857 2569 990 2623 enim
1016 2585 1078 2622 ne
1093 2585 1204 2622 cum
1225 2568 1340 2622 aliis
1360 2567 1720 2640 prtedicavero,

130 2662 238 2731 ipse
266 2661 513 2733 reprobus
542 2661 728 2732 eﬂiciar
769 2661 850 2732 (ί.
894 2660 1012 2716 Cor.
1070 2660 1125 2717 9.
1179 2659 1289 2732 27)
1341 2679 1356 2715 :
1405 2669 1531 2716 tunc
1575 2661 1723 2715 illum

129 2754 363 2808 maxime
392 2755 596 2809 meritis
639 2753 846 2808 honoro
875 2755 1178 2824 prmeoniis,
1230 2754 1417 2810 videns
1447 2769 1553 2808 non
1598 2768 1723 2809 eum

128 2843 245 2898 sine
272 2843 458 2899 labore
486 2843 735 2912 implesse
754 2844 1005 2900 virtutem
1036 2861 1050 2898 :
1081 2861 1150 2900 ne
1178 2845 1212 2899 ii
1237 2847 1327 2915 qui
1350 2855 1470 2916 post
1486 2859 1610 2901 eum
1636 2858 1724 2900 es-

129 2943 248 2989 sent
289 2932 476 3002 futuri,
509 2945 876 3005 argumentum
906 2936 973 2991 ad
1000 2936 1259 2992 desidiam
1306 2937 1563 2992 ducerent
1583 2937 1723 2993 illius

128 3022 178 3077 in
201 3025 352 3080 bono
391 3023 694 3081 facilitatem
724 3043 740 3079 τ
774 3036 826 3081 et
845 3042 965 3082 cum
990 3043 1174 3082 rursus
1196 3027 1346 3095 dicit,
1377 3027 1574 3082 Mundo
1599 3044 1721 3081 cru-

125 3115 312 3182 ciﬁxus
335 3131 449 3169 sum
473 3114 612 3186 (Gal.
644 3115 698 3170 6.
723 3114 812 3188 M)
834 3159 848 3183 ,
876 3117 1200 3172 voluntatem
1230 3117 1346 3186 ejus
1368 3133 1585 3172 corono.
1615 3117 1720 3172 Po-

128 3213 230 3258 test
261 3205 428 3269 enim,
460 3215 654 3274 potest,
683 3206 918 3276 inquam,
944 3215 1145 3260 natum
1163 3206 1525 3261 fortitudinem
1549 3207 1716 3262 virtus

132 3296 434 3350 voluntatis
462 3297 677 3350 imitari.
703 3295 830 3350 Nam
863 3297 907 3351 si
929 3296 1012 3351 vel
1041 3296 1371 3366 huncipsum
1398 3295 1720 3352 adducamus

127 3394 176 3447 in
207 3393 469 3459 medium,
499 3393 587 3463 qui
634 3401 717 3447 est
742 3392 984 3463 quaedam
1004 3433 1020 3458 ,
1069 3400 1126 3446 ut
1151 3393 1222 3446 ita
1251 3391 1496 3455 dixerim,
1549 3401 1721 3446 statua

127 3484 340 3539 virtutis
384 3501 399 3538 :
431 3483 762 3538 inveniemus
789 3483 1039 3552 quoniam
1081 3483 1216 3537 bona
1247 3499 1364 3552 quae
1403 3483 1474 3536 illi
1513 3483 1722 3536 inerant

127 3578 425 3643 voluntate,
454 3576 506 3630 in
535 3585 737 3629 natura:
766 3589 828 3629 ea
856 3575 1160 3629 firmitatem
1189 3574 1414 3629 certavit
1448 3574 1717 3628 inducere.

127 3668 356 3724 Dolebat
381 3667 596 3737 quidem
619 3666 708 3722 ille
734 3666 1068 3733 verberatus,
1089 3666 1181 3722 sed
1204 3681 1309 3720 non
1339 3666 1513 3720 minus
1543 3669 1719 3719 incor-

124 3761 306 3832 poreis
331 3759 684 3830 potestatibus
708 3759 852 3827 ipsos
880 3759 1256 3815 contemnebat
1281 3759 1496 3815 dolores
1528 3777 1542 3812 :
1576 3761 1715 3814 sicut

123 3867 190 3907 ex
233 3853 401 3922 ipsius
444 3850 622 3905 verbis
683 3849 1034 3906 animadverti
1096 3859 1292 3921 potest,
1341 3867 1460 3922 qua:
1513 3865 1612 3905 nec
1652 3851 1721 3906 de

131 3952 319 3997 nostra
360 3949 577 4010 putatur
601 3942 840 4012 proferre
883 3951 1093 3997 natura.
1125 3941 1348 4010 Quando
1375 3941 1516 3997 enim
1547 3941 1674 3996 dicit
1701 3959 1716 3995 :

123 4032 263 4088 lilii
313 4034 530 4088 mundus
559 4034 832 4103 cruciﬁxus
858 4043 952 4101 est,
979 4043 1025 4087 et
1050 4049 1142 4104 ego
1183 4032 1372 4086 mundo
1398 4033 1451 4103 (Ι
1460 4034 1592 4103 bid.)
1620 4049 1633 4087 :
1663 4041 1719 4088 et

123 4141 336 4190 rursus,
396 4123 519 4178 Vivo
547 4134 715 4178 autem
751 4125 864 4195 jam
901 4140 1004 4178 non
1056 4139 1168 4194 ego,
1218 4123 1334 4177 vivit
1370 4133 1536 4177 autem
1560 4124 1613 4178 in
1640 4140 1721 4178 me

123 4216 360 4272 Christus
383 4215 523 4287 (Gal.
545 4216 600 4270 2.
627 4215 733 4286 20)
754 4257 769 4282 ,
790 4214 917 4286 quid
940 4213 1082 4269 aliud
1098 4213 1306 4270 videtur
1333 4214 1530 4282 dicere,
1557 4230 1718 4285 quam

123 4307 272 4382 quod
303 4310 463 4363 etiam
492 4323 559 4363 ex
589 4321 815 4377 corpore
857 4308 974 4377 ipso
1013 4305 1177 4360 animi
1225 4305 1419 4361 virtute
1459 4307 1720 4376 migrave-

123 4401 234 4454 rit?
260 4399 401 4466 Quid
425 4413 554 4454 vero
591 4399 748 4454 datur
773 4399 944 4466 carni,
981 4412 1102 4453 eum
1141 4397 1324 4468 procul
1353 4395 1514 4453 dubio
1537 4397 1668 4453 dicit
1698 4414 1714 4451 :

129 4491 294 4546 Datus
327 4499 400 4544 est
442 4490 567 4544 mihi
605 4489 839 4545 stimulus
884 4489 1052 4544 carnis
1102 4504 1228 4544 mea
1264 4488 1474 4561 angelus
1507 4487 1719 4544 Satame

124 4583 205 4654 (2.
238 4581 361 4639 Cor.
392 4581 478 4640 12.
515 4582 605 4652 7)?
641 4581 754 4636 Hoc
787 4591 965 4636 autem
1000 4581 1132 4636 nihil
1175 4589 1259 4637 est
1304 4594 1524 4651 prorsus
1549 4579 1717 4636 aliud

125 4689 285 4744 quam
305 4673 593 4730 ostendere
609 4675 994 4746 contempsisse
1014 4675 1252 4731 dolorem
1271 4689 1330 4731 se
1349 4690 1574 4747 corpore
1589 4691 1714 4732 sen-

125 4767 376 4833 tientem,
407 4781 512 4822 non
534 4767 654 4837 quia
677 4782 784 4822 non
806 4767 1174 4838 ingrederetur
1197 4769 1455 4836 animum,
1478 4768 1573 4824 sed
1591 4768 1715 4840 quia

123 4857 489 4930 magnitudine
509 4857 795 4913 voluntatis
819 4857 1126 4914 excluderet
1143 4873 1267 4914 eum
1287 4866 1448 4929 atque
1473 4859 1711 4928 depelle-

123 4958 228 5006 ret.
283 4949 418 5006 Cum
445 4963 578 5005 vero
602 4949 704 5004 alia
729 4949 952 5020 plurima
979 4949 1064 5006 his
1089 4949 1414 5006 mirabiliora
1458 4949 1602 5005 dicat
1618 4991 1633 5015 ,
1659 4959 1715 5006 et

121 5039 356 5111 gaudeat
380 5039 716 5107 verberatus,
745 5047 800 5096 et
816 5039 1074 5110 glorietur
1103 5049 1398 5106 catenatus,
1429 5039 1557 5111 quid
1571 5039 1714 5096 aliud

120 5133 392 5205 quispiam
421 5132 637 5200 dixerit,
683 5147 842 5204 quam
867 5131 1032 5199 istud,
1056 5131 1200 5203 quod
1228 5132 1344 5202 ipse
1385 5130 1714 5188 memoravi?

120 5224 390 5293 Quoniam
419 5223 646 5280 dicendo
672 5224 908 5295 quidem,
939 5223 1142 5296 Castigo
1161 5240 1349 5296 corpus
1376 5241 1564 5291 meum,
1595 5234 1641 5279 et
1660 5226 1714 5280 in

123 5317 413 5373 servitutem
431 5316 605 5386 redigo
633 5331 652 5371 :
679 5317 828 5371 timeo
859 5317 1012 5382 enim,
1041 5332 1103 5371 ne
1127 5333 1240 5370 cum
1259 5316 1376 5372 aliis
1406 5317 1713 5388 prtedicave-

118 5420 242 5476 rm,
262 5409 376 5478 ipse
401 5409 642 5478 reprobus
657 5409 842 5478 eﬂiciar
859 5406 1070 5480 (LCor.
1099 5407 1154 5464 9.
1180 5408 1289 5479 27)
1315 5450 1331 5476 ,
1357 5410 1591 5466 ostendit
1619 5424 1714 5464 na-

121 5509 256 5558 turae
301 5501 667 5558 infirmitatem
691 5519 705 5556 :
735 5517 831 5573 per
857 5501 957 5558 ista
983 5517 1131 5569 vero,
1159 5518 1278 5574 qua:
1306 5503 1438 5573 dixi,
1460 5504 1710 5559 volunta-

125 5595 190 5648 tis
219 5595 576 5650 nobilitatem.

178 5686 415 5742 Gratiam
433 5687 528 5742 Dei
553 5688 791 5757 prwdicat
816 5687 1033 5744 Paulus.
1057 5685 1324 5747 Maledixit
1341 5689 1708 5761 aliquando.—

124 5779 326 5840 ldcirco
351 5777 497 5838 enim
522 5788 802 5854 utrumque
826 5781 1056 5854 positum
1083 5789 1185 5852 cst,
1212 5789 1269 5836 ut
1290 5796 1464 5853 neque
1487 5790 1706 5854 prepter

3318 382 3421 436 506

1847 473 1934 527 illa
1960 489 2151 544 magna
2174 475 2392 530 alterius
2420 491 2542 531 eum
2573 477 2810 546 opineris
2837 492 2955 534 esse
2983 487 3204 546 naturar,
3232 489 3286 534 et
3311 481 3423 549 ipse

1833 563 1901 619 de
1927 565 2120 622 virtute
2146 566 2401 635 desperes
2429 585 2444 622 :
2489 584 2661 637 neque
2690 583 2786 638 per
2816 569 2914 624 ista
2941 571 3154 639 parvula
3184 580 3422 626 sanctam

1833 655 1976 710 illam
1998 657 2355 726 reprehendas
2382 658 2612 714 animam
2637 677 2650 726 ;
2677 660 2770 714 sed
2794 659 2915 716 hinc
2942 677 3149 732 quoque
3169 661 3425 730 despera-n

1836 749 2032 803 tionem
2063 765 2246 804 rursus
2291 751 2601 820 excludeus,
2628 752 2692 806 ad
2715 753 2987 808 meliorem
3022 769 3168 821 spem
3195 753 3422 821 teipsum

1835 839 2088 896 reducas.
2116 841 2406 912 Pr0pterea
2436 859 2620 898 rursus
2647 845 2888 914 adjungit
2905 847 3063 899 etiam
3091 845 3143 900 id
3167 845 3307 915 quod
3331 845 3424 902 Dei

1833 944 1953 986 esse
1969 933 2154 1002 gratiae
2175 935 2441 1004 proprium
2454 936 2814 1002 confitetur,et
2826 936 3037 1007 quidem
3053 937 3424 1008 exaggerando

1833 1031 1995 1092 atque
2019 1026 2360 1080 cumulando.
2389 1026 2492 1082 Sed
2521 1036 2676 1098 grato
2705 1043 2828 1098 erga
2861 1030 3028 1083 Deum
3074 1031 3255 1084 animo
3299 1029 3423 1085 facit

1835 1113 2028 1182 piaque
2075 1117 2340 1170 sententia
2367 1158 2382 1181 ,
2425 1133 2492 1172 ne
2517 1117 2644 1187 quid
2678 1117 2884 1173 scilicet
2906 1134 3060 1173 suum
3087 1134 3206 1173 esse
3232 1119 3422 1174 credao

1835 1211 1941 1258 tur.
1973 1205 2110 1260 Dicit
2136 1215 2312 1261 autem
2339 1208 2499 1261 etiam
2527 1208 2668 1278 quod
2691 1210 2756 1262 ad
2785 1209 2948 1279 ipsius
2979 1211 3207 1279 pertinet
3236 1209 3421 1264 volun.

1835 1301 1996 1350 tatem
2019 1337 2035 1363 ,
2063 1311 2132 1352 ne
2169 1297 2221 1350 in
2263 1290 2431 1353 Deum
2461 1308 2650 1352 cuncta
2683 1299 2964 1368 projieiens
3009 1299 3241 1354 dormire
3268 1301 3421 1355 malis

1839 1398 1903 1438 ac
1929 1393 2175 1441 stertere.
2215 1387 2464 1442 Omnium
2507 1403 2734 1458 namque
2786 1405 3067 1444 mensuras
3095 1407 3158 1445 ac
3212 1392 3420 1461 regulas

1835 1476 1975 1546 apud
2003 1493 2126 1532 eum
2158 1478 2416 1535 invenies.
2449 1479 2553 1534 Sed
2582 1481 3155 1551 maledixitaliquando
3178 1524 3192 1546 ,
3217 1482 3416 1552 inquis,

1835 1566 2149 1623 Alexandro
2183 1571 2372 1624 mrario
2413 1568 2511 1643 (2.
2561 1569 2699 1624 Tim.
2747 1572 2801 1627 4.
2843 1573 2911 1626 14
2959 1573 2997 1642 ).
3029 1571 3096 1626 Ει
3138 1573 3262 1642 quid
3291 1575 3417 1631 illud

1834 1665 2042 1727 spectat
2064 1658 2130 1714 ad
2157 1659 2340 1714 vitium
2368 1659 2392 1714 ?
2435 1661 2549 1715 Non
2575 1662 2719 1718 enim
2747 1660 2845 1715 fuit
2874 1661 2960 1716 hic
2991 1677 3170 1716 sermo
3205 1663 3418 1716 iracun-

1831 1751 1956 1818 diae,
1987 1751 2081 1806 sed
2112 1753 2287 1821 potius
2313 1752 2535 1817 doloris,
2565 1755 2653 1824 qui
2683 1764 2830 1808 certe
2854 1763 3003 1808 ortus
3045 1763 3128 1808 est
3173 1753 3242 1809 de
3273 1754 3418 1809 veri-

1832 1843 1954 1896 tatis
1984 1841 2197 1911 injuria.
2242 1841 2358 1898 Non
2383 1844 2525 1898 enim
2549 1852 2765 1913 propter
2789 1845 3023 1912 seipsum
3053 1843 3285 1906 dolebat,
3321 1844 3416 1899 sed

1829 1933 1950 2003 quia
1973 1932 2332 2002 przedicationi
2375 1934 2465 1989 ille
2504 1935 2774 1990 restiterat
2808 1952 2822 1988 :
2857 1935 3018 1990 Valde
3043 1939 3197 2000 enim,
3226 1937 3417 2006 inquit,

1831 2023 2008 2076 restitit
2030 2063 2047 2088 ,
2074 2039 2181 2079 non
2212 2024 2362 2090 mihi,
2394 2025 2488 2089 ait,
2515 2025 2607 2080 sed
2633 2027 2793 2079 verbis
2821 2027 3006 2080 nostris
3030 2025 3146 2098 (Ib.
3177 2043 3226 2080 υ.
3263 2029 3328 2082 15
3355 2029 3375 2095 )
3398 2043 3416 2084 :

1834 2123 1896 2168 ut
1936 2121 1992 2168 et
2036 2130 2190 2169 suum
2241 2130 2363 2185 erga
2399 2117 2674 2170 veritatem
2701 2117 3023 2185 exprimeret
3048 2116 3334 2184 allectum,
3365 2126 3418 2172 et

1831 2220 1935 2259 non
1967 2207 2136 2261 solum
2163 2205 2310 2259 illum
2335 2205 2420 2259 cui
2446 2205 2713 2260 scribebat
2737 2247 2752 2269 ,
2797 2205 2891 2260 sed
2923 2215 3070 2260 certe
3095 2205 3179 2260 his
3205 2221 3418 2276 quoque

1837 2295 2126 2366 discipulos
2154 2296 2436 2352 solaretur.
2465 2296 2722 2364 Quoniam
2753 2296 2894 2351 enim
2935 2297 3063 2351 satis
3086 2312 3418 2366 consequens

1829 2398 1948 2442 erat
1976 2388 2319 2443 scandalizari
2348 2404 2556 2456 omnes,
2585 2389 2714 2443 nihil
2741 2389 3060 2458 patientibus
3099 2388 3416 2444 adversariis

1827 2479 2068 2534 veritatis
2088 2520 2104 2546 ,
2132 2479 2330 2534 idcirco
2351 2489 2405 2535 et
2426 2481 2476 2535 ei
2502 2479 2591 2550 qui
2621 2487 3012 2550 repugnaverat
3039 2480 3150 2534 Deo
3194 2479 3417 2534 commi-

1828 2579 1985 2625 natus
2011 2579 2094 2625 est
2123 2569 2424 2625 ultionem’.
2464 2570 2570 2626 Sed
2596 2570 2765 2624 oravit
2790 2570 3045 2626 adversus
3069 2570 3299 2638 aliquos,
3328 2568 3415 2624 di-

1832 2677 1962 2718 cens
1991 2679 2006 2716 :
2031 2662 2090 2718 Si
2117 2672 2285 2716 tamen
2318 2664 2518 2733 justum
2565 2672 2637 2716 est
2673 2663 2814 2732 apud
2839 2660 3005 2716 Deum
3044 2661 3416 2716 retributionem

1826 2753 2035 2807 reddere
2059 2753 2156 2817 his,
2187 2754 2270 2825 qui
2296 2770 2386 2808 nos
2416 2753 2657 2807 tribulam
2682 2751 2760 2824 (2.
2787 2751 2968 2806 Thess.
2988 2753 3038 2808 ι.
3069 2751 3128 2821 6)
3159 2770 3172 2806 :
3205 2766 3311 2807 non
3345 2751 3414 2805 il-

1827 2843 1909 2897 los
1937 2857 2124 2912 ptenas
2161 2843 2308 2898 luere
2351 2842 2773 2913 concupiscens,
2817 2841 2912 2898 sed
2951 2857 3047 2898 eos
3083 2842 3173 2912 qui
3214 2841 3414 2911 afflige-

1825 2931 2019 2988 bantur
2043 2933 2306 2988 consolari
2349 2932 2575 2988 studens
2605 2951 2618 2987 :
2647 2941 2868 3004 propter
2913 2933 3056 3003 quod
3109 2941 3163 2988 et
3211 2932 3368 2987 infert
3393 2972 3413 3000 ,

1827 3023 1897 3079 Et
1918 3025 2055 3078 vobis
2080 3024 2167 3094 qui
2192 3023 2524 3092 tribulamini,
2545 3025 2768 3095 requiem
2795 3023 3051 3079 uobiscum
3081 3022 3239 3093 (Ibid.
3267 3038 3315 3076 υ.
3331 3020 3414 3094 7).

1826 3120 2090 3176 Caeterum
2118 3133 2236 3172 cum
2289 3117 2403 3187 ipse
2453 3117 2652 3186 aliquid
2699 3117 2851 3171 triste
2907 3115 3236 3187 perpetitur,
3290 3113 3413 3170 audi

1827 3227 1985 3280 quam
2017 3211 2120 3265 alta
2163 3209 2416 3280 patientia
2447 3208 2852 3280 philosophetur
2874 3249 2890 3274 ,
2919 3216 2973 3263 et
3015 3216 3232 3277 propter
3275 3207 3414 3262 mala

1825 3303 2016 3358 bonam
2043 3303 2211 3356 vicem
2240 3301 2429 3356 reddat
2473 3300 2720 3355 inimicis.
2765 3298 3118 3354 Maledicimur
3146 3340 3162 3365 ,
3201 3298 3409 3368 inquit,

1825 3405 1872 3449 et
1894 3395 2229 3448 benedicimus
2247 3410 2265 3448 :
2281 3393 2717 3464 persequutionem
2749 3393 2988 3462 patimur,
3011 3401 3056 3445 et
3080 3391 3414 3446 sustinemus:

1826 3486 2250 3555 blasphemamur,
2283 3493 2328 3536 et
2363 3482 2680 3537 obsecramus
2709 3483 2805 3554 (1.
2840 3480 2958 3537 Cor.
2987 3482 3043 3536 4.
3076 3480 3187 3550 12).
3221 3480 3278 3536 Si
3320 3495 3417 3534 au-

1826 3585 1932 3630 tem
1959 3592 2077 3646 quae
2103 3590 2198 3644 pro
2236 3574 2356 3630 aliis
2382 3574 2520 3629 facta
2553 3574 2640 3628 vel
2666 3573 2806 3627 dicta
2831 3581 2975 3638 sunt,
3005 3569 3293 3626 iracundia:
3321 3570 3408 3624 di-

1823 3683 1914 3723 cas
1937 3667 2118 3734 fuisse,
2143 3675 2294 3736 potes
2321 3666 2500 3722 dicere
2527 3675 2579 3721 et
2601 3666 2842 3737 Elymam
2867 3679 3075 3735 magum
3091 3679 3186 3735 per
3204 3664 3412 3716 iracun-

1824 3758 1964 3813 diam
1992 3765 2316 3814 exczecatum
2345 3757 2710 3827 injurioseque
2739 3765 3042 3825 correptum
3072 3753 3092 3826 (
3120 3755 3230 3806 Act.
3263 3751 3408 3824 l3);

1829 3853 2090 3906 Ananiam
2119 3867 2328 3922 quoque
2364 3862 2419 3906 et
2439 3850 2753 3920 Sapphiram
2783 3866 2877 3919 per
2899 3848 3224 3902 iracundiam
3249 3861 3278 3899 a
3306 3846 3404 3899 Pe-

1824 3954 1907 3999 tro
1934 3944 2244 3999 interfectos
2267 3944 2597 3999 exclamabis
2627 3940 2649 4016 (
2674 3941 2787 3996 Act.
2814 3943 2848 3997 5
2877 3941 2918 4012 ).
2949 3939 3054 3995 Sed
3087 3939 3207 4009 quis
3231 3947 3313 3992 est
3339 3938 3410 3993 ita

1827 4037 2021 4092 stultus
2045 4045 2099 4091 et
2125 4051 2337 4099 vecors,
2365 4043 2423 4089 ut
2452 4034 2552 4089 hoc
2579 4033 2773 4088 audeat
2797 4032 3053 4102 suspicari
3080 4031 3104 4084 ?
3131 4031 3248 4086 Alia
3273 4047 3408 4101 quo-

1825 4141 1931 4197 que
1970 4126 2196 4196 plurima
2239 4125 2542 4179 invenimus
2570 4139 2690 4178 eum
2737 4123 2938 4178 dixisse
2981 4131 3139 4192 atque
3177 4122 3407 4188 fecisse,

1824 4231 1944 4286 quae
1971 4215 2037 4270 ad
2083 4215 2314 4286 speciem
2349 4214 2597 4269 videntur
2635 4227 2883 4267 onerosa.
2907 4211 3105 4266 Verum
3153 4211 3268 4266 lucc
3297 4212 3410 4282 ipsa

1823 4317 1949 4364 sunt
1976 4349 1992 4376 ,
2023 4323 2142 4378 quae
2183 4306 2447 4376 praecipue
2471 4304 2784 4360 modestiam
2812 4304 2929 4374 ejus
2971 4303 3277 4360 ostendunt.
3309 4305 3405 4359 Et-

1822 4399 1966 4454 enim
1996 4414 2114 4454 cum
2136 4399 2344 4454 Satanae
2371 4396 2530 4452 tradit
2557 4411 2703 4462 eum,
2729 4395 2819 4466 qui
2841 4393 3080 4450 Corinthi
3105 4393 3277 4449 fuerat
3303 4393 3410 4448 for-

1823 4492 2032 4546 nicatus
2053 4491 2133 4562 (1.
2163 4488 2282 4545 Cor.
2311 4489 2364 4545 5.
2394 4487 2478 4560 5),
2505 4502 2625 4542 cum
2669 4486 2836 4542 multa
2863 4484 2968 4540 hoc
2999 4484 3162 4540 eflicit
3185 4485 3410 4540 caritate

1822 4587 2088 4658 plenoque
2133 4584 2330 4640 amoris
2370 4583 2584 4648 animo;
2617 4579 2777 4652 idque
2805 4595 2874 4635 ex
2907 4578 3138 4634 secunda
3185 4576 3409 4647 epistola

1824 4676 2104 4733 evidenter
2157 4673 2390 4730 ostendit
2419 4690 2435 4727 :
2467 4681 2521 4728 et
2547 4687 2578 4727 e
2605 4671 2824 4741 regione
2848 4685 2969 4726 cum
3006 4667 3208 4724 Iudaeis
3237 4669 3410 4722 mina-

1821 4778 1928 4835 tur,
1950 4784 2013 4824 ac
2035 4769 2184 4835 dicit,
2212 4765 2448 4821 Pervenit
2472 4765 2526 4818 in
2550 4779 2635 4818 eos
2654 4764 2734 4816 ira
2753 4761 2886 4832 Dei(
2916 4762 2969 4816 1.
2997 4759 3177 4814 Thess.
3203 4759 3260 4814 9..
3285 4758 3402 4826 16);

1823 4876 1930 4917 non
1955 4862 2135 4931 utique
2156 4859 2336 4914 furore
2364 4859 2555 4930 plenus
2581 4855 2635 4912 id
2662 4855 2896 4926 loquitur
2919 4893 2936 4919 ,
2965 4869 3126 4924 quem
3161 4852 3412 4908 audimus

1819 4969 1920 5025 pro
1940 4955 2070 5025 ipsis
2098 4953 2408 5024 frequenter
2431 4957 2672 5005 orantem
2699 4989 2716 5015 ,
2748 4933 2843 5002 sed
2866 4945 3138 5002 deterrere
3163 4959 3257 5000 eos
3297 4952 3409 4999 stuc

1818 5046 1950 5102 dens
1973 5085 1990 5113 ,
2019 5060 2114 5116 per
2145 5060 2265 5115 qua:
2289 5057 2386 5098 eos
2409 5041 2656 5097 redderet
2683 5039 2953 5095 meliores.
2987 5037 3092 5093 Sed
3121 5035 3406 5101 sacerdoti,

1819 5137 1998 5208 inquis
2020 5177 2037 5204 ,
2064 5136 2322 5205 irrogavit
2341 5133 2588 5204 injuriam
2614 5131 2842 5187 dicens:
2869 5130 3122 5184 Percutiet
3153 5138 3199 5181 te
3223 5125 3358 5180 Deus
3384 5166 3400 5189 ,

1821 5227 1986 5299 paries
2031 5224 2260 5279 dealbate
2287 5223 2306 5296 (
2334 5224 2446 5278 Act.
2470 5223 2562 5278 2'5.
2593 5222 2629 5278 ’5
2657 5222 2703 5292 ).
2747 5220 3003 5276 Novimus
3025 5216 3237 5290 quidem
3264 5214 3410 5286 quod,

1819 5319 1886 5375 de
1915 5319 2018 5374 hoc
2044 5318 2163 5372 loco
2187 5315 2351 5386 aliqui
2377 5313 2764 5369 satisfacientes
2782 5351 2798 5378 ,
2837 5311 2956 5365 loco
2996 5305 3286 5379 prophetiae
3307 5320 3404 5360 ve-

1820 5412 1921 5468 lint
1959 5425 2082 5466 esse
2110 5407 2254 5480 quod
2285 5408 2482 5462 dictum
2511 5413 2595 5461 est
2629 5421 2644 5460 :
2681 5417 2781 5459 nec
2821 5401 2980 5470 culpo
3007 5398 3244 5453 dicentes
3272 5413 3288 5451 :
3325 5403 3404 5451 etc

1817 5504 1960 5559 enim
1988 5499 2126 5555 istud
2153 5498 2348 5565 evenit,
2373 5499 2556 5568 sicque
2572 5495 2851 5552 defunctus
2870 5500 2971 5548 est.
3001 5491 3057 5546 Si
3082 5490 3200 5560 quis
3225 5496 3404 5544 tamen

1816 5593 1994 5650 acrior
2020 5592 2259 5662 insurgat
2284 5589 2530 5645 inimicus
2560 5628 2575 5655 ,
2607 5595 2663 5642 et
2687 5583 2952 5639 curiosius
2975 5594 3229 5653 reparans
3249 5583 3414 5652 qua?

1839 5858 1855 5864 -
1883 5791 1898 5823 ι
1935 5796 1986 5843 tu
2008 5796 2166 5842 Greco
2189 5791 2256 5840 sic
2269 5786 2448 5852 legitur
2475 5798 2488 5836 ε
2517 5781 2705 5835 Idcirco
2727 5777 2841 5832 talia
2864 5777 2997 5832 dicit.
