  <div class='ocr_page' id='page_1' title='image "/cluster/home/n/w/nwhite01/storage/ocr_20150623/50/mdp.39015066055818/103.png"; bbox 0 0 3876 6286; ppageno 0'>
   <div class='ocr_carea' id='block_1_1' title="bbox 482 368 583 437">
    <p class='ocr_par' dir='ltr' id='par_1_1' title="bbox 482 368 583 437">
     <span class='ocr_line' id='line_1_1' title="bbox 482 368 583 437; baseline -0.03 0"><span class='ocrx_word' id='word_1_1' title='bbox 482 368 583 437; x_wconf 73' lang='lat'><strong>307</strong></span> 
     </span>
    </p>
   </div>
   <div class='ocr_carea' id='block_1_2' title="bbox 483 485 2060 556">
    <p class='ocr_par' dir='ltr' id='par_1_2' title="bbox 483 485 2060 556">
     <span class='ocr_line' id='line_1_2' title="bbox 483 485 2060 556; baseline -0.007 -7"><span class='ocrx_word' id='word_1_2' title='bbox 483 494 751 556; x_wconf 86' lang='lat' dir='ltr'><strong>stionem,</strong></span> <span class='ocrx_word' id='word_1_3' title='bbox 777 487 1106 546; x_wconf 73' lang='lat' dir='ltr'><strong>contradicat</strong></span> <span class='ocrx_word' id='word_1_4' title='bbox 1131 530 1147 556; x_wconf 94' lang='lat'><strong>,</strong></span> <span class='ocrx_word' id='word_1_5' title='bbox 1181 503 1243 543; x_wconf 89' lang='lat' dir='ltr'><strong>ac</strong></span> <span class='ocrx_word' id='word_1_6' title='bbox 1285 487 1482 543; x_wconf 89' lang='lat' dir='ltr'><strong>referat</strong></span> <span class='ocrx_word' id='word_1_7' title='bbox 1527 506 1540 542; x_wconf 94' lang='lat'><strong>:</strong></span> <span class='ocrx_word' id='word_1_8' title='bbox 1584 485 1770 541; x_wconf 87' lang='lat' dir='ltr'><strong>Nonne</strong></span> <span class='ocrx_word' id='word_1_9' title='bbox 1819 496 2060 549; x_wconf 87' lang='lat' dir='ltr'><strong>noverat,</strong></span> 
     </span>
    </p>
   </div>
   <div class='ocr_carea' id='block_1_3' title="bbox 483 577 2060 653">
    <p class='ocr_par' dir='ltr' id='par_1_3' title="bbox 483 577 2060 653">
     <span class='ocr_line' id='line_1_3' title="bbox 483 577 2060 653; baseline -0.006 -15"><span class='ocrx_word' id='word_1_10' title='bbox 483 585 605 653; x_wconf 89' lang='lat' dir='ltr'><strong>quia</strong></span> <span class='ocrx_word' id='word_1_11' title='bbox 649 597 889 638; x_wconf 91' lang='lat' dir='ltr'><strong>summus</strong></span> <span class='ocrx_word' id='word_1_12' title='bbox 918 591 1032 637; x_wconf 88' lang='lat' dir='ltr'><strong>erat</strong></span> <span class='ocrx_word' id='word_1_13' title='bbox 1055 580 1304 635; x_wconf 93' lang='lat' dir='ltr'><strong>sacerdos</strong></span> <span class='ocrx_word' id='word_1_14' title='bbox 1337 579 1399 632; x_wconf 72' lang='lat'><strong>&#39;?</strong></span> <span class='ocrx_word' id='word_1_15' title='bbox 1429 579 1529 632; x_wconf 89' lang='lat' dir='ltr'><strong>hoc</strong></span> <span class='ocrx_word' id='word_1_16' title='bbox 1572 579 1752 647; x_wconf 93' lang='lat' dir='ltr'><strong>utique</strong></span> <span class='ocrx_word' id='word_1_17' title='bbox 1778 577 2016 632; x_wconf 85' lang='lat' dir='ltr'><strong>dicemus</strong></span> <span class='ocrx_word' id='word_1_18' title='bbox 2046 616 2060 642; x_wconf 94' lang='lat'><strong>,</strong></span> 
     </span>
    </p>
   </div>
   <div class='ocr_carea' id='block_1_4' title="bbox 483 669 2063 745">
    <p class='ocr_par' dir='ltr' id='par_1_4' title="bbox 483 669 2063 745">
     <span class='ocr_line' id='line_1_4' title="bbox 483 669 2063 745; baseline -0.006 -14"><span class='ocrx_word' id='word_1_19' title='bbox 483 677 733 745; x_wconf 87' lang='lat' dir='ltr'><strong>quoniam</strong></span> <span class='ocrx_word' id='word_1_20' title='bbox 784 673 1030 729; x_wconf 88' lang='lat' dir='ltr'><strong>erudiens</strong></span> <span class='ocrx_word' id='word_1_21' title='bbox 1077 673 1212 726; x_wconf 90' lang='lat' dir='ltr'><strong>alios</strong></span> <span class='ocrx_word' id='word_1_22' title='bbox 1250 686 1373 740; x_wconf 86' lang='lat' dir='ltr'><strong>erga</strong></span> <span class='ocrx_word' id='word_1_23' title='bbox 1429 685 1522 724; x_wconf 89' lang='lat' dir='ltr'><strong>cos</strong></span> <span class='ocrx_word' id='word_1_24' title='bbox 1569 669 1656 739; x_wconf 90' lang='lat' dir='ltr'><strong>qui</strong></span> <span class='ocrx_word' id='word_1_25' title='bbox 1717 669 1769 722; x_wconf 91' lang='lat' dir='ltr'><strong>in</strong></span> <span class='ocrx_word' id='word_1_26' title='bbox 1803 677 2063 737; x_wconf 83' lang='lat' dir='ltr'><strong>potestate</strong></span> 
     </span>
    </p>
   </div>
   <div class='ocr_carea' id='block_1_5' title="bbox 483 761 2065 834">
    <p class='ocr_par' dir='ltr' id='par_1_5' title="bbox 483 761 2065 834">
     <span class='ocr_line' id='line_1_5' title="bbox 483 761 2065 834; baseline -0.007 -11"><span class='ocrx_word' id='word_1_27' title='bbox 483 779 608 823; x_wconf 88' lang='lat' dir='ltr'><strong>sunt</strong></span> <span class='ocrx_word' id='word_1_28' title='bbox 633 768 923 822; x_wconf 80' lang='lat' dir='ltr'><strong>modestius</strong></span> <span class='ocrx_word' id='word_1_29' title='bbox 943 766 1266 829; x_wconf 76' lang='lat' dir='ltr'><strong>conversari,</strong></span> <span class='ocrx_word' id='word_1_30' title='bbox 1289 774 1448 834; x_wconf 90' lang='lat' dir='ltr'><strong>atque</strong></span> <span class='ocrx_word' id='word_1_31' title='bbox 1487 777 1709 816; x_wconf 90' lang='lat' dir='ltr'><strong>monens</strong></span> <span class='ocrx_word' id='word_1_32' title='bbox 1734 802 1748 824; x_wconf 93' lang='lat'><strong>,</strong></span> <span class='ocrx_word' id='word_1_33' title='bbox 1794 761 1906 830; x_wconf 91' lang='lat' dir='ltr'><strong>ipse</strong></span> <span class='ocrx_word' id='word_1_34' title='bbox 1934 775 2065 830; x_wconf 91' lang='lat' dir='ltr'><strong>quo-</strong></span> 
     </span>
    </p>
   </div>
   <div class='ocr_carea' id='block_1_6' title="bbox 485 851 2062 930">
    <p class='ocr_par' dir='ltr' id='par_1_6' title="bbox 485 851 2062 930">
     <span class='ocr_line' id='line_1_6' title="bbox 485 851 2062 930; baseline -0.006 -18"><span class='ocrx_word' id='word_1_35' title='bbox 485 877 591 930; x_wconf 91' lang='lat' dir='ltr'><strong>que</strong></span> <span class='ocrx_word' id='word_1_36' title='bbox 621 861 744 914; x_wconf 87' lang='lat' dir='ltr'><strong>huic</strong></span> <span class='ocrx_word' id='word_1_37' title='bbox 769 859 936 913; x_wconf 91' lang='lat' dir='ltr'><strong>voluit</strong></span> <span class='ocrx_word' id='word_1_38' title='bbox 961 859 1330 926; x_wconf 89' lang='lat' dir='ltr'><strong>obtemperare</strong></span> <span class='ocrx_word' id='word_1_39' title='bbox 1355 897 1371 921; x_wconf 96' lang='lat'><strong>,</strong></span> <span class='ocrx_word' id='word_1_40' title='bbox 1400 855 1536 908; x_wconf 91' lang='lat' dir='ltr'><strong>sicut</strong></span> <span class='ocrx_word' id='word_1_41' title='bbox 1562 862 1616 907; x_wconf 90' lang='lat' dir='ltr'><strong>et</strong></span> <span class='ocrx_word' id='word_1_42' title='bbox 1644 853 1891 906; x_wconf 74' lang='lat' dir='ltr'><strong>Christus</strong></span> <span class='ocrx_word' id='word_1_43' title='bbox 1923 851 2062 914; x_wconf 89' lang='lat' dir='ltr'><strong>fecit,</strong></span> 
     </span>
    </p>
   </div>
   <div class='ocr_carea' id='block_1_7' title="bbox 483 941 2065 1022">
    <p class='ocr_par' dir='ltr' id='par_1_7' title="bbox 483 941 2065 1022">
     <span class='ocr_line' id='line_1_7' title="bbox 483 941 2065 1022; baseline -0.006 -19"><span class='ocrx_word' id='word_1_44' title='bbox 483 953 571 1022; x_wconf 90' lang='lat' dir='ltr'><strong>qui</strong></span> <span class='ocrx_word' id='word_1_45' title='bbox 622 961 768 1006; x_wconf 88' lang='lat' dir='ltr'><strong>certe</strong></span> <span class='ocrx_word' id='word_1_46' title='bbox 819 966 940 1006; x_wconf 90' lang='lat' dir='ltr'><strong>cum</strong></span> <span class='ocrx_word' id='word_1_47' title='bbox 990 948 1191 1005; x_wconf 80' lang='lat' dir='ltr'><strong>Scribis</strong></span> <span class='ocrx_word' id='word_1_48' title='bbox 1233 947 1380 1001; x_wconf 90' lang='lat' dir='ltr'><strong>mille</strong></span> <span class='ocrx_word' id='word_1_49' title='bbox 1425 944 1580 999; x_wconf 90' lang='lat' dir='ltr'><strong>fanda</strong></span> <span class='ocrx_word' id='word_1_50' title='bbox 1638 957 1796 1012; x_wconf 80' lang='lat' dir='ltr'><strong>atque</strong></span> <span class='ocrx_word' id='word_1_51' title='bbox 1839 941 2065 996; x_wconf 87' lang='lat' dir='ltr'><strong>nefanda</strong></span> 
     </span>
    </p>
   </div>
   <div class='ocr_carea' id='block_1_8' title="bbox 482 1033 2066 1109">
    <p class='ocr_par' dir='ltr' id='par_1_8' title="bbox 482 1033 2066 1109">
     <span class='ocr_line' id='line_1_8' title="bbox 482 1033 2066 1109; baseline -0.007 -13"><span class='ocrx_word' id='word_1_52' title='bbox 482 1042 742 1105; x_wconf 81' lang='lat' dir='ltr'><strong>dixisset,</strong></span> <span class='ocrx_word' id='word_1_53' title='bbox 771 1042 844 1096; x_wconf 88' lang='lat' dir='ltr'><strong>ait</strong></span> <span class='ocrx_word' id='word_1_54' title='bbox 872 1051 1047 1095; x_wconf 92' lang='lat' dir='ltr'><strong>tamen</strong></span> <span class='ocrx_word' id='word_1_55' title='bbox 1086 1058 1099 1093; x_wconf 91' lang='lat'>:</span> <span class='ocrx_word' id='word_1_56' title='bbox 1135 1040 1301 1109; x_wconf 83' lang='lat' dir='ltr'><strong>Super</strong></span> <span class='ocrx_word' id='word_1_57' title='bbox 1347 1038 1637 1090; x_wconf 77' lang='lat' dir='ltr'><strong>cathedram</strong></span> <span class='ocrx_word' id='word_1_58' title='bbox 1676 1033 1806 1087; x_wconf 82' lang='lat' dir='ltr'><strong>Mosi</strong></span> <span class='ocrx_word' id='word_1_59' title='bbox 1833 1033 2066 1088; x_wconf 83' lang='lat' dir='ltr'><strong>sederunt</strong></span> 
     </span>
    </p>
   </div>
   <div class='ocr_carea' id='block_1_9' title="bbox 484 1128 2067 1200">
    <p class='ocr_par' dir='ltr' id='par_1_9' title="bbox 484 1128 2067 1200">
     <span class='ocr_line' id='line_1_9' title="bbox 484 1128 2067 1200; baseline -0.008 -9"><span class='ocrx_word' id='word_1_60' title='bbox 484 1136 679 1192; x_wconf 76' lang='lat' dir='ltr'><strong>Scriba:</strong></span> <span class='ocrx_word' id='word_1_61' title='bbox 701 1144 749 1189; x_wconf 77' lang='lat' dir='ltr'><strong>et</strong></span> <span class='ocrx_word' id='word_1_62' title='bbox 782 1133 1035 1190; x_wconf 63' lang='lat' dir='ltr'><strong>Pharisaei</strong></span> <span class='ocrx_word' id='word_1_63' title='bbox 1064 1151 1082 1188; x_wconf 92' lang='lat'><em>:</em></span> <span class='ocrx_word' id='word_1_64' title='bbox 1125 1133 1295 1187; x_wconf 89' lang='lat' dir='ltr'><strong>omnia</strong></span> <span class='ocrx_word' id='word_1_65' title='bbox 1321 1148 1437 1200; x_wconf 88' lang='lat' dir='ltr'><strong>ergo</strong></span> <span class='ocrx_word' id='word_1_66' title='bbox 1458 1143 1572 1199; x_wconf 78' lang='lat' dir='ltr'><strong>qua:</strong></span> <span class='ocrx_word' id='word_1_67' title='bbox 1596 1128 1768 1182; x_wconf 85' lang='lat' dir='ltr'><strong>dicunt</strong></span> <span class='ocrx_word' id='word_1_68' title='bbox 1808 1128 1964 1188; x_wconf 80' lang='lat' dir='ltr'><strong>vobis,</strong></span> <span class='ocrx_word' id='word_1_69' title='bbox 1988 1130 2067 1197; x_wconf 79' lang='lat' dir='ltr'><strong>{a-</strong></span> 
     </span>
    </p>
   </div>
   <div class='ocr_carea' id='block_1_10' title="bbox 482 1217 2064 1293">
    <p class='ocr_par' dir='ltr' id='par_1_10' title="bbox 482 1217 2064 1293">
     <span class='ocr_line' id='line_1_10' title="bbox 482 1217 2064 1293; baseline -0.008 -11"><span class='ocrx_word' id='word_1_70' title='bbox 482 1231 578 1282; x_wconf 85' lang='lat' dir='ltr'><strong>cite</strong></span> <span class='ocrx_word' id='word_1_71' title='bbox 601 1244 620 1292; x_wconf 85' lang='lat'><strong>,&#39;</strong></span> <span class='ocrx_word' id='word_1_72' title='bbox 645 1227 920 1282; x_wconf 86' lang='lat' dir='ltr'><strong>secundum</strong></span> <span class='ocrx_word' id='word_1_73' title='bbox 935 1236 1101 1279; x_wconf 86' lang='lat' dir='ltr'><strong>autem</strong></span> <span class='ocrx_word' id='word_1_74' title='bbox 1122 1241 1275 1293; x_wconf 82' lang='lat' dir='ltr'><strong>Opera</strong></span> <span class='ocrx_word' id='word_1_75' title='bbox 1293 1237 1462 1276; x_wconf 87' lang='lat' dir='ltr'><strong>eorum</strong></span> <span class='ocrx_word' id='word_1_76' title='bbox 1488 1219 1642 1275; x_wconf 78' lang='lat' dir='ltr'><strong>nolite</strong></span> <span class='ocrx_word' id='word_1_77' title='bbox 1667 1220 1833 1288; x_wconf 80' lang='lat' dir='ltr'><strong>facere</strong></span> <span class='ocrx_word' id='word_1_78' title='bbox 1851 1217 2064 1290; x_wconf 80' lang='lat' dir='ltr'><strong>(Matth.</strong></span> 
     </span>
    </p>
   </div>
   <div class='ocr_carea' id='block_1_11' title="bbox 482 1321 789 1376">
    <p class='ocr_par' dir='ltr' id='par_1_11' title="bbox 482 1321 789 1376">
     <span class='ocr_line' id='line_1_11' title="bbox 482 1321 789 1376; baseline -0.003 -2"><span class='ocrx_word' id='word_1_79' title='bbox 482 1322 566 1376; x_wconf 28' lang='grc'><strong>25.</strong></span> <span class='ocrx_word' id='word_1_80' title='bbox 595 1321 645 1374; x_wconf 76' lang='lat'><strong>2.</strong></span> <span class='ocrx_word' id='word_1_81' title='bbox 687 1323 720 1376; x_wconf 81' lang='grc'><strong>5</strong></span> <span class='ocrx_word' id='word_1_82' title='bbox 752 1322 789 1376; x_wconf 82' lang='grc'><strong>).</strong></span> 
     </span>
    </p>
   </div>
   <div class='ocr_carea' id='block_1_12' title="bbox 557 1322 2068 1481">
    <p class='ocr_par' dir='ltr' id='par_1_12' title="bbox 557 1322 2068 1481">
     <span class='ocr_line' id='line_1_12' title="bbox 564 1322 789 1374; baseline -0.004 0"><span class='ocrx_word' id='word_1_83' title='bbox 564 1322 645 1374; x_wconf 77' lang='lat'><strong>.2.</strong></span> <span class='ocrx_word' id='word_1_84' title='bbox 687 1323 716 1338; x_wconf 90' lang='lat'><strong><em>&quot;</em></strong></span> <span class='ocrx_word' id='word_1_85' title='bbox 775 1360 789 1373; x_wconf 93' lang='lat'><strong>.</strong></span> 
     </span>
     <span class='ocr_line' id='line_1_13' title="bbox 557 1322 2068 1481; baseline -0.008 -16"><span class='ocrx_word' id='word_1_86' title='bbox 557 1411 655 1477; x_wconf 84' lang='lat' dir='ltr'><strong>Qui</strong></span> <span class='ocrx_word' id='word_1_87' title='bbox 687 1322 1072 1481; x_wconf 42' lang='lat' dir='ltr'><strong>igtudicaturus</strong></span> <span class='ocrx_word' id='word_1_88' title='bbox 1107 1417 1176 1462; x_wconf 86' lang='lat' dir='ltr'><strong>est</strong></span> <span class='ocrx_word' id='word_1_89' title='bbox 1205 1405 1406 1460; x_wconf 86' lang='lat' dir='ltr'><strong>verbum</strong></span> <span class='ocrx_word' id='word_1_90' title='bbox 1453 1402 1546 1458; x_wconf 84' lang='lat' dir='ltr'><strong>Dei</strong></span> <span class='ocrx_word' id='word_1_91' title='bbox 1602 1404 1780 1473; x_wconf 77' lang='lat' dir='ltr'><strong>quibus</strong></span> <span class='ocrx_word' id='word_1_92' title='bbox 1828 1418 1881 1456; x_wconf 80' lang='lat' dir='ltr'><strong>se</strong></span> <span class='ocrx_word' id='word_1_93' title='bbox 1930 1402 2068 1471; x_wconf 85' lang='lat' dir='ltr'><strong>peri-</strong></span> 
     </span>
    </p>
   </div>
   <div class='ocr_carea' id='block_1_13' title="bbox 484 1493 2071 1569">
    <p class='ocr_par' dir='ltr' id='par_1_13' title="bbox 484 1493 2071 1569">
     <span class='ocr_line' id='line_1_14' title="bbox 484 1493 2071 1569; baseline -0.008 -13"><span class='ocrx_word' id='word_1_94' title='bbox 484 1503 614 1556; x_wconf 76' lang='lat' dir='ltr'><strong>culis</strong></span> <span class='ocrx_word' id='word_1_95' title='bbox 657 1511 895 1567; x_wconf 74' lang='lat' dir='ltr'><strong>exponat.</strong></span> <span class='ocrx_word' id='word_1_96' title='bbox 943 1499 1034 1553; x_wconf 83' lang='lat' dir='ltr'><strong>Ira</strong></span> <span class='ocrx_word' id='word_1_97' title='bbox 1076 1514 1230 1569; x_wconf 84' lang='lat' dir='ltr'><strong>quare</strong></span> <span class='ocrx_word' id='word_1_98' title='bbox 1276 1497 1416 1550; x_wconf 85' lang='lat' dir='ltr'><strong>nobis</strong></span> <span class='ocrx_word' id='word_1_99' title='bbox 1455 1495 1630 1548; x_wconf 82' lang='lat' dir='ltr'><strong>insita.</strong></span> <span class='ocrx_word' id='word_1_100' title='bbox 1679 1523 1751 1533; x_wconf 91' lang='lat'><strong>——</strong></span> <span class='ocrx_word' id='word_1_101' title='bbox 1797 1493 1870 1545; x_wconf 86' lang='lat' dir='ltr'><strong>Ita</strong></span> <span class='ocrx_word' id='word_1_102' title='bbox 1912 1493 2071 1562; x_wconf 78' lang='lat' dir='ltr'><strong>igitur</strong></span> 
     </span>
    </p>
   </div>
   <div class='ocr_carea' id='block_1_14' title="bbox 485 1581 2068 1654">
    <p class='ocr_par' dir='ltr' id='par_1_14' title="bbox 485 1581 2068 1654">
     <span class='ocr_line' id='line_1_15' title="bbox 485 1581 2068 1654; baseline -0.006 -9"><span class='ocrx_word' id='word_1_103' title='bbox 485 1599 540 1645; x_wconf 91' lang='lat' dir='ltr'><strong>et</strong></span> <span class='ocrx_word' id='word_1_104' title='bbox 577 1590 665 1644; x_wconf 85' lang='lat' dir='ltr'><strong>hic</strong></span> <span class='ocrx_word' id='word_1_105' title='bbox 716 1590 910 1645; x_wconf 87' lang='lat' dir='ltr'><strong>Paulus</strong></span> <span class='ocrx_word' id='word_1_106' title='bbox 933 1631 948 1652; x_wconf 94' lang='lat'><strong>,</strong></span> <span class='ocrx_word' id='word_1_107' title='bbox 980 1599 1033 1643; x_wconf 94' lang='lat' dir='ltr'><strong>et</strong></span> <span class='ocrx_word' id='word_1_108' title='bbox 1067 1586 1402 1642; x_wconf 88' lang='lat' dir='ltr'><strong>conservavit</strong></span> <span class='ocrx_word' id='word_1_109' title='bbox 1449 1583 1715 1654; x_wconf 90' lang='lat' dir='ltr'><strong>pontiﬁcis</strong></span> <span class='ocrx_word' id='word_1_110' title='bbox 1761 1581 2068 1651; x_wconf 89' lang='lat' dir='ltr'><strong>dignitatem</strong></span> 
     </span>
    </p>
   </div>
   <div class='ocr_carea' id='block_1_15' title="bbox 485 1671 2072 1750">
    <p class='ocr_par' dir='ltr' id='par_1_15' title="bbox 485 1671 2072 1750">
     <span class='ocr_line' id='line_1_16' title="bbox 485 1671 2072 1750; baseline -0.008 -13"><span class='ocrx_word' id='word_1_111' title='bbox 485 1691 541 1737; x_wconf 88' lang='lat' dir='ltr'><strong>et</strong></span> <span class='ocrx_word' id='word_1_112' title='bbox 590 1681 733 1750; x_wconf 92' lang='lat' dir='ltr'><strong>quod</strong></span> <span class='ocrx_word' id='word_1_113' title='bbox 797 1679 1028 1734; x_wconf 90' lang='lat' dir='ltr'><strong>futurum</strong></span> <span class='ocrx_word' id='word_1_114' title='bbox 1087 1688 1243 1742; x_wconf 91' lang='lat' dir='ltr'><strong>erat,</strong></span> <span class='ocrx_word' id='word_1_115' title='bbox 1290 1685 1413 1730; x_wconf 89' lang='lat' dir='ltr'><strong>ante</strong></span> <span class='ocrx_word' id='word_1_116' title='bbox 1475 1672 1739 1744; x_wconf 59' lang='lat' dir='ltr'><strong>praedixit.</strong></span> <span class='ocrx_word' id='word_1_117' title='bbox 1799 1671 1953 1740; x_wconf 85' lang='lat' dir='ltr'><strong>Quod</strong></span> <span class='ocrx_word' id='word_1_118' title='bbox 2026 1672 2072 1724; x_wconf 89' lang='lat' dir='ltr'><strong>si</strong></span> 
     </span>
    </p>
   </div>
   <div class='ocr_carea' id='block_1_16' title="bbox 488 1763 2072 1839">
    <p class='ocr_par' dir='ltr' id='par_1_16' title="bbox 488 1763 2072 1839">
     <span class='ocr_line' id='line_1_17' title="bbox 488 1763 2072 1839; baseline -0.007 -10"><span class='ocrx_word' id='word_1_119' title='bbox 488 1773 750 1829; x_wconf 83' lang='lat' dir='ltr'><strong>Joannem</strong></span> <span class='ocrx_word' id='word_1_120' title='bbox 777 1787 806 1826; x_wconf 91' lang='lat' dir='ltr'><strong>a</strong></span> <span class='ocrx_word' id='word_1_121' title='bbox 833 1771 1102 1826; x_wconf 90' lang='lat' dir='ltr'><strong>consortio</strong></span> <span class='ocrx_word' id='word_1_122' title='bbox 1129 1767 1432 1839; x_wconf 89' lang='lat' dir='ltr'><strong>separavit(</strong></span> <span class='ocrx_word' id='word_1_123' title='bbox 1464 1767 1576 1819; x_wconf 79' lang='lat' dir='ltr'><strong>Act.</strong></span> <span class='ocrx_word' id='word_1_124' title='bbox 1608 1765 1694 1820; x_wconf 76' lang='lat'><strong>15.</strong></span> <span class='ocrx_word' id='word_1_125' title='bbox 1723 1765 1842 1832; x_wconf 82' lang='lat'><strong>38),</strong></span> <span class='ocrx_word' id='word_1_126' title='bbox 1867 1773 1921 1818; x_wconf 92' lang='lat' dir='ltr'><strong>et</strong></span> <span class='ocrx_word' id='word_1_127' title='bbox 1968 1763 2072 1818; x_wconf 88' lang='lat' dir='ltr'><strong>hoc</strong></span> 
     </span>
    </p>
   </div>
   <div class='ocr_carea' id='block_1_17' title="bbox 489 1853 2072 1934">
    <p class='ocr_par' dir='ltr' id='par_1_17' title="bbox 489 1853 2072 1934">
     <span class='ocr_line' id='line_1_18' title="bbox 489 1853 2072 1934; baseline -0.007 -16"><span class='ocrx_word' id='word_1_128' title='bbox 489 1864 672 1934; x_wconf 92' lang='lat' dir='ltr'><strong>utique</strong></span> <span class='ocrx_word' id='word_1_129' title='bbox 710 1863 1008 1918; x_wconf 88' lang='lat' dir='ltr'><strong>rectissime</strong></span> <span class='ocrx_word' id='word_1_130' title='bbox 1052 1875 1149 1930; x_wconf 90' lang='lat' dir='ltr'><strong>pro</strong></span> <span class='ocrx_word' id='word_1_131' title='bbox 1175 1857 1444 1913; x_wconf 88' lang='lat' dir='ltr'><strong>communi</strong></span> <span class='ocrx_word' id='word_1_132' title='bbox 1475 1855 1652 1910; x_wconf 90' lang='lat' dir='ltr'><strong>ofﬁcio</strong></span> <span class='ocrx_word' id='word_1_133' title='bbox 1683 1853 2072 1926; x_wconf 64' lang='lat' dir='ltr'><strong>praedicationis</strong></span> 
     </span>
    </p>
   </div>
   <div class='ocr_carea' id='block_1_18' title="bbox 485 1943 2072 2022">
    <p class='ocr_par' dir='ltr' id='par_1_18' title="bbox 485 1943 2072 2022">
     <span class='ocr_line' id='line_1_19' title="bbox 485 1943 2072 2022; baseline -0.008 -12"><span class='ocrx_word' id='word_1_134' title='bbox 485 1953 682 2012; x_wconf 85' lang='lat' dir='ltr'><strong>effecit.</strong></span> <span class='ocrx_word' id='word_1_135' title='bbox 710 1953 844 2008; x_wconf 91' lang='lat' dir='ltr'><strong>Eum</strong></span> <span class='ocrx_word' id='word_1_136' title='bbox 867 1951 1126 2022; x_wconf 85' lang='lat' dir='ltr'><strong>siquidem</strong></span> <span class='ocrx_word' id='word_1_137' title='bbox 1145 1949 1234 2021; x_wconf 90' lang='lat' dir='ltr'><strong>qui</strong></span> <span class='ocrx_word' id='word_1_138' title='bbox 1265 1947 1406 2003; x_wconf 88' lang='lat' dir='ltr'><strong>istud</strong></span> <span class='ocrx_word' id='word_1_139' title='bbox 1433 1947 1655 2017; x_wconf 87' lang='lat' dir='ltr'><strong>suscipit</strong></span> <span class='ocrx_word' id='word_1_140' title='bbox 1678 1943 1939 2011; x_wconf 88' lang='lat' dir='ltr'><strong>ofﬁcium,</strong></span> <span class='ocrx_word' id='word_1_141' title='bbox 1963 1952 2072 1998; x_wconf 85' lang='lat' dir='ltr'><strong>non</strong></span> 
     </span>
    </p>
   </div>
   <div class='ocr_carea' id='block_1_19' title="bbox 484 2034 2072 2116">
    <p class='ocr_par' dir='ltr' id='par_1_19' title="bbox 484 2034 2072 2116">
     <span class='ocr_line' id='line_1_20' title="bbox 484 2034 2072 2116; baseline -0.007 -17"><span class='ocrx_word' id='word_1_142' title='bbox 484 2055 695 2116; x_wconf 88' lang='lat' dir='ltr'><strong>oportet</strong></span> <span class='ocrx_word' id='word_1_143' title='bbox 721 2044 934 2098; x_wconf 89' lang='lat' dir='ltr'><strong>mollem</strong></span> <span class='ocrx_word' id='word_1_144' title='bbox 957 2058 1076 2097; x_wconf 90' lang='lat' dir='ltr'><strong>esse</strong></span> <span class='ocrx_word' id='word_1_145' title='bbox 1105 2041 1388 2111; x_wconf 86' lang='lat' dir='ltr'><strong>quemdam</strong></span> <span class='ocrx_word' id='word_1_146' title='bbox 1427 2050 1587 2109; x_wconf 88' lang='lat' dir='ltr'><strong>atque</strong></span> <span class='ocrx_word' id='word_1_147' title='bbox 1625 2037 1916 2092; x_wconf 88' lang='lat' dir='ltr'><strong>resolutum</strong></span> <span class='ocrx_word' id='word_1_148' title='bbox 1938 2077 1953 2102; x_wconf 92' lang='lat'><strong>,</strong></span> <span class='ocrx_word' id='word_1_149' title='bbox 1976 2034 2072 2091; x_wconf 84' lang='lat' dir='ltr'><strong>sed</strong></span> 
     </span>
    </p>
   </div>
   <div class='ocr_carea' id='block_1_20' title="bbox 487 2127 2070 2206">
    <p class='ocr_par' dir='ltr' id='par_1_20' title="bbox 487 2127 2070 2206">
     <span class='ocr_line' id='line_1_21' title="bbox 487 2127 2070 2206; baseline -0.007 -15"><span class='ocrx_word' id='word_1_150' title='bbox 487 2136 679 2192; x_wconf 86' lang='lat' dir='ltr'><strong>fortem</strong></span> <span class='ocrx_word' id='word_1_151' title='bbox 705 2145 762 2191; x_wconf 89' lang='lat' dir='ltr'><strong>et</strong></span> <span class='ocrx_word' id='word_1_152' title='bbox 805 2150 900 2206; x_wconf 90' lang='lat' dir='ltr'><strong>per</strong></span> <span class='ocrx_word' id='word_1_153' title='bbox 925 2142 1115 2190; x_wconf 83' lang='lat' dir='ltr'><strong>cuncta</strong></span> <span class='ocrx_word' id='word_1_154' title='bbox 1144 2132 1444 2187; x_wconf 77' lang='lat' dir='ltr'><strong>robustum.</strong></span> <span class='ocrx_word' id='word_1_155' title='bbox 1495 2130 1680 2199; x_wconf 84' lang='lat' dir='ltr'><strong>Neque</strong></span> <span class='ocrx_word' id='word_1_156' title='bbox 1711 2127 1853 2182; x_wconf 90' lang='lat' dir='ltr'><strong>enim</strong></span> <span class='ocrx_word' id='word_1_157' title='bbox 1882 2127 2070 2181; x_wconf 87' lang='lat' dir='ltr'><strong>saltem</strong></span> 
     </span>
    </p>
   </div>
   <div class='ocr_carea' id='block_1_21' title="bbox 486 2218 2072 2301">
    <p class='ocr_par' dir='ltr' id='par_1_21' title="bbox 486 2218 2072 2301">
     <span class='ocr_line' id='line_1_22' title="bbox 486 2218 2072 2301; baseline -0.007 -16"><span class='ocrx_word' id='word_1_158' title='bbox 486 2232 749 2301; x_wconf 83' lang='lat' dir='ltr'><strong>attingere</strong></span> <span class='ocrx_word' id='word_1_159' title='bbox 797 2231 1080 2299; x_wconf 89' lang='lat' dir='ltr'><strong>quisquam</strong></span> <span class='ocrx_word' id='word_1_160' title='bbox 1123 2226 1283 2281; x_wconf 84' lang='lat' dir='ltr'><strong>debet</strong></span> <span class='ocrx_word' id='word_1_161' title='bbox 1334 2223 1577 2294; x_wconf 72' lang='lat' dir='ltr'><strong>prmclari</strong></span> <span class='ocrx_word' id='word_1_162' title='bbox 1636 2221 1792 2290; x_wconf 86' lang='lat' dir='ltr'><strong>hujus</strong></span> <span class='ocrx_word' id='word_1_163' title='bbox 1834 2218 2072 2274; x_wconf 85' lang='lat' dir='ltr'><strong>muneris</strong></span> 
     </span>
    </p>
   </div>
   <div class='ocr_carea' id='block_1_22' title="bbox 487 2314 2072 2388">
    <p class='ocr_par' dir='ltr' id='par_1_22' title="bbox 487 2314 2072 2388">
     <span class='ocr_line' id='line_1_23' title="bbox 487 2314 2072 2388; baseline -0.01 -10"><span class='ocrx_word' id='word_1_164' title='bbox 487 2323 853 2387; x_wconf 89' lang='lat' dir='ltr'><strong>functionem,</strong></span> <span class='ocrx_word' id='word_1_165' title='bbox 907 2322 1010 2375; x_wconf 89' lang='lat' dir='ltr'><strong>nisi</strong></span> <span class='ocrx_word' id='word_1_166' title='bbox 1041 2327 1254 2388; x_wconf 88' lang='lat' dir='ltr'><strong>paratus</strong></span> <span class='ocrx_word' id='word_1_167' title='bbox 1300 2319 1370 2370; x_wconf 89' lang='lat' dir='ltr'><strong>sit</strong></span> <span class='ocrx_word' id='word_1_168' title='bbox 1412 2315 1607 2370; x_wconf 87' lang='lat' dir='ltr'><strong>millies</strong></span> <span class='ocrx_word' id='word_1_169' title='bbox 1644 2314 1872 2366; x_wconf 87' lang='lat' dir='ltr'><strong>animam</strong></span> <span class='ocrx_word' id='word_1_170' title='bbox 1922 2325 2072 2364; x_wconf 85' lang='lat' dir='ltr'><strong>suam</strong></span> 
     </span>
    </p>
   </div>
   <div class='ocr_carea' id='block_1_23' title="bbox 489 2404 2074 2480">
    <p class='ocr_par' dir='ltr' id='par_1_23' title="bbox 489 2404 2074 2480">
     <span class='ocr_line' id='line_1_24' title="bbox 489 2404 2074 2480; baseline -0.01 -8"><span class='ocrx_word' id='word_1_171' title='bbox 489 2417 703 2472; x_wconf 86' lang='lat' dir='ltr'><strong>tradere</strong></span> <span class='ocrx_word' id='word_1_172' title='bbox 717 2409 782 2468; x_wconf 81' lang='lat' dir='ltr'><strong>in</strong></span> <span class='ocrx_word' id='word_1_173' title='bbox 810 2422 1062 2473; x_wconf 90' lang='lat' dir='ltr'><strong>mortem.</strong></span> <span class='ocrx_word' id='word_1_174' title='bbox 1091 2421 1250 2480; x_wconf 89' lang='lat' dir='ltr'><strong>atque</strong></span> <span class='ocrx_word' id='word_1_175' title='bbox 1277 2409 1606 2463; x_wconf 76' lang='lat' dir='ltr'><strong>diserimiua.</strong></span> <span class='ocrx_word' id='word_1_176' title='bbox 1637 2405 1772 2460; x_wconf 82' lang='lat' dir='ltr'><strong>Dicit</strong></span> <span class='ocrx_word' id='word_1_177' title='bbox 1797 2404 1938 2458; x_wconf 90' lang='lat' dir='ltr'><strong>enim</strong></span> <span class='ocrx_word' id='word_1_178' title='bbox 1960 2404 2074 2472; x_wconf 90' lang='lat' dir='ltr'><strong>ipse</strong></span> 
     </span>
    </p>
   </div>
   <div class='ocr_carea' id='block_1_24' title="bbox 492 2494 2075 2572">
    <p class='ocr_par' dir='ltr' id='par_1_24' title="bbox 492 2494 2075 2572">
     <span class='ocr_line' id='line_1_25' title="bbox 492 2494 2075 2572; baseline -0.013 -6"><span class='ocrx_word' id='word_1_179' title='bbox 492 2508 751 2572; x_wconf 85' lang='lat' dir='ltr'><strong>Dominus</strong></span> <span class='ocrx_word' id='word_1_180' title='bbox 775 2505 931 2560; x_wconf 83' lang='lat' dir='ltr'><strong>Jesus</strong></span> <span class='ocrx_word' id='word_1_181' title='bbox 961 2521 973 2556; x_wconf 96' lang='lat'>:</span> <span class='ocrx_word' id='word_1_182' title='bbox 1003 2502 1062 2557; x_wconf 90' lang='lat' dir='ltr'><strong>Si</strong></span> <span class='ocrx_word' id='word_1_183' title='bbox 1089 2503 1200 2571; x_wconf 88' lang='lat' dir='ltr'><strong>quis</strong></span> <span class='ocrx_word' id='word_1_184' title='bbox 1237 2502 1341 2555; x_wconf 72' lang='lat' dir='ltr'><strong>vult</strong></span> <span class='ocrx_word' id='word_1_185' title='bbox 1380 2508 1489 2567; x_wconf 82' lang='lat' dir='ltr'><strong>post</strong></span> <span class='ocrx_word' id='word_1_186' title='bbox 1527 2513 1607 2550; x_wconf 90' lang='lat' dir='ltr'><strong>me</strong></span> <span class='ocrx_word' id='word_1_187' title='bbox 1633 2501 1800 2548; x_wconf 75' lang='lat' dir='ltr'><strong>venire</strong></span> <span class='ocrx_word' id='word_1_188' title='bbox 1823 2535 1838 2559; x_wconf 92' lang='lat'><strong>,</strong></span> <span class='ocrx_word' id='word_1_189' title='bbox 1868 2494 2075 2563; x_wconf 84' lang='lat' dir='ltr'><strong>abneget</strong></span> 
     </span>
    </p>
   </div>
   <div class='ocr_carea' id='block_1_25' title="bbox 461 2595 2076 2670">
    <p class='ocr_par' dir='ltr' id='par_1_25' title="bbox 461 2595 2076 2670">
     <span class='ocr_line' id='line_1_26' title="bbox 461 2595 2076 2670; baseline -0.013 -13"><span class='ocrx_word' id='word_1_190' title='bbox 461 2599 809 2670; x_wconf 63' lang='lat' dir='ltr'><strong>‘semetipsum</strong></span> <span class='ocrx_word' id='word_1_191' title='bbox 832 2637 848 2662; x_wconf 95' lang='lat'><strong>,</strong></span> <span class='ocrx_word' id='word_1_192' title='bbox 903 2605 947 2648; x_wconf 92' lang='lat' dir='ltr'><strong>et</strong></span> <span class='ocrx_word' id='word_1_193' title='bbox 991 2595 1132 2648; x_wconf 83' lang='lat' dir='ltr'><strong>tollat</strong></span> <span class='ocrx_word' id='word_1_194' title='bbox 1186 2607 1382 2645; x_wconf 86' lang='lat' dir='ltr'><strong>crucem</strong></span> <span class='ocrx_word' id='word_1_195' title='bbox 1417 2605 1593 2655; x_wconf 84' lang='lat' dir='ltr'><strong>suam,</strong></span> <span class='ocrx_word' id='word_1_196' title='bbox 1623 2598 1669 2641; x_wconf 87' lang='lat' dir='ltr'><strong>et</strong></span> <span class='ocrx_word' id='word_1_197' title='bbox 1720 2597 1955 2656; x_wconf 83' lang='lat' dir='ltr'><strong>sequatur</strong></span> <span class='ocrx_word' id='word_1_198' title='bbox 1996 2599 2076 2636; x_wconf 90' lang='lat' dir='ltr'><strong>me</strong></span> 
     </span>
    </p>
   </div>
   <div class='ocr_carea' id='block_1_26' title="bbox 491 2675 2076 2761">
    <p class='ocr_par' dir='ltr' id='par_1_26' title="bbox 491 2675 2076 2761">
     <span class='ocr_line' id='line_1_27' title="bbox 491 2675 2076 2761; baseline -0.009 -17"><span class='ocrx_word' id='word_1_199' title='bbox 491 2691 512 2761; x_wconf 92' lang='lat'><strong>(</strong></span> <span class='ocrx_word' id='word_1_200' title='bbox 545 2690 732 2744; x_wconf 83' lang='lat' dir='ltr'><strong>Matth.</strong></span> <span class='ocrx_word' id='word_1_201' title='bbox 767 2688 855 2742; x_wconf 82' lang='grc'><strong>16.</strong></span> <span class='ocrx_word' id='word_1_202' title='bbox 884 2687 998 2755; x_wconf 69' lang='grc'><strong>24).</strong></span> <span class='ocrx_word' id='word_1_203' title='bbox 1028 2685 1129 2752; x_wconf 94' lang='lat' dir='ltr'><strong>Qui</strong></span> <span class='ocrx_word' id='word_1_204' title='bbox 1157 2698 1286 2752; x_wconf 82' lang='lat' dir='ltr'><strong>ergo</strong></span> <span class='ocrx_word' id='word_1_205' title='bbox 1317 2698 1421 2736; x_wconf 93' lang='lat' dir='ltr'><strong>non</strong></span> <span class='ocrx_word' id='word_1_206' title='bbox 1453 2677 1542 2735; x_wconf 90' lang='lat' dir='ltr'><strong>tali</strong></span> <span class='ocrx_word' id='word_1_207' title='bbox 1581 2679 1761 2734; x_wconf 90' lang='lat' dir='ltr'><strong>animo</strong></span> <span class='ocrx_word' id='word_1_208' title='bbox 1787 2685 1868 2732; x_wconf 82' lang='lat' dir='ltr'><strong>est</strong></span> <span class='ocrx_word' id='word_1_209' title='bbox 1894 2716 1912 2743; x_wconf 94' lang='lat'><strong>,</strong></span> <span class='ocrx_word' id='word_1_210' title='bbox 1940 2675 2076 2729; x_wconf 92' lang='lat' dir='ltr'><strong>mul-</strong></span> 
     </span>
    </p>
   </div>
   <div class='ocr_carea' id='block_1_27' title="bbox 485 2767 2076 2844">
    <p class='ocr_par' dir='ltr' id='par_1_27' title="bbox 485 2767 2076 2844">
     <span class='ocr_line' id='line_1_28' title="bbox 485 2767 2076 2844; baseline -0.011 -7"><span class='ocrx_word' id='word_1_211' title='bbox 485 2791 571 2837; x_wconf 90' lang='lat' dir='ltr'><strong>tos</strong></span> <span class='ocrx_word' id='word_1_212' title='bbox 595 2780 754 2836; x_wconf 89' lang='lat' dir='ltr'><strong>etiam</strong></span> <span class='ocrx_word' id='word_1_213' title='bbox 783 2778 916 2832; x_wconf 91' lang='lat' dir='ltr'><strong>alios</strong></span> <span class='ocrx_word' id='word_1_214' title='bbox 961 2792 1057 2831; x_wconf 91' lang='lat' dir='ltr'><strong>suo</strong></span> <span class='ocrx_word' id='word_1_215' title='bbox 1105 2775 1277 2844; x_wconf 87' lang='lat' dir='ltr'><strong>perdit</strong></span> <span class='ocrx_word' id='word_1_216' title='bbox 1334 2771 1613 2842; x_wconf 78' lang='lat' dir='ltr'><strong>exemplo,</strong></span> <span class='ocrx_word' id='word_1_217' title='bbox 1646 2769 1916 2840; x_wconf 80' lang='lat' dir='ltr'><strong>magisque</strong></span> <span class='ocrx_word' id='word_1_218' title='bbox 1946 2767 2076 2821; x_wconf 90' lang='lat' dir='ltr'><strong>utile</strong></span> 
     </span>
    </p>
   </div>
   <div class='ocr_carea' id='block_1_28' title="bbox 485 2861 2072 2943">
    <p class='ocr_par' dir='ltr' id='par_1_28' title="bbox 485 2861 2072 2943">
     <span class='ocr_line' id='line_1_29' title="bbox 485 2861 2072 2943; baseline -0.011 -13"><span class='ocrx_word' id='word_1_219' title='bbox 485 2885 571 2930; x_wconf 88' lang='lat' dir='ltr'><strong>est</strong></span> <span class='ocrx_word' id='word_1_220' title='bbox 594 2874 638 2928; x_wconf 92' lang='lat' dir='ltr'><strong>si</strong></span> <span class='ocrx_word' id='word_1_221' title='bbox 667 2875 924 2943; x_wconf 86' lang='lat' dir='ltr'><strong>quiescat,</strong></span> <span class='ocrx_word' id='word_1_222' title='bbox 953 2870 1162 2938; x_wconf 87' lang='lat' dir='ltr'><strong>sibique</strong></span> <span class='ocrx_word' id='word_1_223' title='bbox 1185 2875 1386 2920; x_wconf 90' lang='lat' dir='ltr'><strong>tantum</strong></span> <span class='ocrx_word' id='word_1_224' title='bbox 1412 2873 1584 2927; x_wconf 84' lang='lat' dir='ltr'><strong>vacet,</strong></span> <span class='ocrx_word' id='word_1_225' title='bbox 1629 2874 1786 2931; x_wconf 83' lang='lat' dir='ltr'><strong>quam</strong></span> <span class='ocrx_word' id='word_1_226' title='bbox 1819 2861 1861 2914; x_wconf 89' lang='lat' dir='ltr'><strong>si</strong></span> <span class='ocrx_word' id='word_1_227' title='bbox 1883 2872 2072 2928; x_wconf 54' lang='lat' dir='ltr'><strong>procee-</strong></span> 
     </span>
    </p>
   </div>
   <div class='ocr_carea' id='block_1_29' title="bbox 490 2947 2070 3023">
    <p class='ocr_par' dir='ltr' id='par_1_29' title="bbox 490 2947 2070 3023">
     <span class='ocr_line' id='line_1_30' title="bbox 490 2947 2070 3023; baseline -0.013 -1"><span class='ocrx_word' id='word_1_228' title='bbox 490 2947 584 3022; x_wconf 80' lang='lat' dir='ltr'><strong>dat</strong></span> <span class='ocrx_word' id='word_1_229' title='bbox 618 2966 670 3021; x_wconf 93' lang='lat' dir='ltr'><strong>iu</strong></span> <span class='ocrx_word' id='word_1_230' title='bbox 701 2964 933 3020; x_wconf 91' lang='lat' dir='ltr'><strong>medium</strong></span> <span class='ocrx_word' id='word_1_231' title='bbox 963 2972 1016 3017; x_wconf 89' lang='lat' dir='ltr'><strong>et</strong></span> <span class='ocrx_word' id='word_1_232' title='bbox 1043 2975 1176 3015; x_wconf 93' lang='lat' dir='ltr'><strong>onus</strong></span> <span class='ocrx_word' id='word_1_233' title='bbox 1206 2957 1316 3014; x_wconf 86' lang='lat' dir='ltr'><strong>suis</strong></span> <span class='ocrx_word' id='word_1_234' title='bbox 1347 2958 1545 3011; x_wconf 86' lang='lat' dir='ltr'><strong>viribus</strong></span> <span class='ocrx_word' id='word_1_235' title='bbox 1585 2956 1760 3023; x_wconf 86' lang='lat' dir='ltr'><strong>majus</strong></span> <span class='ocrx_word' id='word_1_236' title='bbox 1791 2960 2024 3008; x_wconf 86' lang='lat' dir='ltr'><strong>assumat</strong></span> <span class='ocrx_word' id='word_1_237' title='bbox 2058 2969 2070 3002; x_wconf 91' lang='lat'>:</span> 
     </span>
    </p>
   </div>
   <div class='ocr_carea' id='block_1_30' title="bbox 485 3042 2073 3123">
    <p class='ocr_par' dir='ltr' id='par_1_30' title="bbox 485 3042 2073 3123">
     <span class='ocr_line' id='line_1_31' title="bbox 485 3042 2073 3123; baseline -0.011 -10"><span class='ocrx_word' id='word_1_238' title='bbox 485 3055 566 3113; x_wconf 81' lang='lat' dir='ltr'><strong>sic</strong></span> <span class='ocrx_word' id='word_1_239' title='bbox 591 3056 731 3112; x_wconf 92' lang='lat' dir='ltr'><strong>enim</strong></span> <span class='ocrx_word' id='word_1_240' title='bbox 757 3069 862 3109; x_wconf 92' lang='lat' dir='ltr'><strong>non</strong></span> <span class='ocrx_word' id='word_1_241' title='bbox 886 3052 1152 3123; x_wconf 81' lang='lat' dir='ltr'><strong>propriam</strong></span> <span class='ocrx_word' id='word_1_242' title='bbox 1170 3047 1465 3115; x_wconf 88' lang='lat' dir='ltr'><strong>solum,sed</strong></span> <span class='ocrx_word' id='word_1_243' title='bbox 1483 3047 1642 3102; x_wconf 91' lang='lat' dir='ltr'><strong>etiam</strong></span> <span class='ocrx_word' id='word_1_244' title='bbox 1667 3045 1949 3099; x_wconf 92' lang='lat' dir='ltr'><strong>multorum</strong></span> <span class='ocrx_word' id='word_1_245' title='bbox 1974 3042 2073 3095; x_wconf 91' lang='lat' dir='ltr'><strong>sibi</strong></span> 
     </span>
    </p>
   </div>
   <div class='ocr_carea' id='block_1_31' title="bbox 486 3136 2073 3215">
    <p class='ocr_par' dir='ltr' id='par_1_31' title="bbox 486 3136 2073 3215">
     <span class='ocr_line' id='line_1_32' title="bbox 486 3136 2073 3215; baseline -0.009 -12"><span class='ocrx_word' id='word_1_246' title='bbox 486 3147 814 3203; x_wconf 81' lang='lat' dir='ltr'><strong>creditorum</strong></span> <span class='ocrx_word' id='word_1_247' title='bbox 864 3144 1042 3215; x_wconf 91' lang='lat' dir='ltr'><strong>prodit</strong></span> <span class='ocrx_word' id='word_1_248' title='bbox 1069 3141 1318 3197; x_wconf 90' lang='lat' dir='ltr'><strong>salutem.</strong></span> <span class='ocrx_word' id='word_1_249' title='bbox 1366 3139 1435 3194; x_wconf 84' lang='lat' dir='ltr'><strong>Et</strong></span> <span class='ocrx_word' id='word_1_250' title='bbox 1461 3153 1646 3193; x_wconf 89' lang='lat' dir='ltr'><strong>revera</strong></span> <span class='ocrx_word' id='word_1_251' title='bbox 1676 3136 2073 3208; x_wconf 89' lang='lat' dir='ltr'><strong>quomodonou</strong></span> 
     </span>
    </p>
   </div>
   <div class='ocr_carea' id='block_1_32' title="bbox 487 3227 2074 3303">
    <p class='ocr_par' dir='ltr' id='par_1_32' title="bbox 487 3227 2074 3303">
     <span class='ocr_line' id='line_1_33' title="bbox 487 3227 2074 3303; baseline -0.008 -9"><span class='ocrx_word' id='word_1_252' title='bbox 487 3237 778 3294; x_wconf 77' lang='lat' dir='ltr'><strong>absurdum</strong></span> <span class='ocrx_word' id='word_1_253' title='bbox 803 3249 905 3303; x_wconf 90' lang='lat' dir='ltr'><strong>est,</strong></span> <span class='ocrx_word' id='word_1_254' title='bbox 933 3245 993 3291; x_wconf 91' lang='lat' dir='ltr'><strong>ut</strong></span> <span class='ocrx_word' id='word_1_255' title='bbox 1040 3250 1161 3290; x_wconf 89' lang='lat' dir='ltr'><strong>cum</strong></span> <span class='ocrx_word' id='word_1_256' title='bbox 1205 3232 1396 3302; x_wconf 85' lang='lat' dir='ltr'><strong>aliquis</strong></span> <span class='ocrx_word' id='word_1_257' title='bbox 1438 3230 1644 3286; x_wconf 83' lang='lat' dir='ltr'><strong>nesciat</strong></span> <span class='ocrx_word' id='word_1_258' title='bbox 1680 3235 1848 3284; x_wconf 84' lang='lat' dir='ltr'><strong>artem</strong></span> <span class='ocrx_word' id='word_1_259' title='bbox 1879 3227 2074 3298; x_wconf 83' lang='lat' dir='ltr'><strong>guber-</strong></span> 
     </span>
    </p>
   </div>
   <div class='ocr_carea' id='block_1_33' title="bbox 486 3317 2076 3398">
    <p class='ocr_par' dir='ltr' id='par_1_33' title="bbox 486 3317 2076 3398">
     <span class='ocr_line' id='line_1_34' title="bbox 486 3317 2076 3398; baseline -0.008 -15"><span class='ocrx_word' id='word_1_260' title='bbox 486 3329 649 3386; x_wconf 88' lang='lat' dir='ltr'><strong>nandi</strong></span> <span class='ocrx_word' id='word_1_261' title='bbox 674 3327 1048 3398; x_wconf 77' lang='lat' dir='ltr'><strong>pugnandique</strong></span> <span class='ocrx_word' id='word_1_262' title='bbox 1073 3340 1192 3380; x_wconf 92' lang='lat' dir='ltr'><strong>cum</strong></span> <span class='ocrx_word' id='word_1_263' title='bbox 1233 3322 1508 3389; x_wconf 86' lang='lat' dir='ltr'><strong>fluctibus,</strong></span> <span class='ocrx_word' id='word_1_264' title='bbox 1538 3335 1637 3375; x_wconf 91' lang='lat' dir='ltr'><strong>nec</strong></span> <span class='ocrx_word' id='word_1_265' title='bbox 1665 3321 1710 3373; x_wconf 89' lang='lat' dir='ltr'><strong>si</strong></span> <span class='ocrx_word' id='word_1_266' title='bbox 1746 3319 1889 3374; x_wconf 90' lang='lat' dir='ltr'><strong>mille</strong></span> <span class='ocrx_word' id='word_1_267' title='bbox 1914 3317 2076 3372; x_wconf 86' lang='lat' dir='ltr'><strong>rebus</strong></span> 
     </span>
    </p>
   </div>
   <div class='ocr_carea' id='block_1_34' title="bbox 487 3406 2074 3488">
    <p class='ocr_par' dir='ltr' id='par_1_34' title="bbox 487 3406 2074 3488">
     <span class='ocr_line' id='line_1_35' title="bbox 487 3406 2074 3488; baseline -0.009 -14"><span class='ocrx_word' id='word_1_268' title='bbox 487 3419 730 3488; x_wconf 75' lang='lat' dir='ltr'><strong>adigatur</strong></span> <span class='ocrx_word' id='word_1_269' title='bbox 759 3459 774 3483; x_wconf 91' lang='lat'><strong>,</strong></span> <span class='ocrx_word' id='word_1_270' title='bbox 804 3419 963 3487; x_wconf 84' lang='lat' dir='ltr'><strong>eligat</strong></span> <span class='ocrx_word' id='word_1_271' title='bbox 1005 3415 1072 3470; x_wconf 89' lang='lat' dir='ltr'><strong>ad</strong></span> <span class='ocrx_word' id='word_1_272' title='bbox 1099 3414 1306 3468; x_wconf 83' lang='lat' dir='ltr'><strong>clavum</strong></span> <span class='ocrx_word' id='word_1_273' title='bbox 1358 3411 1547 3468; x_wconf 89' lang='lat' dir='ltr'><strong>sedere</strong></span> <span class='ocrx_word' id='word_1_274' title='bbox 1601 3427 1614 3463; x_wconf 91' lang='lat'>:</span> <span class='ocrx_word' id='word_1_275' title='bbox 1665 3419 1720 3464; x_wconf 90' lang='lat' dir='ltr'><strong>et</strong></span> <span class='ocrx_word' id='word_1_276' title='bbox 1769 3409 1858 3462; x_wconf 90' lang='lat' dir='ltr'><strong>ille</strong></span> <span class='ocrx_word' id='word_1_277' title='bbox 1886 3407 1979 3476; x_wconf 90' lang='lat' dir='ltr'><strong>qui</strong></span> <span class='ocrx_word' id='word_1_278' title='bbox 2009 3406 2074 3460; x_wconf 88' lang='lat' dir='ltr'><strong>ad</strong></span> 
     </span>
    </p>
   </div>
   <div class='ocr_carea' id='block_1_35' title="bbox 489 3502 2078 3581">
    <p class='ocr_par' dir='ltr' id='par_1_35' title="bbox 489 3502 2078 3581">
     <span class='ocr_line' id='line_1_36' title="bbox 489 3502 2078 3581; baseline -0.007 -18"><span class='ocrx_word' id='word_1_279' title='bbox 489 3510 812 3581; x_wconf 66' lang='lat' dir='ltr'><strong>praedicandi</strong></span> <span class='ocrx_word' id='word_1_280' title='bbox 841 3510 1012 3579; x_wconf 81' lang='lat' dir='ltr'><strong>pergit</strong></span> <span class='ocrx_word' id='word_1_281' title='bbox 1033 3507 1266 3561; x_wconf 89' lang='lat' dir='ltr'><strong>ofﬁcium</strong></span> <span class='ocrx_word' id='word_1_282' title='bbox 1299 3515 1499 3560; x_wconf 89' lang='lat' dir='ltr'><strong>temere</strong></span> <span class='ocrx_word' id='word_1_283' title='bbox 1527 3503 1595 3558; x_wconf 89' lang='lat' dir='ltr'><strong>ad</strong></span> <span class='ocrx_word' id='word_1_284' title='bbox 1623 3502 1760 3556; x_wconf 90' lang='lat' dir='ltr'><strong>istud</strong></span> <span class='ocrx_word' id='word_1_285' title='bbox 1783 3511 1837 3556; x_wconf 86' lang='lat' dir='ltr'><strong>et</strong></span> <span class='ocrx_word' id='word_1_286' title='bbox 1870 3510 2078 3554; x_wconf 87' lang='lat' dir='ltr'><strong>utcum-</strong></span> 
     </span>
    </p>
   </div>
   <div class='ocr_carea' id='block_1_36' title="bbox 494 3592 2075 3673">
    <p class='ocr_par' dir='ltr' id='par_1_36' title="bbox 494 3592 2075 3673">
     <span class='ocr_line' id='line_1_37' title="bbox 494 3592 2075 3673; baseline -0.007 -19"><span class='ocrx_word' id='word_1_287' title='bbox 494 3617 600 3673; x_wconf 88' lang='lat' dir='ltr'><strong>que</strong></span> <span class='ocrx_word' id='word_1_288' title='bbox 654 3601 948 3670; x_wconf 86' lang='lat' dir='ltr'><strong>contingit,</strong></span> <span class='ocrx_word' id='word_1_289' title='bbox 999 3597 1257 3662; x_wconf 79' lang='lat' dir='ltr'><strong>accedat,</strong></span> <span class='ocrx_word' id='word_1_290' title='bbox 1287 3604 1446 3666; x_wconf 87' lang='lat' dir='ltr'><strong>atque</strong></span> <span class='ocrx_word' id='word_1_291' title='bbox 1479 3592 1938 3647; x_wconf 85' lang='lat' dir='ltr'><strong>innumerabilium</strong></span> <span class='ocrx_word' id='word_1_292' title='bbox 1986 3605 2075 3644; x_wconf 81' lang='lat' dir='ltr'><strong>re-</strong></span> 
     </span>
    </p>
   </div>
   <div class='ocr_carea' id='block_1_37' title="bbox 489 3678 2076 3759">
    <p class='ocr_par' dir='ltr' id='par_1_37' title="bbox 489 3678 2076 3759">
     <span class='ocr_line' id='line_1_38' title="bbox 489 3678 2076 3759; baseline -0.009 -11"><span class='ocrx_word' id='word_1_293' title='bbox 489 3701 608 3748; x_wconf 80' lang='lat' dir='ltr'><strong>rum</strong></span> <span class='ocrx_word' id='word_1_294' title='bbox 658 3706 840 3746; x_wconf 91' lang='lat' dir='ltr'><strong>curam</strong></span> <span class='ocrx_word' id='word_1_295' title='bbox 889 3691 1091 3759; x_wconf 87' lang='lat' dir='ltr'><strong>absque</strong></span> <span class='ocrx_word' id='word_1_296' title='bbox 1133 3688 1238 3742; x_wconf 89' lang='lat' dir='ltr'><strong>ulla</strong></span> <span class='ocrx_word' id='word_1_297' title='bbox 1295 3684 1725 3740; x_wconf 85' lang='lat' dir='ltr'><strong>consideratione</strong></span> <span class='ocrx_word' id='word_1_298' title='bbox 1778 3678 2076 3750; x_wconf 77' lang='lat' dir='ltr'><strong>suscipiat?</strong></span> 
     </span>
    </p>
   </div>
   <div class='ocr_carea' id='block_1_38' title="bbox 490 3773 2078 3854">
    <p class='ocr_par' dir='ltr' id='par_1_38' title="bbox 490 3773 2078 3854">
     <span class='ocr_line' id='line_1_39' title="bbox 490 3773 2078 3854; baseline -0.011 -12"><span class='ocrx_word' id='word_1_299' title='bbox 490 3782 611 3842; x_wconf 66' lang='lat' dir='ltr'><strong>Non</strong></span> <span class='ocrx_word' id='word_1_300' title='bbox 641 3783 819 3854; x_wconf 89' lang='lat' dir='ltr'><strong>itaque</strong></span> <span class='ocrx_word' id='word_1_301' title='bbox 863 3781 1074 3836; x_wconf 89' lang='lat' dir='ltr'><strong>navium</strong></span> <span class='ocrx_word' id='word_1_302' title='bbox 1101 3779 1533 3850; x_wconf 79' lang='lat' dir='ltr'><strong>gubernatorem,</strong></span> <span class='ocrx_word' id='word_1_303' title='bbox 1557 3785 1662 3828; x_wconf 89' lang='lat' dir='ltr'><strong>non</strong></span> <span class='ocrx_word' id='word_1_304' title='bbox 1683 3773 1747 3827; x_wconf 89' lang='lat' dir='ltr'><strong>ad</strong></span> <span class='ocrx_word' id='word_1_305' title='bbox 1773 3773 1971 3828; x_wconf 89' lang='lat' dir='ltr'><strong>bestias</strong></span> <span class='ocrx_word' id='word_1_306' title='bbox 1994 3773 2078 3826; x_wconf 83' lang='lat' dir='ltr'><strong>di-</strong></span> 
     </span>
    </p>
   </div>
   <div class='ocr_carea' id='block_1_39' title="bbox 496 3866 2078 3942">
    <p class='ocr_par' dir='ltr' id='par_1_39' title="bbox 496 3866 2078 3942">
     <span class='ocr_line' id='line_1_40' title="bbox 496 3866 2078 3942; baseline -0.009 -12"><span class='ocrx_word' id='word_1_307' title='bbox 496 3877 787 3931; x_wconf 89' lang='lat' dir='ltr'><strong>micantem</strong></span> <span class='ocrx_word' id='word_1_308' title='bbox 816 3917 831 3942; x_wconf 96' lang='lat'><strong>,</strong></span> <span class='ocrx_word' id='word_1_309' title='bbox 875 3889 983 3929; x_wconf 91' lang='lat' dir='ltr'><strong>non</strong></span> <span class='ocrx_word' id='word_1_310' title='bbox 1034 3872 1160 3927; x_wconf 89' lang='lat' dir='ltr'><strong>ludo</strong></span> <span class='ocrx_word' id='word_1_311' title='bbox 1203 3868 1517 3941; x_wconf 90' lang='lat' dir='ltr'><strong>gladiatorio</strong></span> <span class='ocrx_word' id='word_1_312' title='bbox 1547 3866 1869 3920; x_wconf 84' lang='lat' dir='ltr'><strong>destinatum</strong></span> <span class='ocrx_word' id='word_1_313' title='bbox 1902 3905 1915 3929; x_wconf 91' lang='lat'><strong>,</strong></span> <span class='ocrx_word' id='word_1_314' title='bbox 1973 3879 2078 3916; x_wconf 87' lang='lat' dir='ltr'><strong>non</strong></span> 
     </span>
    </p>
   </div>
   <div class='ocr_carea' id='block_1_40' title="bbox 491 3958 2080 4036">
    <p class='ocr_par' dir='ltr' id='par_1_40' title="bbox 491 3958 2080 4036">
     <span class='ocr_line' id='line_1_41' title="bbox 491 3958 2080 4036; baseline -0.008 -15"><span class='ocrx_word' id='word_1_315' title='bbox 491 3967 658 4022; x_wconf 86' lang='lat' dir='ltr'><strong>alium</strong></span> <span class='ocrx_word' id='word_1_316' title='bbox 688 3964 993 4036; x_wconf 90' lang='lat' dir='ltr'><strong>quempiam</strong></span> <span class='ocrx_word' id='word_1_317' title='bbox 1023 3963 1241 4018; x_wconf 90' lang='lat' dir='ltr'><strong>omnino</strong></span> <span class='ocrx_word' id='word_1_318' title='bbox 1261 3962 1338 4016; x_wconf 87' lang='lat' dir='ltr'><strong>sic</strong></span> <span class='ocrx_word' id='word_1_319' title='bbox 1362 3960 1428 4014; x_wconf 90' lang='lat' dir='ltr'><strong>ad</strong></span> <span class='ocrx_word' id='word_1_320' title='bbox 1457 3958 1767 4013; x_wconf 88' lang='lat' dir='ltr'><strong>discrimina</strong></span> <span class='ocrx_word' id='word_1_321' title='bbox 1799 3967 1852 4011; x_wconf 88' lang='lat' dir='ltr'><strong>et</strong></span> <span class='ocrx_word' id='word_1_322' title='bbox 1879 3965 2080 4010; x_wconf 86' lang='lat' dir='ltr'><strong>mortes</strong></span> 
     </span>
    </p>
   </div>
   <div class='ocr_carea' id='block_1_41' title="bbox 492 4049 2079 4130">
    <p class='ocr_par' dir='ltr' id='par_1_41' title="bbox 492 4049 2079 4130">
     <span class='ocr_line' id='line_1_42' title="bbox 492 4049 2079 4130; baseline -0.007 -20"><span class='ocrx_word' id='word_1_323' title='bbox 492 4065 736 4130; x_wconf 87' lang='lat' dir='ltr'><strong>paratam</strong></span> <span class='ocrx_word' id='word_1_324' title='bbox 768 4065 925 4128; x_wconf 89' lang='lat' dir='ltr'><strong>atque</strong></span> <span class='ocrx_word' id='word_1_325' title='bbox 951 4056 1247 4126; x_wconf 83' lang='lat' dir='ltr'><strong>expositam</strong></span> <span class='ocrx_word' id='word_1_326' title='bbox 1275 4059 1488 4123; x_wconf 89' lang='lat' dir='ltr'><strong>oportet</strong></span> <span class='ocrx_word' id='word_1_327' title='bbox 1509 4049 1712 4104; x_wconf 87' lang='lat' dir='ltr'><strong>habere</strong></span> <span class='ocrx_word' id='word_1_328' title='bbox 1733 4049 1998 4130; x_wconf 79' lang='lat' dir='ltr'><strong>animam,</strong></span> <span class='ocrx_word' id='word_1_329' title='bbox 2021 4057 2079 4100; x_wconf 87' lang='lat' dir='ltr'><strong>ut.</strong></span> 
     </span>
    </p>
   </div>
   <div class='ocr_carea' id='block_1_42' title="bbox 496 4131 2076 4220">
    <p class='ocr_par' dir='ltr' id='par_1_42' title="bbox 496 4131 2076 4220">
     <span class='ocr_line' id='line_1_43' title="bbox 496 4131 2076 4220; baseline -0.008 -15"><span class='ocrx_word' id='word_1_330' title='bbox 496 4165 620 4206; x_wconf 87' lang='lat' dir='ltr'><strong>eum</strong></span> <span class='ocrx_word' id='word_1_331' title='bbox 647 4150 735 4220; x_wconf 89' lang='lat' dir='ltr'><strong>qui</strong></span> <span class='ocrx_word' id='word_1_332' title='bbox 777 4148 998 4218; x_wconf 90' lang='lat' dir='ltr'><strong>suscipit</strong></span> <span class='ocrx_word' id='word_1_333' title='bbox 1031 4146 1264 4202; x_wconf 90' lang='lat' dir='ltr'><strong>ofﬁcium</strong></span> <span class='ocrx_word' id='word_1_334' title='bbox 1296 4142 1638 4214; x_wconf 57' lang='lat' dir='ltr'><strong>praedicandi.</strong></span> <span class='ocrx_word' id='word_1_335' title='bbox 1680 4131 1812 4195; x_wconf 81' lang='lat' dir='ltr'><strong>Nam</strong></span> <span class='ocrx_word' id='word_1_336' title='bbox 1852 4148 1906 4200; x_wconf 91' lang='lat' dir='ltr'><strong>et</strong></span> <span class='ocrx_word' id='word_1_337' title='bbox 1935 4140 2076 4208; x_wconf 89' lang='lat' dir='ltr'><strong>peri-</strong></span> 
     </span>
    </p>
   </div>
   <div class='ocr_carea' id='block_1_43' title="bbox 490 4236 2075 4314">
    <p class='ocr_par' dir='ltr' id='par_1_43' title="bbox 490 4236 2075 4314">
     <span class='ocr_line' id='line_1_44' title="bbox 490 4236 2075 4314; baseline -0.01 -13"><span class='ocrx_word' id='word_1_338' title='bbox 490 4251 610 4301; x_wconf 85' lang='lat' dir='ltr'><strong>cula</strong></span> <span class='ocrx_word' id='word_1_339' title='bbox 654 4243 896 4314; x_wconf 90' lang='lat' dir='ltr'><strong>profecto</strong></span> <span class='ocrx_word' id='word_1_340' title='bbox 923 4241 1144 4310; x_wconf 89' lang='lat' dir='ltr'><strong>majora,</strong></span> <span class='ocrx_word' id='word_1_341' title='bbox 1181 4248 1233 4294; x_wconf 92' lang='lat' dir='ltr'><strong>et</strong></span> <span class='ocrx_word' id='word_1_342' title='bbox 1257 4237 1549 4292; x_wconf 85' lang='lat' dir='ltr'><strong>adversarii</strong></span> <span class='ocrx_word' id='word_1_343' title='bbox 1585 4236 1867 4299; x_wconf 67' lang='lat' dir='ltr'><strong>smviores,</strong></span> <span class='ocrx_word' id='word_1_344' title='bbox 1898 4243 2075 4287; x_wconf 86' lang='lat' dir='ltr'><strong>etnon</strong></span> 
     </span>
    </p>
   </div>
   <div class='ocr_carea' id='block_1_44' title="bbox 491 4327 2077 4404">
    <p class='ocr_par' dir='ltr' id='par_1_44' title="bbox 491 4327 2077 4404">
     <span class='ocr_line' id='line_1_45' title="bbox 491 4327 2077 4404; baseline -0.008 -13"><span class='ocrx_word' id='word_1_345' title='bbox 491 4350 659 4392; x_wconf 90' lang='lat' dir='ltr'><strong>unutn</strong></span> <span class='ocrx_word' id='word_1_346' title='bbox 685 4333 953 4404; x_wconf 91' lang='lat' dir='ltr'><strong>quoddam</strong></span> <span class='ocrx_word' id='word_1_347' title='bbox 984 4331 1172 4385; x_wconf 92' lang='lat' dir='ltr'><strong>mortis</strong></span> <span class='ocrx_word' id='word_1_348' title='bbox 1200 4344 1368 4399; x_wconf 88' lang='lat' dir='ltr'><strong>genus</strong></span> <span class='ocrx_word' id='word_1_349' title='bbox 1394 4327 1650 4383; x_wconf 92' lang='lat' dir='ltr'><strong>incumbit</strong></span> <span class='ocrx_word' id='word_1_350' title='bbox 1679 4368 1694 4391; x_wconf 91' lang='lat'><strong>,</strong></span> <span class='ocrx_word' id='word_1_351' title='bbox 1728 4342 1828 4380; x_wconf 89' lang='lat' dir='ltr'><strong>nec</strong></span> <span class='ocrx_word' id='word_1_352' title='bbox 1853 4340 2077 4394; x_wconf 89' lang='lat' dir='ltr'><strong>usquam</strong></span> 
     </span>
    </p>
   </div>
   <div class='ocr_carea' id='block_1_45' title="bbox 489 4416 2079 4498">
    <p class='ocr_par' dir='ltr' id='par_1_45' title="bbox 489 4416 2079 4498">
     <span class='ocr_line' id='line_1_46' title="bbox 489 4416 2079 4498; baseline -0.008 -16"><span class='ocrx_word' id='word_1_353' title='bbox 489 4440 713 4498; x_wconf 86' lang='lat' dir='ltr'><strong>prorsus</strong></span> <span class='ocrx_word' id='word_1_354' title='bbox 741 4422 900 4477; x_wconf 84' lang='lat' dir='ltr'><strong>simili</strong></span> <span class='ocrx_word' id='word_1_355' title='bbox 931 4420 1237 4475; x_wconf 87' lang='lat' dir='ltr'><strong>conditione</strong></span> <span class='ocrx_word' id='word_1_356' title='bbox 1286 4427 1518 4474; x_wconf 88' lang='lat' dir='ltr'><strong>certatur</strong></span> <span class='ocrx_word' id='word_1_357' title='bbox 1543 4421 1586 4470; x_wconf 80' lang='lat'><strong>&#39;.</strong></span> <span class='ocrx_word' id='word_1_358' title='bbox 1618 4416 1819 4472; x_wconf 65' lang='lat' dir='ltr'><strong>Caelum</strong></span> <span class='ocrx_word' id='word_1_359' title='bbox 1849 4431 2079 4486; x_wconf 88' lang='lat' dir='ltr'><strong>namque</strong></span> 
     </span>
    </p>
   </div>
   <div class='ocr_carea' id='block_1_46' title="bbox 555 4608 2080 4677">
    <p class='ocr_par' dir='ltr' id='par_1_46' title="bbox 555 4608 2080 4677">
     <span class='ocr_line' id='line_1_47' title="bbox 555 4608 2080 4677; baseline -0.007 -9"><span class='ocrx_word' id='word_1_360' title='bbox 555 4623 571 4652; x_wconf 81' lang='grc' dir='ltr'><strong>ι</strong></span> <span class='ocrx_word' id='word_1_361' title='bbox 608 4627 658 4668; x_wconf 92' lang='lat' dir='ltr'><strong>tn</strong></span> <span class='ocrx_word' id='word_1_362' title='bbox 680 4626 842 4667; x_wconf 67' lang='lat' dir='ltr'><strong>Graeco</strong></span> <span class='ocrx_word' id='word_1_363' title='bbox 876 4615 1073 4677; x_wconf 78' lang='lat' dir='ltr'><strong>legitur,</strong></span> <span class='ocrx_word' id='word_1_364' title='bbox 1109 4627 1154 4664; x_wconf 77' lang='lat' dir='ltr'><strong>st</strong></span> <span class='ocrx_word' id='word_1_365' title='bbox 1187 4611 1557 4677; x_wconf 78' lang='lat' dir='ltr'><strong>prophetizaret,</strong></span> <span class='ocrx_word' id='word_1_366' title='bbox 1599 4624 1687 4660; x_wconf 86' lang='lat' dir='ltr'><strong>cur</strong></span> <span class='ocrx_word' id='word_1_367' title='bbox 1723 4608 2080 4677; x_wconf 63' lang='lat' dir='ltr'><strong>excusationem</strong></span> 
     </span>
    </p>
   </div>
   <div class='ocr_carea' id='block_1_47' title="bbox 487 4671 1981 4746">
    <p class='ocr_par' dir='ltr' id='par_1_47' title="bbox 487 4671 1981 4746">
     <span class='ocr_line' id='line_1_48' title="bbox 487 4671 1981 4746; baseline -0.007 -16"><span class='ocrx_word' id='word_1_368' title='bbox 487 4682 673 4746; x_wconf 62' lang='lat' dir='ltr'><strong>profert</strong></span> <span class='ocrx_word' id='word_1_369' title='bbox 695 4680 860 4746; x_wconf 72' lang='lat' dir='ltr'><strong>dicens</strong></span> <span class='ocrx_word' id='word_1_370' title='bbox 880 4691 896 4728; x_wconf 90' lang='lat'><strong><em>:</em></strong></span> <span class='ocrx_word' id='word_1_371' title='bbox 919 4671 1197 4746; x_wconf 42' lang='lat' dir='ltr'><strong>{vescie‘bam</strong></span> <span class='ocrx_word' id='word_1_372' title='bbox 1210 4671 1343 4745; x_wconf 64' lang='lat' dir='ltr'><strong>quod</strong></span> <span class='ocrx_word' id='word_1_373' title='bbox 1360 4680 1478 4744; x_wconf 77' lang='lat' dir='ltr'><strong>esset</strong></span> <span class='ocrx_word' id='word_1_374' title='bbox 1502 4685 1720 4746; x_wconf 65' lang='lat' dir='ltr'><strong>surnqu</strong></span> <span class='ocrx_word' id='word_1_375' title='bbox 1738 4671 1981 4746; x_wconf 72' lang='lat' dir='ltr'><strong>sacerdos.</strong></span> 
     </span>
    </p>
   </div>
   <div class='ocr_carea' id='block_1_48' title="bbox 551 4732 1852 4800">
    <p class='ocr_par' dir='ltr' id='par_1_48' title="bbox 551 4732 1852 4800">
     <span class='ocr_line' id='line_1_49' title="bbox 551 4732 1852 4800; baseline -0.007 -11"><span class='ocrx_word' id='word_1_376' title='bbox 551 4732 592 4776; x_wconf 72' lang='grc' dir='ltr'><strong>ι’</strong></span> <span class='ocrx_word' id='word_1_377' title='bbox 605 4749 702 4800; x_wconf 81' lang='lat' dir='ltr'><strong>Gr.,</strong></span> <span class='ocrx_word' id='word_1_378' title='bbox 726 4748 771 4790; x_wconf 85' lang='lat' dir='ltr'><strong>et</strong></span> <span class='ocrx_word' id='word_1_379' title='bbox 790 4739 877 4790; x_wconf 76' lang='lat' dir='ltr'><strong>illa</strong></span> <span class='ocrx_word' id='word_1_380' title='bbox 895 4751 1028 4789; x_wconf 85' lang='lat' dir='ltr'><strong>mors</strong></span> <span class='ocrx_word' id='word_1_381' title='bbox 1047 4736 1104 4787; x_wconf 83' lang='lat' dir='ltr'><strong>ob</strong></span> <span class='ocrx_word' id='word_1_382' title='bbox 1125 4750 1204 4788; x_wconf 86' lang='lat' dir='ltr'><strong>res</strong></span> <span class='ocrx_word' id='word_1_383' title='bbox 1223 4732 1419 4786; x_wconf 69' lang='lat' dir='ltr'><strong>&#39;miuime</strong></span> <span class='ocrx_word' id='word_1_384' title='bbox 1435 4732 1664 4798; x_wconf 72' lang='lat' dir='ltr'><strong>ignobiles</strong></span> <span class='ocrx_word' id='word_1_385' title='bbox 1673 4733 1852 4784; x_wconf 81' lang='lat' dir='ltr'><strong>obitur.</strong></span> 
     </span>
    </p>
   </div>
   <div class='ocr_carea' id='block_1_49' title="bbox 1195 355 3000 433">
    <p class='ocr_par' dir='ltr' id='par_1_49' title="bbox 1195 355 3000 433">
     <span class='ocr_line' id='line_1_50' title="bbox 1195 355 3000 433; baseline -0.007 0"><span class='ocrx_word' id='word_1_386' title='bbox 1195 366 1252 433; x_wconf 67' lang='grc' dir='ltr'><strong>ε.</strong></span> <span class='ocrx_word' id='word_1_387' title='bbox 1278 363 1557 433; x_wconf 71' lang='lat' dir='ltr'><strong>J‘OANNIs</strong></span> <span class='ocrx_word' id='word_1_388' title='bbox 1592 357 2067 430; x_wconf 65' lang='lat' dir='ltr'><strong>ciinvsosr&#39;oin’</strong></span> <span class='ocrx_word' id='word_1_389' title='bbox 2105 357 2423 428; x_wconf 66' lang='lat' dir='ltr'><strong>menter.</strong></span> <span class='ocrx_word' id='word_1_390' title='bbox 2463 355 3000 424; x_wconf 74' lang='lat' dir='ltr'><strong>coNsrAm&#39;mor.</strong></span> 
     </span>
    </p>
   </div>
   <div class='ocr_carea' id='block_1_50' title="bbox 3664 365 3782 420">
    <p class='ocr_par' dir='ltr' id='par_1_50' title="bbox 3664 365 3782 420">
     <span class='ocr_line' id='line_1_51' title="bbox 3664 365 3782 420; baseline 0 0"><span class='ocrx_word' id='word_1_391' title='bbox 3664 365 3782 420; x_wconf 70' lang='lat'><strong>505</strong></span> 
     </span>
    </p>
   </div>
   <div class='ocr_carea' id='block_1_51' title="bbox 2174 471 3781 553">
    <p class='ocr_par' dir='ltr' id='par_1_51' title="bbox 2174 471 3781 553">
     <span class='ocr_line' id='line_1_52' title="bbox 2174 471 3781 553; baseline -0.001 -15"><span class='ocrx_word' id='word_1_392' title='bbox 2174 483 2258 538; x_wconf 87' lang='lat' dir='ltr'><strong>hic</strong></span> <span class='ocrx_word' id='word_1_393' title='bbox 2280 485 2331 537; x_wconf 92' lang='lat' dir='ltr'><strong>in</strong></span> <span class='ocrx_word' id='word_1_394' title='bbox 2361 483 2599 553; x_wconf 65' lang='lat' dir='ltr'><strong>praemio,</strong></span> <span class='ocrx_word' id='word_1_395' title='bbox 2629 483 2681 536; x_wconf 93' lang='lat' dir='ltr'><strong>in</strong></span> <span class='ocrx_word' id='word_1_396' title='bbox 2717 482 2978 552; x_wconf 89' lang='lat' dir='ltr'><strong>supplicio</strong></span> <span class='ocrx_word' id='word_1_397' title='bbox 3011 482 3186 536; x_wconf 85' lang='lat' dir='ltr'><strong>autem</strong></span> <span class='ocrx_word' id='word_1_398' title='bbox 3214 471 3456 552; x_wconf 77' lang='lat' dir='ltr'><strong>gehenna</strong></span> <span class='ocrx_word' id='word_1_399' title='bbox 3504 485 3781 553; x_wconf 79' lang='lat' dir='ltr'><strong>praponi-</strong></span> 
     </span>
    </p>
   </div>
   <div class='ocr_carea' id='block_1_52' title="bbox 2170 573 3781 643">
    <p class='ocr_par' dir='ltr' id='par_1_52' title="bbox 2170 573 3781 643">
     <span class='ocr_line' id='line_1_53' title="bbox 2170 573 3781 643; baseline 0.002 -16"><span class='ocrx_word' id='word_1_400' title='bbox 2170 583 2274 639; x_wconf 89' lang='lat' dir='ltr'><strong>tur,</strong></span> <span class='ocrx_word' id='word_1_401' title='bbox 2303 582 2356 626; x_wconf 92' lang='lat' dir='ltr'><strong>et</strong></span> <span class='ocrx_word' id='word_1_402' title='bbox 2380 582 2576 627; x_wconf 71' lang='lat' dir='ltr'><strong>aaterna</strong></span> <span class='ocrx_word' id='word_1_403' title='bbox 2607 575 2797 626; x_wconf 72' lang='lat' dir='ltr'><strong>anima:</strong></span> <span class='ocrx_word' id='word_1_404' title='bbox 2823 573 2965 626; x_wconf 88' lang='lat' dir='ltr'><strong>salus</strong></span> <span class='ocrx_word' id='word_1_405' title='bbox 2993 614 3008 638; x_wconf 96' lang='lat'><strong>,</strong></span> <span class='ocrx_word' id='word_1_406' title='bbox 3040 581 3201 643; x_wconf 90' lang='lat' dir='ltr'><strong>atque</strong></span> <span class='ocrx_word' id='word_1_407' title='bbox 3230 575 3476 643; x_wconf 89' lang='lat' dir='ltr'><strong>perditio.</strong></span> <span class='ocrx_word' id='word_1_408' title='bbox 3519 575 3648 629; x_wconf 83' lang='lat' dir='ltr'><strong>Non</strong></span> <span class='ocrx_word' id='word_1_409' title='bbox 3681 593 3781 630; x_wconf 84' lang='lat' dir='ltr'><strong>so-</strong></span> 
     </span>
    </p>
   </div>
   <div class='ocr_carea' id='block_1_53' title="bbox 2170 664 3783 736">
    <p class='ocr_par' dir='ltr' id='par_1_53' title="bbox 2170 664 3783 736">
     <span class='ocr_line' id='line_1_54' title="bbox 2170 664 3783 736; baseline 0.002 -19"><span class='ocrx_word' id='word_1_410' title='bbox 2170 664 2278 717; x_wconf 85' lang='lat' dir='ltr'><strong>lum</strong></span> <span class='ocrx_word' id='word_1_411' title='bbox 2304 675 2479 718; x_wconf 87' lang='lat' dir='ltr'><strong>autem</strong></span> <span class='ocrx_word' id='word_1_412' title='bbox 2505 680 2624 719; x_wconf 90' lang='lat' dir='ltr'><strong>eum</strong></span> <span class='ocrx_word' id='word_1_413' title='bbox 2648 668 2734 734; x_wconf 92' lang='lat' dir='ltr'><strong>qui</strong></span> <span class='ocrx_word' id='word_1_414' title='bbox 2761 665 3121 733; x_wconf 68' lang='lat' dir='ltr'><strong>prredicatioui</strong></span> <span class='ocrx_word' id='word_1_415' title='bbox 3152 667 3464 736; x_wconf 80' lang='lat' dir='ltr'><strong>accingitur,</strong></span> <span class='ocrx_word' id='word_1_416' title='bbox 3492 669 3573 723; x_wconf 85' lang='lat' dir='ltr'><strong>sic</strong></span> <span class='ocrx_word' id='word_1_417' title='bbox 3604 683 3783 736; x_wconf 82' lang='lat' dir='ltr'><strong>Opor-</strong></span> 
     </span>
    </p>
   </div>
   <div class='ocr_carea' id='block_1_54' title="bbox 2171 756 3780 825">
    <p class='ocr_par' dir='ltr' id='par_1_54' title="bbox 2171 756 3780 825">
     <span class='ocr_line' id='line_1_55' title="bbox 2171 756 3780 825; baseline 0.003 -17"><span class='ocrx_word' id='word_1_418' title='bbox 2171 764 2247 809; x_wconf 89' lang='lat' dir='ltr'><strong>tet</strong></span> <span class='ocrx_word' id='word_1_419' title='bbox 2277 756 2486 825; x_wconf 89' lang='lat' dir='ltr'><strong>parari,</strong></span> <span class='ocrx_word' id='word_1_420' title='bbox 2535 756 2628 810; x_wconf 89' lang='lat' dir='ltr'><strong>sed</strong></span> <span class='ocrx_word' id='word_1_421' title='bbox 2651 771 3042 825; x_wconf 85' lang='lat' dir='ltr'><strong>quemcumque</strong></span> <span class='ocrx_word' id='word_1_422' title='bbox 3067 797 3082 822; x_wconf 94' lang='lat'><strong>,</strong></span> <span class='ocrx_word' id='word_1_423' title='bbox 3127 758 3208 811; x_wconf 87' lang='lat' dir='ltr'><strong>vel</strong></span> <span class='ocrx_word' id='word_1_424' title='bbox 3238 758 3554 825; x_wconf 86' lang='lat' dir='ltr'><strong>simpliciter</strong></span> <span class='ocrx_word' id='word_1_425' title='bbox 3605 759 3780 813; x_wconf 82' lang='lat' dir='ltr'><strong>Chri-</strong></span> 
     </span>
    </p>
   </div>
   <div class='ocr_carea' id='block_1_55' title="bbox 2171 847 3784 920">
    <p class='ocr_par' dir='ltr' id='par_1_55' title="bbox 2171 847 3784 920">
     <span class='ocr_line' id='line_1_56' title="bbox 2171 847 3784 920; baseline 0.003 -21"><span class='ocrx_word' id='word_1_426' title='bbox 2171 847 2403 901; x_wconf 83' lang='lat' dir='ltr'><strong>stianum</strong></span> <span class='ocrx_word' id='word_1_427' title='bbox 2427 865 2439 902; x_wconf 90' lang='lat'><strong>:</strong></span> <span class='ocrx_word' id='word_1_428' title='bbox 2465 863 2587 902; x_wconf 91' lang='lat' dir='ltr'><strong>nam</strong></span> <span class='ocrx_word' id='word_1_429' title='bbox 2615 863 2834 904; x_wconf 88' lang='lat' dir='ltr'><strong>crucem</strong></span> <span class='ocrx_word' id='word_1_430' title='bbox 2864 849 3052 903; x_wconf 89' lang='lat' dir='ltr'><strong>tollere</strong></span> <span class='ocrx_word' id='word_1_431' title='bbox 3077 861 3131 905; x_wconf 91' lang='lat' dir='ltr'><strong>et</strong></span> <span class='ocrx_word' id='word_1_432' title='bbox 3157 851 3306 920; x_wconf 88' lang='lat' dir='ltr'><strong>sequi</strong></span> <span class='ocrx_word' id='word_1_433' title='bbox 3346 850 3628 906; x_wconf 86' lang='lat' dir='ltr'><strong>Christum</strong></span> <span class='ocrx_word' id='word_1_434' title='bbox 3653 868 3784 905; x_wconf 85' lang='lat' dir='ltr'><strong>om-</strong></span> 
     </span>
    </p>
   </div>
   <div class='ocr_carea' id='block_1_56' title="bbox 2172 941 3782 1017">
    <p class='ocr_par' dir='ltr' id='par_1_56' title="bbox 2172 941 3782 1017">
     <span class='ocr_line' id='line_1_57' title="bbox 2172 941 3782 1017; baseline 0.004 -22"><span class='ocrx_word' id='word_1_435' title='bbox 2172 941 2326 995; x_wconf 87' lang='lat' dir='ltr'><strong>nibus</strong></span> <span class='ocrx_word' id='word_1_436' title='bbox 2353 942 2663 1010; x_wconf 87' lang='lat' dir='ltr'><strong>imperatur.</strong></span> <span class='ocrx_word' id='word_1_437' title='bbox 2707 942 2763 998; x_wconf 90' lang='lat' dir='ltr'><strong>Si</strong></span> <span class='ocrx_word' id='word_1_438' title='bbox 2792 951 2970 998; x_wconf 89' lang='lat' dir='ltr'><strong>autem</strong></span> <span class='ocrx_word' id='word_1_439' title='bbox 2997 945 3203 998; x_wconf 90' lang='lat' dir='ltr'><strong>cunctis</strong></span> <span class='ocrx_word' id='word_1_440' title='bbox 3221 985 3236 1009; x_wconf 92' lang='lat'><strong>,</strong></span> <span class='ocrx_word' id='word_1_441' title='bbox 3269 945 3438 1000; x_wconf 90' lang='lat' dir='ltr'><strong>multo</strong></span> <span class='ocrx_word' id='word_1_442' title='bbox 3466 947 3648 1017; x_wconf 83' lang='lat' dir='ltr'><strong>magis</strong></span> <span class='ocrx_word' id='word_1_443' title='bbox 3674 949 3782 1001; x_wconf 82' lang='lat' dir='ltr'><strong>do-</strong></span> 
     </span>
    </p>
   </div>
   <div class='ocr_carea' id='block_1_57' title="bbox 2171 1033 3786 1105">
    <p class='ocr_par' dir='ltr' id='par_1_57' title="bbox 2171 1033 3786 1105">
     <span class='ocr_line' id='line_1_58' title="bbox 2171 1033 3786 1105; baseline 0.005 -19"><span class='ocrx_word' id='word_1_444' title='bbox 2171 1033 2405 1087; x_wconf 85' lang='lat' dir='ltr'><strong>ctoribus</strong></span> <span class='ocrx_word' id='word_1_445' title='bbox 2435 1033 2613 1103; x_wconf 89' lang='lat' dir='ltr'><strong>populi</strong></span> <span class='ocrx_word' id='word_1_446' title='bbox 2643 1040 2802 1104; x_wconf 84' lang='lat' dir='ltr'><strong>atque</strong></span> <span class='ocrx_word' id='word_1_447' title='bbox 2830 1035 3154 1104; x_wconf 89' lang='lat' dir='ltr'><strong>pastoribus,</strong></span> <span class='ocrx_word' id='word_1_448' title='bbox 3184 1052 3410 1105; x_wconf 91' lang='lat' dir='ltr'><strong>quorum</strong></span> <span class='ocrx_word' id='word_1_449' title='bbox 3440 1052 3507 1093; x_wconf 84' lang='lat' dir='ltr'><strong>ex</strong></span> <span class='ocrx_word' id='word_1_450' title='bbox 3539 1051 3786 1094; x_wconf 79' lang='lat' dir='ltr'><strong>numero</strong></span> 
     </span>
    </p>
   </div>
   <div class='ocr_carea' id='block_1_58' title="bbox 2172 1125 3775 1198">
    <p class='ocr_par' dir='ltr' id='par_1_58' title="bbox 2172 1125 3775 1198">
     <span class='ocr_line' id='line_1_59' title="bbox 2172 1125 3775 1198; baseline 0.001 -17"><span class='ocrx_word' id='word_1_451' title='bbox 2172 1127 2330 1181; x_wconf 86' lang='lat' dir='ltr'><strong>etiam</strong></span> <span class='ocrx_word' id='word_1_452' title='bbox 2355 1125 2592 1181; x_wconf 83' lang='lat' dir='ltr'><strong>Joannes</strong></span> <span class='ocrx_word' id='word_1_453' title='bbox 2629 1136 2753 1182; x_wconf 91' lang='lat' dir='ltr'><strong>tunc</strong></span> <span class='ocrx_word' id='word_1_454' title='bbox 2775 1137 2891 1181; x_wconf 88' lang='lat' dir='ltr'><strong>erat</strong></span> <span class='ocrx_word' id='word_1_455' title='bbox 2921 1163 2938 1192; x_wconf 85' lang='lat'><strong>,</strong></span> <span class='ocrx_word' id='word_1_456' title='bbox 2974 1129 3064 1198; x_wconf 91' lang='lat' dir='ltr'><strong>qui</strong></span> <span class='ocrx_word' id='word_1_457' title='bbox 3106 1128 3382 1191; x_wconf 75' lang='lat' dir='ltr'><strong>dicebatur</strong></span> <span class='ocrx_word' id='word_1_458' title='bbox 3409 1141 3462 1184; x_wconf 91' lang='lat' dir='ltr'><strong>et</strong></span> <span class='ocrx_word' id='word_1_459' title='bbox 3506 1130 3730 1186; x_wconf 78' lang='lat' dir='ltr'><strong>Marcus</strong></span> <span class='ocrx_word' id='word_1_460' title='bbox 3763 1151 3775 1182; x_wconf 93' lang='lat'><em>:</em></span> 
     </span>
    </p>
   </div>
   <div class='ocr_carea' id='block_1_59' title="bbox 2171 1218 3779 1288">
    <p class='ocr_par' dir='ltr' id='par_1_59' title="bbox 2171 1218 3779 1288">
     <span class='ocr_line' id='line_1_60' title="bbox 2171 1218 3779 1288; baseline 0.005 -18"><span class='ocrx_word' id='word_1_461' title='bbox 2171 1218 2260 1286; x_wconf 89' lang='lat' dir='ltr'><strong>qui</strong></span> <span class='ocrx_word' id='word_1_462' title='bbox 2289 1219 2538 1286; x_wconf 92' lang='lat' dir='ltr'><strong>quoniam</strong></span> <span class='ocrx_word' id='word_1_463' title='bbox 2565 1233 2625 1273; x_wconf 92' lang='lat' dir='ltr'><strong>se</strong></span> <span class='ocrx_word' id='word_1_464' title='bbox 2648 1218 2698 1272; x_wconf 93' lang='lat' dir='ltr'><strong>in</strong></span> <span class='ocrx_word' id='word_1_465' title='bbox 2723 1218 2832 1288; x_wconf 90' lang='lat' dir='ltr'><strong>ipsa</strong></span> <span class='ocrx_word' id='word_1_466' title='bbox 2861 1219 2994 1274; x_wconf 89' lang='lat' dir='ltr'><strong>aciei</strong></span> <span class='ocrx_word' id='word_1_467' title='bbox 3024 1218 3196 1274; x_wconf 90' lang='lat' dir='ltr'><strong>fronte</strong></span> <span class='ocrx_word' id='word_1_468' title='bbox 3221 1223 3580 1286; x_wconf 87' lang='lat' dir='ltr'><strong>constituens,</strong></span> <span class='ocrx_word' id='word_1_469' title='bbox 3611 1225 3779 1278; x_wconf 81' lang='lat' dir='ltr'><strong>nimis</strong></span> 
     </span>
    </p>
   </div>
   <div class='ocr_carea' id='block_1_60' title="bbox 2174 1308 3772 1384">
    <p class='ocr_par' dir='ltr' id='par_1_60' title="bbox 2174 1308 3772 1384">
     <span class='ocr_line' id='line_1_61' title="bbox 2174 1308 3772 1384; baseline 0.001 -22"><span class='ocrx_word' id='word_1_470' title='bbox 2174 1308 2458 1364; x_wconf 90' lang='lat' dir='ltr'><strong>inviriliter</strong></span> <span class='ocrx_word' id='word_1_471' title='bbox 2496 1319 2674 1380; x_wconf 90' lang='lat' dir='ltr'><strong>egerat</strong></span> <span class='ocrx_word' id='word_1_472' title='bbox 2704 1353 2718 1376; x_wconf 95' lang='lat'><strong>,</strong></span> <span class='ocrx_word' id='word_1_473' title='bbox 2750 1326 2872 1364; x_wconf 92' lang='lat' dir='ltr'><strong>eum</strong></span> <span class='ocrx_word' id='word_1_474' title='bbox 2915 1313 3111 1366; x_wconf 90' lang='lat' dir='ltr'><strong>merito</strong></span> <span class='ocrx_word' id='word_1_475' title='bbox 3142 1312 3336 1366; x_wconf 83' lang='lat' dir='ltr'><strong>Paulus</strong></span> <span class='ocrx_word' id='word_1_476' title='bbox 3381 1313 3626 1384; x_wconf 90' lang='lat' dir='ltr'><strong>abjecit(</strong></span> <span class='ocrx_word' id='word_1_477' title='bbox 3657 1317 3772 1368; x_wconf 79' lang='lat' dir='ltr'><strong>Act</strong></span> 
     </span>
    </p>
   </div>
   <div class='ocr_carea' id='block_1_61' title="bbox 2175 1397 3777 1474">
    <p class='ocr_par' dir='ltr' id='par_1_61' title="bbox 2175 1397 3777 1474">
     <span class='ocr_line' id='line_1_62' title="bbox 2175 1397 3777 1474; baseline 0.002 -18"><span class='ocrx_word' id='word_1_478' title='bbox 2175 1402 2264 1456; x_wconf 80' lang='grc'><strong>15.</strong></span> <span class='ocrx_word' id='word_1_479' title='bbox 2284 1404 2350 1466; x_wconf 79' lang='lat'><strong>5;</strong></span> <span class='ocrx_word' id='word_1_480' title='bbox 2375 1400 2455 1457; x_wconf 83' lang='lat' dir='ltr'><strong>l5.</strong></span> <span class='ocrx_word' id='word_1_481' title='bbox 2479 1402 2566 1456; x_wconf 79' lang='lat'><strong>37.</strong></span> <span class='ocrx_word' id='word_1_482' title='bbox 2597 1397 2664 1457; x_wconf 79' lang='lat'><strong>38</strong></span> <span class='ocrx_word' id='word_1_483' title='bbox 2695 1404 2711 1471; x_wconf 94' lang='lat'>)</span> <span class='ocrx_word' id='word_1_484' title='bbox 2743 1444 2758 1466; x_wconf 94' lang='lat'><strong>,</strong></span> <span class='ocrx_word' id='word_1_485' title='bbox 2801 1417 2868 1456; x_wconf 91' lang='lat' dir='ltr'><strong>ne</strong></span> <span class='ocrx_word' id='word_1_486' title='bbox 2899 1403 3040 1457; x_wconf 89' lang='lat' dir='ltr'><strong>illius</strong></span> <span class='ocrx_word' id='word_1_487' title='bbox 3093 1404 3242 1472; x_wconf 87' lang='lat' dir='ltr'><strong>quasi</strong></span> <span class='ocrx_word' id='word_1_488' title='bbox 3271 1407 3596 1474; x_wconf 81' lang='lat' dir='ltr'><strong>contagione</strong></span> <span class='ocrx_word' id='word_1_489' title='bbox 3631 1408 3777 1460; x_wconf 81' lang='lat' dir='ltr'><strong>vires</strong></span> 
     </span>
    </p>
   </div>
   <div class='ocr_carea' id='block_1_62' title="bbox 2174 1494 3770 1568">
    <p class='ocr_par' dir='ltr' id='par_1_62' title="bbox 2174 1494 3770 1568">
     <span class='ocr_line' id='line_1_63' title="bbox 2174 1494 3770 1568; baseline 0.003 -20"><span class='ocrx_word' id='word_1_490' title='bbox 2174 1503 2644 1563; x_wconf 81' lang='lat' dir='ltr'><strong>corrumperentur</strong></span> <span class='ocrx_word' id='word_1_491' title='bbox 2671 1495 2920 1548; x_wconf 88' lang='lat' dir='ltr'><strong>aliorum.</strong></span> <span class='ocrx_word' id='word_1_492' title='bbox 2949 1494 3008 1550; x_wconf 89' lang='lat' dir='ltr'><strong>Si</strong></span> <span class='ocrx_word' id='word_1_493' title='bbox 3038 1511 3168 1549; x_wconf 90' lang='lat' dir='ltr'><strong>vero</strong></span> <span class='ocrx_word' id='word_1_494' title='bbox 3203 1496 3374 1551; x_wconf 90' lang='lat' dir='ltr'><strong>Lucas</strong></span> <span class='ocrx_word' id='word_1_495' title='bbox 3407 1498 3581 1552; x_wconf 80' lang='lat' dir='ltr'><strong>refert</strong></span> <span class='ocrx_word' id='word_1_496' title='bbox 3622 1515 3770 1568; x_wconf 86' lang='lat' dir='ltr'><strong>quo-</strong></span> 
     </span>
    </p>
   </div>
   <div class='ocr_carea' id='block_1_63' title="bbox 2115 1593 3775 1666">
    <p class='ocr_par' dir='ltr' id='par_1_63' title="bbox 2115 1593 3775 1666">
     <span class='ocr_line' id='line_1_64' title="bbox 2115 1593 3775 1666; baseline 0.001 -17"><span class='ocrx_word' id='word_1_497' title='bbox 2115 1597 2154 1628; x_wconf 75' lang='lat'>‘</span> <span class='ocrx_word' id='word_1_498' title='bbox 2182 1596 2324 1649; x_wconf 89' lang='lat' dir='ltr'><strong>niam</strong></span> <span class='ocrx_word' id='word_1_499' title='bbox 2367 1596 2543 1666; x_wconf 91' lang='lat' dir='ltr'><strong>aliqua</strong></span> <span class='ocrx_word' id='word_1_500' title='bbox 2571 1595 2711 1650; x_wconf 89' lang='lat' dir='ltr'><strong>inter</strong></span> <span class='ocrx_word' id='word_1_501' title='bbox 2736 1597 2879 1666; x_wconf 91' lang='lat' dir='ltr'><strong>ipsos</strong></span> <span class='ocrx_word' id='word_1_502' title='bbox 2921 1593 3062 1649; x_wconf 88' lang='lat' dir='ltr'><strong>facta</strong></span> <span class='ocrx_word' id='word_1_503' title='bbox 3090 1607 3172 1650; x_wconf 91' lang='lat' dir='ltr'><strong>est</strong></span> <span class='ocrx_word' id='word_1_504' title='bbox 3201 1597 3498 1660; x_wconf 88' lang='lat' dir='ltr'><strong>contentio,</strong></span> <span class='ocrx_word' id='word_1_505' title='bbox 3533 1597 3646 1652; x_wconf 86' lang='lat' dir='ltr'><strong>noli</strong></span> <span class='ocrx_word' id='word_1_506' title='bbox 3672 1597 3775 1651; x_wconf 84' lang='lat' dir='ltr'><strong>hoc.</strong></span> 
     </span>
    </p>
   </div>
   <div class='ocr_carea' id='block_1_64' title="bbox 2175 1687 3773 1758">
    <p class='ocr_par' dir='ltr' id='par_1_64' title="bbox 2175 1687 3773 1758">
     <span class='ocr_line' id='line_1_65' title="bbox 2175 1687 3773 1758; baseline 0.001 -16"><span class='ocrx_word' id='word_1_507' title='bbox 2175 1687 2425 1742; x_wconf 85' lang='lat' dir='ltr'><strong>delictum</strong></span> <span class='ocrx_word' id='word_1_508' title='bbox 2479 1699 2685 1758; x_wconf 90' lang='lat' dir='ltr'><strong>putare.</strong></span> <span class='ocrx_word' id='word_1_509' title='bbox 2729 1688 2843 1743; x_wconf 85' lang='lat' dir='ltr'><strong>Non</strong></span> <span class='ocrx_word' id='word_1_510' title='bbox 2873 1687 3015 1743; x_wconf 88' lang='lat' dir='ltr'><strong>enim</strong></span> <span class='ocrx_word' id='word_1_511' title='bbox 3041 1688 3373 1744; x_wconf 84' lang='lat' dir='ltr'><strong>commoveri</strong></span> <span class='ocrx_word' id='word_1_512' title='bbox 3412 1689 3618 1743; x_wconf 88' lang='lat' dir='ltr'><strong>malum</strong></span> <span class='ocrx_word' id='word_1_513' title='bbox 3665 1700 3773 1755; x_wconf 85' lang='lat' dir='ltr'><strong>est,</strong></span> 
     </span>
    </p>
   </div>
   <div class='ocr_carea' id='block_1_65' title="bbox 2176 1780 3776 1852">
    <p class='ocr_par' dir='ltr' id='par_1_65' title="bbox 2176 1780 3776 1852">
     <span class='ocr_line' id='line_1_66' title="bbox 2176 1780 3776 1852; baseline 0.002 -18"><span class='ocrx_word' id='word_1_514' title='bbox 2176 1781 2270 1834; x_wconf 86' lang='lat' dir='ltr'><strong>sed</strong></span> <span class='ocrx_word' id='word_1_515' title='bbox 2303 1781 2756 1845; x_wconf 86' lang='lat' dir='ltr'><strong>irrationabiliter,</strong></span> <span class='ocrx_word' id='word_1_516' title='bbox 2796 1782 3049 1850; x_wconf 86' lang='lat' dir='ltr'><strong>nulloque</strong></span> <span class='ocrx_word' id='word_1_517' title='bbox 3072 1781 3219 1851; x_wconf 90' lang='lat' dir='ltr'><strong>justo</strong></span> <span class='ocrx_word' id='word_1_518' title='bbox 3245 1780 3522 1850; x_wconf 83' lang='lat' dir='ltr'><strong>ﬂagitante</strong></span> <span class='ocrx_word' id='word_1_519' title='bbox 3551 1783 3776 1852; x_wconf 81' lang='lat' dir='ltr'><strong>negotio</strong></span> 
     </span>
    </p>
   </div>
   <div class='ocr_carea' id='block_1_66' title="bbox 2175 1870 3776 1944">
    <p class='ocr_par' dir='ltr' id='par_1_66' title="bbox 2175 1870 3776 1944">
     <span class='ocr_line' id='line_1_67' title="bbox 2175 1870 3776 1944; baseline 0.001 -19"><span class='ocrx_word' id='word_1_520' title='bbox 2175 1872 2520 1926; x_wconf 87' lang='lat' dir='ltr'><strong>commoveri.</strong></span> <span class='ocrx_word' id='word_1_521' title='bbox 2547 1870 2847 1940; x_wconf 81' lang='lat' dir='ltr'><strong>Iracundia,</strong></span> <span class='ocrx_word' id='word_1_522' title='bbox 2874 1872 3045 1941; x_wconf 88' lang='lat' dir='ltr'><strong>inquit</strong></span> <span class='ocrx_word' id='word_1_523' title='bbox 3072 1915 3087 1940; x_wconf 90' lang='lat'><strong>,</strong></span> <span class='ocrx_word' id='word_1_524' title='bbox 3114 1873 3306 1944; x_wconf 84' lang='lat' dir='ltr'><strong>injusta</strong></span> <span class='ocrx_word' id='word_1_525' title='bbox 3334 1890 3436 1927; x_wconf 87' lang='lat' dir='ltr'><strong>non</strong></span> <span class='ocrx_word' id='word_1_526' title='bbox 3454 1873 3776 1942; x_wconf 57' lang='lat' dir='ltr'><strong>iustificati-</strong></span> 
     </span>
    </p>
   </div>
   <div class='ocr_carea' id='block_1_67' title="bbox 2177 1962 3777 2034">
    <p class='ocr_par' dir='ltr' id='par_1_67' title="bbox 2177 1962 3777 2034">
     <span class='ocr_line' id='line_1_68' title="bbox 2177 1962 3777 2034; baseline 0.003 -20"><span class='ocrx_word' id='word_1_527' title='bbox 2177 1969 2258 2015; x_wconf 85' lang='lat' dir='ltr'><strong>tur</strong></span> <span class='ocrx_word' id='word_1_528' title='bbox 2287 1963 2306 2034; x_wconf 93' lang='lat'><strong>(</strong></span> <span class='ocrx_word' id='word_1_529' title='bbox 2334 1962 2504 2016; x_wconf 84' lang='lat' dir='ltr'><strong>Sirae.</strong></span> <span class='ocrx_word' id='word_1_530' title='bbox 2526 1962 2577 2017; x_wconf 83' lang='lat' dir='ltr'><strong>l.</strong></span> <span class='ocrx_word' id='word_1_531' title='bbox 2615 1963 2710 2030; x_wconf 70' lang='lat'><strong>28)</strong></span> <span class='ocrx_word' id='word_1_532' title='bbox 2741 1979 2757 2017; x_wconf 87' lang='lat'><strong>:</strong></span> <span class='ocrx_word' id='word_1_533' title='bbox 2808 1978 2913 2017; x_wconf 93' lang='lat' dir='ltr'><strong>non</strong></span> <span class='ocrx_word' id='word_1_534' title='bbox 2945 1977 3075 2033; x_wconf 87' lang='lat' dir='ltr'><strong>ergo</strong></span> <span class='ocrx_word' id='word_1_535' title='bbox 3117 1963 3363 2031; x_wconf 90' lang='lat' dir='ltr'><strong>culpatur</strong></span> <span class='ocrx_word' id='word_1_536' title='bbox 3394 1965 3631 2032; x_wconf 81' lang='lat' dir='ltr'><strong>simplex</strong></span> <span class='ocrx_word' id='word_1_537' title='bbox 3665 1966 3777 2019; x_wconf 47' lang='lat' dir='ltr'><strong>ira‘</strong></span> 
     </span>
    </p>
   </div>
   <div class='ocr_carea' id='block_1_68' title="bbox 2177 2051 3782 2126">
    <p class='ocr_par' dir='ltr' id='par_1_68' title="bbox 2177 2051 3782 2126">
     <span class='ocr_line' id='line_1_69' title="bbox 2177 2051 3782 2126; baseline 0.001 -20"><span class='ocrx_word' id='word_1_538' title='bbox 2177 2051 2364 2106; x_wconf 89' lang='lat' dir='ltr'><strong>cundia</strong></span> <span class='ocrx_word' id='word_1_539' title='bbox 2389 2094 2402 2115; x_wconf 93' lang='lat'><strong>,</strong></span> <span class='ocrx_word' id='word_1_540' title='bbox 2432 2052 2526 2107; x_wconf 89' lang='lat' dir='ltr'><strong>sed</strong></span> <span class='ocrx_word' id='word_1_541' title='bbox 2555 2052 2747 2122; x_wconf 89' lang='lat' dir='ltr'><strong>injusta</strong></span> <span class='ocrx_word' id='word_1_542' title='bbox 2777 2069 2790 2105; x_wconf 89' lang='lat'><strong>:</strong></span> <span class='ocrx_word' id='word_1_543' title='bbox 2822 2060 2877 2106; x_wconf 91' lang='lat' dir='ltr'><strong>et</strong></span> <span class='ocrx_word' id='word_1_544' title='bbox 2903 2066 3088 2107; x_wconf 90' lang='lat' dir='ltr'><strong>rursus</strong></span> <span class='ocrx_word' id='word_1_545' title='bbox 3115 2093 3128 2116; x_wconf 95' lang='lat'><strong>,</strong></span> <span class='ocrx_word' id='word_1_546' title='bbox 3161 2052 3262 2116; x_wconf 80' lang='lat' dir='ltr'><strong>Qui</strong></span> <span class='ocrx_word' id='word_1_547' title='bbox 3296 2053 3454 2106; x_wconf 86' lang='lat' dir='ltr'><strong>iratus</strong></span> <span class='ocrx_word' id='word_1_548' title='bbox 3485 2053 3782 2126; x_wconf 65' lang='grc' dir='ltr'><strong>[καὶτίνα-</strong></span> 
     </span>
    </p>
   </div>
   <div class='ocr_carea' id='block_1_69' title="bbox 2177 2141 3775 2215">
    <p class='ocr_par' dir='ltr' id='par_1_69' title="bbox 2177 2141 3775 2215">
     <span class='ocr_line' id='line_1_70' title="bbox 2177 2141 3775 2215; baseline 0.001 -18"><span class='ocrx_word' id='word_1_549' title='bbox 2177 2146 2242 2198; x_wconf 83' lang='lat' dir='ltr'><strong>tri</strong></span> <span class='ocrx_word' id='word_1_550' title='bbox 2277 2162 2370 2198; x_wconf 86' lang='lat' dir='ltr'><strong>suo</strong></span> <span class='ocrx_word' id='word_1_551' title='bbox 2395 2145 2503 2199; x_wconf 84' lang='lat' dir='ltr'><strong>sine</strong></span> <span class='ocrx_word' id='word_1_552' title='bbox 2521 2146 2714 2215; x_wconf 87' lang='lat' dir='ltr'><strong>causa(</strong></span> <span class='ocrx_word' id='word_1_553' title='bbox 2747 2141 2932 2197; x_wconf 80' lang='lat' dir='ltr'><strong>Matth.</strong></span> <span class='ocrx_word' id='word_1_554' title='bbox 2968 2145 3020 2199; x_wconf 83' lang='lat'><strong>5.</strong></span> <span class='ocrx_word' id='word_1_555' title='bbox 3047 2143 3159 2215; x_wconf 75' lang='lat'><strong>2?.)</strong></span> <span class='ocrx_word' id='word_1_556' title='bbox 3194 2160 3206 2196; x_wconf 93' lang='lat'><strong>:</strong></span> <span class='ocrx_word' id='word_1_557' title='bbox 3253 2159 3361 2198; x_wconf 89' lang='lat' dir='ltr'><strong>non</strong></span> <span class='ocrx_word' id='word_1_558' title='bbox 3391 2158 3525 2215; x_wconf 90' lang='lat' dir='ltr'><strong>ergo</strong></span> <span class='ocrx_word' id='word_1_559' title='bbox 3555 2143 3775 2215; x_wconf 88' lang='lat' dir='ltr'><strong>simpli-</strong></span> 
     </span>
    </p>
   </div>
   <div class='ocr_carea' id='block_1_70' title="bbox 2176 2230 3781 2306">
    <p class='ocr_par' dir='ltr' id='par_1_70' title="bbox 2176 2230 3781 2306">
     <span class='ocr_line' id='line_1_71' title="bbox 2176 2230 3781 2306; baseline 0.001 -16"><span class='ocrx_word' id='word_1_560' title='bbox 2176 2236 2311 2291; x_wconf 77' lang='lat' dir='ltr'><strong>citer</strong></span> <span class='ocrx_word' id='word_1_561' title='bbox 2341 2238 2530 2291; x_wconf 89' lang='lat' dir='ltr'><strong>iratus.</strong></span> <span class='ocrx_word' id='word_1_562' title='bbox 2555 2236 2622 2292; x_wconf 86' lang='lat' dir='ltr'><strong>Et</strong></span> <span class='ocrx_word' id='word_1_563' title='bbox 2640 2230 2905 2306; x_wconf 82' lang='lat' dir='ltr'><strong>PrOpheta</strong></span> <span class='ocrx_word' id='word_1_564' title='bbox 2936 2235 3066 2290; x_wconf 93' lang='lat' dir='ltr'><strong>dicit</strong></span> <span class='ocrx_word' id='word_1_565' title='bbox 3106 2253 3118 2288; x_wconf 93' lang='lat'>:</span> <span class='ocrx_word' id='word_1_566' title='bbox 3167 2234 3456 2290; x_wconf 84' lang='lat' dir='ltr'><strong>Irascimini</strong></span> <span class='ocrx_word' id='word_1_567' title='bbox 3477 2279 3493 2301; x_wconf 93' lang='lat'><strong>,</strong></span> <span class='ocrx_word' id='word_1_568' title='bbox 3542 2247 3592 2290; x_wconf 82' lang='lat' dir='ltr'><strong>et</strong></span> <span class='ocrx_word' id='word_1_569' title='bbox 3621 2239 3781 2292; x_wconf 70' lang='lat' dir='ltr'><strong>nolite</strong></span> 
     </span>
    </p>
   </div>
   <div class='ocr_carea' id='block_1_71' title="bbox 2178 2326 3777 2398">
    <p class='ocr_par' dir='ltr' id='par_1_71' title="bbox 2178 2326 3777 2398">
     <span class='ocr_line' id='line_1_72' title="bbox 2178 2326 3777 2398; baseline 0.001 -18"><span class='ocrx_word' id='word_1_570' title='bbox 2178 2328 2422 2398; x_wconf 84' lang='lat' dir='ltr'><strong>peccare(</strong></span> <span class='ocrx_word' id='word_1_571' title='bbox 2454 2326 2668 2382; x_wconf 67' lang='grc' dir='ltr'><strong>ΡεαΜ.</strong></span> <span class='ocrx_word' id='word_1_572' title='bbox 2701 2327 2766 2392; x_wconf 86' lang='lat'><strong>5;</strong></span> <span class='ocrx_word' id='word_1_573' title='bbox 2800 2327 2992 2398; x_wconf 72' lang='lat' dir='ltr'><strong>Ephes.</strong></span> <span class='ocrx_word' id='word_1_574' title='bbox 3018 2328 3072 2382; x_wconf 77' lang='grc'><strong>4.</strong></span> <span class='ocrx_word' id='word_1_575' title='bbox 3099 2326 3168 2382; x_wconf 75' lang='grc'>26</span> <span class='ocrx_word' id='word_1_576' title='bbox 3195 2329 3235 2398; x_wconf 92' lang='grc'><strong>).</strong></span> <span class='ocrx_word' id='word_1_577' title='bbox 3275 2327 3428 2393; x_wconf 86' lang='lat' dir='ltr'><strong>Quod</strong></span> <span class='ocrx_word' id='word_1_578' title='bbox 3471 2327 3517 2380; x_wconf 90' lang='lat' dir='ltr'><strong>si</strong></span> <span class='ocrx_word' id='word_1_579' title='bbox 3547 2330 3777 2382; x_wconf 88' lang='lat' dir='ltr'><strong>omnino</strong></span> 
     </span>
    </p>
   </div>
   <div class='ocr_carea' id='block_1_72' title="bbox 2177 2417 3777 2489">
    <p class='ocr_par' dir='ltr' id='par_1_72' title="bbox 2177 2417 3777 2489">
     <span class='ocr_line' id='line_1_73' title="bbox 2177 2417 3777 2489; baseline 0.001 -17"><span class='ocrx_word' id='word_1_580' title='bbox 2177 2417 2480 2488; x_wconf 88' lang='lat' dir='ltr'><strong>hujusmodi</strong></span> <span class='ocrx_word' id='word_1_581' title='bbox 2507 2419 2581 2472; x_wconf 85' lang='lat' dir='ltr'><strong>uti</strong></span> <span class='ocrx_word' id='word_1_582' title='bbox 2609 2433 2716 2473; x_wconf 93' lang='lat' dir='ltr'><strong>non</strong></span> <span class='ocrx_word' id='word_1_583' title='bbox 2741 2429 2954 2489; x_wconf 90' lang='lat' dir='ltr'><strong>oportet</strong></span> <span class='ocrx_word' id='word_1_584' title='bbox 2981 2419 3193 2485; x_wconf 89' lang='lat' dir='ltr'><strong>alTectu,</strong></span> <span class='ocrx_word' id='word_1_585' title='bbox 3214 2421 3371 2474; x_wconf 89' lang='lat' dir='ltr'><strong>etiam</strong></span> <span class='ocrx_word' id='word_1_586' title='bbox 3401 2435 3523 2474; x_wconf 91' lang='lat' dir='ltr'><strong>cum</strong></span> <span class='ocrx_word' id='word_1_587' title='bbox 3557 2431 3777 2489; x_wconf 72' lang='lat' dir='ltr'><strong>tempus</strong></span> 
     </span>
    </p>
   </div>
   <div class='ocr_carea' id='block_1_73' title="bbox 2176 2509 3772 2580">
    <p class='ocr_par' dir='ltr' id='par_1_73' title="bbox 2176 2509 3772 2580">
     <span class='ocr_line' id='line_1_74' title="bbox 2176 2509 3772 2580; baseline -0.001 -17"><span class='ocrx_word' id='word_1_588' title='bbox 2176 2512 2451 2580; x_wconf 81' lang='lat' dir='ltr'><strong>exposcit,</strong></span> <span class='ocrx_word' id='word_1_589' title='bbox 2497 2509 2690 2565; x_wconf 88' lang='lat' dir='ltr'><strong>frustra</strong></span> <span class='ocrx_word' id='word_1_590' title='bbox 2719 2511 2875 2566; x_wconf 90' lang='lat' dir='ltr'><strong>nobis</strong></span> <span class='ocrx_word' id='word_1_591' title='bbox 2902 2511 3113 2566; x_wconf 88' lang='lat' dir='ltr'><strong>videtur</strong></span> <span class='ocrx_word' id='word_1_592' title='bbox 3150 2512 3456 2580; x_wconf 83' lang='lat' dir='ltr'><strong>ingenitus;</strong></span> <span class='ocrx_word' id='word_1_593' title='bbox 3511 2512 3608 2565; x_wconf 89' lang='lat' dir='ltr'><strong>sed</strong></span> <span class='ocrx_word' id='word_1_594' title='bbox 3643 2527 3772 2580; x_wconf 87' lang='lat' dir='ltr'><strong>pro-</strong></span> 
     </span>
    </p>
   </div>
   <div class='ocr_carea' id='block_1_74' title="bbox 2176 2599 3773 2672">
    <p class='ocr_par' dir='ltr' id='par_1_74' title="bbox 2176 2599 3773 2672">
     <span class='ocr_line' id='line_1_75' title="bbox 2176 2599 3773 2672; baseline 0.003 -19"><span class='ocrx_word' id='word_1_595' title='bbox 2176 2599 2318 2657; x_wconf 86' lang='lat' dir='ltr'><strong>fecto</strong></span> <span class='ocrx_word' id='word_1_596' title='bbox 2347 2619 2452 2658; x_wconf 93' lang='lat' dir='ltr'><strong>non</strong></span> <span class='ocrx_word' id='word_1_597' title='bbox 2481 2601 2696 2669; x_wconf 83' lang='lat' dir='ltr'><strong>frustra,</strong></span> <span class='ocrx_word' id='word_1_598' title='bbox 2726 2615 2883 2672; x_wconf 88' lang='lat' dir='ltr'><strong>quem</strong></span> <span class='ocrx_word' id='word_1_599' title='bbox 2905 2611 3054 2657; x_wconf 88' lang='lat' dir='ltr'><strong>certe</strong></span> <span class='ocrx_word' id='word_1_600' title='bbox 3096 2600 3348 2671; x_wconf 86' lang='lat' dir='ltr'><strong>providus</strong></span> <span class='ocrx_word' id='word_1_601' title='bbox 3370 2602 3526 2656; x_wconf 88' lang='lat' dir='ltr'><strong>nobis</strong></span> <span class='ocrx_word' id='word_1_602' title='bbox 3551 2615 3773 2657; x_wconf 84' lang='lat' dir='ltr'><strong>creator</strong></span> 
     </span>
    </p>
   </div>
   <div class='ocr_carea' id='block_1_75' title="bbox 2177 2691 3775 2761">
    <p class='ocr_par' dir='ltr' id='par_1_75' title="bbox 2177 2691 3775 2761">
     <span class='ocr_line' id='line_1_76' title="bbox 2177 2691 3775 2761; baseline 0.001 -17"><span class='ocrx_word' id='word_1_603' title='bbox 2177 2691 2420 2756; x_wconf 87' lang='lat' dir='ltr'><strong>inseruit,</strong></span> <span class='ocrx_word' id='word_1_604' title='bbox 2457 2701 2518 2747; x_wconf 91' lang='lat' dir='ltr'><strong>ut</strong></span> <span class='ocrx_word' id='word_1_605' title='bbox 2551 2691 2878 2747; x_wconf 89' lang='lat' dir='ltr'><strong>dormientes</strong></span> <span class='ocrx_word' id='word_1_606' title='bbox 2904 2693 3108 2746; x_wconf 90' lang='lat' dir='ltr'><strong>animas</strong></span> <span class='ocrx_word' id='word_1_607' title='bbox 3141 2733 3155 2757; x_wconf 94' lang='lat'><strong>,</strong></span> <span class='ocrx_word' id='word_1_608' title='bbox 3206 2704 3368 2761; x_wconf 88' lang='lat' dir='ltr'><strong>atque</strong></span> <span class='ocrx_word' id='word_1_609' title='bbox 3406 2693 3675 2746; x_wconf 87' lang='lat' dir='ltr'><strong>resolutas</strong></span> <span class='ocrx_word' id='word_1_610' title='bbox 3705 2695 3775 2747; x_wconf 87' lang='lat' dir='ltr'><strong>ah</strong></span> 
     </span>
    </p>
   </div>
   <div class='ocr_carea' id='block_1_76' title="bbox 2176 2784 3766 2855">
    <p class='ocr_par' dir='ltr' id='par_1_76' title="bbox 2176 2784 3766 2855">
     <span class='ocr_line' id='line_1_77' title="bbox 2176 2784 3766 2855; baseline 0 -15"><span class='ocrx_word' id='word_1_611' title='bbox 2176 2786 2365 2840; x_wconf 88' lang='lat' dir='ltr'><strong>inertia</strong></span> <span class='ocrx_word' id='word_1_612' title='bbox 2419 2801 2482 2840; x_wconf 91' lang='lat' dir='ltr'><strong>ac</strong></span> <span class='ocrx_word' id='word_1_613' title='bbox 2537 2784 2742 2840; x_wconf 86' lang='lat' dir='ltr'><strong>desidia</strong></span> <span class='ocrx_word' id='word_1_614' title='bbox 2786 2786 3090 2839; x_wconf 86' lang='lat' dir='ltr'><strong>suscitaret.</strong></span> <span class='ocrx_word' id='word_1_615' title='bbox 3152 2785 3318 2851; x_wconf 82' lang='lat' dir='ltr'><strong>Quasi</strong></span> <span class='ocrx_word' id='word_1_616' title='bbox 3367 2786 3510 2839; x_wconf 91' lang='lat' dir='ltr'><strong>enim</strong></span> <span class='ocrx_word' id='word_1_617' title='bbox 3576 2786 3766 2855; x_wconf 85' lang='lat' dir='ltr'><strong>gladio</strong></span> 
     </span>
    </p>
   </div>
   <div class='ocr_carea' id='block_1_77' title="bbox 2176 2878 3770 2947">
    <p class='ocr_par' dir='ltr' id='par_1_77' title="bbox 2176 2878 3770 2947">
     <span class='ocr_line' id='line_1_78' title="bbox 2176 2878 3770 2947; baseline 0 -15"><span class='ocrx_word' id='word_1_618' title='bbox 2176 2880 2369 2947; x_wconf 89' lang='lat' dir='ltr'><strong>aciem,</strong></span> <span class='ocrx_word' id='word_1_619' title='bbox 2401 2880 2468 2933; x_wconf 89' lang='lat' dir='ltr'><strong>ita</strong></span> <span class='ocrx_word' id='word_1_620' title='bbox 2500 2879 2663 2934; x_wconf 90' lang='lat' dir='ltr'><strong>menti</strong></span> <span class='ocrx_word' id='word_1_621' title='bbox 2693 2887 2889 2932; x_wconf 65' lang='lat' dir='ltr'><strong>nostra:</strong></span> <span class='ocrx_word' id='word_1_622' title='bbox 2919 2881 3011 2933; x_wconf 75' lang='lat' dir='ltr'><strong>ine</strong></span> <span class='ocrx_word' id='word_1_623' title='bbox 3035 2889 3260 2934; x_wconf 81' lang='lat' dir='ltr'><strong>aetunen</strong></span> <span class='ocrx_word' id='word_1_624' title='bbox 3293 2878 3564 2947; x_wconf 88' lang='lat' dir='ltr'><strong>imposuit,</strong></span> <span class='ocrx_word' id='word_1_625' title='bbox 3599 2889 3658 2933; x_wconf 92' lang='lat' dir='ltr'><strong>ut</strong></span> <span class='ocrx_word' id='word_1_626' title='bbox 3684 2895 3770 2942; x_wconf 82' lang='lat' dir='ltr'><strong>eo,</strong></span> 
     </span>
    </p>
   </div>
   <div class='ocr_carea' id='block_1_78' title="bbox 2176 2971 3774 3041">
    <p class='ocr_par' dir='ltr' id='par_1_78' title="bbox 2176 2971 3774 3041">
     <span class='ocr_line' id='line_1_79' title="bbox 2176 2971 3774 3041; baseline 0 -15"><span class='ocrx_word' id='word_1_627' title='bbox 2176 2987 2296 3026; x_wconf 89' lang='lat' dir='ltr'><strong>cum</strong></span> <span class='ocrx_word' id='word_1_628' title='bbox 2328 2982 2562 3041; x_wconf 88' lang='lat' dir='ltr'><strong>oportet,</strong></span> <span class='ocrx_word' id='word_1_629' title='bbox 2597 2981 2827 3025; x_wconf 88' lang='lat' dir='ltr'><strong>utamur.</strong></span> <span class='ocrx_word' id='word_1_630' title='bbox 2856 2971 3146 3040; x_wconf 87' lang='lat' dir='ltr'><strong>Propterea</strong></span> <span class='ocrx_word' id='word_1_631' title='bbox 3169 2971 3330 3041; x_wconf 83' lang='lat' dir='ltr'><strong>igitur</strong></span> <span class='ocrx_word' id='word_1_632' title='bbox 3353 2981 3407 3025; x_wconf 89' lang='lat' dir='ltr'><strong>et</strong></span> <span class='ocrx_word' id='word_1_633' title='bbox 3444 2971 3644 3026; x_wconf 85' lang='lat' dir='ltr'><strong>Paulus</strong></span> <span class='ocrx_word' id='word_1_634' title='bbox 3671 2972 3774 3026; x_wconf 89' lang='lat' dir='ltr'><strong>hoc</strong></span> 
     </span>
    </p>
   </div>
   <div class='ocr_carea' id='block_1_79' title="bbox 2178 3063 3775 3134">
    <p class='ocr_par' dir='ltr' id='par_1_79' title="bbox 2178 3063 3775 3134">
     <span class='ocr_line' id='line_1_80' title="bbox 2178 3063 3775 3134; baseline 0.001 -15"><span class='ocrx_word' id='word_1_635' title='bbox 2178 3080 2321 3134; x_wconf 82' lang='lat' dir='ltr'><strong>saepe</strong></span> <span class='ocrx_word' id='word_1_636' title='bbox 2361 3075 2446 3119; x_wconf 90' lang='lat' dir='ltr'><strong>est</strong></span> <span class='ocrx_word' id='word_1_637' title='bbox 2484 3079 2611 3118; x_wconf 91' lang='lat' dir='ltr'><strong>usus</strong></span> <span class='ocrx_word' id='word_1_638' title='bbox 2642 3063 2853 3130; x_wconf 75' lang='lat' dir='ltr'><strong>affectu,</strong></span> <span class='ocrx_word' id='word_1_639' title='bbox 2903 3074 2956 3119; x_wconf 90' lang='lat' dir='ltr'><strong>et</strong></span> <span class='ocrx_word' id='word_1_640' title='bbox 2994 3064 3235 3118; x_wconf 88' lang='lat' dir='ltr'><strong>modeste</strong></span> <span class='ocrx_word' id='word_1_641' title='bbox 3269 3064 3616 3134; x_wconf 90' lang='lat' dir='ltr'><strong>loquentibus</strong></span> <span class='ocrx_word' id='word_1_642' title='bbox 3659 3072 3775 3120; x_wconf 87' lang='lat' dir='ltr'><strong>erat</strong></span> 
     </span>
    </p>
   </div>
   <div class='ocr_carea' id='block_1_80' title="bbox 2179 3153 3775 3226">
    <p class='ocr_par' dir='ltr' id='par_1_80' title="bbox 2179 3153 3775 3226">
     <span class='ocr_line' id='line_1_81' title="bbox 2179 3153 3775 3226; baseline 0.001 -17"><span class='ocrx_word' id='word_1_643' title='bbox 2179 3157 2368 3211; x_wconf 90' lang='lat' dir='ltr'><strong>melior</strong></span> <span class='ocrx_word' id='word_1_644' title='bbox 2393 3156 2576 3219; x_wconf 87' lang='lat' dir='ltr'><strong>iratus,</strong></span> <span class='ocrx_word' id='word_1_645' title='bbox 2612 3170 2734 3210; x_wconf 90' lang='lat' dir='ltr'><strong>cum</strong></span> <span class='ocrx_word' id='word_1_646' title='bbox 2768 3163 3008 3224; x_wconf 89' lang='lat' dir='ltr'><strong>tempore</strong></span> <span class='ocrx_word' id='word_1_647' title='bbox 3029 3156 3210 3209; x_wconf 88' lang='lat' dir='ltr'><strong>omnia</strong></span> <span class='ocrx_word' id='word_1_648' title='bbox 3237 3153 3438 3209; x_wconf 83' lang='lat' dir='ltr'><strong>faciens</strong></span> <span class='ocrx_word' id='word_1_649' title='bbox 3466 3168 3775 3226; x_wconf 90' lang='lat' dir='ltr'><strong>opportuno</strong></span> 
     </span>
    </p>
   </div>
   <div class='ocr_carea' id='block_1_81' title="bbox 2179 3245 3774 3317">
    <p class='ocr_par' dir='ltr' id='par_1_81' title="bbox 2179 3245 3774 3317">
     <span class='ocr_line' id='line_1_82' title="bbox 2179 3245 3774 3317; baseline 0.001 -15"><span class='ocrx_word' id='word_1_650' title='bbox 2179 3262 2275 3317; x_wconf 89' lang='lat' dir='ltr'><strong>pro</strong></span> <span class='ocrx_word' id='word_1_651' title='bbox 2328 3249 2476 3303; x_wconf 92' lang='lat' dir='ltr'><strong>lucro</strong></span> <span class='ocrx_word' id='word_1_652' title='bbox 2538 3256 2592 3302; x_wconf 88' lang='lat' dir='ltr'><strong>et</strong></span> <span class='ocrx_word' id='word_1_653' title='bbox 2645 3246 2928 3302; x_wconf 87' lang='lat' dir='ltr'><strong>commodo</strong></span> <span class='ocrx_word' id='word_1_654' title='bbox 2979 3245 3321 3316; x_wconf 84' lang='lat' dir='ltr'><strong>praedicandi.</strong></span> <span class='ocrx_word' id='word_1_655' title='bbox 3373 3247 3555 3317; x_wconf 84' lang='lat' dir='ltr'><strong>Neque</strong></span> <span class='ocrx_word' id='word_1_656' title='bbox 3629 3250 3774 3303; x_wconf 89' lang='lat' dir='ltr'><strong>enim</strong></span> 
     </span>
    </p>
   </div>
   <div class='ocr_carea' id='block_1_82' title="bbox 2178 3328 3775 3410">
    <p class='ocr_par' dir='ltr' id='par_1_82' title="bbox 2178 3328 3775 3410">
     <span class='ocr_line' id='line_1_83' title="bbox 2178 3328 3775 3410; baseline 0 -16"><span class='ocrx_word' id='word_1_657' title='bbox 2178 3340 2487 3410; x_wconf 88' lang='lat' dir='ltr'><strong>simpliciter</strong></span> <span class='ocrx_word' id='word_1_658' title='bbox 2533 3339 2718 3394; x_wconf 89' lang='lat' dir='ltr'><strong>lenitas</strong></span> <span class='ocrx_word' id='word_1_659' title='bbox 2762 3347 2844 3393; x_wconf 87' lang='lat' dir='ltr'><strong>est</strong></span> <span class='ocrx_word' id='word_1_660' title='bbox 2871 3338 3006 3392; x_wconf 89' lang='lat' dir='ltr'><strong>bona</strong></span> <span class='ocrx_word' id='word_1_661' title='bbox 3031 3379 3046 3405; x_wconf 98' lang='lat'><strong>,</strong></span> <span class='ocrx_word' id='word_1_662' title='bbox 3079 3328 3172 3392; x_wconf 88' lang='lat' dir='ltr'><strong>sed</strong></span> <span class='ocrx_word' id='word_1_663' title='bbox 3213 3353 3334 3392; x_wconf 88' lang='lat' dir='ltr'><strong>eum</strong></span> <span class='ocrx_word' id='word_1_664' title='bbox 3385 3349 3595 3408; x_wconf 88' lang='lat' dir='ltr'><strong>tempus</strong></span> <span class='ocrx_word' id='word_1_665' title='bbox 3623 3338 3775 3393; x_wconf 84' lang='lat' dir='ltr'><strong>efﬂa-</strong></span> 
     </span>
    </p>
   </div>
   <div class='ocr_carea' id='block_1_83' title="bbox 2176 3429 3776 3503">
    <p class='ocr_par' dir='ltr' id='par_1_83' title="bbox 2176 3429 3776 3503">
     <span class='ocr_line' id='line_1_84' title="bbox 2176 3429 3776 3503; baseline -0.001 -17"><span class='ocrx_word' id='word_1_666' title='bbox 2176 3434 2352 3503; x_wconf 87' lang='lat' dir='ltr'><strong>gitat:</strong></span> <span class='ocrx_word' id='word_1_667' title='bbox 2398 3432 2610 3501; x_wconf 85' lang='lat' dir='ltr'><strong>quando</strong></span> <span class='ocrx_word' id='word_1_668' title='bbox 2663 3446 2790 3486; x_wconf 90' lang='lat' dir='ltr'><strong>vero</strong></span> <span class='ocrx_word' id='word_1_669' title='bbox 2841 3429 2892 3484; x_wconf 92' lang='lat' dir='ltr'><strong>id</strong></span> <span class='ocrx_word' id='word_1_670' title='bbox 2949 3446 3054 3485; x_wconf 92' lang='lat' dir='ltr'><strong>non</strong></span> <span class='ocrx_word' id='word_1_671' title='bbox 3099 3431 3278 3493; x_wconf 90' lang='lat' dir='ltr'><strong>adest,</strong></span> <span class='ocrx_word' id='word_1_672' title='bbox 3337 3431 3496 3484; x_wconf 91' lang='lat' dir='ltr'><strong>etiam</strong></span> <span class='ocrx_word' id='word_1_673' title='bbox 3550 3432 3652 3485; x_wconf 87' lang='lat' dir='ltr'><strong>ista</strong></span> <span class='ocrx_word' id='word_1_674' title='bbox 3699 3433 3776 3485; x_wconf 90' lang='lat' dir='ltr'><strong>vi-</strong></span> 
     </span>
    </p>
   </div>
   <div class='ocr_carea' id='block_1_84' title="bbox 2183 3522 3772 3592">
    <p class='ocr_par' dir='ltr' id='par_1_84' title="bbox 2183 3522 3772 3592">
     <span class='ocr_line' id='line_1_85' title="bbox 2183 3522 3772 3592; baseline 0 -14"><span class='ocrx_word' id='word_1_675' title='bbox 2183 3527 2312 3580; x_wconf 88' lang='lat' dir='ltr'><strong>tiosa</strong></span> <span class='ocrx_word' id='word_1_676' title='bbox 2335 3535 2433 3590; x_wconf 88' lang='lat' dir='ltr'><strong>cst,</strong></span> <span class='ocrx_word' id='word_1_677' title='bbox 2460 3524 2621 3592; x_wconf 88' lang='lat' dir='ltr'><strong>ﬁtque</strong></span> <span class='ocrx_word' id='word_1_678' title='bbox 2649 3523 2724 3577; x_wconf 91' lang='lat' dir='ltr'><strong>ira</strong></span> <span class='ocrx_word' id='word_1_679' title='bbox 2754 3523 3107 3577; x_wconf 89' lang='lat' dir='ltr'><strong>contumacia.</strong></span> <span class='ocrx_word' id='word_1_680' title='bbox 3149 3522 3275 3576; x_wconf 60' lang='lat' dir='ltr'><strong>lla&#39;c</strong></span> <span class='ocrx_word' id='word_1_681' title='bbox 3309 3539 3435 3576; x_wconf 78' lang='lat' dir='ltr'><strong>vero</strong></span> <span class='ocrx_word' id='word_1_682' title='bbox 3461 3524 3642 3576; x_wconf 70' lang='lat' dir='ltr'><strong>(nuntia</strong></span> <span class='ocrx_word' id='word_1_683' title='bbox 3667 3541 3772 3578; x_wconf 91' lang='lat' dir='ltr'><strong>non</strong></span> 
     </span>
    </p>
   </div>
   <div class='ocr_carea' id='block_1_85' title="bbox 2181 3613 3774 3687">
    <p class='ocr_par' dir='ltr' id='par_1_85' title="bbox 2181 3613 3774 3687">
     <span class='ocr_line' id='line_1_86' title="bbox 2181 3613 3774 3687; baseline 0.001 -20"><span class='ocrx_word' id='word_1_684' title='bbox 2181 3633 2279 3687; x_wconf 86' lang='lat' dir='ltr'><strong>pro</strong></span> <span class='ocrx_word' id='word_1_685' title='bbox 2308 3617 2468 3669; x_wconf 86' lang='lat' dir='ltr'><strong>Paulo</strong></span> <span class='ocrx_word' id='word_1_686' title='bbox 2499 3613 2833 3669; x_wconf 77' lang='lat' dir='ltr'><strong>satisfaciens</strong></span> <span class='ocrx_word' id='word_1_687' title='bbox 2881 3630 2998 3667; x_wconf 89' lang='lat' dir='ltr'><strong>sutn</strong></span> <span class='ocrx_word' id='word_1_688' title='bbox 3026 3613 3277 3683; x_wconf 88' lang='lat' dir='ltr'><strong>loquutus</strong></span> <span class='ocrx_word' id='word_1_689' title='bbox 3312 3631 3324 3666; x_wconf 91' lang='lat'><strong>:</strong></span> <span class='ocrx_word' id='word_1_690' title='bbox 3357 3629 3462 3667; x_wconf 90' lang='lat' dir='ltr'><strong>non</strong></span> <span class='ocrx_word' id='word_1_691' title='bbox 3491 3614 3635 3668; x_wconf 90' lang='lat' dir='ltr'><strong>enim</strong></span> <span class='ocrx_word' id='word_1_692' title='bbox 3675 3632 3774 3668; x_wconf 89' lang='lat' dir='ltr'><strong>no-</strong></span> 
     </span>
    </p>
   </div>
   <div class='ocr_carea' id='block_1_86' title="bbox 2179 3705 3769 3778">
    <p class='ocr_par' dir='ltr' id='par_1_86' title="bbox 2179 3705 3769 3778">
     <span class='ocr_line' id='line_1_87' title="bbox 2179 3705 3769 3778; baseline -0.002 -13"><span class='ocrx_word' id='word_1_693' title='bbox 2179 3713 2274 3765; x_wconf 89' lang='lat' dir='ltr'><strong>stri</strong></span> <span class='ocrx_word' id='word_1_694' title='bbox 2328 3712 2414 3764; x_wconf 90' lang='lat' dir='ltr'><strong>ille</strong></span> <span class='ocrx_word' id='word_1_695' title='bbox 2460 3709 2662 3778; x_wconf 83' lang='lat' dir='ltr'><strong>indiget</strong></span> <span class='ocrx_word' id='word_1_696' title='bbox 2709 3709 3007 3770; x_wconf 83' lang='lat' dir='ltr'><strong>sermonis;</strong></span> <span class='ocrx_word' id='word_1_697' title='bbox 3047 3708 3163 3761; x_wconf 89' lang='lat' dir='ltr'><strong>laus</strong></span> <span class='ocrx_word' id='word_1_698' title='bbox 3209 3705 3350 3762; x_wconf 88' lang='lat' dir='ltr'><strong>enim</strong></span> <span class='ocrx_word' id='word_1_699' title='bbox 3400 3708 3517 3776; x_wconf 89' lang='lat' dir='ltr'><strong>ejus</strong></span> <span class='ocrx_word' id='word_1_700' title='bbox 3557 3725 3666 3762; x_wconf 90' lang='lat' dir='ltr'><strong>non</strong></span> <span class='ocrx_word' id='word_1_701' title='bbox 3703 3726 3769 3763; x_wconf 73' lang='lat' dir='ltr'><strong>ex</strong></span> 
     </span>
    </p>
   </div>
   <div class='ocr_carea' id='block_1_87' title="bbox 2184 3799 3773 3870">
    <p class='ocr_par' dir='ltr' id='par_1_87' title="bbox 2184 3799 3773 3870">
     <span class='ocr_line' id='line_1_88' title="bbox 2184 3799 3773 3870; baseline -0.002 -13"><span class='ocrx_word' id='word_1_702' title='bbox 2184 3803 2512 3867; x_wconf 89' lang='lat' dir='ltr'><strong>hominibus,</strong></span> <span class='ocrx_word' id='word_1_703' title='bbox 2540 3801 2633 3855; x_wconf 88' lang='lat' dir='ltr'><strong>sed</strong></span> <span class='ocrx_word' id='word_1_704' title='bbox 2670 3816 2736 3855; x_wconf 83' lang='lat' dir='ltr'><strong>ex</strong></span> <span class='ocrx_word' id='word_1_705' title='bbox 2770 3802 2877 3856; x_wconf 86' lang='lat' dir='ltr'><strong>Deo</strong></span> <span class='ocrx_word' id='word_1_706' title='bbox 2923 3799 3042 3870; x_wconf 90' lang='lat' dir='ltr'><strong>est(</strong></span> <span class='ocrx_word' id='word_1_707' title='bbox 3075 3799 3224 3852; x_wconf 79' lang='lat' dir='ltr'><strong>Rom.</strong></span> <span class='ocrx_word' id='word_1_708' title='bbox 3256 3802 3311 3852; x_wconf 78' lang='lat'><strong>‘2.</strong></span> <span class='ocrx_word' id='word_1_709' title='bbox 3343 3799 3454 3870; x_wconf 77' lang='lat'><strong>9.9)</strong></span> <span class='ocrx_word' id='word_1_710' title='bbox 3485 3818 3498 3864; x_wconf 87' lang='lat'><strong>;</strong></span> <span class='ocrx_word' id='word_1_711' title='bbox 3533 3801 3628 3854; x_wconf 88' lang='lat' dir='ltr'><strong>sed</strong></span> <span class='ocrx_word' id='word_1_712' title='bbox 3667 3813 3773 3870; x_wconf 87' lang='lat' dir='ltr'><strong>quo</strong></span> 
     </span>
    </p>
   </div>
   <div class='ocr_carea' id='block_1_88' title="bbox 2179 3892 3770 3960">
    <p class='ocr_par' dir='ltr' id='par_1_88' title="bbox 2179 3892 3770 3960">
     <span class='ocr_line' id='line_1_89' title="bbox 2179 3892 3770 3960; baseline -0.003 -11"><span class='ocrx_word' id='word_1_713' title='bbox 2179 3895 2452 3949; x_wconf 83' lang='lat' dir='ltr'><strong>auditores</strong></span> <span class='ocrx_word' id='word_1_714' title='bbox 2479 3892 2787 3946; x_wconf 88' lang='lat' dir='ltr'><strong>erudiamus</strong></span> <span class='ocrx_word' id='word_1_715' title='bbox 2811 3933 2824 3956; x_wconf 92' lang='lat'><strong>,</strong></span> <span class='ocrx_word' id='word_1_716' title='bbox 2853 3901 2910 3945; x_wconf 92' lang='lat' dir='ltr'><strong>ut</strong></span> <span class='ocrx_word' id='word_1_717' title='bbox 2939 3892 3187 3946; x_wconf 89' lang='lat' dir='ltr'><strong>omnibus</strong></span> <span class='ocrx_word' id='word_1_718' title='bbox 3221 3892 3286 3945; x_wconf 87' lang='lat' dir='ltr'><strong>ad</strong></span> <span class='ocrx_word' id='word_1_719' title='bbox 3315 3892 3770 3960; x_wconf 85' lang='lat' dir='ltr'><strong>opportunitatem</strong></span> 
     </span>
    </p>
   </div>
   <div class='ocr_carea' id='block_1_89' title="bbox 2181 3981 3771 4051">
    <p class='ocr_par' dir='ltr' id='par_1_89' title="bbox 2181 3981 3771 4051">
     <span class='ocr_line' id='line_1_90' title="bbox 2181 3981 3771 4051; baseline 0 -12"><span class='ocrx_word' id='word_1_720' title='bbox 2181 3994 2398 4039; x_wconf 89' lang='lat' dir='ltr'><strong>utantur</strong></span> <span class='ocrx_word' id='word_1_721' title='bbox 2444 3983 2763 4045; x_wconf 79' lang='lat' dir='ltr'><strong>affectibus,</strong></span> <span class='ocrx_word' id='word_1_722' title='bbox 2799 3983 2937 4036; x_wconf 88' lang='lat' dir='ltr'><strong>sicut</strong></span> <span class='ocrx_word' id='word_1_723' title='bbox 2983 3981 3091 4051; x_wconf 84' lang='lat' dir='ltr'><strong>jam</strong></span> <span class='ocrx_word' id='word_1_724' title='bbox 3151 3990 3276 4036; x_wconf 88' lang='lat' dir='ltr'><strong>ante</strong></span> <span class='ocrx_word' id='word_1_725' title='bbox 3321 3984 3637 4037; x_wconf 89' lang='lat' dir='ltr'><strong>memoravi.</strong></span> <span class='ocrx_word' id='word_1_726' title='bbox 3687 3984 3771 4039; x_wconf 86' lang='lat' dir='ltr'><strong>Sic</strong></span> 
     </span>
    </p>
   </div>
   <div class='ocr_carea' id='block_1_90' title="bbox 2181 4073 3768 4146">
    <p class='ocr_par' dir='ltr' id='par_1_90' title="bbox 2181 4073 3768 4146">
     <span class='ocr_line' id='line_1_91' title="bbox 2181 4073 3768 4146; baseline -0.001 -15"><span class='ocrx_word' id='word_1_727' title='bbox 2181 4091 2411 4146; x_wconf 91' lang='lat' dir='ltr'><strong>namque</strong></span> <span class='ocrx_word' id='word_1_728' title='bbox 2451 4076 2744 4146; x_wconf 88' lang='lat' dir='ltr'><strong>poterimus</strong></span> <span class='ocrx_word' id='word_1_729' title='bbox 2791 4074 3025 4143; x_wconf 90' lang='lat' dir='ltr'><strong>undique</strong></span> <span class='ocrx_word' id='word_1_730' title='bbox 3084 4073 3442 4142; x_wconf 87' lang='lat' dir='ltr'><strong>spiritualium</strong></span> <span class='ocrx_word' id='word_1_731' title='bbox 3499 4075 3768 4129; x_wconf 90' lang='lat' dir='ltr'><strong>lucrorum</strong></span> 
     </span>
    </p>
   </div>
   <div class='ocr_carea' id='block_1_91' title="bbox 2181 4167 3770 4236">
    <p class='ocr_par' dir='ltr' id='par_1_91' title="bbox 2181 4167 3770 4236">
     <span class='ocr_line' id='line_1_92' title="bbox 2181 4167 3770 4236; baseline -0.002 -13"><span class='ocrx_word' id='word_1_732' title='bbox 2181 4171 2508 4224; x_wconf 91' lang='lat' dir='ltr'><strong>incrementa</strong></span> <span class='ocrx_word' id='word_1_733' title='bbox 2559 4167 2831 4236; x_wconf 89' lang='lat' dir='ltr'><strong>colligere,</strong></span> <span class='ocrx_word' id='word_1_734' title='bbox 2888 4180 3117 4234; x_wconf 87' lang='lat' dir='ltr'><strong>cumque</strong></span> <span class='ocrx_word' id='word_1_735' title='bbox 3171 4167 3418 4219; x_wconf 78' lang='lat' dir='ltr'><strong>maximis</strong></span> <span class='ocrx_word' id='word_1_736' title='bbox 3469 4168 3674 4221; x_wconf 88' lang='lat' dir='ltr'><strong>divitiis</strong></span> <span class='ocrx_word' id='word_1_737' title='bbox 3706 4168 3770 4220; x_wconf 89' lang='lat' dir='ltr'><strong>ad</strong></span> 
     </span>
    </p>
   </div>
   <div class='ocr_carea' id='block_1_92' title="bbox 2182 4259 3770 4334">
    <p class='ocr_par' dir='ltr' id='par_1_92' title="bbox 2182 4259 3770 4334">
     <span class='ocr_line' id='line_1_93' title="bbox 2182 4259 3770 4334; baseline -0.003 -16"><span class='ocrx_word' id='word_1_738' title='bbox 2182 4275 2392 4334; x_wconf 87' lang='lat' dir='ltr'><strong>portum</strong></span> <span class='ocrx_word' id='word_1_739' title='bbox 2432 4261 2756 4316; x_wconf 90' lang='lat' dir='ltr'><strong>tutissimum</strong></span> <span class='ocrx_word' id='word_1_740' title='bbox 2816 4260 3094 4328; x_wconf 90' lang='lat' dir='ltr'><strong>pervenire</strong></span> <span class='ocrx_word' id='word_1_741' title='bbox 3124 4300 3138 4324; x_wconf 93' lang='lat'><strong>,</strong></span> <span class='ocrx_word' id='word_1_742' title='bbox 3171 4267 3225 4313; x_wconf 91' lang='lat' dir='ltr'><strong>et</strong></span> <span class='ocrx_word' id='word_1_743' title='bbox 3278 4260 3536 4328; x_wconf 91' lang='lat' dir='ltr'><strong>consequi</strong></span> <span class='ocrx_word' id='word_1_744' title='bbox 3587 4259 3770 4314; x_wconf 88' lang='lat' dir='ltr'><strong>indeﬁ-</strong></span> 
     </span>
    </p>
   </div>
   <div class='ocr_carea' id='block_1_93' title="bbox 2179 4353 3770 4422">
    <p class='ocr_par' dir='ltr' id='par_1_93' title="bbox 2179 4353 3770 4422">
     <span class='ocr_line' id='line_1_94' title="bbox 2179 4353 3770 4422; baseline -0.004 -9"><span class='ocrx_word' id='word_1_745' title='bbox 2179 4360 2383 4413; x_wconf 90' lang='lat' dir='ltr'><strong>cientes</strong></span> <span class='ocrx_word' id='word_1_746' title='bbox 2431 4369 2657 4410; x_wconf 90' lang='lat' dir='ltr'><strong>coronas</strong></span> <span class='ocrx_word' id='word_1_747' title='bbox 2686 4394 2702 4417; x_wconf 93' lang='lat'><strong>,</strong></span> <span class='ocrx_word' id='word_1_748' title='bbox 2751 4368 2884 4422; x_wconf 89' lang='lat' dir='ltr'><strong>quas</strong></span> <span class='ocrx_word' id='word_1_749' title='bbox 2933 4353 3092 4406; x_wconf 89' lang='lat' dir='ltr'><strong>etiam</strong></span> <span class='ocrx_word' id='word_1_750' title='bbox 3126 4367 3223 4405; x_wconf 89' lang='lat' dir='ltr'><strong>nos</strong></span> <span class='ocrx_word' id='word_1_751' title='bbox 3259 4367 3448 4407; x_wconf 90' lang='lat' dir='ltr'><strong>onmes</strong></span> <span class='ocrx_word' id='word_1_752' title='bbox 3498 4355 3770 4422; x_wconf 80' lang='lat' dir='ltr'><strong>contingat</strong></span> 
     </span>
    </p>
   </div>
   <div class='ocr_carea' id='block_1_94' title="bbox 2181 4444 3770 4517">
    <p class='ocr_par' dir='ltr' id='par_1_94' title="bbox 2181 4444 3770 4517">
     <span class='ocr_line' id='line_1_95' title="bbox 2181 4444 3770 4517; baseline -0.004 -13"><span class='ocrx_word' id='word_1_753' title='bbox 2181 4449 2414 4512; x_wconf 88' lang='lat' dir='ltr'><strong>mereri,</strong></span> <span class='ocrx_word' id='word_1_754' title='bbox 2464 4448 2635 4517; x_wconf 82' lang='lat' dir='ltr'><strong>gratia</strong></span> <span class='ocrx_word' id='word_1_755' title='bbox 2684 4455 2739 4500; x_wconf 87' lang='lat' dir='ltr'><strong>et</strong></span> <span class='ocrx_word' id='word_1_756' title='bbox 2774 4444 3139 4500; x_wconf 85' lang='lat' dir='ltr'><strong>misericordia</strong></span> <span class='ocrx_word' id='word_1_757' title='bbox 3185 4444 3393 4498; x_wconf 89' lang='lat' dir='ltr'><strong>Domini</strong></span> <span class='ocrx_word' id='word_1_758' title='bbox 3445 4446 3616 4498; x_wconf 88' lang='lat' dir='ltr'><strong>nostri</strong></span> <span class='ocrx_word' id='word_1_759' title='bbox 3644 4445 3770 4499; x_wconf 83' lang='lat' dir='ltr'><strong>Jesu</strong></span> 
     </span>
    </p>
   </div>
   <div class='ocr_carea' id='block_1_95' title="bbox 2181 4536 3766 4608">
    <p class='ocr_par' dir='ltr' id='par_1_95' title="bbox 2181 4536 3766 4608">
     <span class='ocr_line' id='line_1_96' title="bbox 2181 4536 3766 4608; baseline -0.005 -10"><span class='ocrx_word' id='word_1_760' title='bbox 2181 4539 2398 4602; x_wconf 88' lang='lat' dir='ltr'><strong>Christi,</strong></span> <span class='ocrx_word' id='word_1_761' title='bbox 2439 4540 2524 4594; x_wconf 90' lang='lat' dir='ltr'><strong>cui</strong></span> <span class='ocrx_word' id='word_1_762' title='bbox 2552 4544 2636 4593; x_wconf 90' lang='lat' dir='ltr'><strong>est</strong></span> <span class='ocrx_word' id='word_1_763' title='bbox 2674 4537 2842 4608; x_wconf 86' lang='lat' dir='ltr'><strong>gloria</strong></span> <span class='ocrx_word' id='word_1_764' title='bbox 2877 4546 2933 4592; x_wconf 88' lang='lat' dir='ltr'><strong>et</strong></span> <span class='ocrx_word' id='word_1_765' title='bbox 2989 4536 3308 4606; x_wconf 89' lang='lat' dir='ltr'><strong>imperium,</strong></span> <span class='ocrx_word' id='word_1_766' title='bbox 3362 4537 3412 4589; x_wconf 94' lang='lat' dir='ltr'><strong>in</strong></span> <span class='ocrx_word' id='word_1_767' title='bbox 3445 4536 3642 4591; x_wconf 65' lang='lat' dir='ltr'><strong>saecula</strong></span> <span class='ocrx_word' id='word_1_768' title='bbox 3667 4552 3766 4591; x_wconf 82' lang='lat' dir='ltr'><strong>sa:-</strong></span> 
     </span>
    </p>
   </div>
   <div class='ocr_carea' id='block_1_96' title="bbox 2181 4630 2665 4686">
    <p class='ocr_par' dir='ltr' id='par_1_96' title="bbox 2181 4630 2665 4686">
     <span class='ocr_line' id='line_1_97' title="bbox 2181 4630 2665 4686; baseline -0.01 0"><span class='ocrx_word' id='word_1_769' title='bbox 2181 4632 2445 4686; x_wconf 89' lang='lat' dir='ltr'><strong>culorum.</strong></span> <span class='ocrx_word' id='word_1_770' title='bbox 2473 4630 2665 4684; x_wconf 81' lang='lat' dir='ltr'><strong>Amen.</strong></span> 
     </span>
    </p>
   </div>
   <div class='ocr_carea' id='block_1_97' title="bbox 1343 4937 2875 5027">
    <p class='ocr_par' dir='ltr' id='par_1_97' title="bbox 1343 4937 2875 5027">
     <span class='ocr_line' id='line_1_98' title="bbox 1343 4937 2875 5027; baseline -0.01 -1"><span class='ocrx_word' id='word_1_771' title='bbox 1343 4953 1484 5027; x_wconf 86' lang='lat' dir='ltr'><strong>DE</strong></span> <span class='ocrx_word' id='word_1_772' title='bbox 1540 4946 2062 5023; x_wconf 87' lang='lat' dir='ltr'><strong>LAUDIBUS</strong></span> <span class='ocrx_word' id='word_1_773' title='bbox 2114 4937 2505 5018; x_wconf 74' lang='lat' dir='ltr'><strong>SANGTI</strong></span> <span class='ocrx_word' id='word_1_774' title='bbox 2551 4939 2875 5013; x_wconf 77' lang='lat' dir='ltr'><strong>PAULI</strong></span> 
     </span>
    </p>
   </div>
   <div class='ocr_carea' id='block_1_98' title="bbox 1974 5094 2290 5141">
    <p class='ocr_par' dir='ltr' id='par_1_98' title="bbox 1974 5094 2290 5141">
     <span class='ocr_line' id='line_1_99' title="bbox 1974 5094 2290 5141; baseline -0.009 -1"><span class='ocrx_word' id='word_1_775' title='bbox 1974 5094 2290 5141; x_wconf 58' lang='lat' dir='ltr'><strong>APOSTOLI;</strong></span> 
     </span>
    </p>
   </div>
   <div class='ocr_carea' id='block_1_99' title="bbox 1848 5220 2429 5278">
    <p class='ocr_par' dir='ltr' id='par_1_99' title="bbox 1848 5220 2429 5278">
     <span class='ocr_line' id='line_1_100' title="bbox 1848 5220 2429 5278; baseline -0.002 -18"><span class='ocrx_word' id='word_1_776' title='bbox 1848 5220 2429 5278; x_wconf 54' lang='grc' dir='ltr'><strong>ιιι--ι--ΕΕ-σ--ω</strong></span> 
     </span>
    </p>
   </div>
   <div class='ocr_carea' id='block_1_100' title="bbox 1107 5353 1453 5407">
    <p class='ocr_par' dir='ltr' id='par_1_100' title="bbox 1107 5353 1453 5407">
     <span class='ocr_line' id='line_1_101' title="bbox 1107 5353 1453 5407; baseline -0.012 0"><span class='ocrx_word' id='word_1_777' title='bbox 1107 5356 1324 5407; x_wconf 72' lang='lat' dir='ltr'><strong>nonius</strong></span> <span class='ocrx_word' id='word_1_778' title='bbox 1359 5353 1453 5404; x_wconf 86' lang='lat' dir='ltr'><strong>vlt.</strong></span> 
     </span>
    </p>
   </div>
   <div class='ocr_carea' id='block_1_101' title="bbox 559 5437 2073 5521">
    <p class='ocr_par' dir='ltr' id='par_1_101' title="bbox 559 5437 2073 5521">
     <span class='ocr_line' id='line_1_102' title="bbox 559 5437 2073 5521; baseline -0.009 -15"><span class='ocrx_word' id='word_1_779' title='bbox 559 5444 781 5521; x_wconf 78' lang='lat' dir='ltr'><strong>Quoties</strong></span> <span class='ocrx_word' id='word_1_780' title='bbox 805 5447 865 5513; x_wconf 90' lang='lat' dir='ltr'><strong>ii,</strong></span> <span class='ocrx_word' id='word_1_781' title='bbox 892 5443 982 5517; x_wconf 92' lang='lat' dir='ltr'><strong>qui</strong></span> <span class='ocrx_word' id='word_1_782' title='bbox 1011 5453 1222 5515; x_wconf 80' lang='lat' dir='ltr'><strong>portant</strong></span> <span class='ocrx_word' id='word_1_783' title='bbox 1250 5442 1400 5513; x_wconf 85' lang='lat' dir='ltr'><strong>signa</strong></span> <span class='ocrx_word' id='word_1_784' title='bbox 1431 5439 1626 5510; x_wconf 81' lang='lat' dir='ltr'><strong>regalia</strong></span> <span class='ocrx_word' id='word_1_785' title='bbox 1649 5437 1927 5510; x_wconf 88' lang='lat' dir='ltr'><strong>clangente</strong></span> <span class='ocrx_word' id='word_1_786' title='bbox 1948 5446 2073 5492; x_wconf 85' lang='lat' dir='ltr'><strong>ante</strong></span> 
     </span>
    </p>
   </div>
   <div class='ocr_carea' id='block_1_102' title="bbox 487 5535 2071 5609">
    <p class='ocr_par' dir='ltr' id='par_1_102' title="bbox 487 5535 2071 5609">
     <span class='ocr_line' id='line_1_103' title="bbox 487 5535 2071 5609; baseline -0.009 -9"><span class='ocrx_word' id='word_1_787' title='bbox 487 5547 551 5601; x_wconf 69' lang='lat' dir='ltr'><strong>te</strong></span> <span class='ocrx_word' id='word_1_788' title='bbox 570 5544 693 5598; x_wconf 87' lang='lat' dir='ltr'><strong>tuba</strong></span> <span class='ocrx_word' id='word_1_789' title='bbox 712 5552 767 5598; x_wconf 90' lang='lat' dir='ltr'><strong>et</strong></span> <span class='ocrx_word' id='word_1_790' title='bbox 790 5541 905 5597; x_wconf 89' lang='lat' dir='ltr'><strong>acie</strong></span> <span class='ocrx_word' id='word_1_791' title='bbox 932 5539 1158 5596; x_wconf 89' lang='lat' dir='ltr'><strong>militum</strong></span> <span class='ocrx_word' id='word_1_792' title='bbox 1187 5544 1480 5609; x_wconf 87' lang='lat' dir='ltr'><strong>praeeunte,</strong></span> <span class='ocrx_word' id='word_1_793' title='bbox 1504 5535 1870 5605; x_wconf 88' lang='lat' dir='ltr'><strong>ingrediuntur</strong></span> <span class='ocrx_word' id='word_1_794' title='bbox 1892 5535 2071 5599; x_wconf 92' lang='lat' dir='ltr'><strong>urbes,</strong></span> 
     </span>
    </p>
   </div>
   <div class='ocr_carea' id='block_1_103' title="bbox 487 5623 2072 5704">
    <p class='ocr_par' dir='ltr' id='par_1_103' title="bbox 487 5623 2072 5704">
     <span class='ocr_line' id='line_1_104' title="bbox 487 5623 2072 5704; baseline -0.006 -14"><span class='ocrx_word' id='word_1_795' title='bbox 487 5633 667 5690; x_wconf 75' lang='lat' dir='ltr'><strong>omnis</strong></span> <span class='ocrx_word' id='word_1_796' title='bbox 713 5635 938 5704; x_wconf 86' lang='lat' dir='ltr'><strong>p0pulus</strong></span> <span class='ocrx_word' id='word_1_797' title='bbox 976 5631 1254 5688; x_wconf 89' lang='lat' dir='ltr'><strong>consuevit</strong></span> <span class='ocrx_word' id='word_1_798' title='bbox 1305 5643 1587 5684; x_wconf 89' lang='lat' dir='ltr'><strong>accurrere</strong></span> <span class='ocrx_word' id='word_1_799' title='bbox 1634 5623 1700 5681; x_wconf 82' lang='lat' dir='ltr'><strong>ad</strong></span> <span class='ocrx_word' id='word_1_800' title='bbox 1752 5626 2072 5681; x_wconf 89' lang='lat' dir='ltr'><strong>audiendum</strong></span> 
     </span>
    </p>
   </div>
   <div class='ocr_carea' id='block_1_104' title="bbox 490 5718 2072 5795">
    <p class='ocr_par' dir='ltr' id='par_1_104' title="bbox 490 5718 2072 5795">
     <span class='ocr_line' id='line_1_105' title="bbox 490 5718 2072 5795; baseline -0.008 -12"><span class='ocrx_word' id='word_1_801' title='bbox 490 5719 734 5783; x_wconf 77' lang='lat' dir='ltr'><strong>buccina:</strong></span> <span class='ocrx_word' id='word_1_802' title='bbox 767 5740 981 5790; x_wconf 91' lang='lat' dir='ltr'><strong>sonum,</strong></span> <span class='ocrx_word' id='word_1_803' title='bbox 1017 5725 1099 5780; x_wconf 86' lang='lat' dir='ltr'><strong>vel</strong></span> <span class='ocrx_word' id='word_1_804' title='bbox 1127 5725 1336 5795; x_wconf 88' lang='lat' dir='ltr'><strong>signum</strong></span> <span class='ocrx_word' id='word_1_805' title='bbox 1376 5721 1518 5792; x_wconf 90' lang='lat' dir='ltr'><strong>quod</strong></span> <span class='ocrx_word' id='word_1_806' title='bbox 1563 5720 1613 5774; x_wconf 93' lang='lat' dir='ltr'><strong>in</strong></span> <span class='ocrx_word' id='word_1_807' title='bbox 1655 5718 1880 5773; x_wconf 89' lang='lat' dir='ltr'><strong>sublime</strong></span> <span class='ocrx_word' id='word_1_808' title='bbox 1907 5718 2072 5772; x_wconf 81' lang='lat' dir='ltr'><strong>fertur</strong></span> 
     </span>
    </p>
   </div>
   <div class='ocr_carea' id='block_1_105' title="bbox 489 5809 2069 5887">
    <p class='ocr_par' dir='ltr' id='par_1_105' title="bbox 489 5809 2069 5887">
     <span class='ocr_line' id='line_1_106' title="bbox 489 5809 2069 5887; baseline -0.008 -11"><span class='ocrx_word' id='word_1_809' title='bbox 489 5816 799 5884; x_wconf 76' lang='lat' dir='ltr'><strong>videndum,</strong></span> <span class='ocrx_word' id='word_1_810' title='bbox 841 5816 1008 5887; x_wconf 82' lang='lat' dir='ltr'><strong>ipsius</strong></span> <span class='ocrx_word' id='word_1_811' title='bbox 1043 5816 1202 5874; x_wconf 88' lang='lat' dir='ltr'><strong>etiam</strong></span> <span class='ocrx_word' id='word_1_812' title='bbox 1247 5816 1497 5871; x_wconf 87' lang='lat' dir='ltr'><strong>virtutem</strong></span> <span class='ocrx_word' id='word_1_813' title='bbox 1546 5809 1783 5870; x_wconf 79' lang='lat' dir='ltr'><strong>ferentis.</strong></span> <span class='ocrx_word' id='word_1_814' title='bbox 1810 5810 2069 5877; x_wconf 84' lang='lat' dir='ltr'><strong>Quoniam</strong></span> 
     </span>
    </p>
   </div>
   <div class='ocr_carea' id='block_1_106' title="bbox 2181 5333 3762 5416">
    <p class='ocr_par' dir='ltr' id='par_1_106' title="bbox 2181 5333 3762 5416">
     <span class='ocr_line' id='line_1_107' title="bbox 2181 5333 3762 5416; baseline -0.001 -16"><span class='ocrx_word' id='word_1_815' title='bbox 2181 5345 2342 5416; x_wconf 81' lang='lat' dir='ltr'><strong>igitur</strong></span> <span class='ocrx_word' id='word_1_816' title='bbox 2369 5336 2430 5400; x_wconf 8' lang='lat' dir='ltr'><strong>etv</strong></span> <span class='ocrx_word' id='word_1_817' title='bbox 2453 5334 2612 5398; x_wconf 85' lang='lat' dir='ltr'><strong>hodie</strong></span> <span class='ocrx_word' id='word_1_818' title='bbox 2640 5351 2747 5396; x_wconf 90' lang='lat' dir='ltr'><strong>non</strong></span> <span class='ocrx_word' id='word_1_819' title='bbox 2778 5340 2986 5408; x_wconf 83' lang='lat' dir='ltr'><strong>urbem,</strong></span> <span class='ocrx_word' id='word_1_820' title='bbox 3015 5338 3108 5394; x_wconf 87' lang='lat' dir='ltr'><strong>sed</strong></span> <span class='ocrx_word' id='word_1_821' title='bbox 3137 5333 3324 5394; x_wconf 89' lang='lat' dir='ltr'><strong>orbem</strong></span> <span class='ocrx_word' id='word_1_822' title='bbox 3370 5340 3569 5400; x_wconf 79' lang='lat' dir='ltr'><strong>Paulus</strong></span> <span class='ocrx_word' id='word_1_823' title='bbox 3599 5345 3762 5416; x_wconf 82' lang='lat' dir='ltr'><strong>ingre-</strong></span> 
     </span>
    </p>
   </div>
   <div class='ocr_carea' id='block_1_107' title="bbox 2182 5432 3764 5508">
    <p class='ocr_par' dir='ltr' id='par_1_107' title="bbox 2182 5432 3764 5508">
     <span class='ocr_line' id='line_1_108' title="bbox 2182 5432 3764 5508; baseline 0.001 -16"><span class='ocrx_word' id='word_1_824' title='bbox 2182 5437 2345 5505; x_wconf 91' lang='lat' dir='ltr'><strong>ditur,</strong></span> <span class='ocrx_word' id='word_1_825' title='bbox 2375 5450 2762 5492; x_wconf 88' lang='lat' dir='ltr'><strong>concurramus</strong></span> <span class='ocrx_word' id='word_1_826' title='bbox 2789 5449 2996 5489; x_wconf 90' lang='lat' dir='ltr'><strong>omnes.</strong></span> <span class='ocrx_word' id='word_1_827' title='bbox 3030 5432 3238 5488; x_wconf 85' lang='lat' dir='ltr'><strong>Etenim</strong></span> <span class='ocrx_word' id='word_1_828' title='bbox 3285 5433 3388 5490; x_wconf 88' lang='lat' dir='ltr'><strong>iste</strong></span> <span class='ocrx_word' id='word_1_829' title='bbox 3419 5452 3525 5490; x_wconf 94' lang='lat' dir='ltr'><strong>non</strong></span> <span class='ocrx_word' id='word_1_830' title='bbox 3556 5438 3764 5508; x_wconf 87' lang='lat' dir='ltr'><strong>signum</strong></span> 
     </span>
    </p>
   </div>
   <div class='ocr_carea' id='block_1_108' title="bbox 2183 5525 3760 5598">
    <p class='ocr_par' dir='ltr' id='par_1_108' title="bbox 2183 5525 3760 5598">
     <span class='ocr_line' id='line_1_109' title="bbox 2183 5525 3760 5598; baseline -0.001 -13"><span class='ocrx_word' id='word_1_831' title='bbox 2183 5529 2381 5584; x_wconf 90' lang='lat' dir='ltr'><strong>terreni</strong></span> <span class='ocrx_word' id='word_1_832' title='bbox 2407 5528 2632 5598; x_wconf 85' lang='lat' dir='ltr'><strong>alicujus</strong></span> <span class='ocrx_word' id='word_1_833' title='bbox 2675 5527 2836 5596; x_wconf 83' lang='lat' dir='ltr'><strong>regis,</strong></span> <span class='ocrx_word' id='word_1_834' title='bbox 2878 5525 2974 5580; x_wconf 92' lang='lat' dir='ltr'><strong>sed</strong></span> <span class='ocrx_word' id='word_1_835' title='bbox 3017 5542 3069 5579; x_wconf 85' lang='lat' dir='ltr'><strong>In</strong></span> <span class='ocrx_word' id='word_1_836' title='bbox 3095 5525 3227 5580; x_wconf 58' lang='lat' dir='ltr'><strong>caelo</strong></span> <span class='ocrx_word' id='word_1_837' title='bbox 3258 5527 3529 5595; x_wconf 89' lang='lat' dir='ltr'><strong>regnantis</strong></span> <span class='ocrx_word' id='word_1_838' title='bbox 3569 5529 3760 5584; x_wconf 88' lang='lat' dir='ltr'><strong>Christi</strong></span> 
     </span>
    </p>
   </div>
   <div class='ocr_carea' id='block_1_109' title="bbox 2181 5618 3758 5694">
    <p class='ocr_par' dir='ltr' id='par_1_109' title="bbox 2181 5618 3758 5694">
     <span class='ocr_line' id='line_1_110' title="bbox 2181 5618 3758 5694; baseline -0.001 -17"><span class='ocrx_word' id='word_1_839' title='bbox 2181 5637 2398 5678; x_wconf 92' lang='lat' dir='ltr'><strong>crucem</strong></span> <span class='ocrx_word' id='word_1_840' title='bbox 2425 5630 2634 5690; x_wconf 87' lang='lat' dir='ltr'><strong>portat;</strong></span> <span class='ocrx_word' id='word_1_841' title='bbox 2665 5619 2974 5689; x_wconf 66' lang='lat' dir='ltr'><strong>praecedunt</strong></span> <span class='ocrx_word' id='word_1_842' title='bbox 3003 5634 3106 5672; x_wconf 94' lang='lat' dir='ltr'><strong>non</strong></span> <span class='ocrx_word' id='word_1_843' title='bbox 3135 5618 3432 5686; x_wconf 89' lang='lat' dir='ltr'><strong>hominum,</strong></span> <span class='ocrx_word' id='word_1_844' title='bbox 3477 5620 3571 5675; x_wconf 85' lang='lat' dir='ltr'><strong>sed</strong></span> <span class='ocrx_word' id='word_1_845' title='bbox 3608 5638 3758 5694; x_wconf 85' lang='lat' dir='ltr'><strong>ange-</strong></span> 
     </span>
    </p>
   </div>
   <div class='ocr_carea' id='block_1_110' title="bbox 2181 5709 3753 5784">
    <p class='ocr_par' dir='ltr' id='par_1_110' title="bbox 2181 5709 3753 5784">
     <span class='ocr_line' id='line_1_111' title="bbox 2181 5709 3753 5784; baseline 0 -17"><span class='ocrx_word' id='word_1_846' title='bbox 2181 5714 2350 5768; x_wconf 91' lang='lat' dir='ltr'><strong>lorum</strong></span> <span class='ocrx_word' id='word_1_847' title='bbox 2368 5720 2619 5778; x_wconf 76' lang='lat' dir='ltr'><strong>catervzc,</strong></span> <span class='ocrx_word' id='word_1_848' title='bbox 2650 5727 2755 5766; x_wconf 90' lang='lat' dir='ltr'><strong>non</strong></span> <span class='ocrx_word' id='word_1_849' title='bbox 2786 5709 2958 5766; x_wconf 89' lang='lat' dir='ltr'><strong>solum</strong></span> <span class='ocrx_word' id='word_1_850' title='bbox 2984 5710 3037 5764; x_wconf 93' lang='lat' dir='ltr'><strong>in</strong></span> <span class='ocrx_word' id='word_1_851' title='bbox 3055 5709 3314 5766; x_wconf 85' lang='lat' dir='ltr'><strong>honorem</strong></span> <span class='ocrx_word' id='word_1_852' title='bbox 3337 5711 3452 5782; x_wconf 85' lang='lat' dir='ltr'><strong>ejus</strong></span> <span class='ocrx_word' id='word_1_853' title='bbox 3467 5713 3604 5782; x_wconf 89' lang='lat' dir='ltr'><strong>signi</strong></span> <span class='ocrx_word' id='word_1_854' title='bbox 3623 5711 3753 5784; x_wconf 83' lang='lat' dir='ltr'><strong>quod</strong></span> 
     </span>
    </p>
   </div>
   <div class='ocr_carea' id='block_1_111' title="bbox 2181 5803 3647 5877">
    <p class='ocr_par' dir='ltr' id='par_1_111' title="bbox 2181 5803 3647 5877">
     <span class='ocr_line' id='line_1_112' title="bbox 2181 5803 3647 5877; baseline 0.002 -15"><span class='ocrx_word' id='word_1_855' title='bbox 2181 5807 2368 5876; x_wconf 85' lang='lat' dir='ltr'><strong>fertur,</strong></span> <span class='ocrx_word' id='word_1_856' title='bbox 2401 5805 2495 5864; x_wconf 84' lang='lat' dir='ltr'><strong>sed</strong></span> <span class='ocrx_word' id='word_1_857' title='bbox 2521 5807 2683 5864; x_wconf 85' lang='lat' dir='ltr'><strong>etiam</strong></span> <span class='ocrx_word' id='word_1_858' title='bbox 2705 5805 2758 5862; x_wconf 88' lang='lat' dir='ltr'><strong>in</strong></span> <span class='ocrx_word' id='word_1_859' title='bbox 2788 5803 2924 5877; x_wconf 82' lang='lat' dir='ltr'><strong>eius,</strong></span> <span class='ocrx_word' id='word_1_860' title='bbox 2958 5819 2987 5860; x_wconf 86' lang='lat' dir='ltr'><strong>a</strong></span> <span class='ocrx_word' id='word_1_861' title='bbox 3015 5820 3119 5876; x_wconf 88' lang='lat' dir='ltr'><strong>quo</strong></span> <span class='ocrx_word' id='word_1_862' title='bbox 3149 5804 3336 5876; x_wconf 88' lang='lat' dir='ltr'><strong>fertur,</strong></span> <span class='ocrx_word' id='word_1_863' title='bbox 3367 5807 3647 5865; x_wconf 68' lang='lat' dir='ltr'><strong>auxilium.</strong></span> 
     </span>
    </p>
   </div>
  </div>
