3884 6294
565 346 676 405 509

633 458 698 512 El
751 453 863 527 γάρ
920 455 1030 516 τοῖς
1091 451 1183 506 τὸν
1237 451 1364 505 ίδιον
1425 451 1538 521 βίον
1599 450 1938 520 οἱκονομοῦσι
1960 491 1976 514 ,
2034 452 2163 505 καὶ·

561 562 716 617 οὐδὲν
759 561 867 614 τῶν
907 559 1101 612 κοινῶν
1163 557 1489 628 πράττουσιν
1512 595 1527 619 ,
1581 556 1800 624 ἄγγελοι
1843 556 1992 626 παρὰ
2034 557 2127 609 τοῦ

562 660 672 712 τῶν
741 659 876 712 ὅλων
955 655 1226 708 Δεσπότου
1311 654 1418 706 εἰσὶ
1493 653 1768 723 δεδομένοι

568 761 753 825 καθὼς
805 760 896 814 καί
954 777 1038 823 τις
1079 759 1274 829 φησίν
1346 758 1399 810 '0
1451 757 1696 828 ἅγγελος
1758 763 1791 814 ό
1835 761 2132 828 ρυόμενός

563 883 635 933 με
675 867 744 918 ἐκ
789 864 1071 931 νεότητός
1116 879 1261 930 μου·
1292 859 1473 932 πολλῷ
1510 862 1710 932 μᾶλλον
1756 863 1848 916 ἐπὶ
1885 862 1997 916 τῶν
2034 862 2132 933 τὴν

559 970 881 1042 οίκουμένην
904 967 1352 1040 ἐγχειρισθέντων
1369 968 1462 1020 καὶ
1487 967 1803 1038 τηλικοῦτον
1834 966 2132 1038 βασταζόν-

1850 654 2088 724 φύλακες
2115 693 2129 717 ,

559 1090 669 1127 των
697 1073 858 1141 ὄγκον
887 1073 1124 1144 δωρεῶν,
1159 1072 1412 1145 πάρεισιν
1452 1073 1508 1126 αἱ
1535 1071 1791 1142 δυνάμεις
1825 1072 1884 1124 αἱ
1912 1071 2042 1126 ἀνω.
2067 1073 2130 1125 Οἱ

563 1175 664 1246 μέν
685 1169 777 1228 οὖν
806 1171 957 1242 παρά
984 1173 1093 1227 τῶν
1125 1172 1325 1239 ἔξωθεν
1373 1171 1578 1242 ταύτης
1605 1172 1896 1243 ἠξιωμένοι
1919 1173 2020 1245 τῆς
2049 1191 2133 1226 τι·

562 1279 690 1350 μῆςτ,
728 1278 921 1349 ἱμάτια
964 1277 1305 1347 περίκεινται
1347 1277 1442 1329 καὶ
1490 1276 1873 1346 περιαυχένιον
1921 1275 2130 1346 κόσμον

559 1381 814 1452 χρυσοῦν,
845 1381 938 1434 καὶΙ
964 1378 1227 1433 πάντοθέν
1261 1379 1366 1430 εἰσι
1398 1377 1637 1450 λαμπροί
1657 1395 1670 1407 ·
1689 1373 1841 1442 οὗτος
1864 1377 1922 1431 δὲ
1939 1378 2134 1433 ἅλυσιν

558 1487 682 1540 ἀντὶ
714 1484 918 1557 χρυσοῦ
973 1482 1378 1555 περικείμενος,
1413 1483 1672 1554 βαστάζει
1716 1483 1809 1537 τὸν
1853 1483 2087 1554 σταυρόν
2113 1500 2130 1515 ο

559 1583 713 1652 οὗτος
733 1587 1109 1658 ἐλαυνόμενος,
1127 1577 1283 1647 οὗτος
1301 1586 1527 1656 μαστιζό
1533 1603 1690 1657 μενος
1705 1588 1799 1640 καὶ
1821 1585 2126 1658 λιμώττων.

574 1693 736 1746 Ἀλλά
785 1693 860 1763 μὴ
893 1692 1220 1764 στυγνάσῃς,
1253 1691 1524 1762 ἀγαπητέ.
1558 1691 1670 1744 Καὶ
1721 1690 1829 1763 γάρ
1858 1693 1886 1746 6
1932 1693 2135 1761 κόσμος

561 1794 717 1863 οὗτος
763 1798 970 1852 ἐκείνου
1015 1796 1193 1867 πολλῷ
1241 1795 1460 1867 βελτίων
1482 1795 1576 1850 καὶ¹
1607 1795 1998 1867 λαμπρότερος,
2033 1796 2129 1850 καὶ

560 1903 679 1974 Θεῷ
724 1903 915 1972 φίλος*
965 1901 1044 1954 διὸ
1091 1901 1186 1954 καὶ⁵
1237 1900 1517 1972 βαστάζων
1562 1901 1664 1954 οὐκ
1706 1901 1931 1972 ἔκαμνε.
1964 1898 2136 1954 Τοῦτο

561 2008 669 2080 γάρ
701 2008 813 2060 ἐστι
837 2007 897 2060 τὸ
917 2007 1246 2078 θαυμαστὸν,
1286 2007 1368 2061 ὅτι
1402 2006 1540 2077 μετὰ
1560 2006 1774 2077 δεσμῶν
1806 2007 1900 2060 καὶ
1929 2006 2127 2076 μαστί-

558 2128 672 2180 γων
700 2111 792 2164 καὶ
817 2110 1132 2181 στιγμάτων
1161 2109 1540 2181 λαμπρότερος
1568 2109 1674 2162 τῶν
1711 2109 1810 2180 τὴν
1839 2109 2131 2180 ἁλουργίδα

557 2216 650 2272 καὶ
677 2216 735 2268 τὸ
755 2215 996 2285 διάδημα
1029 2213 1258 2283 ἐχόντων
1307 2207 1397 2284 ἦν.
1430 2214 1551 2266 Ὀτι
1579 2211 1687 2283 γὰρ
1725 2211 2130 2282 λαμπρότερος,

556 2317 653 2370 καὶ
683 2317 742 2368 οὑ
770 2317 980 2386 κόμπος
1012 2314 1081 2368 τά
1107 2314 1393 2386 εἰρημένα,
1424 2313 1685 2384 ἐδήλωσεν
1707 2313 1870 2367 αὐτοῦ
1909 2313 1979 2367 τά
2003 2315 2132 2384 ἱμά-

554 2438 665 2476 τια.
724 2421 1040 2492 Διαδήματα
1087 2420 1183 2489 μὲν
1234 2419 1344 2489 γὰρ
1404 2418 1573 2491 μυρία
1636 2418 1731 2472 καὶ
1797 2419 2130 2490 πορφυρίδας

555 2521 822 2584 τοσαύτας
855 2522 920 2574 ἂν
957 2519 1149 2589 ἐπιθῇς
1174 2517 1566 2588 ἀρῤωστοῦντι,
1600 2515 1720 2568 οὐδὲ
1739 2516 1930 2586 μικρόν
1951 2533 2002 2568 τι
2029 2516 2128 2586 τῆς

558 2625 754 2696 φλογὸς
768 2622 1133 2693 ὑποτεμέσθαι
1161 2621 1362 2693 δυνήσῃ
1381 2636 1396 2652 ο
1413 2619 1478 2672 τὰ
1494 2619 1548 2672 δέ
1577 2617 1783 2671 ἐκείνου
1809 2616 2126 2686 σημικίνθια

557 2729 848 2800 ὁμιλοῦντα
880 2730 992 2791 τοῖς
1023 2725 1236 2797 σώμασι
1256 2724 1364 2778 τῶν
1401 2723 1733 2794 καμνόντων,
1773 2721 1952 2774 πᾶσαν
1979 2721 2132 2773 νόσον

465 2853 474 2893 ;
556 2833 912 2904 δραπετεύειν
934 2832 1080 2884 ποιεῖ
1098 2847 1111 2860 ο
1133 2828 1229 2883 καὶ
1260 2828 1506 2891 εἰκότως.
1535 2827 1597 2880 Εἰ
1617 2824 1724 2897 γὰρ
1754 2824 1949 2897 λῃσταὶ
1970 2823 2130 2877 τοῦτο

556 2934 791 3007 ὁρῶντες
818 2932 880 2986 τὸ
913 2935 1135 3003 σημεῖον
1159 2931 1220 2984 οὐ
1247 2929 1515 3002 τολμῶσιν
1555 2928 1821 2997 ἐπελθεῖν,
1849 2927 1962 2981 ἀλλ’
1987 2929 2126 2998 ἁμε-

554 3025 857 3111 ταστρεπτὶ
893 3037 1172 3108 φεύγουσι,
1197 3036 1374 3107 πολλῷ
1411 3035 1612 3106 μᾶλλον
1636 3037 1781 3089 νόσοι
1817 3035 1912 3088 καὶ
1939 3033 2130 3104 δαίμο-

555 3161 644 3208 νες
665 3143 894 3214 ὁρῶντες
917 3143 1090 3195 ἐκεῖνο
1131 3141 1192 3194 τὸ
1223 3143 1446 3211 σημεῖον
1464 3139 1772 3208 φεύγουσιν.
1815 3137 2121 3201 Ἐὅάσταζε

553 3249 633 3312 δέ,
667 3248 766 3318 οὐχ
795 3248 882 3300 ἵνα
907 3245 1067 3308 αὐτὸς
1097 3244 1228 3298 αὐτὸ
1255 3243 1394 3314 φέρῃ
1419 3242 1598 3314 μόνος,
1622 3241 1736 3296 ἀλλ’
1761 3240 1848 3294 ῐνα
1878 3239 2127 3302 ἅπαντας

553 3350 823 3412 τοιούτους
857 3348 1056 3418 ποιήσῃ
1097 3347 1192 3400 καὶ
1241 3345 1428 3417 διδάξῃ
1461 3344 1747 3415 βαστάζειν
1771 3359 1785 3374 ·
1827 3343 1908 3396 διὸ
1951 3342 2127 3410 έλεγε,

556 3452 708 3526 [515]
761 3451 1022 3520 Μιμηταί
1046 3467 1166 3519 μου
1212 3450 1473 3520 γίνεσθε,
1516 3447 1714 3515 καθὼς
1739 3448 1906 3516 ἔχετε
1935 3448 2128 3501 τύπον

555 3553 746 3625 ἡμᾶς’
786 3553 880 3605 καὶ
905 3551 1088 3620 πάλιν,
1113 3552 1174 3606 "A
1197 3531 1386 3604 amere
1425 3550 1524 3604 και
1549 3550 1848 3618 ἠκούσατε
1874 3549 1944 3603 ἐν
1969 3547 2121 3618 ἐμοὶ,

557 3658 745 3712 ταῦτα
771 3655 1076 3724 πράσσετε
1096 3672 1110 3685 ·
1164 3655 1260 3708 καὶ
1287 3653 1468 3719 πάλιν,
1513 3654 1675 3722 Ἡμῖν
1707 3653 2021 3722 ἐχαρίσθη,
2050 3655 2124 3707 οὐ

553 3760 744 3831 μόνον
774 3758 838 3812 τὸ
867 3760 954 3823 είς
978 3756 1167 3810 αὑτὸν
1185 3756 1514 3822 πιστεύειν,
1543 3755 1705 3809 ἀλλὰ
1740 3754 1841 3811 καὶ
1869 3753 1936 3808 τὸ
1971 3755 2126 3822 ὑπὲρ

554 3862 742 3929 αὐτοῦ
775 3859 1055 3930 πάσχειν.
1104 3859 1186 3912 Τὰ
1236 3859 1335 3930 μὲν
1380 3858 1490 3928 γὰρ
1525 3857 1621 3910 τοῦ
1669 3859 1934 3929 παρόντος
1966 3857 2130 3925 ἀξιώ-

557 3983 704 4039 ματα
755 3964 872 4037 βίου
918 3965 1039 4018 τότε
1102 3963 1325 4034 μείζονα
1375 3961 1663 4031 φαίνεται,
1718 3963 1850 4015 ὅταν
1903 3963 1984 4024 είς
2031 3961 2130 4015 ἐνα

554 4073 783 4142 περιστῇ
810 4071 999 4140 μόνον’
1033 4068 1127 4122 ἐπὶ
1147 4069 1206 4122 δὲ
1234 4067 1342 4122 τῶν
1365 4064 1750 4136 πνευματικῶν
1768 4065 2077 4118 τούναντίον
2107 4079 2123 4093 °

552 4175 674 4227 τότε
699 4173 933 4245 μάλιστα
954 4172 1162 4244 λάμπει
1188 4171 1247 4224 τὸ
1267 4171 1366 4241 τῆς
1389 4171 1575 4242 τιμῆς,
1603 4169 1734 4222 ὅταν
1766 4166 1992 4229 πολλοὺς
2023 4165 2127 4234 τῆς

553 4277 846 4351 προεδρίας
871 4275 967 4348 ἔχῃ
999 4275 1309 4340 κοινωνοὺς,
1329 4274 1423 4326 καὶ
1447 4274 1573 4326 ὅταν
1601 4273 1630 4325 6
1659 4269 1902 4340 μετέχων
1931 4268 2006 4339 μὴ
2045 4263 2128 4332 εἷς

552 4378 610 4455 ᾖ,
635 4380 770 4435 ἀλλά
795 4377 1020 4440 πολλοὺς
1050 4376 1149 4450 ἐχῃ
1171 4375 1296 4438 τοὺς
1320 4373 1426 4426 τῶν
1463 4373 1642 4429 αὐτῶν
1662 4371 2051 4434 ἀπολαύοντας.

631 4484 794 4555 Ὁρᾷς
843 4476 936 4535 οῦν
965 4481 1174 4541 πάντας
1210 4480 1626 4549 σημειοφόρους,
1664 4478 1758 4531 καὶ
1785 4477 2014 4530 ἕκαστον
2064 4476 2126 4529 τὸ

552 4587 724 4656 ὄνομα
763 4582 929 4636 αὑτοῦ
973 4580 1309 4651 βαστάζοντα
1363 4579 1595 4633 ἐνώπιον
1641 4580 1810 4633 ἐθνῶν
1841 4580 1936 4633 καὶ
1970 4579 2125 4649 βασι-

553 4691 712 4752 λέων,
741 4687 901 4740 αὑτὸν
945 4686 1003 4739 δέ
1052 4686 1148 4738 καὶ
1187 4682 1415 4737 ἐνώπιον
1464 4681 1712 4754 γεέννης,
1755 4685 1849 4737 καὶ
1893 4683 2124 4737 ἐνώπιον

556 4791 851 4853 κολάσεως.
888 4789 1026 4842 Ἀλλ’
1052 4789 1150 4842 οὐκ
1193 4783 1344 4840 εἶπεν
1379 4786 1552 4848 οὕτως
1571 4802 1586 4815 ⁸
1613 4785 1674 4838 οὐ
1713 4783 1821 4856 γάρ
1866 4785 2126 4855 ἠδύναντο

555 4898 754 4950 ἐκεῖνοι
788 4893 1092 4965 βαστάζειν.
1125 4888 1284 4956 Εῐδες
1312 4893 1441 4962 ὅσης
1473 4890 1620 4943 ἐστὶν
1650 4889 1854 4960 ἀρετῆς
1891 4892 1925 4961 ή
1963 4889 2125 4960 φύσις

554 5002 590 5073 ἡ
623 4999 866 5072 ήμετέρα
889 4999 1109 5069 δεκτική
1134 5015 1148 5063 ;
1183 4997 1259 5059 ὡς
1289 4996 1440 5049 οὐδὲν
1467 4992 1760 5066 ἀνθρώπου
1802 4992 2124 5065 τιμιώτερον

555 5106 648 5162 καὶ
671 5103 862 5176 θνητοῦ
893 5103 1170 5175 μένοντος;
1196 5100 1260 5154 Τί
1280 5101 1387 5171 γάρ
1421 5117 1510 5172 μοι
1533 5100 1726 5153 τούτου
1764 5098 1948 5170 μεῖζον
1979 5099 2125 5170 ἔχεις

554 5210 763 5272 εἰπεῐνς
797 5206 926 5260 τίδὲ
949 5204 1094 5270 ἵσον;
1127 5203 1308 5256 πόσων
1339 5201 1396 5254 δὲ
1429 5201 1678 5270 ἀγγέλων
1716 5201 1813 5255 καὶ
1843 5199 2124 5270 ἀρχαγγέ-

553 5314 660 5367 λων
693 5311 796 5364 οὐκ
843 5310 992 5363 ἐστιν
1039 5308 1194 5375 ἀξιος
1232 5308 1261 5359 6
1307 5305 1464 5360 τοῦτο
1504 5304 1676 5358 είπὼν
1710 5304 1774 5356 τὺ
1824 5305 2014 5374 ρἧα;
2065 5304 2124 5358 ’0

551 5418 662 5489 γὰρ
688 5417 746 5469 ἐν
774 5411 984 5484 σώματι
1005 5409 1186 5482 θνητῷ
1233 5409 1326 5463 καὶ
1375 5410 1624 5482 ἐπικήρῳ
1660 5407 1838 5462 πάντα
1865 5407 2004 5478 ὑπὲρ
2031 5406 2121 5460 τοῦ

553 5519 785 5594 Χριστοῦ
805 5516 1055 5592 προδοὺς,
1084 5509 1158 5572 ὧν
1181 5515 1364 5586 κύριος
1383 5509 1475 5586 ἦν,
1493 5513 1691 5584 μᾶλλον
1715 5511 1772 5566 δὲ
1799 5507 1874 5566 ὧν
1906 5512 2007 5563 οὐκ
2030 5505 2118 5580 ἦν·

552 5626 648 5681 καὶ
671 5625 780 5697 γὰρ
793 5625 887 5679 καὶ
911 5622 983 5677 τά
1005 5621 1292 5685 ἐνεστῶτα,
1318 5619 1412 5672 καὶ
1435 5617 1502 5672 τά
1528 5617 1788 5688 μέλλοντα
1818 5614 2118 5686 προέδωκε,

555 5729 647 5783 καί
678 5722 877 5794 ὕψωμα
902 5725 996 5779 καὶ
1031 5723 1191 5789 βάθος
1222 5723 1318 5779 καί
1343 5721 1520 5778 κτίσιν
1540 5721 1732 5791 ἐτέραν
1753 5737 1768 5752 ο
1799 5713 1954 5784 οὗτος
1975 5717 2022 5771 εἰ
2052 5719 2112 5773 ἐν

1303 347 1363 405 S.
1400 345 1688 403 JOANNIS
1725 343 2217 402 CHRYSOSTOMI
2254 343 2574 400 ARCHIEP.
2612 344 3155 401 CONSTANTINOP.

3700 340 3801 395 5M

2237 453 2512 525 ἀσωμάτῳ
2569 453 2726 523 φύσει
2754 448 2843 525 ἦν,
2884 452 2939 504 τί
2971 452 3069 504 οὐκ
3093 451 3181 516 ,ἂν
3223 445 3379 516 eius;
3427 450 3482 504 τί
3525 451 3587 505 δὲ
3617 451 3723 505 οὐκ
3747 454 3804 508 ἄν

2234 559 2469 632 ἓπραξε;
2511 560 2618 613 Καὶ
2639 559 2748 629 γὰρ
2777 558 3020 622 καὶτοὺς
3043 558 3308 627 ἀγγέλους
3346 558 3434 612 διὰ
3466 557 3631 612 τοῦτο
3680 558 3803 613 069-

2237 663 2413 731 μάξω,
2445 664 2527 716 ὅτι
2578 661 2992 733 κατηξιώθησαν
3033 663 3288 733 τοιαύτης
3333 663 3523 735 τιμῆς,
3573 664 3678 734 οὐχ
3733 665 3811 717 δτι

2234 765 2509 838 ἀσώματοι
2528 766 2714 838 ἔτυχον
2739 768 2890 832 ὄντες
2904 786 2917 799 ο
2946 769 3069 822 ἐπεὶ
3089 770 3224 824 καὶὸ
3247 769 3493 833 διάϐολος
3515 767 3807 838 ἀσώματος

2233 872 2294 926 τέ
2322 873 2437 926 ἐστι
2468 874 2564 926 καὶ
2590 873 2841 944 ἀόρατος,
2864 870 2982 927 ἀλλ’
3011 874 3160 944 ὅμως
3183 874 3402 927 πάντων
3430 873 3582 926 ἐστὶν
3615 872 3814 928 601a};-

2233 993 2408 1047 τερος,
2447 977 2636 1048 ἐπειδὴ
2661 976 2740 1048 τῷ
2768 978 3055 1048 ποιήσαντι
3082 977 3457 1050 προσέκρουσε
3499 977 3645 1048 Θεῷ.
3692 978 3808 1029 Ἐν-

2234 1078 2424 1134 τεῦθεν
2455 1081 2549 1135 καὶ
2575 1081 2893 1154 ἀνθρώπους
2930 1083 3148 1147 ἀθλίους
3167 1079 3306 1138 εἷναί
3329 1101 3531 1154 φαμεν,
3551 1083 3657 1153 οὐχ
3681 1083 3806 1135 ὅταν

2237 1184 2416 1254 σάρκα
2444 1187 2858 1257 περικειμένους
2891 1187 3109 1258 ἴδωμεν,
3141 1187 3257 1241 ἀλλ’
3278 1189 3408 1242 ὅταν
3447 1187 3528 1258 μὴ
3558 1189 3646 1251 είς
3692 1187 3804 1240 δέον

2236 1290 2374 1361 αὐτῇ
2406 1291 2720 1362 χρωμένους
2741 1307 2756 1321 ·
2806 1292 2929 1344 ἐπεὶ
2961 1292 3056 1347 καὶ
3109 1294 3138 1345 6
3167 1291 3379 1356 Παῦλος
3437 1293 3619 1362 σάρκα
3651 1309 3801 1361 περι-

2238 1393 2616 1452 έκειτο.Πὸθεν
2638 1393 2730 1451 οὖν
2749 1398 2989 1463 τοιοῦτος
3017 1394 3085 1470 ἦν
3105 1415 3120 1465 ;
3144 1400 3255 1453 Καὶ
3283 1398 3518 1462 οἴκοθεν,
3544 1399 3644 1451 καὶ
3663 1399 3801 1468 παρὰ

2236 1496 2394 1567 Θεοῦ,
2429 1499 2522 1552 καὶ
2571 1500 2660 1554 διὰ
2691 1499 2850 1554 τοῦτο
2880 1502 3032 1572 παρά
3060 1501 3218 1569 Θεοῦ,
3245 1501 3432 1572 ἐπειδὴ
3468 1501 3684 1555 οἴκοθεν
3702 1519 3717 1532 ο
3747 1502 3800 1553 ού

2235 1601 2345 1674 γάρ
2377 1603 2494 1656 ἐστι
2527 1605 2997 1676 προσωπολήπτης
3025 1607 3054 1658 6
3086 1605 3238 1670 Θεός.
3279 1607 3342 1658 El
3383 1606 3440 1659 δὲ
3473 1605 3678 1674 λέγοις,
3716 1609 3804 1659 καὶ

2237 1705 2355 1770 πῶς
2380 1706 2602 1761 δυνατὸν
2634 1709 2872 1772 ἐκείνους
2907 1708 3266 1780 μιμήσασθαι,
3297 1710 3529 1764 ἄκουσον
3555 1710 3611 1762 τί
3645 1727 3801 1779 (mar

2237 1812 2496 1880 Μιμηταί
2518 1829 2636 1880 μου
2651 1813 2913 1882 γίνεσθε,
2935 1814 3131 1879 καθὼς
3151 1813 3312 1882 κάγὼ
3331 1814 3612 1882 Χριστοῦ.
3645 1815 3806 1866 Ἐκεῖ-

2237 1931 2327 1978 νος
2371 1915 2466 1968 τοῦ
2511 1915 2746 1986 Χριστοῦ
2776 1918 2967 1985 γέγονε
3011 1917 3284 1988 μιμητὴς,
3324 1917 3389 1968 σὺ
3426 1916 3485 1969 δέ
3535 1916 3669 1970 οὑδέ
3712 1917 3805 1969 τοῦ

2240 2021 2556 2090 συνδούλους
2599 2025 2805 2087 ἐκεῖνος
2847 2023 3127 2095 Δεσπότην
3161 2024 3421 2094 ἐζήλωσε,
3473 2024 3536 2076 σὺ
3579 2022 3639 2074 δέ
3687 2021 3806 2074 οὐδὲ

2234 2124 2325 2178 τὸν
2350 2125 2663 2195 ὁμόδουλον;
2695 2128 2791 2181 καὶ
2817 2127 2978 2180 ποίαν
3001 2126 3142 2192 ἕξεις
3173 2126 3506 2194 ἀπολογίαν;
3537 2127 3648 2178 Καὶ
3691 2125 3807 2188 πῶς

2235 2231 2396 2284 αὐτὸν
2434 2233 2760 2302 ἐμιμήσατο,
2797 2233 2959 2302 (mai;
2995 2231 3164 2284 Τοῦτο
3190 2231 3247 2297 ἐξ
3281 2232 3453 2302 ἀρχῆς
3483 2232 3679 2284 σκόπει
3709 2233 3804 2284 καὶ

2235 2334 2331 2388 ἀπ’
2349 2334 2524 2388 αὐτῶν
2539 2335 2646 2388 τῶν
2667 2335 2987 2406 προοιμίων.
3023 2335 3240 2404 Ἐπειδὴ
3266 2334 3374 2404 γὰρ
3397 2333 3504 2386 ἀπὸ
3522 2333 3630 2386 τῶν
3648 2333 3808 2385 θείων

2235 2440 2489 2508 ναμάτων
2517 2438 2770 2493 τοσοῦτον
2800 2439 2910 2510 πῦρ
2940 2439 3077 2509 ἔχων
3113 2439 3365 2510 ἀνῆλθεν,
3408 2439 3484 2500 ὡς
3515 2438 3652 2508 μηδέ
3680 2439 3808 2490 ἀνα-

2238 2546 2418 2612 μεῖναι
2454 2543 2768 2597 διδάσκαλον
2790 2559 2802 2571 ·
2831 2544 2890 2596 οὑ
2933 2543 3043 2615 γὰρ
3079 2543 3393 2614 περιέμεινε
3425 2541 3655 2614 Πέτρον,
3685 2543 3804 2596 οὺδέ

2232 2641 2364 2716 ἦλθε
2395 2646 2529 2716 πρὸς
2571 2645 2847 2712 Ἰάκωϐον,
2881 2645 3002 2698 οὐδὲ
3032 2645 3167 2718 πρὸς
3199 2645 3356 2699 ἀλλον
3406 2646 3635 2710 οὐδένα,
3693 2647 3804 2699 ἀλλ’

2235 2751 2339 2804 ὑπὸ
2363 2751 2465 2820 τῆς
2507 2750 2816 2822 προθυμίας
2844 2749 3052 2822 ἀρθεὶς,
3093 2748 3234 2802 οῦτω
3260 2749 3358 2820 τὴν
3387 2750 3541 2804 πόλιν
3576 2751 3802 2821 ἀνῆψεν,

2233 2856 2310 2920 ὡς
2364 2855 2600 2926 πόλεμον
2649 2855 3106 2930 ἁναῤῥιπισθῆναι
3146 2857 3266 2910 κατ’
3306 2855 3472 2909 αὑτοῦ
3524 2857 3761 2927 χαλεπόν
3787 2874 3800 2886 ·

2235 2965 2357 3018 ἐπεὶ
2403 2964 2498 3018 καὶ
2543 2964 2792 3029 Ἰουδαῖος
2840 2966 2940 3032 ὢν,
2983 2965 3053 3018 τά
3095 2967 3235 3037 ὑπὲρ
3261 2967 3359 3036 τὴν
3388 2964 3546 3029 ἀξίαν
3593 2967 3801 3031 ἐποίει,

2233 3072 2528 3144 δεσμεύων,
2552 3075 2800 3143 ἀπάγων,
2823 3073 3093 3145 δημεύων.
3111 3075 3267 3127 Οῦτω
3295 3076 3392 3128 καὶ
3423 3075 3690 3145 Μωῦσῆς,
3713 3077 3805 3128 καὶ

2234 3177 2384 3250 [514]
2415 3179 2629 3243 οὐδενὸς
2683 3182 3163 3251 χειροτονήσαντος
3193 3180 3354 3234 αὑτὸν
3375 3222 3392 3247 ,
3445 3182 3546 3254 τήν
3583 3183 3797 3236 ἀδικίαν

2231 3286 2338 3341 τῶν
2367 3286 2660 3360 βαρϐάρων
2691 3286 2930 3342 ἐκώλυσε
2961 3288 3059 3360 τήν
3085 3290 3226 3343 κατά
3247 3288 3355 3344 τῶν
3385 3291 3698 3361 ὁμοφύλων.

2302 3415 2345 3468 Τ
2349 3415 2485 3469 αῦτα
2512 3415 2619 3490 γὰρ
2648 3416 2827 3488 ψυχῆς
2857 3420 3107 3488 γενναίας
3131 3420 3400 3487 ἀπόδειξις
3451 3423 3547 3476 καὶ
3580 3422 3802 3495 γνώμης

2231 3524 2536 3596 ἐλευθέρας,
2591 3527 2692 3580 οὐκ
2743 3528 3087 3601 ἀνεχομένης
3121 3532 3248 3600 σιγῇ
3297 3530 3486 3601 φέρειν
3510 3532 3581 3586 τά
3605 3533 3803 3604 ἐτέρων

2231 3631 2395 3698 κακὰ,
2430 3630 2532 3685 κᾶν
2567 3632 2756 3702 μηδεὶς
2782 3635 2812 3686 6
2849 3631 3250 3710 χειροτονῶν
3284 3638 3407 3690 Ὅτι
3441 3637 3552 3710 γάρ
3583 3639 3804 3705 δικαίως

2230 3741 2541 3813 ἐπεπήδησε
2561 3744 2624 3813 τῇ
2647 3742 2974 3814 προστασίᾳ,
2991 3743 3192 3809 ἔδειξεν
3211 3747 3241 3798 6
3263 3745 3396 3810 Θεὸς
3420 3751 3803 3820 χειροτονήσας

2231 3853 2392 3906 αὐτὸν
2421 3852 2673 3922 ὕστερον
2697 3853 2727 3906 ὃ
2749 3855 2842 3907 καὶ
2856 3855 2947 3908 ἐπὶ
2963 3855 3176 3910 Παύλου
3201 3857 3520 3927 πεποίηκεν.
3551 3859 3680 3913 Ὀτι
3698 3860 3801 3933 γάρ

2230 3964 2325 4016 καὶ
2350 3958 2501 4026 οὗτος
2525 3963 2703 4027 καλῶς
2721 3964 2943 4034 ἐποίησε
2962 3964 3056 4018 τοῦ
3075 3965 3234 4036 λόγου
3258 3965 3535 4038 ἁψάμενος
3561 3969 3689 4023 τότε
3713 3971 3800 4023 καὶ

2228 4072 2328 4142 τῆς
2350 4071 2715 4136 διδασκαλίας,
2748 4072 3017 4126 καὶτοῦτο
3039 4074 3311 4145 ἐδήλωσεν
3337 4079 3366 4130 6
3402 4077 3555 4141 Θεὸς,
3593 4081 3796 4151 ταχέως

2229 4185 2388 4237 αὑτὸν
2419 4185 2512 4238 ἐπὶ
2533 4184 2712 4238 τὸτῶν
2729 4185 3062 4240 διδασκάλων
3093 4185 3310 4257 ἀξίωμα
3335 4187 3580 4258 ἀγαγών.
3617 4190 3683 4244 Et
3706 4192 3798 4262 μὲν

2229 4293 2338 4363 γὰρ
2363 4293 2528 4364 τιμῆς
2556 4292 2739 4346 ἐνεκεν
2765 4293 2860 4346 καὶ
2886 4292 3178 4363 προεδρίας
3209 4294 3494 4365 ἐπεπήδων
3519 4299 3634 4361 τοῖς
3661 4299 3798 4368 πρά-

2228 4419 2423 4474 γμασι,
2448 4401 2540 4455 καὶ
2569 4401 2672 4471 τῆς
2701 4400 2878 4454 αὐτῶν
2907 4400 3221 4472 θεραπείας,
3247 4403 3471 4467 είκότως
3499 4404 3566 4458 ἂν
3591 4405 3800 4475 ἐνεκλή-

2230 4513 2420 4584 θησαν.
2465 4512 2682 4583 Ἐπειδὴ
2707 4511 2763 4564 δέ
2788 4511 3070 4575 κινδύνους
3106 4513 3358 4582 ήγάπων,
3412 4515 3506 4568 καὶ
3540 4515 3798 4578 θανάτους

2229 4623 2566 4689 ἐπεσπῶντο,
2597 4622 2682 4674 ἴνα
2713 4621 2842 4684 τοὺς
2862 4620 3054 4684 ἄλλους
3077 4621 3414 4676 διασώσωσιν
3435 4623 3705 4689 ἅπαντας,
3721 4625 3798 4688 τίς

2228 4729 2399 4793 οὕτως
2425 4728 2628 4793 ἀθλιος,
2665 4728 2807 4781 ὥστε
2843 4729 3136 4798 ἐγκαλέσαι
3184 4729 3464 4804 προθυμία
3512 4733 3753 4806 τοσαύτῃ
3783 4750 3796 4798 ;

2230 4838 2353 4892 Ὀτι
2401 4836 2511 4908 γάρ
2555 4836 2654 4904 τῆς
2685 4835 2793 4888 τῶν
2823 4834 3208 4906 ἀπολλυμένων
3240 4839 3518 4909 σωτηρίας
3564 4840 3795 4910 ἐρῶντες

2227 4945 2398 5000 ταῦτα
2423 4944 2712 5016 ἔπραττον,
2734 4942 2968 5012 ἐδήλωσε
2993 4943 3088 4996 καὶ
3123 4946 3156 5014 ή
3186 4945 3280 4998 τοῦ
3300 4944 3434 4998 Θεοῦ
3459 4945 3658 5017 ψῆφος,
3688 4948 3799 5019 tsi-1-

2228 5059 2366 5112 λωσε
2397 5058 2492 5111 καὶ
2517 5055 2672 5128 ήτῶν
2698 5054 2884 5119 κακῶς
2916 5054 3258 5126 ἐρασθέντων
3286 5057 3380 5111 τὸν
3401 5055 3582 5127 ἔρωτα
3611 5059 3795 5112 τοῦτον

2227 5165 2490 5220 ἀπώλεια.
2534 5164 2877 5235 Ἐπεπήδησε
2902 5163 3012 5234 γάρ
3042 5180 3171 5217 ποτε
3195 5164 3291 5218 καὶ
3318 5165 3503 5236 ἕτερος
3531 5167 3674 5238 ἀρχῇ
3709 5169 3796 5220 καὶ

2228 5271 2552 5342 προστασίᾳ,
2607 5267 2742 5322 ἀλλά
2783 5268 2984 5331 πάντες
3032 5267 3323 5330 ἀπέθανον,
3353 5270 3402 5321 οί
3435 5270 3534 5340 μὲν
3581 5274 3794 5340 ἐμπρη-

2229 5382 2464 5443 σθέντες,
2500 5378 2550 5431 οἱ
2597 5376 2654 5429 δέ
2681 5377 2784 5448 γῆς
2824 5375 3103 5432 διαστάσει
3130 5376 3556 5441 καταποθέντες.
3587 5380 3662 5432 Οὐ
3690 5379 3794 5448 γάρ

2226 5491 2314 5545 διὰ
2363 5485 2696 5558 προστασίαν
2727 5484 2884 5538 τοῦτο
2915 5485 3154 5550 ἐποίουν,
3184 5484 3318 5538 ἀλλά
3366 5485 3457 5558 διὰ
3505 5486 3792 5557 προεδρίας

2227 5599 2424 5670 ἔρωτα.
2463 5593 2801 5666 Ἐπεπήδησε
2827 5593 2921 5646 καὶ
2963 5593 3164 5659 Ὀζίας,
3185 5593 3324 5647 ἀλλὰ
3353 5594 3446 5648 καὶ
3483 5588 3640 5658 οὗτος
3663 5595 3796 5649 ἁκάο

2231 5711 2426 5784 θαρτος
2453 5706 2674 5777 γέγονεν
2697 5722 2710 5736 ·
2739 5703 3048 5776 ἐπεπήδησε
3095 5705 3188 5760 καὶ
3230 5705 3434 5780 Σίμων,
3480 5706 3624 5762 ἀλλά
3669 5721 3796 5759 κατ-
