3876 6286
158 395 261 453 509

225 505 408 577 Angeli
446 491 681 559 custodes
727 503 904 557 nostri.
934 532 1006 543 —
1031 502 1086 556 Si
1117 501 1260 557 enim
1300 500 1569 572 propriam
1618 510 1742 556 tan-

158 596 433 653 tummodo
469 595 631 649 vitam
680 593 1006 665 regentibus,
1049 593 1290 663 nihilque
1340 607 1437 662 pro
1478 591 1747 646 communi

160 690 386 744 utilitate
429 686 768 750 facientibus,
810 686 982 755 angeli
1022 686 1091 739 ab
1116 685 1356 738 omnium
1396 685 1622 739 Domino
1650 684 1746 739 de-

161 780 323 850 putati
350 789 494 843 sunt,
532 778 669 831 sicut
693 777 765 830 ait
803 792 935 829 unus
957 792 1019 829 ex
1042 775 1222 843 justis,
1252 774 1473 845 Angelus
1504 775 1590 845 qui
1617 774 1746 827 eruit

158 888 234 923 me
261 887 293 922 a
312 870 579 940 juventute
620 884 730 921 mea
753 866 906 940 (Gen.
930 866 1019 921 48.
1056 866 1147 935 16)
1178 884 1191 919 :
1220 866 1391 921 multo
1430 866 1596 936 magis
1635 864 1740 931 his,

158 964 349 1033 quibus
402 962 563 1017 totius
609 960 754 1015 orbis
797 975 924 1015 cura
969 959 1253 1014 commissa
1296 967 1396 1024 est,
1455 958 1746 1028 taliumque

160 1055 417 1109 donorum
446 1068 606 1108 onera
636 1054 967 1122 portantibus
993 1053 1217 1107 virtutes
1244 1052 1434 1106 adsunt
1474 1067 1742 1121 supernas.

162 1147 224 1201 Et
240 1146 313 1200 illi
341 1144 555 1215 quidem
578 1145 665 1213 qui
693 1144 744 1203 in
773 1145 1007 1198 exercitu
1030 1141 1131 1196 hoc
1162 1142 1364 1197 honore
1387 1142 1569 1196 donati
1597 1152 1740 1207 sunt,

160 1244 413 1291 ornantur
440 1241 588 1289 veste
633 1234 886 1303 pretiosa,
926 1233 1103 1287 aureis
1134 1232 1411 1302 torquibus
1451 1232 1587 1286 colla
1616 1232 1744 1286 sub-

160 1328 286 1389 nixi,
316 1326 547 1380 nitentes
593 1323 848 1393 undique,
892 1332 945 1377 et
973 1321 1206 1392 undique
1242 1321 1598 1392 refulgentes;
1643 1322 1744 1376 iste

160 1434 284 1474 vero
307 1429 495 1474 catena
521 1432 618 1487 pro
646 1425 835 1486 torque
861 1415 1221 1470 circumdatus
1249 1454 1263 1481 ,
1297 1424 1469 1484 gestat
1503 1429 1740 1480 crucem,

161 1519 214 1567 et
240 1510 710 1580 persequutionem
739 1506 969 1576 undique
1008 1506 1298 1570 sustinens,
1327 1504 1519 1559 famem
1549 1503 1743 1573 ubique

163 1603 483 1673 perpetiens.
514 1599 618 1656 Sed
650 1599 780 1652 nihil
818 1607 920 1661 est,
950 1597 1317 1660 dilectissime,
1348 1595 1492 1665 quod
1523 1610 1590 1649 ex
1637 1594 1741 1648 bu-

162 1693 450 1767 juscemodi
494 1684 831 1747 sermonibus
862 1689 1196 1760 ingemiscas.
1226 1688 1496 1758 Siquidem
1527 1687 1626 1741 iste
1649 1702 1741 1741 or-

164 1794 312 1840 natus
338 1785 511 1839 multo
539 1792 621 1838 est
649 1782 742 1836 illo
770 1782 962 1836 melior
987 1791 1040 1835 ct
1074 1780 1291 1846 clarior,
1333 1788 1492 1849 atque
1515 1779 1740 1834 amicior

166 1878 288 1944 Deo,
316 1886 538 1947 propter
567 1874 709 1945 quod
739 1884 792 1929 et
817 1885 1035 1944 portans
1059 1872 1277 1926 minime
1306 1871 1600 1926 laborabat.
1632 1872 1743 1926 Hoc

165 1978 242 2023 est
264 1981 493 2036 namque
520 1964 784 2029 mirabile,
820 1964 945 2033 quia
988 1979 1110 2018 cum
1140 1962 1388 2027 vinculis,
1418 1960 1735 2015 verberibus

165 2073 316 2130 atque
356 2058 674 2113 vulneribus
714 2058 872 2127 longe
915 2056 1245 2127 Splendidior
1286 2068 1403 2110 erat
1438 2056 1740 2110 diademate

168 2167 494 2222 purpuraque
530 2151 871 2220 fulgentibus.
914 2149 1065 2216 Quod
1105 2150 1247 2203 enim
1287 2158 1434 2203 esset
1473 2164 1601 2203 vere
1629 2150 1740 2204 cla-

166 2246 283 2309 rior,
308 2253 369 2297 et
397 2244 525 2312 quia
565 2258 672 2295 non
715 2241 783 2296 ad
809 2256 999 2295 sonum
1029 2239 1395 2293 tantummodo
1423 2239 1521 2293 ista
1552 2240 1741 2293 dican-

169 2343 264 2399 tur,
293 2334 459 2403 ipsius
487 2333 807 2386 vestimenta
838 2332 1152 2385 docuerunt.
1181 2329 1317 2385 Nam
1361 2330 1405 2383 si
1450 2330 1595 2384 mille
1622 2329 1741 2383 dia-

168 2425 368 2480 dentata
392 2425 721 2493 totidemque
749 2438 1007 2494 purpuras
1047 2423 1254 2476 ardenti
1284 2421 1522 2477 febribus
1553 2437 1740 2491 super-

168 2534 343 2588 ponas,
386 2534 455 2573 ne
500 2517 767 2572 modicum
812 2515 1026 2586 quidem
1063 2514 1292 2569 ﬂamma:
1339 2514 1458 2583 ejus
1494 2514 1744 2569 valebunt

168 2612 521 2681 exstinguere.
551 2613 620 2663 At
648 2623 778 2663 vero
804 2608 960 2677 hujus
996 2606 1344 2672 scmicinctia,
1372 2607 1742 2675 aegrotantium

169 2702 367 2757 admota
424 2699 773 2769 corporibus,
844 2698 1060 2752 morbos
1110 2711 1299 2753 omnes
1360 2696 1630 2767 fugabant.
1686 2698 1742 2752 Si

167 2795 297 2848 enim
330 2793 567 2847 latrones
589 2791 830 2846 videntes
856 2790 1063 2860 signum
1094 2789 1223 2844 illud
1252 2790 1503 2859 militare,
1532 2807 1636 2845 non
1668 2792 1743 2845 ir-

170 2893 339 2951 ruunt,
371 2885 465 2940 sed
492 2884 667 2938 aversi
699 2891 918 2951 repente
938 2880 1220 2950 diffugiunt
1248 2899 1261 2936 :
1293 2882 1463 2936 multo
1494 2883 1660 2951 magis
1689 2891 1743 2937 et

168 2977 503 3045 mgritudines
561 2984 616 3030 et
668 2974 941 3029 dwmones
996 2971 1197 3027 Christi
1251 2973 1403 3043 signo
1452 2982 1742 3043 appareute

169 3067 443 3139 fugiebant.
478 3066 570 3121 Sic
593 3075 768 3120 autem
796 3065 989 3120 Paulus
1017 3063 1222 3119 ferebat
1244 3062 1346 3117 hoc
1374 3064 1608 3134 signum,
1633 3081 1741 3119 non

170 3169 224 3214 ut
265 3161 408 3215 solus
451 3158 588 3214 illud
621 3166 874 3227 portaret,
921 3156 1015 3212 sed
1046 3165 1106 3211 ut
1148 3172 1337 3211 omnes
1367 3171 1578 3226 quoque
1610 3157 1741 3212 tales

172 3264 280 3305 esse
303 3251 523 3305 doceret
553 3264 615 3304 ac
649 3249 883 3303 faceret:
911 3257 1129 3317 propter
1165 3247 1307 3316 quod
1344 3249 1539 3301 clamat
1584 3258 1743 3318 atque

172 3343 290 3396 dicit
315 3361 329 3395 ε
360 3342 648 3396 lmitatores
675 3343 772 3394 mei
794 3350 968 3406 estote,
1000 3341 1127 3393 sicut
1161 3339 1350 3393 habetis
1375 3344 1593 3410 formam
1627 3358 1739 3395 nos.

175 3436 233 3489 Et
260 3450 457 3503 rursus,
495 3434 625 3500 Qua
648 3434 842 3487 vidistis
873 3441 920 3486 et
948 3431 1178 3485 audiistis
1212 3432 1264 3484 in
1308 3448 1403 3493 me,
1430 3431 1535 3485 hate
1561 3432 1695 3502 agite
1722 3448 1741 3486 :

172 3536 221 3583 et
244 3544 444 3593 rursus,
490 3527 641 3581 Vobis
670 3527 911 3580 donatum
956 3535 1052 3591 est,
1098 3542 1200 3578 non
1227 3526 1389 3579 solum
1432 3535 1487 3579 nt
1539 3526 1593 3579 in
1630 3542 1742 3580 eum

174 3621 392 3681 credatis.
421 3620 513 3675 sed
558 3629 610 3672 ut
650 3621 798 3672 etiam
838 3634 930 3687 pro
972 3616 1067 3671 illo
1102 3616 1367 3687 patiamini
1398 3615 1653 3687 (Philipp.
1687 3618 1741 3671 5.

174 3711 253 3763 Π.
280 3721 325 3764 et
353 3712 405 3766 4.
440 3710 496 3765 9.
532 3720 577 3763 et
610 3711 658 3763 l.
685 3707 800 3777 29).
831 3707 1039 3761 Etenim
1077 3708 1351 3776 przesentis
1373 3706 1493 3761 vitae
1520 3707 1747 3777 dignita-

175 3812 249 3855 tes
273 3819 392 3858 tunc
421 3802 678 3857 clariores
722 3799 888 3854 videri
921 3800 1116 3865 solent,
1148 3799 1362 3867 quando
1394 3800 1445 3852 in
1491 3815 1597 3853 uno
1626 3810 1745 3853 tan-

174 3902 276 3946 tum
298 3894 511 3947 homine
537 3891 871 3947 constiterint
899 3908 914 3944 :
937 3890 990 3944 in
1019 3890 1381 3958 spiritualibus
1404 3905 1530 3944 vero
1556 3905 1586 3944 e
1613 3905 1747 3945 con-

178 3985 328 4037 trario
354 3994 479 4037 tunc
527 3983 693 4052 magis
736 3981 1017 4050 splendent
1046 3980 1295 4044 honores,
1328 3994 1447 4033 cum
1486 3980 1585 4034 sibi
1624 3981 1746 4051 plu-

177 4072 287 4126 rimi
315 4089 500 4128 corum
543 4072 920 4126 communione
971 4072 1263 4133 sociantur,
1310 4084 1430 4124 cum
1474 4085 1578 4124 non
1609 4087 1748 4127 unus

179 4172 253 4216 est
276 4167 538 4234 particeps
564 4162 852 4233 dignitatis,
886 4161 981 4215 sed
1007 4161 1203 4214 multos
1244 4159 1403 4214 habet
1426 4161 1513 4228 qui
1544 4154 1746 4217 eis’dcm

179 4253 456 4310 honoribus
489 4255 848 4323 perfruantur.

246 4346 423 4399 Omnes
443 4344 720 4400 Christiani
738 4342 986 4413 signiferi.
1009 4372 1080 4381 —
1100 4340 1260 4396 Vides
1281 4339 1542 4409 igiturhic
1564 4353 1748 4393 omnes
1776 4379 1783 4385 .

180 4451 290 4491 esse
318 4436 618 4507 signiferos,
653 4443 707 4487 et
732 4434 929 4488 Christi
961 4446 1155 4486 nomen
1196 4444 1626 4500 unumquemque
1654 4445 1749 4496 ge-

180 4536 312 4581 stare
339 4529 389 4581 in
417 4532 710 4596 conspectu
732 4525 967 4594 gentium
1003 4533 1161 4593 atque
1187 4538 1394 4591 regum,
1424 4522 1592 4590 ipsum
1622 4536 1750 4575 vero

181 4615 388 4673 Paulum
417 4619 579 4672 etiam
606 4632 727 4670 cum
769 4616 867 4670 sibi
900 4614 1181 4669 anathema
1215 4624 1381 4683 optat,
1416 4625 1573 4683 atque
1618 4629 1747 4681 sup-

183 4710 408 4777 plicium.
436 4710 543 4767 Sed
569 4725 675 4764 non
707 4711 806 4762 hoc
835 4708 1084 4777 praecepit
1110 4716 1162 4761 et
1187 4707 1417 4772 caeteris,
1445 4706 1583 4775 quod
1607 4715 1752 4761 certe

183 4800 252 4853 illi
278 4812 487 4871 portare
514 4815 621 4854 non
648 4808 908 4870 poterant.
937 4798 1156 4853 Vidistis
1178 4813 1368 4866 nempe
1397 4806 1606 4867 quanta:
1636 4813 1740 4850 no-

184 4900 281 4945 stra
300 4894 375 4946 sit
406 4902 598 4946 natura
629 4905 792 4959 capax
826 4890 1053 4952 virtutis,
1088 4904 1245 4957 quam
1278 4888 1409 4941 nihil
1440 4888 1507 4941 sit
1536 4888 1749 4941 homine

186 4984 476 5049 pretiosius,
521 4991 576 5035 et
602 4982 773 5034 adhuc
804 4981 983 5049 utique
1012 4979 1239 5032 mortali.
1266 4978 1399 5044 Quid
1433 4979 1574 5033 enim
1620 4977 1750 5030 mihi

187 5071 280 5127 hoc
316 5074 507 5143 majus,
550 5075 657 5127 imo
686 5072 808 5143 quid
842 5072 1037 5141 poteris
1082 5072 1271 5126 saltem
1315 5072 1519 5139 aequale
1546 5085 1751 5124 memo-

188 5167 333 5218 rare?
375 5165 708 5231 Quantorum
760 5179 863 5217 non
907 5164 1026 5227 iste,
1068 5176 1269 5230 qumso,
1321 5160 1524 5214 honore
1562 5161 1752 5230 dignus

188 5264 261 5307 cst
304 5256 632 5326 angelorum,
683 5254 772 5325 qui
821 5254 922 5308 hoc
965 5254 1182 5309 verbum
1216 5254 1383 5321 potuit
1426 5250 1611 5306 effari?
1650 5253 1749 5320 Qui

188 5346 319 5399 enim
352 5348 409 5401 in
433 5347 713 5416 temporali
743 5346 846 5399 hoc
874 5356 1032 5414 atque
1059 5344 1269 5397 mortali
1297 5358 1521 5411 corpore
1550 5343 1749 5397 consti-

190 5443 321 5490 tutus
358 5448 567 5504 cuncta,
600 5438 760 5492 etiam
800 5450 1026 5506 quorum
1070 5449 1175 5486 non
1204 5441 1321 5486 erat
1359 5433 1625 5497 dominus,
1657 5447 1753 5502 pro

190 5525 386 5583 Christo
413 5544 518 5583 non
539 5528 742 5583 dubitat
768 5526 985 5588 offerre,
1013 5523 1100 5578 hic
1126 5523 1170 5577 si
1205 5523 1530 5591 incorporea:
1568 5522 1754 5577 fuisset

192 5628 397 5685 natum,
428 5621 553 5691 quid
589 5621 802 5676 tandem
843 5620 1040 5680 dicere,
1073 5615 1195 5685 quid
1229 5625 1404 5669 autem
1448 5616 1620 5669 facere
1644 5615 1755 5667 dis-

191 5713 426 5769 tulisset?
481 5713 610 5769 Nam
653 5724 708 5769 et
748 5713 965 5783 angelos
1004 5719 1286 5780 propterea
1326 5709 1601 5774 miramur,
1648 5723 1753 5760 non

193 5820 303 5874 quia
340 5809 631 5878 incorporei
671 5815 796 5862 sunt
828 5805 993 5862 creati
1029 5822 1041 5857 :
1075 5803 1336 5875 siquidem
1360 5819 1481 5860 cum
1507 5799 1748 5858 diabolus

974 388 1064 447 DE
1104 388 1448 447 LAUDIBUS
1481 380 1766 447 S.PAULl
1831 386 2184 445 APOSTOLI.
2226 388 2457 447 [IOMIL
2496 390 2609 448 VII.

3327 398 3435 454 510

1851 501 1920 555 sit
1947 501 2291 572 incorpOreus
2320 513 2375 559 et
2397 506 2696 575 invisibilis,
2720 516 2801 563 est
2825 514 2998 564 tamen
3030 511 3276 566 onmibus
3304 515 3436 569 infe-

1850 593 2005 648 licior
2032 611 2047 649 :
2078 595 2201 665 quia
2224 595 2436 653 factoris
2462 598 2556 653 Dei
2583 602 2777 655 meruit
2802 602 3081 657 offensam.
3112 604 3243 658 Hinc
3271 606 3433 660 etiam

1852 684 2095 741 homines
2135 687 2375 744 infelices
2421 705 2693 757 vocamus,
2740 709 2845 748 non
2896 697 3019 764 quia
3064 696 3303 751 videmus
3341 714 3437 754 eos

1849 792 2011 832 carne
2066 779 2448 850 circumdatos,
2503 782 2598 838 sed
2642 800 2764 839 cum
2822 802 2927 840 non
2973 802 3055 850 ea,
3106 800 3159 842 ut
3203 800 3431 860 oportet,

1850 873 2360 943 utnntur:alioquin
2385 883 2439 929 et
2479 889 2641 930 carne
2668 876 2989 933 induebatur
3032 880 3247 936 Paulus.
3285 882 3435 939 Unde

1850 960 2010 1031 igitur
2040 964 2157 1017 talis
2184 966 2424 1032 emersit,
2459 975 2513 1021 et
2542 968 2761 1022 tantus?
2804 968 2870 1024 Et
2898 985 2967 1024 ex
3001 974 3217 1042 proprio
3244 975 3434 1028 videli-

1849 1063 1956 1120 cet,
1986 1063 2040 1109 et
2068 1071 2133 1110 ex
2164 1058 2271 1112 Deo
2299 1075 2314 1112 :
2346 1067 2400 1113 et
2426 1058 2624 1115 idcirco
2660 1077 2726 1115 ex
2776 1062 2907 1129 Deo,
2940 1065 3063 1134 quia
3102 1065 3170 1119 de
3196 1068 3435 1136 proprio.

1847 1144 1963 1199 Non
1991 1147 2133 1201 enim
2175 1157 2257 1203 est
2297 1163 2645 1218 personarum
2690 1162 2942 1222 acceptor
2976 1155 3117 1209 Deus
3150 1155 3285 1226 (Act.
3321 1157 3434 1228 10).

1849 1235 1904 1289 Si
1947 1247 2126 1291 autem
2163 1237 2386 1306 dixeris,
2429 1241 2494 1295 Et
2541 1243 2988 1310 quemadmodum
3041 1246 3186 1301 illum
3239 1247 3437 1303 imitari

1849 1329 2101 1396 possibile
2142 1330 2265 1384 est?
2314 1330 2462 1385 disce
2510 1332 2637 1401 quid
2689 1333 2886 1388 dixerit
2936 1352 2951 1388 :
3000 1334 3290 1390 Imitatores
3341 1340 3438 1391 mei

1848 1428 2019 1483 estote,
2059 1421 2187 1473 sicut
2234 1428 2281 1475 et
2320 1437 2410 1491 ego
2440 1420 2631 1476 Christi
2661 1425 2734 1494 (l.
2769 1423 2886 1478 Cor.
2917 1427 3003 1479 ll.
3038 1427 3115 1498 1).
3147 1429 3240 1483 llle
3270 1428 3437 1498 ipsius

1846 1506 2042 1564 Christi
2088 1510 2310 1566 effectus
2351 1522 2433 1567 est
2480 1514 2733 1580 imitator,
2785 1522 2841 1569 tu
2890 1532 3021 1570 vero
3066 1532 3166 1572 nee
3208 1521 3437 1588 apestoli

1846 1604 2130 1657 conservi:
2164 1604 2251 1659 ille
2284 1605 2491 1659 Domini
2516 1607 2796 1661 temulator
2840 1609 2955 1674 fuit,
2975 1618 3027 1662 tu
3053 1621 3233 1664 autem
3263 1628 3439 1681 neque

1846 1693 2091 1749 Conservi
2120 1711 2133 1747 :
2164 1702 2218 1748 et
2256 1710 2414 1765 quam
2447 1696 2658 1752 tandem
2699 1698 2899 1768 poteris
2946 1699 3283 1770 negligentia:
3332 1710 3438 1757 tua:

1847 1786 2092 1840 umbram
2134 1785 2462 1843 obtendere?
2500 1788 2960 1854 Quemadmodum
2995 1807 3126 1846 vero
3152 1807 3274 1846 eum
3317 1794 3438 1847 imi-

1848 1886 1987 1932 tatus
2030 1877 2119 1943 sit,
2168 1877 2422 1933 ostendit.
2467 1877 2630 1949 ldque
2677 1880 2745 1934 ab
2782 1880 2934 1935 initio
2964 1882 3244 1938 considera
3275 1894 3329 1938 ct
3367 1886 3436 1940 ab

1846 1969 1978 2039 ipsis
2031 1970 2324 2039 principiis.
2376 1970 2600 2039 Quando
2661 1973 2802 2026 enim
2846 1988 2912 2028 ex
2961 1975 3066 2028 illis
3112 1976 3435 2034 salutaribus

1848 2062 2066 2115 emersit
2094 2062 2327 2127 fluentis,
2363 2071 2510 2116 tanto
2540 2064 2660 2132 igne
2686 2064 2876 2132 plenus
2903 2065 3095 2132 exivit,
3129 2077 3187 2120 ut
3214 2083 3312 2122 nec
3339 2084 3434 2123 ne-

1847 2153 2137 2206 cessarium
2165 2153 2267 2207 sibi
2304 2160 2516 2221 putaret
2550 2155 2885 2223 magistrum.
2914 2154 3032 2210 Non
3068 2157 3210 2210 enim
3240 2172 3431 2228 exspe—

1845 2246 2007 2300 Ctavit
2028 2246 2265 2312 Petrum,
2291 2263 2390 2302 nec
2415 2247 2558 2303 venit
2584 2247 2650 2301 ad
2673 2247 2951 2314 Jacohum,
2976 2264 3149 2319 neque
3174 2249 3239 2303 ad
3266 2252 3431 2307 alium

1846 2336 2064 2390 omnino
2102 2352 2424 2408 quemquam
2459 2354 2472 2391 :
2512 2338 2606 2392 sed
2652 2339 2869 2407 propria
2908 2340 3180 2393 alacritate
3225 2351 3429 2410 raptus,

1848 2428 1915 2481 ita
1948 2436 2108 2482 totam
2134 2428 2273 2481 illam
2301 2429 2354 2482 in
2377 2443 2480 2497 qua
2508 2428 2683 2483 fuerat
2710 2428 3029 2497 baptizatus,
3057 2429 3435 2498 praedicatione

1845 2534 1940 2572 sua
1972 2518 2314 2572 inflammavit
2342 2519 2548 2583 urbem,
2584 2527 2641 2573 ut
2666 2520 3016 2573 saevissimum
3046 2529 3231 2574 contra
3261 2534 3319 2575 se
3341 2520 3437 2575 Ju—

1846 2600 2082 2666 dmorum
2104 2611 2340 2681 praalinm
2368 2612 2679 2665 concitaret.
2702 2610 2775 2681 (a)
2798 2606 3274 2682 [Violentissimum
3290 2613 3434 2668 enim

1846 2712 2284 2773 persequutorem
2332 2702 2579 2757 Christus
2627 2703 2683 2757 in
2734 2702 3168 2758 ardentissimum
3216 2714 3436 2774 repente

1849 2794 2248 2864 prmdicatorem
2306 2793 2723 2867 immutaverat.]
2777 2794 3050 2865 Siquidem
3101 2797 3259 2850 etiam
3312 2811 3434 2851 cum

1846 2883 2063 2939 Judaaus
2084 2894 2246 2950 esset,
2279 2898 2439 2954 supra
2470 2884 2782 2954 dignitatem
2812 2899 2963 2939 suam
2991 2885 3156 2939 multa
3189 2885 3433 2953 faciebat,

1847 2974 2090 3044 alligans,
2122 2975 2416 3042 abduceus,
2450 2974 2669 3030 trahens
2691 2975 2743 3030 in
2776 2976 3046 3046 publicum
3080 2976 3431 3032 Christianos.

1847 3064 1935 3121 Sic
1961 3068 2121 3123 etiam
2161 3067 2336 3123 Moses
2375 3084 2497 3124 cum
2542 3083 2573 3123 a
2616 3068 2765 3123 nullo
2793 3069 2845 3122 in
2869 3070 3221 3138 principatum
3254 3071 3436 3141 populi

1848 3156 2125 3211 ordinatus
2154 3156 2362 3225 fuisset,
2404 3158 2731 3213 contribules
2760 3172 2885 3214 suos
2914 3166 3095 3215 tamen
3121 3175 3152 3213 a
3184 3159 3438 3216 barbaro-

1848 3263 1962 3301 rum
1999 3247 2274 3318 iniquitate
2303 3247 2559 3303 defendit.

1920 3337 2260 3392 Fortitudinis
2288 3354 2403 3393 vera
2423 3340 2568 3410 signa
2594 3339 2646 3393 in
2673 3338 2862 3393 Paulo.
2893 3369 2961 3379 -—
2986 3339 3111 3395 Hzec
3132 3342 3275 3395 enim
3311 3350 3440 3398 sunt

1849 3429 2005 3485 fortis
2045 3429 2321 3499 cujusdam
2362 3445 2426 3484 ac
2466 3430 2633 3484 virilis
2663 3431 2826 3484 animi
2865 3438 3013 3485 certa
3053 3430 3376 3487 documenta
3420 3450 3435 3487 :

1850 3519 1952 3575 hoc
1974 3521 2182 3591 signum
2208 3522 2440 3590 propriae
2463 3521 2752 3591 liberieque
2776 3522 3075 3587 sententiae,
3103 3538 3438 3593 nequaquam

1851 3611 1905 3666 in
1949 3612 2177 3667 aliorum
2206 3612 2584 3668 afflictionibus
2632 3622 2816 3667 tenere
2846 3613 3179 3682 patientiam,
3216 3613 3310 3669 sed
3342 3615 3439 3669 be-

1851 3704 2011 3773 nigne
2048 3714 2208 3773 atque
2239 3712 2548 3758 constanter
2584 3705 2720 3759 tueri
2750 3719 2865 3771 eos,
2909 3705 2997 3774 qui
3041 3705 3438 3773 opprimuntur,

1850 3794 2059 3847 etiamsi
2112 3794 2291 3847 uullo‘
2343 3793 2395 3847 in
2444 3795 2543 3847 hoc
2585 3793 2863 3847 ordinetur
2908 3793 3106 3847 officio.
3147 3793 3281 3859 Quia
3312 3809 3441 3848 vero

1849 3886 1991 3955 juste
2020 3899 2151 3954 opus
2179 3884 2475 3954 arripuerat
2506 3884 2855 3954 principatus,
2889 3884 3028 3937 Deus
3065 3884 3203 3937 hanc
3224 3884 3272 3938 ei
3296 3892 3444 3953 post-

1853 3993 1914 4033 ea
1956 3977 2179 4031 contulit
2228 3976 2562 4045 dignitatem.
2621 3975 2851 4044 ldipsum
2888 3984 3063 4028 autem
3107 3974 3335 4042 servavit
3380 3974 3436 4028 in

1852 4070 2016 4123 Paulo
2048 4087 2060 4122 :
2088 4067 2176 4137 qui
2204 4082 2359 4135 quam
2392 4074 2537 4120 recte
2577 4064 2776 4119 faceret
2821 4065 2960 4118 ultro
2988 4064 3249 4132 arripiens
3286 4064 3435 4119 initia

1853 4159 2117 4214 sermonis
2141 4167 2299 4227 atque
2324 4156 2598 4219 doctrinae,
2630 4154 2769 4209 Deus
2803 4154 3046 4208 similiter
3070 4153 3302 4208 ostendit
3326 4152 3440 4206 cito

1853 4252 2087 4307 doctoris
2128 4265 2250 4304 eum
2291 4249 2492 4301 honore
2526 4246 2835 4301 sublimans.
2876 4246 2930 4302 Si
2978 4248 3117 4300 enim
3149 4246 3440 4317 magisterii

1854 4352 2009 4412 atque
2037 4342 2295 4412 primatus
2315 4338 2635 4406 adipiscendi
2657 4339 2822 4406 gratia
2850 4337 2915 4391 ad
2937 4337 3267 4406 procuranda
3294 4347 3441 4394 tanta

1854 4434 2065 4501 negotia
2098 4431 2483 4499 prosiluissent,
2525 4438 2914 4496 consequenter
2943 4437 3122 4481 essent
3161 4427 3229 4481 de
3259 4427 3434 4487 ambi-

1856 4527 2001 4581 tione
2040 4524 2333 4592 culpabiles
2367 4540 2378 4574 :
2420 4536 2540 4575 cum
2569 4534 2697 4574 vero
2740 4519 2971 4589 pericula
3002 4519 3211 4588 utrique
3252 4519 3443 4588 dilige-

1856 4626 1996 4681 rent,
2028 4623 2335 4682 mortesque
2377 4613 2427 4665 iu
2465 4626 2523 4665 se
2565 4611 2797 4679 undique
2823 4617 3187 4679 procurarent,
3221 4617 3279 4662 ut
3305 4608 3440 4664 alios

1857 4710 2193 4778 acquirerem
2221 4706 2272 4759 iu
2316 4705 2561 4765 salutem,
2595 4704 2712 4771 quis
2760 4710 2865 4755 tam
2892 4710 3074 4769 aperte
3117 4699 3299 4753 infelix
3328 4708 3434 4766 est,

1856 4802 1945 4872 qui
1974 4809 2133 4855 tanta:
2157 4797 2453 4852 devotionis
2482 4795 2713 4850 studium
2741 4792 3093 4847 criminetur?
3118 4791 3271 4857 Quod
3296 4792 3442 4846 enim

1856 4898 2078 4951 aliorum
2110 4901 2346 4946 amantes
2383 4890 2606 4944 salutem
2635 4888 2733 4940 ista
2764 4886 3100 4955 perfecerint,
3128 4892 3183 4939 et
3218 4892 3436 4938 senten-

1857 4992 1925 5044 tia
1956 4985 2245 5043 declaravit
2271 4983 2384 5049 Dei,
2419 4991 2678 5035 eteorum
2710 4977 2953 5048 perditio,
2998 4977 3086 5046 qui
3117 4976 3256 5033 male
3281 4975 3442 5028 istum

1858 5081 2239 5147 concupierunt
2272 5074 2547 5128 honorem.
2591 5071 2864 5124 lrrueruut
2901 5066 3160 5136 siquidem
3214 5074 3340 5117 tunc
3386 5072 3442 5117 et

1859 5172 1948 5227 alii
1979 5171 2030 5224 in
2073 5165 2371 5236 huiusmodi
2399 5163 2773 5234 principatum,
2817 5158 2910 5213 sed
2938 5157 3112 5227 potius
3136 5152 3444 5222 interempti

1859 5270 1983 5317 sunt
2017 5277 2029 5310 :
2062 5273 2184 5311 nam
2235 5257 2459 5310 alterum
2500 5252 2711 5322 quidem
2758 5252 2938 5320 lapsus
2976 5248 3043 5301 de
3082 5245 3215 5299 cado
3242 5241 3448 5296 exussit

1860 5352 2015 5422 ignis,
2066 5351 2290 5402 alterum
2335 5345 2537 5399 subitus
2568 5351 2722 5396 terra:
2763 5340 2940 5393 hiatus
2980 5334 3273 5390 absorbuit.
3321 5331 3444 5387 Non

1861 5446 2003 5500 enim
2038 5450 2255 5511 propter
2281 5438 2648 5493 defensionem
2678 5433 2857 5503 p0puli
2892 5431 2991 5484 ista
3030 5425 3311 5491 faciebant,
3341 5422 3436 5479 sed

1860 5537 1929 5591 ob
1954 5535 2174 5604 gloriam
2204 5528 2492 5600 dignitatis.
2524 5526 2679 5580 lrruit
2716 5535 2769 5578 et
2794 5523 2967 5584 Ozias,
2994 5518 3089 5573 sed
3121 5518 3266 5586 lepra
3294 5531 3443 5571 com-

1860 5625 2157 5682 maculante
2193 5623 2407 5692 punitus
2452 5629 2533 5673 est
2572 5617 2647 5690 (2.
2699 5613 2880 5669 Paral.
2919 5611 3010 5680 26)
3045 5609 3239 5664 :irruit
3283 5607 3444 5667 etiam

1925 5740 2007 5770 tl.‘

1925 5740 1940 5770 ι
1994 5745 2007 5767 r

1923 5745 1998 5863 (al)
2008 5745 2139 5859 05in:
2156 5734 2655 5849 clauduntur
2676 5792 2725 5841 in
2739 5790 2905 5841 Graeco
2928 5798 3023 5837 non
3046 5791 3255 5837 exstant.
