3876 6286
452 359 568 417 διι-
1239 362 1295 416 S.
1328 359 1610 416 JOANNIS
1633 353 2006 411 CHRYSOS’I'.
2055 353 2367 411 ARCHIEP.
2410 352 2948 416 CONSTANTINOP.

450 484 656 549 Simon,
713 482 806 538 sed
856 477 1170 550 reprobatus
1232 484 1350 535 est,
1401 480 1456 525 et
1514 468 1650 524 mori
1699 466 2024 539 periclitatus

457 577 592 646 (Act.
634 574 692 645 8)
723 592 735 628 :
761 574 913 628 irruit
949 586 1075 626 vero
1113 569 1270 623 etiam
1307 564 1522 626 Paulus,
1565 560 1658 617 sed
1701 561 2030 632 apostolatus

452 666 618 735 gloria
660 672 943 720 coronatus
969 670 1069 716 est.
1109 659 1223 714 Non
1247 657 1389 712 enim
1429 657 1480 710 in
1525 653 1900 718 sacerdotium,
1933 669 2031 708 nec

453 758 735 822 honorem,
755 754 848 810 sed
870 755 922 809 in
949 751 1300 807 ministerium
1328 747 1480 802 irruit
1500 761 1562 801 ac
1587 745 1833 810 labores;
1864 747 2031 799 maxi-

454 863 644 918 meque
671 849 722 900 in
752 845 853 901 hoc
880 845 997 900 zelo
1019 843 1359 899 etalacritate
1380 839 1686 910 pr0peravit
1715 854 1728 892 :
1753 847 2031 908 propterea

452 937 788 1006 praedicatur,
817 944 1096 1006 pr0pterea
1119 930 1376 988 continuo
1404 930 1578 984 clarus
1606 927 1854 983 efﬁcitur.
1883 928 2033 983 Sicut

451 1029 592 1082 enim
623 1027 712 1097 qui
738 1026 985 1096 princeps
1023 1022 1182 1078 fuerit
1205 1021 1502 1085 ordinatus,
1543 1019 1646 1074 nisi
1672 1018 1830 1088 digne
1855 1021 2028 1088 impo-

453 1119 612 1172 situm
654 1117 753 1172 sibi
780 1115 1116 1170 administret
1156 1112 1412 1178 ofﬁcium,
1441 1117 1675 1165 meretur
1719 1109 1882 1164 etiam
1911 1123 2028 1163 ma-

449 1207 562 1275 jora
605 1206 862 1276 supplicia
891 1222 904 1258 :
933 1205 1010 1259 sic
1041 1203 1176 1258 alter
1209 1201 1310 1258 etsi
1351 1215 1458 1256 non
1487 1198 1761 1255 ordinetur
1793 1198 2028 1270 quidem,

453 1297 706 1368 suscipiat
737 1306 934 1363 tamen,
974 1305 1030 1349 et
1070 1295 1209 1348 sicut
1235 1299 1446 1362 oportet
1492 1289 1729 1359 impleat,
1779 1303 1884 1342 non
1911 1288 2030 1342 dico

451 1387 826 1453 sacerdotium,
849 1385 946 1440 sed
967 1383 1370 1439 sollicitudinem
1401 1395 1687 1450 curamque
1716 1380 2027 1445 multorum,

456 1480 598 1533 omni
627 1479 865 1549 profecto
892 1487 972 1531 est
997 1477 1201 1530 honore
1227 1474 1590 1545 dignissimus.
1615 1473 1904 1542 Propterea
1931 1472 2029 1541 igi-

453 1580 540 1624 tur
565 1585 632 1624 ne
659 1585 819 1623 unum
849 1568 1058 1638 quidem
1083 1567 1221 1621 diem
1249 1567 1300 1620 in
1331 1566 1440 1619 otio
1469 1579 1655 1634 passus
1674 1571 1760 1618 est
1787 1563 2032 1632 ctquiete

456 1661 681 1716 transire
708 1661 791 1714 hic
820 1660 870 1712 in
897 1657 1216 1728 prccdicandi
1242 1655 1433 1712 ardore
1454 1657 1570 1724 ipso
1592 1655 1711 1724 igne
1740 1653 2030 1710 vehemens-

468 1751 604 1814 tior;
647 1750 741 1804 sed
795 1749 949 1804 simul
993 1760 1050 1802 nt
1085 1749 1356 1803 salutifero
1396 1762 1459 1802 ex
1506 1745 1653 1808 fonte
1689 1745 2030 1810 conscendit,

457 1840 841 1910 plurimumque
871 1839 924 1893 in
964 1854 1023 1892 se
1047 1838 1311 1892 flammam
1341 1837 1454 1905 ipse
1487 1835 1782 1903 succendit,
1806 1850 1910 1889 non
1941 1848 2033 1903 pe-

458 1931 624 1986 ricula
656 1931 846 1993 timuit,
875 1944 980 1982 non
1006 1929 1282 1983 irrisiones
1307 1927 1518 1991 erubuit
1541 1935 1595 1980 et
1623 1924 1906 2002 opprobria
1933 1923 2030 1978 Ju-

454 2023 712 2084 dceorum,
741 2035 914 2090 neque
949 2033 1248 2086 sermonem
1277 2031 1428 2074 suum
1457 2017 1523 2075 ab
1555 2016 1658 2070 illis
1688 2015 1866 2084 respui
1896 2015 2034 2068 indi-

454 2121 678 2184 gnanter
727 2110 847 2165 tulit
876 2127 890 2164 :
919 2125 1026 2164 non
1079 2108 1224 2170 aliud
1283 2108 1570 2180 quidquam
1616 2107 1806 2161 horum
1857 2105 2032 2174 simile

455 2205 721 2275 cogitavit,
768 2201 861 2257 sed
887 2201 1020 2255 alios
1043 2200 1310 2268 accipiens
1336 2200 1538 2266 oculos,
1566 2199 1746 2268 utique
1773 2198 2030 2262 caritatis,

454 2299 716 2368 aliamque
742 2305 996 2358 mentem,
1029 2295 1195 2350 multo
1219 2309 1338 2348 cum
1367 2293 1565 2362 impetu
1593 2293 1762 2352 instar
1785 2291 2034 2346 torrentis

455 2387 663 2457 irrupit,
692 2387 869 2441 omnia
896 2386 1092 2456 pariter
1124 2385 1429 2450 Judteorum
1457 2385 1674 2440 trahens
1713 2392 1870 2452 atque
1899 2398 2030 2443 con-

455 2479 693 2540 volvens,
720 2487 776 2532 et
817 2491 884 2531 ex
923 2476 1210 2544 Scripturis
1255 2476 1428 2547 ipsum
1456 2489 1576 2534 esse
1617 2473 1888 2532 Christum
1919 2475 2034 2528 evi-

455 2571 645 2624 denter
672 2567 981 2628 ostendens.
1016 2567 1086 2632 Et
1113 2575 1258 2622 certe
1299 2565 1535 2633 nondum
1565 2567 1618 2620 in
1645 2581 1712 2620 eo
1735 2575 1840 2620 tam
1871 2566 2033 2633 multa

455 2661 639 2730 gratiae
693 2673 912 2713 munera
959 2658 1328 2726 coruscabant,
1387 2657 1621 2712 nondum
1672 2665 1815 2712 tanta
1865 2657 2036 2713 fuerat

458 2752 686 2821 Spiritus
726 2749 1114 2815 illuminatione
1159 2749 1407 2812 donatus,
1459 2747 1552 2803 sed
1600 2758 1774 2803 tamen
1826 2746 2033 2802 inﬂam-

461 2853 598 2898 mata
629 2845 881 2897 continuo
906 2842 1171 2908 voluntas,
1199 2841 1618 2909 mortificatath
1647 2841 1821 2894 anima
1845 2849 2035 2902 cuncta

461 2935 706 3000 faciebat,
735 2941 788 2988 et
811 2932 961 3004 quasi
988 2947 1198 3000 semper
1215 2930 1546 2986 satisfaceret
1579 2931 1686 2986 Deo
1705 2930 1772 2986 de
1801 2939 2038 3000 tempore

459 3028 564 3097 jam
593 3032 829 3096 peracto,
861 3024 938 3078 sic
980 3022 1201 3093 gerebat
1234 3020 1433 3087 omnia,
1469 3021 1546 3074 sic
1574 3021 1718 3074 lucra
1746 3021 2039 3090 spiritualia

462 3116 696 3186 undique
734 3114 1033 3184 colligebat,
1080 3113 1134 3167 in
1175 3112 1370 3180 locum,
1418 3111 1508 3181 qui
1556 3119 1698 3166 esset
1743 3111 1870 3167 belli
1916 3126 2038 3182 pars

461 3205 710 3270 maxima,
745 3212 800 3259 et
827 3204 1066 3258 laborum
1098 3201 1564 3273 periculorumque
1594 3201 1768 3270 plena,
1817 3201 2040 3257 fidenter

460 3296 719 3352 insiliens.

534 3385 828 3449 Obedlientia
856 3382 1010 3444 Pauli
1037 3381 1434 3443 commendatur.
1457 3411 1530 3423 —
1552 3381 1664 3438 lloc
1683 3396 1814 3448 vero
1837 3378 2042 3452 majore

462 3495 673 3551 quoque
699 3476 1050 3532 admiratione
1077 3476 1293 3546 dignum
1320 3485 1422 3542 est,
1451 3475 1593 3546 quod
1617 3490 1738 3530 cum
1767 3485 1872 3529 tam
1899 3483 2042 3529 esset

464 3573 668 3639 audax,
714 3586 778 3627 ac
816 3571 963 3636 velut
1003 3569 1068 3624 ad
1117 3583 1348 3638 pugnam
1390 3582 1602 3638 semper
1639 3569 1940 3632 accinctus,
1989 3575 2044 3632 et

465 3667 639 3736 ignem
668 3663 955 3735 quemdam
985 3661 1234 3725 bellicum
1264 3663 1472 3731 spirans
1490 3703 1505 3725 ,
1534 3660 1605 3714 ita
1649 3674 1833 3714 rursus
1870 3659 2045 3728 placa-

464 3757 622 3814 bilem
651 3770 714 3810 ac
750 3753 1032 3815 flexibilem
1061 3768 1120 3808 se
1150 3751 1420 3822 praebebat
1452 3749 1751 3819 magistris,
1800 3757 1857 3804 ut
1883 3763 2043 3803 num-

464 3866 622 3921 qnam
653 3862 747 3903 eos
777 3845 861 3901 vel
904 3844 959 3911 in
989 3853 1135 3899 tanto
1181 3845 1269 3899 illo
1313 3844 1512 3912 impetu
1547 3840 1835 3896 alacritatis
1871 3838 2043 3908 oﬁ‘en-

471 3943 637 3996 .leret.
667 3939 846 4008 Itaque
873 3937 1095 3992 ferventi
1125 3945 1248 3996 tunc
1267 3978 1283 4004 ,
1312 3935 1394 3990 vel
1422 3935 1595 4004 potius
1623 3932 1816 3989 furenti
1844 3945 2045 4010 pmice-

468 4040 657 4102 perunt
676 4070 691 4095 ,
724 4037 781 4083 ut
810 4029 910 4083 iret
935 4027 1159 4090 Tarsum
1199 4036 1357 4095 atque
1380 4025 1710 4088 Caesaream,
1737 4037 1837 4077 nec
1866 4030 2046 4078 tamen

465 4121 658 4179 renuit.
701 4121 959 4178 Dixerunt
985 4119 1110 4190 quia
1139 4133 1260 4174 eum
1304 4131 1398 4192 per
1421 4129 1631 4172 murum
1660 4112 1854 4182 deponi
1883 4126 2044 4182 opor-

463 4221 632 4280 teret,
675 4221 730 4268 et
769 4224 958 4282 passus
1003 4218 1086 4264 est
1123 4227 1138 4264 :
1179 4207 1441 4263 dederunt
1474 4205 1751 4260 consilium
1795 4211 1852 4257 ut
1888 4211 2048 4272 caput

464 4310 708 4370 raderet,
741 4318 849 4360 non
878 4301 1074 4357 restitit
1106 4319 1119 4356 :
1151 4307 1434 4357 suaserunt
1471 4314 1538 4352 ne
1581 4298 1634 4352 in
1675 4297 1938 4350 theatrum
1965 4295 2048 4349 in-

461 4401 804 4470 grederetur,
832 4405 888 4451 et
913 4395 1094 4450 cessit.
1127 4393 1200 4452 lta
1227 4407 1285 4446 se
1314 4391 1438 4447 huic
1466 4390 1544 4444 rei
1572 4399 1739 4444 totum
1766 4388 2043 4447 dedicave-

464 4500 577 4558 rat,
605 4498 662 4545 ut
689 4487 866 4543 omnia
893 4500 990 4555 pro
1018 4483 1251 4538 ﬁdelium
1282 4479 1596 4534 utilitatibus
1633 4479 1859 4542 libenter
1900 4479 2043 4534 acci-

463 4589 648 4652 peret,
678 4593 777 4649 pro
805 4578 1044 4647 ipsorum
1079 4572 1428 4628 aediﬁcatione
1455 4586 1668 4641 pacem,
1700 4585 2042 4637 consensum,

464 4669 954 4742 dispensationem,
999 4664 1338 4721 concordiam
1377 4663 1679 4734 diligendo,
1707 4672 1763 4719 et
1797 4663 2045 4720 eumdem

467 4777 528 4818 se
554 4775 616 4815 ac
640 4773 853 4829 semper
871 4757 1128 4828 aequalem
1156 4755 1514 4827 prtedicationi
1542 4757 1735 4827 ubique
1758 4755 2042 4811 servando.

465 4855 601 4910 Cum
627 4853 782 4924 igitur
807 4853 980 4915 audis,
1015 4851 1154 4923 quod
1184 4853 1384 4907 sororis
1411 4851 1574 4906 ﬁlium
1603 4850 1809 4907 miserit
1832 4850 1901 4904 ad
1929 4848 2048 4904 Tri-

465 4949 690 5012 bunum,
716 4945 900 5001 volens
926 4945 994 5000 de
1024 4945 1272 5014 periculis
1308 4945 1540 5009 liberari,
1570 4953 1624 4998 et
1651 4943 1793 5014 quod
1819 4942 2047 5013 appellet

460 5041 751 5104 Caesarem,
781 5039 1030 5110 quodque
1058 5038 1282 5093 Romam
1314 5039 1392 5094 ire
1421 5037 1664 5100 fesnnet,
1710 5049 2044 5104 nequaquam

465 5143 619 5201 putes
647 5129 864 5185 verbum
893 5144 1014 5186 esse
1051 5130 1364 5184 formidinis.
1393 5129 1492 5197 Qui
1528 5129 1672 5183 enim
1709 5125 1954 5197 gemebat
1993 5124 2045 5178 in

463 5226 564 5279 hac
594 5239 656 5280 se
689 5223 864 5278 adhuc
903 5238 1022 5278 esse
1066 5223 1171 5278 vita
1193 5265 1208 5289 ,
1239 5237 1414 5276 annon
1454 5221 1628 5290 potius
1673 5218 1901 5287 eligebat
1926 5230 2048 5272 esse

461 5332 585 5371 cum
613 5315 873 5371 Christo?
900 5316 990 5385 qui
1015 5324 1070 5370 et
1101 5315 1289 5369 czelum
1319 5323 1539 5383 propter
1583 5311 1752 5380 ipsum
1782 5308 2045 5378 despicie-

468 5409 557 5464 bat
586 5408 897 5478 etangelos,
924 5421 1030 5478 quo
1057 5405 1270 5460 tandem
1300 5412 1454 5472 pacto
1480 5402 1594 5456 inec
1624 5401 1903 5472 praesentia
1927 5400 2044 5454 dili-

464 5499 665 5569 gebat?
697 5500 858 5569 Cujus
895 5499 1056 5569 igitur
1098 5497 1176 5552 rei
1216 5496 1384 5567 gratia
1429 5495 1526 5549 ista
1559 5493 1824 5550 faciebat?
1852 5491 2046 5548 Procul

467 5591 712 5648 dubiant
737 5591 932 5646 diutius
959 5588 1322 5660 praedicatioui
1349 5587 1636 5654 insisteret,
1663 5602 1890 5659 cumque
1909 5587 2047 5642 mul-

467 5683 537 5736 tis
573 5681 694 5735 hinc
717 5682 1056 5738 credentibus
1083 5690 1243 5751 atque
1271 5680 1517 5735 omnibus
1552 5678 1821 5734 coronatis
1851 5679 1950 5734 iret
1977 5677 2045 5734 ad

464 5771 757 5828 Christum.
799 5772 930 5828 Nam
963 5773 1196 5844 profecto
1239 5771 1540 5840 metuebat,
1582 5785 1650 5828 ne
1683 5784 1884 5842 pauper
1922 5769 2046 5826 hinc

3615 341 3729 398 5ιᾶ

2137 478 2295 539 atque
2323 467 2476 537 inops
2504 466 2788 530 multorum
2813 464 3000 522 salutis
3039 462 3371 531 abscederet.
3413 463 3480 518 Et
3520 461 3733 518 idcirco

2138 557 2351 620 dicebat
2385 574 2399 609 :
2439 555 2744 620 Permanere
2781 565 2948 612 autem
2993 554 3045 614 in
3083 570 3235 618 carne
3277 554 3618 608 necessarium
3655 562 3733 606 est

2133 658 2342 721 propter
2366 665 2452 702 vos
2472 647 2733 718 (Philipp.
2755 649 2805 702 1.
2825 647 2939 716 24).
2969 648 3256 717 Propterea
3281 661 3410 716 ergo
3433 661 3557 701 cum
3577 647 3735 702 vide-

2136 749 2219 795 ret
2239 739 2511 794 meliorem
2533 753 2631 807 pro
2652 752 2711 792 se
2736 738 2787 792 in
2807 737 3009 807 judicio
3035 737 3356 806 processisse
3375 737 3731 798 sententiam,

2136 830 2357 900 ipsoque
2380 829 2590 883 dicente
2615 828 2778 883 Festo
2797 868 2810 892 ,
2841 828 3043 882 Absolvi
3069 837 3267 897 poterat
3293 828 3444 881 homo
3469 829 3593 892 iste,
3625 827 3734 896 nisi

2135 923 2437 992 appellasset
2483 920 2732 978 Catsarem
2773 920 2792 989 (
2819 920 2932 974 Act.
2963 920 3053 976 26.
3080 921 3186 992 52)
3218 938 3234 976 :
3263 921 3474 992 vinctus
3519 929 3732 996 tamen,

2136 1027 2362 1083 cumque
2391 1013 2628 1082 plurimis
2655 1011 2866 1075 vinctis,
2895 1012 2982 1082 qui
3007 1012 3154 1067 mille
3181 1011 3412 1066 facinora
3438 1012 3735 1066 conmise-

2138 1116 2291 1170 rant,
2328 1105 2549 1167 ductus,
2580 1120 2688 1164 non
2718 1105 2928 1160 erubuit
2955 1118 3076 1166 eum
3122 1105 3227 1160 illis
3269 1105 3454 1175 ligari,
3484 1106 3736 1175 quinitno

2136 1196 2370 1263 omnium
2388 1196 2546 1250 simul
2568 1195 2926 1265 navigantium
2955 1210 3135 1254 curam
3159 1197 3399 1266 gerebat,
3417 1198 3499 1265 sui
3525 1199 3734 1267 quippe

2137 1304 2377 1353 securus,
2412 1303 2580 1358 seque
2606 1296 2773 1342 tutum
2800 1288 2930 1342 satis
2958 1303 3078 1352 esse
3103 1289 3452 1357 certissimus.
3479 1291 3732 1360 Cumque

2138 1383 2345 1436 vinctus
2375 1397 2468 1451 per
2499 1392 2605 1436 tam
2649 1390 2854 1435 vastum
2885 1381 3101 1452 pelagus
3129 1381 3414 1447 duceretur
3437 1421 3455 1447 ,
3488 1383 3564 1436 ita
3593 1399 3731 1451 gau-

2136 1474 2294 1538 debat
2323 1482 2522 1536 tamen,
2552 1483 2819 1542 tamquam
2846 1473 2901 1532 in
2923 1473 3209 1527 maximum
3239 1472 3527 1527 duceretur
3559 1474 3733 1542 impos

2136 1566 2294 1621 rium.
2323 1565 2534 1620 Etenim
2561 1580 2666 1619 non
2695 1579 2911 1634 parvum
2937 1564 3012 1618 illi
3051 1564 3330 1634 praemium
3357 1566 3507 1619 urbis
3536 1565 3731 1621 Romae

2137 1657 2417 1718 conversio
2447 1656 2863 1726 proponebatur.
2899 1655 3091 1710 Verum
3122 1671 3190 1710 ne
3219 1655 3340 1712 illos
3364 1656 3609 1726 quidem,
3636 1659 3731 1727 qui

2139 1748 2339 1816 pariter
2374 1747 2722 1817 navigabant,
2749 1746 3024 1816 despecturi
3055 1746 3331 1802 habendos
3359 1749 3566 1816 putavit
3593 1765 3607 1799 :
3632 1747 3731 1815 sed

2136 1839 2242 1892 illis
2281 1853 2493 1908 quoque
2520 1838 2758 1892 veritatis
2801 1838 3063 1893 suavitate
3091 1837 3392 1893 modulatus
3429 1849 3548 1903 est,
3584 1839 3732 1899 indi:

2139 1942 2268 1994 cans
2294 1929 2393 1983 sibi
2425 1929 2632 1990 divinos
2659 1929 2970 2000 apparuisse
2993 1931 3191 1994 vultus,
3233 1940 3289 1990 et
3324 1945 3408 1995 ea,
3455 1945 3582 2000 qua:
3610 1930 3732 1984 fue-

2135 2029 2256 2075 rant
2293 2022 2394 2075 sibi
2437 2022 2576 2076 dicta
2601 2062 2616 2083 ,
2661 2037 3088 2077 commemorans
3119 2040 3132 2076 :
3165 2023 3216 2077 id
3241 2033 3362 2090 est,
3394 2022 3510 2090 Tibi
3539 2024 3733 2090 donaui

2135 2113 2360 2181 homines
2399 2115 2524 2167 istos
2550 2113 2694 2183 (Act.
2716 2113 2806 2166 27.
2829 2111 2958 2184 24).
3000 2113 3113 2170 Hoc
3143 2128 3268 2168 vero
3298 2113 3527 2168 faciebat
3549 2157 3566 2176 ,
3620 2131 3732 2174 non

2135 2206 2372 2274 seipsum
2401 2216 2713 2275 arroganter
2740 2206 3034 2273 extollens,
3077 2205 3170 2260 sed
3210 2206 3329 2260 illos
3357 2207 3457 2260 sibi
3489 2206 3559 2261 ad
3604 2223 3732 2276 per.-

2136 2297 2442 2352 snasiouem
2482 2297 2605 2351 fidei
2649 2311 2863 2366 parans.
2907 2296 3194 2365 PrOpterea
3231 2306 3286 2352 et
3314 2297 3454 2351 Dens
3484 2299 3734 2367 permisit

2141 2389 2357 2459 pelagus
2386 2389 2731 2454 commoveri,
2763 2398 2819 2443 ut
2863 2405 2958 2458 per
2998 2390 3049 2443 id
3078 2389 3218 2459 quod
3244 2389 3458 2443 auditus
3489 2405 3597 2446 non
3623 2400 3731 2468 est,

2137 2488 2192 2534 et
2239 2495 2335 2551 per
2381 2479 2432 2533 id
2476 2479 2618 2548 quod
2660 2479 2870 2548 auditus
2899 2488 3002 2552 est,
3049 2480 3337 2549 spiritualis
3381 2480 3527 2535 Pauli
3557 2483 3733 2552 gratia

2139 2570 2484 2648 panderetur.
2508 2569 2638 2624 Nam
2661 2579 2716 2626 et
2744 2585 2864 2625 cum
2889 2570 3123 2626 dedisset
3145 2572 3446 2639 consilium,
3473 2574 3734 2643 navigan.-

2139 2661 2264 2715 dum
2295 2676 2400 2715 non
2429 2675 2570 2723 esse,
2600 2671 2936 2731 contemptus
2959 2670 3076 2726 est,
3097 2671 3421 2733 ventumque
3447 2672 3533 2717 est
3559 2679 3734 2733 usque

2139 2753 2204 2808 ad
2233 2761 2473 2808 extrema
2520 2754 2825 2815 discrimina
2859 2752 3069 2825 (Ibid).
3099 2753 3294 2808 Verum
3325 2769 3393 2808 ne
3417 2764 3736 2824 contemptu

2141 2843 2354 2914 quidem
2407 2859 2590 2898 eorum
2644 2845 2813 2900 factus
2861 2854 2944 2900 est
2991 2845 3308 2908 onerosior;
3362 2844 3457 2899 sed
3519 2861 3733 2916 rursus,

2140 2936 2290 3005 quasi
2338 2945 2487 3005 pater
2535 2937 2656 2992 ﬁliis
2702 2937 3019 3007 providebat
3061 2939 3355 3008 agebatque
3397 2940 3577 2992 omnia
3603 2980 3619 3005 ,
3665 2954 3735 3012 ne

2142 3028 2418 3102 quisquam
2447 3029 2668 3098 periret.
3323 3082 3326 3084 ν

2205 3119 2384 3174 Romae
2399 3128 2638 3189 quantam
2651 3120 2941 3175 modestiam
2954 3120 3250 3175 exhibuerit.
3271 3118 3597 3190 Comparatio
3618 3137 3735 3185 runt

2143 3208 2272 3263 duce
2299 3209 2563 3264 exercitus.
2601 3238 2676 3250 —
2712 3209 2995 3282 Postquam
3031 3224 3158 3264 vero
3191 3210 3415 3270 Romam
3461 3210 3738 3279 ingressus

2142 3308 2228 3362 est
2246 3341 2262 3365 ,
2294 3299 2367 3356 ibi
2393 3314 2604 3369 quoque
2625 3308 2818 3370 quanta
2846 3313 2967 3354 cum
2997 3299 3258 3354 modestia
3284 3299 3564 3354 annuntiat
3587 3301 3736 3354 veri-

2145 3399 2329 3457 tatem,
2355 3401 2554 3462 quanta
2575 3391 2735 3450 etiam
2759 3406 2880 3458 eum
2903 3392 3150 3446 libertate
3173 3392 3402 3448 obstruit
3421 3406 3514 3446 ora
3541 3392 3740 3460 impio—

2145 3487 2294 3542 rum!
2324 3485 2522 3550 Verum
2551 3501 2651 3541 nec
2674 3485 2747 3540 ibi
2767 3493 2913 3542 stare
2939 3494 3243 3555 contentus,
3274 3485 3432 3539 etiam
3459 3484 3513 3538 in
3543 3484 3739 3553 Hispa-

2147 3577 2290 3632 niam
2332 3577 2617 3646 percurrit.
2661 3573 2798 3635 Cum
2843 3583 3022 3630 autem
3061 3575 3257 3646 saepius
3305 3574 3449 3628 varia
3497 3574 3738 3644 pericula

2146 3666 2474 3732 sustineret,
2501 3664 2802 3723 conﬁdebat
2834 3665 3002 3736 magis
3041 3675 3202 3736 atque
3240 3664 3400 3720 ﬁebat
3435 3665 3737 3722 audacior:

2145 3773 2249 3820 nec
2275 3758 2388 3828 ipse
2421 3757 2592 3814 solum
2615 3798 2632 3824 ,
2664 3756 2758 3813 sed
2789 3741 2949 3824 etiam
2988 3756 3232 3826 discipuli
3262 3767 3477 3826 propter
3517 3757 3692 3826 ipsum
3713 3797 3732 3822 ,

2147 3853 2238 3922 qui
2261 3851 2374 3921 ejus
2399 3851 2582 3920 utique
2605 3849 2949 3918 ﬁrmabantur
2971 3849 3240 3920 esemMO.
3267 3848 3734 3917 Quemadmodum

2147 3941 2290 4008 enim
2316 3941 2362 3996 si
2382 3954 2504 3996 eum
2526 3939 2883 4007 remissiorem
2906 3938 3312 4009 segnioremque
3335 3937 3614 4002 vidissent,
3635 3937 3738 4006 ipsi

2148 4033 2310 4088 etiam
2338 4031 2562 4087 fortasse
2585 4030 2811 4095 fuissent
2838 4045 3070 4093 maerore
3097 4029 3292 4100 dejecti
3319 4047 3332 4083 :
3365 4029 3438 4084 ita
3466 4030 3557 4098 qui
3584 4029 3738 4086 illum

2148 4122 2425 4180 fortiorem
2453 4121 2648 4184 factum
2677 4136 2798 4182 esse
2818 4121 3135 4185 cernebant,
3163 4130 3218 4176 et
3241 4121 3381 4175 inter
3404 4121 3624 4190 injurias
3650 4131 3737 4174 at-

2149 4227 2253 4289 que
2280 4212 2461 4284 plagas
2498 4211 2812 4269 constantiae
2838 4225 2982 4280 saepe
3009 4211 3205 4266 virtute
3231 4220 3562 4265 crescentem
3585 4250 3602 4277 ,
3634 4211 3737 4281 ipsi

2149 4319 2360 4376 quoque
2384 4319 2504 4359 cum
2527 4304 2730 4374 majore
2753 4303 2940 4358 ﬁducia
2965 4302 3322 4372 prtedicabant
3347 4319 3360 4354 :
3390 4302 3550 4372 idque
3569 4303 3738 4374 signi.

2149 4396 2316 4454 ﬁcans
2339 4397 2410 4451 ait
2436 4437 2453 4462 ,
2481 4394 2568 4449 Ita
2594 4404 2646 4449 ut
2678 4395 2847 4464 plures
2870 4411 2897 4448 e
2923 4394 3166 4464 fratribus
3191 4393 3496 4462 conﬁdentes
3521 4393 3739 4458 vinculis

2149 4488 2293 4548 meis.
2315 4486 2654 4540 abundantius
2673 4486 2910 4539 auderent
2931 4485 3038 4539 sine
3060 4485 3236 4538 timore
3259 4485 3459 4538 verbum
3480 4483 3578 4537 Dei
3599 4483 3740 4554 loqui

2154 4579 2173 4649 (
2202 4577 2394 4648 Philip.
2425 4581 2476 4632 l.
2511 4579 2576 4633 M
2597 4575 2640 4648 ).
2692 4577 2748 4633 Si
2779 4577 2920 4632 enim
2945 4576 3053 4639 dux
3083 4578 3285 4632 militiae
3315 4578 3474 4632 fuerit
3497 4577 3651 4633 fortis
3675 4593 3741 4634 ac

2150 4671 2432 4738 robustus,
2460 4685 2566 4726 non
2603 4670 2764 4725 modo
2800 4671 3013 4725 caedeus
3049 4681 3207 4740 atque
3237 4680 3617 4739 prosternens,
3648 4687 3742 4726 ve.

2150 4777 2267 4816 rum
2291 4762 2455 4816 etiam
2483 4761 2706 4817 vulnere
2732 4761 2847 4840 ipse
2875 4775 3180 4832 percussus,
3205 4760 3444 4816 subditos
3471 4775 3600 4816 suos
3620 4761 3741 4816 efﬁo

2154 4853 2228 4916 cit
2254 4851 2533 4921 fortiores,
2565 4855 2835 4924 magisque
2860 4853 2964 4923 hoc
3004 4862 3220 4923 prtestat
3249 4855 3555 4908 vulneratus
3582 4854 3700 4921 ipse
3721 4894 3739 4920 ,

2153 4957 2311 5014 quam
2341 4942 2648 4997 vulnerans.
2697 4944 2828 4999 Cum
2871 4943 3014 4998 enim
3050 4943 3084 4997 ii
3122 4944 3213 5013 qui
3241 4945 3341 4998 sub
3371 4945 3460 4998 tali
3500 4955 3740 5014 pugnant

2151 5036 2427 5105 magistro,
2461 5036 2690 5094 viderint
2717 5035 2915 5091 inflicta
2944 5036 3162 5090 vulnera
3181 5077 3196 5100 ,
3227 5037 3480 5091 fluentem
3519 5038 3741 5106 sangui-

2151 5141 2275 5185 nem
2293 5167 2309 5193 ,
2337 5137 2390 5182 et
2419 5142 2486 5183 ne
2513 5128 2590 5182 sic
2617 5127 2832 5198 quidem
2867 5127 3012 5181 illum
3045 5127 3286 5182 hosubus
3323 5127 3610 5197 aliquando
3642 5141 3739 5182 ρε-

2152 5217 2363 5273 dentem
2389 5259 2404 5282 ,
2435 5217 2532 5273 sed
2559 5225 2785 5278 stantem
2809 5218 3016 5281 fortiter
3040 5258 3058 5288 ,
3087 5217 3371 5288 hastasque
3395 5218 3694 5272 vibrantem
3723 5260 3739 5285 ,

2152 5317 2207 5363 et
2224 5308 2423 5364 crebris
2442 5308 2706 5378 certisque
2732 5309 2918 5365 ictibus
2939 5310 2992 5364 in
3013 5309 3349 5368 adversarios
3365 5320 3737 5386 promentem,

2153 5416 2252 5456 nec
2280 5401 2499 5458 omnino
2526 5401 2811 5473 quidquam
2839 5411 3142 5472 parcentem
3165 5403 3357 5470 dolori,
3385 5404 3591 5474 majore
3616 5389 3739 5462 abs-

2151 5507 2255 5563 que
2277 5492 2440 5548 dubio
2467 5501 2616 5548 tanto
2642 5493 2764 5548 duci
2787 5494 3063 5552 alacritate
3087 5493 3403 5550 subduntur.
3429 5495 3541 5551 Hoc
3562 5496 3741 5568 itaque

2154 5584 2348 5656 factum
2373 5593 2427 5640 et
2446 5584 2632 5640 Paulo.
2662 5583 2913 5641 Videntes
2937 5585 3078 5640 enim
3105 5585 3252 5640 illum
3273 5585 3490 5656 ligatum
3511 5588 3739 5659 catenis,

2153 5686 2209 5732 et
2250 5669 2417 5731 nihilo
2458 5677 2634 5733 minus
2676 5678 2730 5732 in
2777 5692 2992 5734 carcere
3035 5678 3412 5748 praedicantem
3438 5719 3453 5743 ,
3498 5679 3744 5736 videntes

2154 5770 2313 5826 etiam
2338 5769 2698 5839 verberatum,
2720 5780 2776 5827 et
2802 5780 2978 5828 tamen
3004 5771 3347 5829 verberantes
3367 5773 3512 5844 ipsos
3531 5785 3743 5844 senties
