3884 6294
166 309 266 368 ΒΗ
958 309 1045 365 DE
1082 307 1431 365 LAUDIBUS
1468 307 1525 364 S.
1565 308 1768 365 PAULI
1808 310 2164 369 APOSTOLI.
2211 309 2423 367 HOMII.
2488 310 2598 364 VII.

162 427 460 499 ωκάσθη,
512 427 607 482 καὶ
648 427 775 499 περί
807 427 913 477 τῶν
960 421 1204 493 ἐσχάτων
1235 400 1608 475 ἐκινδύνευσε⁶
1643 418 1741 470 ἐπ-

162 532 409 604 επήδησε
430 530 527 585 καὶ
547 529 775 592 Παῦλος,
798 527 914 584 ἀλλ’
938 525 1308 597 ἐστεφανώθη,
1328 524 1447 595 οὐχὶ
1468 521 1743 595 πίερωσύνῃ

164 641 262 694 καὶ
298 642 455 711 τιμῇ,
504 636 642 692 ἀλλά
679 636 928 707 διακονίᾳ
975 635 1070 713 καὶ
1101 633 1291 697 πόνοις
1318 634 1415 686 καὶ
1453 632 1741 695 κινδύνοις.

165 749 279 805 Καὶ
310 751 395 803 ὅτι
424 747 533 804 ἀπὸ
567 746 729 819 ζήλου
757 744 948 799 πολλοῦ
969 745 1065 799 καὶ
1092 743 1401 816 προθυμίας
1431 742 1707 814 ἐπέδραμε
1726 782 1743 808 ,

161 858 257 913 διά
280 857 444 912 τοῦτο
463 854 900 926 ἀνακηρύττιται
918 838 1027 907 καὶ
1050 851 1304 925 λαμπρὸς
1337 853 1404 905 ἐκ
1440 850 1744 923 προοιμίων

164 966 256 1041 ἦν.
295 970 511 1040 Ὢσῐτερ
546 966 656 1038 γὰρ
697 967 726 1019 ό
767 964 1241 1038 χειροτονούμενος
1283 962 1491 1035 ἄρχων,
1541 962 1609 1016 ἂν
1669 962 1743 1033 μὴ

164 1079 396 1142 δεόντως
409 1079 471 1131 τὸ
490 1077 725 1150 πρᾶγμα
756 1073 938 1146 μετίῃ,
961 1075 1055 1128 καὶ
1073 1070 1317 1144 μείζονός
1336 1074 1453 1125 ἐστι
1470 1071 1745 1135 κολάσεως

166 1187 317 1254 ἄξιος
336 1205 352 1221 ·
387 1186 531 1241 οῦτω
556 1185 660 1240 κᾶν
694 1185 768 1256 μή
791 1182 1144 1255 χειροτονηθῇ
1177 1198 1283 1247 τις,
1318 1180 1669 1252 μεταχειρίζῃ
1688 1179 1745 1232 δὲ

168 1294 580 1366 προσηκόντως,
598 1292 657 1344 οὐ
685 1290 832 1359 λέγω
842 1290 912 1344 τά
934 1290 1031 1360 τῆς
1053 1287 1371 1359 ἱερωσύνης,
1403 1286 1541 1340 ἀλλά
1562 1285 1632 1339 τά
1648 1286 1748 1356 τῆς

167 1402 280 1455 τῶν
315 1399 528 1455 πολλῶν
558 1398 836 1472 προνοίας,
878 1396 974 1451 τοῦ
1017 1397 1217 1461 παντὸς
1254 1396 1404 1463 άξιός
1453 1398 1591 1451 ἐστι.
1649 1394 1748 1450 Διά

168 1511 331 1565 τοῦτο
349 1509 607 1580 οὐδεμίαν
634 1509 919 1580 ἀνέμεινεν
950 1507 1164 1579 ἡμέραν
1202 1503 1545 1576 ἡσυχάζωνό
1576 1501 1749 1575 πυρὸς

169 1615 325 1684 οὗτος
357 1618 734 1690 σφοδρότερος,
758 1615 874 1669 ἀλλ’
899 1614 1036 1686 ὁμοῦ
1058 1632 1120 1668 τε
1144 1615 1312 1684 ἀνέϐη
1337 1614 1445 1669 ἀπὸ
1470 1613 1571 1684 τῆς
1598 1614 1749 1684 ἱερᾶς

168 1729 283 1783 τῶν
310 1728 519 1782 ὑδάτων
574 1725 778 1797 πηγῆς,
828 1725 923 1779 καὶ
955 1723 1155 1796 πολλὴν
1189 1724 1394 1795 ἀνῆψεν
1427 1722 1607 1792 ἐαυτῷ
1649 1722 1748 1792 τὴν

173 1840 372 1910 φλόγα,
400 1837 497 1891 καὶ
513 1834 645 1890 οὔτε
667 1833 946 1898 κινδύνους
978 1835 1281 1905 ἐνενόησεν,
1324 1832 1386 1887 ού
1417 1832 1509 1886 τὸν
1534 1831 1749 1900 γέλωτα

171 1948 271 2003 καὶ
297 1947 401 2017 τὴν
427 1944 686 2016 αἰσχύνην
702 1943 801 2014 τὴν
831 1942 982 2015 παρά
1008 1942 1295 2006 Ἰουδαίων,
1328 1941 1389 1994 οὐ
1422 1938 1484 1993 τὸ
1509 1917 1750 1994 ἀπιστείλ

175 2058 304 2111 σθαι
333 2043 459 2126 παρ’
485 2055 689 2117 αὐτοῖς,
713 2053 815 2106 οὐκ
840 2051 970 2107 ἄλλο
995 2049 1105 2104 τῶν
1130 2049 1386 2104 τοιούτων
1424 2048 1575 2102 οὐδέν
1590 2064 1604 2078 θ
1636 2047 1748 2102 ἀλλ’

174 2150 401 2234 ἐτέρους
426 2160 608 2214 λαϐὼν
621 2158 953 2229 ὀφθαλμοὺς,
974 2157 1100 2221 τοὺς
1117 2157 1218 2227 τῆς
1241 2156 1484 2226 ἀγάπης,
1517 2158 1610 2209 καὶ
1638 2155 1752 2207 ἐτέ-

175 2288 281 2342 ραν
295 2269 555 2330 διάνοιαν,
570 2266 709 2338 μετά
724 2265 923 2335 πολλῆς
941 2265 1199 2319 ἐνέπιπτε
1223 2265 1324 2334 τῆς
1346 2264 1547 2335 ῥύμης,
1566 2234 1753 2334 ὥσπερ

176 2396 262 2442 τις
282 2396 367 2448 χει
376 2377 641 2450 μάρῤους,
660 2374 876 2429 ἅπαντα
899 2372 1231 2445 παρασύρων
1252 2370 1320 2425 τά
1349 2371 1638 2433 Ἰουδαίων,
1660 2372 1753 2424 καὶ

174 2488 271 2543 διὰ
298 2486 410 2541 τῶν
439 2485 672 2558 Γραφῶν
707 2485 952 2550 δεικνὺς,
979 2484 1061 2537 ὅτι
1087 2482 1247 2545 αὑτός
1277 2483 1423 2535 ἐστιν
1444 2483 1472 2534 ό
1497 2480 1750 2552 Χριστός.

180 2596 378 2652 Καίτοι
421 2611 487 2665 γε
536 2593 692 2649 οὔπω
740 2593 1056 2666 χαρίσματα
1086 2591 1255 2646 πολλὰ
1287 2592 1387 2662 τῆς
1418 2591 1640 2662 χάριτος
1683 2585 1754 2661 ἦν

178 2704 356 2777 αὐτῷ,
389 2703 542 2759 οὔπω
586 2703 841 2757 τοσούτου
890 2703 1033 2759 Πνεύ
1041 2719 1209 2773 ματος
1263 2702 1596 2773 κατηξίωτω
1640 2700 1756 2755 ἀλλ’

182 2815 337 2885 ὅμως
368 2812 570 2876 εὐθέως
598 2812 886 2883 ἐφλέγετο,
945 2813 1040 2866 καὶ
1077 2811 1219 2884 ψυχῇ
1254 2813 1542 2886 θανατώσῃ
1582 2814 1758 2867 πάντα

183 2918 448 2989 ἐπραττε,
476 2916 571 2969 καὶ¹
597 2914 786 2986 ὥσπερ
808 2914 1239 2985 ἀπολογούμενος
1271 2915 1412 2987 ὑπὲρ
1440 2914 1534 2968 τοῦ
1560 2915 1758 2988 παρελ-

186 3024 375 3086 θόντος
418 3023 638 3096 χρόνου,
683 3019 826 3075 οὕτω
870 3021 1049 3075 πάντα
1100 3021 1296 3087 ἐποίει,
1328 3021 1423 3076 καὶ
1469 3024 1758 3093 ἐπραγμα-

186 3132 378 3188 τεύετο
424 3134 506 3195 είς
548 3132 611 3185 τὸ
644 3130 838 3186 πονοῦν
892 3131 1125 3202 μάλιστα
1176 3130 1270 3185 τοῦ
1325 3131 1564 3201 πολέμου
1593 3130 1760 3201 μέρος

188 3241 384 3317 ἐαυτδν
406 3226 717 3309 ’ἐμϐάλλων
737 3280 753 3305 ,
810 3240 905 3294 καὶ
932 3239 962 3292 ὃ
994 3239 1252 3292 κινδύνων
1280 3237 1445 3309 ἔγεμε
1485 3237 1580 3292 καὶ
1606 3236 1760 3310 [515]

187 3348 395 3419 φόϐων.

260 3455 375 3508 Kal
406 3455 555 3525 ὅμως
575 3453 718 3507 οῦτω
748 3426 1021 3525 τολμητὴς
1043 3453 1117 3507 ὢν
1139 3472 1233 3509 και
1253 3457 1520 3526 όρμητίας
1538 3459 1633 3511 καὶ
1650 3456 1762 3527 πῦρ

192 3562 393 3626 πνέων,
427 3561 571 3616 οῦτω
601 3562 762 3618 πάλιν
798 3562 1072 3631 πειθήνιος
1091 3559 1159 3633 ἦν
1185 3564 1279 3617 καὶ
1311 3564 1524 3633 εὐήνιος
1553 3568 1667 3627 τοῖς
1686 3564 1765 3618 δι·-

189 3672 508 3735 δασκάλοις,
546 3670 686 3724 ὥστε
735 3670 809 3742 μὴ
864 3672 922 3723 ἐν
970 3670 1206 3743 τοσαύτη
1263 3671 1415 3745 ῥύμῃ
1459 3673 1765 3744 προθυμίας

192 3782 378 3844 αὐτοῖς
392 3781 730 3833 ἀντιπεσεῖν.
758 3778 868 3831 Καὶ
884 3777 993 3849 γὰρ
1011 3778 1183 3844 ζέοντι
1201 3779 1319 3834 τότε
1341 3782 1435 3833 καὶ
1454 3780 1767 3851 μαινομένῳ

194 3887 587 3959 προσελθόντες
613 3881 785 3949 εἷπον,
815 3885 899 3939 ὅτι
926 3885 1008 3938 δεῖ
1031 3885 1284 3940 ἀπελθεῖν
1321 3888 1401 3951 εις
1434 3880 1646 3957 Ταρσὸν
1671 3891 1765 3942 καὶ

194 3998 554 4067 Καισάρειαν,
572 3996 666 4049 καὶ
690 3997 790 4049 οὐκ
817 3996 1095 4049 άντεῖπεψ
1136 3992 1288 4050 εἷπον
1315 3997 1398 4051 ὅτι
1427 3998 1533 4070 χρή
1562 3998 1649 4051 διὰ
1669 3999 1763 4052 τοῦ

193 4101 411 4170 τείχους
470 4088 829 4170 χαλασθῆναι,
874 4099 967 4152 καί
1005 4098 1263 4169 ἠνέσχετο
1283 4116 1296 4131 ·
1342 4099 1766 4156 συνεϐούλευσαν

192 4205 486 4277 ξυρᾶσθαι,
523 4204 619 4258 καὶ
647 4204 747 4257 οὐκ
782 4203 1104 4257 ἀντέπεσεν
1128 4199 1279 4257 εἷπον
1305 4203 1379 4275 μὴ
1405 4204 1667 4259 είσελθεῖν
1688 4209 1769 4272 εἰς

192 4311 254 4364 τὸ
285 4309 540 4379 θέατρον,
568 4307 663 4360 καὶ
708 4303 871 4372 εἶξεν.
904 4307 1089 4371 Οὕτως
1118 4307 1238 4371 ἐνὸς
1261 4304 1330 4380 ἦν
1365 4308 1639 4379 πανταχοῦ
1672 4309 1767 4363 τοῦ

195 4411 574 4483 συμφέροντος
600 4412 709 4473 τοῖς
726 4413 954 4476 πιστοῖς,
970 4410 1072 4479 τῆς
1090 4411 1334 4482 είρήνης,
1364 4411 1466 4481 τῆς
1496 4412 1764 4480 ὁμονοίας·

195 4518 291 4570 καὶ
323 4513 607 4585 πανταχοῦ
646 4515 838 4567 ἐαυτὸν
871 4515 1055 4585 ἐτήρει
1101 4512 1182 4584 τῷ
1237 4514 1573 4585 κηρύγματι.
1608 4516 1769 4569 ’Ὥστε

198 4624 328 4676 ὅταν
359 4620 623 4693 ἀκούσῃς,
669 4619 751 4672 ὅτι
789 4620 880 4671 τὸν
908 4618 1222 4688 ἀδελφιδοῦν
1259 4619 1466 4690 πέμπει
1512 4619 1650 4692 πρὸς
1681 4621 1771 4674 τὸν

200 4727 503 4798 χιλίαρχον,
545 4724 862 4796 βουλόμενος
899 4724 1088 4777 ἐαυτὸν
1122 4724 1427 4795 ἐξαρπάσαι
1457 4724 1563 4779 τῶν
1591 4725 1772 4779 κινδύ-

200 4849 328 4895 νων,
365 4830 465 4885 καὶ
494 4831 624 4884 ὅταν
651 4826 1045 4900 ἐπικαλέσηται
1078 4828 1352 4900 Καίσαρα,
1407 4830 1503 4884 καὶ
1533 4831 1662 4884 ὃταν
1691 4832 1770 4894 είς

200 4913 305 4999 την
344 4932 573 5006 Ῥώμην
602 4932 807 5005 σπεύδῃ
831 4974 846 4999 ,
894 4932 968 5004 μὴ
1000 4934 1228 5004 νομίσῃς
1281 4911 1600 5007 ἀνανδρείας
1632 4933 1789 5009 εἶναι,

199 5038 269 5094 τά
306 5040 551 5109 ῥήματα.
599 5037 658 5091 '0
677 5037 787 5107 γὰρ
817 5037 1037 5102 στένων,
1063 5035 1248 5107 ἐπειδὴ
1279 5038 1460 5109 παρῆν
1491 5039 1550 5091 ἐν
1572 5038 1651 5109 τῷ
1674 5039 1775 5110 βίῳ

200 5143 400 5214 τούτῳ,
434 5124 553 5205 πῶς
578 5141 678 5194 οὐκ
710 5141 776 5194 ἂν
797 5140 969 5194 είλετο
999 5140 1138 5211 μετά
1162 5140 1397 5213 Χριστοῦ
1418 5138 1591 5209 εἷναι;
1623 5145 1717 5198 καὶ
1746 5147 1775 5199 ό

203 5249 310 5302 τῶν
357 5246 610 5319 οὐρανῶν
661 5245 1037 5315 καταφρονῶν,
1091 5247 1186 5300 καὶ
1229 5246 1476 5316 ἀγγέλων
1513 5247 1582 5301 δι’
1611 5249 1775 5303 αὑτὸν

205 5349 518 5422 ὕπερορῶν,
543 5348 661 5412 πῶς
688 5348 754 5403 ἂν
780 5348 1093 5420 ἐπεθύμησε
1128 5349 1238 5402 τῶν
1271 5350 1587 5422 παρόντων;
1620 5350 1775 5415 Τίνος

206 5446 298 5506 οὖν
328 5450 519 5504 ἕνεκεν
561 5450 721 5503 τοῦτο
750 5449 958 5515 ἐποίεις
998 5450 1114 5504 ἰνα
1144 5451 1456 5523 ἐνδιατρίψῃ
1484 5452 1563 5524 τῷ
1606 5451 1778 5526 κηρύ-

207 5572 400 5629 γματι,
422 5557 517 5610 καὶ
559 5554 698 5625 μετά
727 5554 935 5609 πολλῶν
972 5555 1274 5627 ἀνθρώπων
1301 5557 1532 5632 ἀπέλθῃ,
1558 5557 1791 5623 πάντων¹

210 5662 697 5734 ἐστεφανωμένων.
725 5661 835 5714 Kal
862 5661 969 5732 γάρ
998 5660 1273 5728 ἐδεδοίκει,
1309 5663 1515 5734 μήποτε
1566 5662 1778 5737 πτωχὸς

529 5757 796 5814 Ριτιιοι..
838 5753 954 5814 Gn.
1006 5757 1066 5816 L.

1846 415 1941 470 καὶ
1990 415 2159 486 πένης
2203 414 2302 485 τῆς
2355 414 2465 468 τῶν
2514 411 2725 466 πολλῶν
2772 412 3043 483 σωτηρίας
3093 413 3420 489 ἀποδημησῃ

1843 518 2112 573 ἐντεῦθεν.
2136 518 2227 571 Διὸ
2254 519 2348 571 καὶ
2369 517 2522 587 ἔλεγε
2537 535 2552 549 ο
2588 516 2660 573 Τὸ
2676 515 2787 587 γὰρ
2806 516 3100 585 ἐπιμεῖναι
3124 516 3199 586 τῇ
3213 521 3421 586 σαρκί,
3512 522 3519 528 ’

1842 620 2305 689 ἀναγκαιότερον
2353 615 2426 669 δι’
2478 613 2656 684 ὑμᾶς.
2707 615 2798 669 Διὺ
2848 616 2943 671 καὶ
2988 616 3132 686 ὁρῶν
3178 616 3313 671 αὐτὸ
3358 616 3423 671 τὺ

1843 723 2188 792 δικαστήριον
2204 722 2301 792 τήν
2320 718 2512 790 βελτίω
2527 719 2706 791 ψῆφον
2728 736 2796 772 πε
2802 719 2859 791 9l
2873 717 3040 772 αὐτοῦ
3062 718 3422 789 κατατιθέμοι

1844 839 1953 888 νον,
1987 822 2061 885 ὡς
2088 820 2183 875 καὶ
2206 822 2233 874 ὁ
2251 820 2478 890 Φῆστος.
2510 819 2715 888 ἔλεγεν,
2757 819 3157 873 Ἀπολύεσθαι
3172 817 3425 874 ἐδύνατο

1844 926 1877 978 ό
1904 922 2213 990 ἄνθρωπος
2245 916 2451 987 οὗτος,
2488 921 2541 974 εὶ
2567 918 2654 989 μὴ
2684 917 3094 974 ἐπεκαλέσατο
3130 919 3421 990 Καίσαρα,

1847 1025 1943 1080 καὶ
1992 1023 2188 1088 δεθεὶς,
2249 1021 2345 1076 καὶ
2400 1020 2542 1092 μετά
2602 1020 2814 1091 μυρίων
2875 1018 3076 1091 ἐτέρων
3129 1020 3425 1091 δεσμωτῶν

1845 1127 2191 1198 ἀπαγόμενος
2229 1125 2397 1197 μυρία
2430 1121 2813 1196 εἰργασμένων
2835 1121 2984 1175 δεινά
3020 1102 3120 1176 οὐκ
3163 1122 3426 1194 ᾐσχύνετο

1844 1231 1905 1285 τὸ
1940 1229 2282 1283 συνδεδέσθαι
2316 1226 2569 1290 ἐκείνοις,
2602 1224 2740 1279 ἀλλά
2767 1225 2860 1278 καὶ
2909 1225 3158 1297 προενόει
3209 1226 3427 1280 πάντων

1844 1333 1953 1387 τῶν
1988 1332 2392 1404 συμπλεόντων,
2418 1327 2596 1382 καίτοι
2628 1344 2693 1396 γε
2729 1328 2867 1399 ὑπὲρ
2885 1328 3049 1381 αὑτοῦ
3080 1324 3301 1400 θαρρῶν
3331 1330 3426 1382 κιὺ⁵

1846 1438 2002 1502 είδὼς
2047 1438 2123 1500 ὡς
2176 1439 2234 1490 ἐν
2279 1434 2548 1505 ἀσφαλείᾳ
2591 1429 2691 1506 ἦν,
2745 1432 2839 1486 καὶ
2888 1431 3127 1500 πέλαγος
3172 1432 3424 1486 τοσοῦτον

1846 1544 2077 1612 ἀνήγετο
2120 1538 2420 1611 δεδεμένος,
2476 1537 2572 1591 καὶ
2627 1535 2846 1607 ἔχαιρεν
2894 1534 2969 1598 ὼς
3018 1537 3111 1589 ἐπὶ
3162 1536 3425 1607 μεγίστην

1847 1643 2019 1717 ἀρχὴν
2056 1641 2540 1714 προπεμπόμενος.
2588 1640 2699 1731 Καὶ
2731 1639 2841 1710 γὰρ
2870 1638 2991 1692 οὐδὲ
3034 1637 3230 1710 μικρὸς
3264 1634 3427 1702 ἆθλος

1848 1748 1996 1820 αύτῷ
2022 1749 2121 1821 τῆς
2172 1747 2461 1818 Ῥωμαίων
2495 1744 2759 1815 πόλεωςή
2792 1741 3077 1814 διόρθωσις
3109 1739 3422 1813 προύκειτο.

1861 1851 1998 1906 Ἀλλ’
2037 1853 2187 1922 ὅμως
2214 1849 2338 1903 οὐδὲ
2370 1848 2480 1901 τῶν
2509 1847 2567 1900 ὲν
2612 1844 2691 1915 τῷ
2744 1843 2915 1915 πλοίῳ
2942 1839 3424 1914 κατωλιγώρησεν,

1849 1955 1987 2009 ἀλλά
2006 1957 2102 2008 καὶ
2116 1951 2355 2015 ἐκείνους
2377 1949 2701 2023 ὲῤῥύθμισε,
2725 1945 3128 2017 διηγησάμενος
3152 1945 3251 2015 τὴν
3277 1943 3428 2014 αύτῷ

1851 2063 2111 2131 φανεῖσαν
2162 2058 2319 2128 ὄψιν,
2373 2056 2432 2122 ἐξ
2478 2050 2548 2127 ἧς
2602 2052 2925 2124 ἐμάνθανον,
2980 2052 3066 2104 ὅτι
3112 2048 3340 2115 Πάντες
3372 2051 3428 2103 οί

1851 2165 2140 2229 πλέοντες
2159 2163 2288 2231 μετ’
2317 2158 2502 2214 αὑτοῦ
2529 2155 2604 2210 δι’
2633 2154 2819 2212 αὐτὸν
2837 2151 3144 2213 σώζονται.
3175 2151 3346 2204 Τοῦτο
3368 2151 3427 2204 δέ

1851 2269 2046 2332 ἐποίει,
2067 2267 2165 2338 οὐχ
2193 2264 2383 2319 ἐαυτὸν
2415 2261 2680 2333 ἐπαίρων,
2700 2260 2814 2313 ἀλλ’
2832 2258 3071 2321 ἐκείνους
3101 2255 3281 2326 ἐαυτῷ
3310 2273 3431 2309 πει-

1852 2371 2072 2444 θηνίους
2107 2364 2566 2440 παρασκευάζων.
2599 2362 2699 2417 Διά
2733 2362 2891 2416 τοῦτο
2934 2363 3028 2416 καὶ
3061 2362 3090 2414 ό
3119 2362 3253 2426 Θεὸς
3302 2378 3430 2415 συν-
3539 2412 3542 2416 .

1853 2474 2102 2547 εχώρησε
2156 2470 2504 2543 διεγερθῆναι
2542 2469 2641 2540 τὴν
2671 2467 2973 2528 θάλασσαν,
3010 2466 3097 2519 ἴνα
3125 2466 3221 2519 καὶ
3260 2465 3327 2518 δι’
3354 2458 3429 2519 ὧν

1853 2576 2236 2652 παρηκούσθη,
2270 2576 2365 2628 καὶ
2393 2574 2461 2627 δι’
2497 2566 2571 2626 ὧν
2596 2570 2861 2641 ἠκούσθη,
2884 2570 2973 2624 διὰ
2997 2570 3213 2623 πάντων
3242 2567 3428 2640 δειχθῇ

1851 2687 1886 2756 ἡ
1911 2684 2126 2740 Παύλου
2160 2682 2336 2753 χάρις.
2369 2679 2477 2733 Καὶ
2506 2676 2612 2747 γὰρ
2641 2673 3028 2729 συνεϐούλευσε
3066 2674 3140 2745 μὴ
3163 2672 3432 2727 ἀναπλεῦ-

1859 2806 1970 2852 σαι,
2001 2788 2096 2840 καὶ
2127 2781 2506 2856 παρηκούσθη,
2536 2781 2631 2833 καὶ
2664 2777 2855 2848 γέγονε
2886 2778 3124 2840 κίνδυνος
3156 2776 3288 2847 περ).
3321 2776 3431 2830 τῶν

1859 2891 2101 2961 ἐσχάτων
2122 2902 2136 2915 ·
2156 2886 2252 2941 καὶ
2274 2884 2395 2938 οὐδὲ
2425 2884 2597 2948 οὕτως
2613 2878 2683 2954 ἦν
2711 2882 2983 2953 φορτικὸς,
3016 2878 3152 2934 ἀλλά
3178 2879 3340 2933 πάλιν
3357 2882 3433 2943 ὡς

1860 2994 2067 3047 παίδων
2106 2991 2288 3060 πατὴρ
2334 2987 2604 3059 προενόει,
2646 2986 2743 3040 καὶ
2775 2986 2924 3049 ὅπως
2962 2984 3149 3055 μηδεὶς
3181 2984 3434 3037 ἀπόλοιτο

1862 3098 2039 3150 πάντα
2060 3093 2348 3163 ἔπραττεν.

1944 3197 2164 3266 Ἐπειδὴ
2185 3195 2242 3248 δὲ
2275 3194 2368 3248 καὶ
2399 3194 2498 3264 τῆς
2537 3191 2822 3261 Ῥωμαίων
2863 3189 3057 3260 ἒπέϐη,
3089 3188 3243 3261 [516]
3272 3190 3437 3243 κάκεῖ

1862 3305 1979 3368 πῶς
2015 3302 2152 3374 μετά
2199 3297 2499 3359 ἐπιεικείας
2529 3294 2865 3361 διαλέγεται;
2896 3292 3013 3356 πῶς
3055 3290 3197 3363 μετά
3226 3291 3436 3345 ἐλευθε-

1863 3410 1984 3482 ρίας
2034 3407 2160 3469 τοὺς
2213 3401 2575 3463 ἀπειθοῦντας
2626 3397 2999 3482 ἐπιστομίζει;
3045 3396 3154 3451 Καὶ
3185 3395 3306 3449 ούδέ
3350 3397 3438 3448 ἐν·

1862 3511 2036 3567 ταῦθα
2089 3509 2346 3565 ἵσταται.
2406 3503 2543 3557 ἀλλὰ
2590 3502 2685 3556 καὶ
2744 3499 2953 3553 ἐκεῖθεν
3016 3499 3096 3562 είς
3162 3496 3439 3562 Ἱσπανίαν

1862 3615 2084 3686 ἔδραμε.
2104 3610 2342 3682 Καὶ³γάρ
2367 3588 2687 3663 κινδύνεύων
2709 3604 2908 3677 μᾶλλον
2939 3603 3181 3677 ἐθάρρει,
3211 3605 3304 3657 καὶ
3323 3603 3438 3657 τολ-

1867 3734 1941 3787 μη
1951 3715 2165 3787 ρότερος
2192 3713 2401 3782 ἐγίνετο
2436 3709 2703 3773 ἐντεῦθεν,
2723 3709 2825 3762 οὐκ
2843 3707 3002 3771 αὐτὸς
3023 3705 3079 3758 δὲ
3111 3706 3291 3777 μόνος,
3306 3706 3441 3761 ἀλλὰ

1865 3817 1959 3871 καὶ
1989 3819 2037 3870 οἱ
2071 3814 2313 3886 μαθηταὶ
2337 3813 2404 3867 δι’
2433 3812 2613 3867 αὐτόν.
2647 3811 2859 3881 Ὥσπερ
2903 3808 3011 3880 γὰρ
3052 3807 3210 3878 εἴπερ
3253 3806 3441 3879 ἐώρων

1867 3920 2030 3978 αὐτόν
2061 3919 2330 3973 ἐνδιδόντα
2358 3917 2452 3971 καὶ
2470 3916 2830 3988 ὀκνηρότερον
2859 3914 3176 3983 γινόμενον,
3220 3912 3348 3977 ἴσως
3372 3912 3441 3967 ἂν

1869 4026 1963 4079 καὶ
1993 4021 2147 4076 αὐτοὶ
2175 4019 2498 4089 καθυφῆκαν
2517 4033 2530 4046 ·
2556 4016 2749 4080 οὓτως,
2783 4014 2971 4084 ἐπειδὴ
2992 4008 3131 4066 εἶδον
3155 4013 3319 4067 αὐτὸν
3342 4013 3442 4067 ἀνο

1866 4115 2171 4188 δρειότερον
2193 4112 2497 4181 γινόμενον,
2521 4110 2616 4162 καὶ
2637 4107 3098 4179 ἐπηρεαζόμενον,
3125 4107 3219 4159 καὶ
3242 4105 3443 4177 μᾶλλον

1869 4214 2263 4284 ἐπιτιθέμενον,
2298 4210 2438 4282 μετά
2464 4210 2776 4283 παρρησίας
2805 4208 3122 4277 ἐκήρυττον.
3145 4207 3257 4261 Καὶ
3285 4206 3443 4260 τοῦτο

1868 4318 2043 4389 δηλῶν
2059 4317 2265 4385 ἐλεγεν,
2295 4316 2394 4380 Ὠς
2415 4313 2556 4379 τοὺς
2581 4313 2868 4378 πλείονας
2891 4311 3009 4366 τῶν
3023 4310 3322 4380 ἀδελφῶν.
3341 4324 3443 4363 πε-

1871 4420 2150 4484 ποιθότας
2178 4416 2303 4483 τοῖς
2321 4415 2565 4486 δεσμοῖς
2582 4433 2723 4484 μου,
2754 4412 3194 4483 περισσοτέρως
3212 4411 3441 4483 τολμᾷν

1869 4524 2103 4594 ἀφόϐως
2125 4521 2432 4591 τὸνλόγον
2461 4517 2697 4575 λαλεῖν.
2723 4518 2893 4573 Ὅταν
2914 4518 3022 4589 γὰρ
3040 4519 3069 4571 ὁ
3087 4517 3387 4588 στρατηγδς

1871 4629 2135 4697 γενναῖος,
2151 4625 2270 4679 οὐδὲ
2287 4623 2539 4694 σφάττων
2559 4621 2718 4693 μόνον
2734 4621 2828 4675 καὶ
2844 4620 3189 4684 ἀποκτιννύς,
3204 4619 3442 4673 ἀλλὰκαὶ

1872 4714 2325 4803 τιτρωσκόμενος,
2341 4730 2468 4793 τοὺς
2491 4727 2582 4780 ὑπ’
2610 4725 2761 4796 αὐτῷ
2781 4724 3145 4796 ταττομένους
3178 4722 3442 4796 θρασυτέ-

1874 4854 2001 4908 ρους
2031 4836 2193 4899 ποιεῖ,
2225 4834 2322 4887 καὶ
2355 4831 2554 4903 μᾶλλον
2588 4831 3026 4902 τιτρωσκόμενος
3053 4828 3441 4902 ἦτιτρώσκων.

1875 4944 2043 4996 Ὅταν
2058 4941 2167 5013 γάρ
2191 4939 2372 4993 ἴδωσιν
2402 4936 2564 4990 αὑτὸν
2588 4937 2782 5006 αἵματι
2803 4935 3147 5006 πεφυρμένον
3161 4934 3256 4989 καὶ
3278 4931 3443 5005 τραύ-

1878 5062 2023 5116 ματα
2050 5041 2545 5115 περιφέροντα,καὶ
2567 5039 2687 5093 οὐδὲ
2711 5038 2855 5094 οὕτω
2879 5037 3310 5111 παραχωροῦντα
3333 5037 3442 5097 τοῖς

1876 5149 2110 5222 ἐχθροῖς,
2137 5146 2251 5200 ἀλλ’
2281 5144 2493 5198 ἐστῶτα
2517 5145 2798 5212 γενναίως,
2822 5143 2918 5197 καὶ
2939 5142 3067 5212 δόρυ
3096 5141 3327 5202 σείοντα,
3353 5137 3448 5190 καὶ

1880 5254 2138 5327 βάλλοντα
2159 5250 2603 5317 τοῦςοέναντίους,
2627 5250 2724 5304 καὶ
2753 5249 2889 5321 πρὸς
2910 5248 3010 5311 τὰς
3031 5245 3326 5317 ἀλγηδόνας
3345 5243 3441 5296 οὐν

1877 5359 2166 5421 ἐνδιδόντα,
2216 5355 2354 5427 μετά
2404 5355 2648 5419 πλείονος
2694 5353 3125 5426 παρατάττονται
3170 5351 3266 5405 καὶ
3295 5347 3447 5402 αὐτοὶ

1876 5463 1976 5529 τῆς
1997 5460 2301 5533 προθυμίας
2325 5479 2339 5492 ο
2359 5459 2388 5513 δ
2416 5460 2479 5532 δὴ
2511 5462 2607 5515 καὶ
2629 5462 2722 5515 ἐπὶ
2738 5460 2950 5514 Παύλου
2973 5457 3212 5529 γέγὸνεν.
3232 5456 3443 5528 ὶόρῶν·

1878 5581 1969 5627 τες
1990 5563 2099 5632 γὰρ
2135 5563 2299 5617 αὑτὸν
2325 5563 2605 5634 δεδεμένον
2628 5564 2724 5617 καλ⁹
2757 5565 2815 5616 ἐν
2838 5561 2916 5631 τῷ
2945 5560 3303 5631 δεσμωτηρίῳ
3342 5575 3443 5626 κη-

1886 5663 2163 5735 ρύττοντα.
2204 5665 2297 5717 καὶ
2321 5663 2740 5733 μαστιζόμενον,
2788 5663 2880 5719 καὶ
2918 5663 3044 5722 τοὺς
3087 5660 3446 5728 μαστίζωτας

3128 5745 3165 5800 7
3215 5785 3222 5809 ι

3313 303 3418 358 5η
3487 306 3495 332 ¹
