3876 6286
492 282 590 337 ὅῗὸ

491 401 861 474 χειρούμενον,
916 401 1135 458 πλείονα
1177 401 1419 472 ἐδέχοντο
1459 398 1789 470 παρρησίαν.
1842 399 1934 452 Διὸ
1962 400 2058 453 καὶ

491 488 648 544 τοῦτο
671 490 868 561 δηλῶν,
910 491 1008 561 οὐχ
1060 489 1245 549 άπλῶς
1285 493 1650 555 Πεποιθότας
1700 485 1873 555 εἶπεν,
1924 491 2061 545 ἀλλὰ

491 581 852 653 προστίθησι,
887 583 1334 651 Περισσοτέρως
1396 579 1628 651 τολμᾷν
1676 583 1913 651 ἀφόϐως
1954 584 2060 637 τὸν

492 673 675 742 λόγον
704 672 947 727 λαλεῖν·
970 672 1235 736 τουτέστι,
1272 672 1472 743 μᾶλλον
1502 672 1618 740 νῦν,
1648 673 1682 743 ἦ
1713 674 1799 726 ὅτε
1829 672 2057 745 λελυμέ-

491 779 580 828 νος
604 764 750 834 ἥμην
772 804 787 829 ,
815 763 1282 836 ἐπαρρησιάζοντο
1309 765 1359 817 οἱ
1389 764 1632 833 ἀδελφοί.
1675 758 1808 817 Τότε
1840 765 2060 818 πλείονα

489 855 794 926 προθυμίαν
821 858 915 909 καὶ
965 857 1130 919 αὐτὸς
1167 855 1441 926 ἐλάμϐανε
1464 873 1479 888 ’
1538 855 1738 925 μᾶλλον
1773 857 1883 929 γάρ
1936 857 2058 941 τότε

481 942 836 1015 ’παρωξύνετο
865 944 1005 999 κατὰ
1032 944 1140 997 τῶν
1167 942 1400 1015 ἐχθρῶν,
1431 945 1526 997 καὶ
1545 945 1600 996 ai
1624 944 1929 1016 προσθῆκαι
1950 936 2085 997 τῶν’

478 1037 762 1108 διωγμῶν,
797 1039 1106 1110 προσθῆκαι
1136 1036 1380 1101 πλείονος
1405 1036 1716 1110 παρρησίας
1740 1032 1880 1108 ἦσαν
1910 1036 2060 1107 αὐτῷ

480 1129 580 1185 ικαὶ
625 1129 870 1201 μείζονος
907 1130 1143 1202 θάρσους
1182 1129 1459 1193 ὑπόθεσις.
1515 1127 1876 1199 Συνεκλείσθη
1929 1128 2059 1196 γοῦν

484 1238 635 1286 ποτε,
674 1223 765 1276 καὶ
797 1222 1054 1276 τοσοῦτον
1086 1222 1411 1293 ἐξέλαμψεν,
1438 1221 1579 1275 ὥστε
1614 1223 1708 1274 καὶ
1741 1220 1808 1274 τὰ
1836 1219 2060 1287 θεμέλια

483 1312 715 1379 τινάξαι,
747 1314 842 1367 καὶ
870 1313 968 1377 τάς
1001 1313 1172 1384 θύρας
1205 1311 1542 1366 ἀναπετάσαι
1566 1350 1580 1374 ,
1616 1311 1710 1363 καὶ
1741 1311 1833 1363 τὸν
1865 1310 2059 1380 δεσμο-

484 1406 702 1477 φύλακα
742 1408 1079 1477 μεταστῆσαι
1103 1408 1240 1478 πρὸς
1266 1405 1487 1473 ’ἐαυτὸνη
1515 1405 1609 1458 καὶ
1642 1403 1732 1457 τὸν
1773 1404 2060 1468 δικάζοντα

488 1495 685 1567 μικροῦ
723 1496 1173 1567 μεταπεῖσαι,νὼς
1198 1496 1292 1549 καὶ
1310 1495 1471 1549 αὐτὸν
1497 1496 1704 1548 ἐκεῖνον
1734 1493 1932 1563 λέγειν,
1954 1496 2059 1547 Ἐν

484 1591 668 1659 ὀλίγῳ
685 1606 763 1657 με
784 1588 1006 1653 πείθεις
1024 1588 1383 1655 Χριστιανὸν
1412 1587 1712 1656 γενέσθαι.
1751 1587 1921 1640 Πάλιν
1944 1586 2056 1639 ἐλι-

487 1668 701 1746 θάζετο,
734 1681 827 1733 καὶ
861 1680 960 1750 τὴν
991 1678 1395 1733 καταλεύουσαν
1433 1678 1587 1732 πόλιν
1633 1676 1888 1732 εἰσελθὼν
1929 1694 2056 1747 μετ·

486 1771 704 1842 έθηκεν.
755 1770 1048 1823 Ἐκάλεσαν
1077 1768 1238 1823 αὑτὸν
1267 1769 1342 1832 ὡς
1371 1770 1651 1839 μέλλοντες
1677 1769 1901 1839 κρίνειν,
1926 1768 2057 1822 ποτέ

485 1866 587 1934 μὲν
638 1863 918 1925 Ἰουδαῖοι,
976 1862 1105 1915 ποτὲ
1136 1861 1192 1914 δέ
1232 1860 1524 1931 Ἀθηναῖοι,
1573 1862 1665 1915 καὶ
1691 1861 1978 1930 γεγόνασιν
2006 1862 2055 1914 οἱ

478 1956 736 2011 δικασταὶ
761 1954 1020 2025 μαθηταὶ,
1047 1955 1097 2007 οἱ
1123 1954 1381 2007 ἀντίδικοι
1405 1955 1656 2025 ὑπήκοοι.
1677 1955 1787 2006 Καὶ
1806 1953 2055 2022 καθάπερ

482 2048 596 2117 πῦρ
628 2047 868 2116 ἐμπεσὸν
897 2047 976 2108 είς
1009 2044 1302 2115 διαφόρους
1347 2043 1499 2108 ὓλας,
1557 2043 1757 2114 μᾶλλον
1809 2040 2052 2106 αὔξεται,

484 2138 578 2192 καὶ
632 2136 950 2208 προσθήκην
985 2134 1252 2206 λαμϐάνει
1299 2136 1399 2206 τὴν
1466 2133 1832 2205 ὑποκειμένην
1884 2132 2051 2203 ὕλην·

478 2227 624 2283 οὕτω
644 2227 740 2280 καὶ
756 2229 789 2297 ἡ
809 2225 1031 2293 γλῶσσα
1054 2225 1289 2289 Παύλου,
1305 2226 1450 2288 ὅσοις
1470 2224 1535 2279 ἂν
1556 2225 1888 2293 συνεγένετο,
1915 2224 2053 2295 πρὸς

478 2319 674 2381 ἑαυτὸν
696 2318 894 2380 αὐτοὺς
922 2316 1173 2387 μεθίστη,
1195 2316 1292 2370 καὶ
1314 2318 1364 2369 οἱ
1388 2316 1748 2387 πολεμοῦντες
1772 2315 1918 2387 αὐτῷ
1943 2318 2053 2379 τοῖς

486 2412 696 2466 ἐκείνου
721 2412 901 2479 λόγοις
932 2409 1153 2472 ἁλόντες
1170 2448 1185 2472 ,
1231 2409 1402 2481 τροφὴ
1432 2410 1644 2480 ταχέως
1672 2409 1950 2477 ἐγίγνοντο
1976 2407 2054 2478 τῷ

487 2501 842 2573 πνευματικῷ
867 2500 1043 2570 τούτῳ
1066 2517 1139 2553 πυ
1149 2499 1221 2571 pl,
1242 2503 1339 2555 καὶ
1366 2500 1432 2554 δι’
1459 2499 1638 2553 αύτῶν
1669 2498 1831 2553 πάλιν
1850 2502 1879 2553 ὁ
1900 2498 2054 2567 λόγος

485 2597 669 2668 ᾔρετο,
698 2595 792 2647 καὶ
815 2596 898 2663 ἐφ’
928 2595 1143 2667 ἐτέρους
1171 2592 1388 2664 προῄει.
1429 2592 1519 2644 Διὸ
1551 2591 1643 2645 καὶ
1670 2590 1851 2659 ἐλεγε’
1889 2588 2055 2644 Δέδε-

478 2686 610 2754 μαι,
636 2686 773 2740 ἀλλ’
803 2688 836 2738 ό
863 2685 1044 2753 λόγος
1068 2686 1140 2739 οὺ
1166 2682 1414 2738 δέδεται.
1458 2681 1823 2750 Ἐ’ρυγάδευον
1852 2679 2015 2735 αὐτόν
2034 2696 2049 2711 ·

485 2780 584 2838 καὶ
609 2779 671 2832 τὸ
701 2778 797 2849 μὲν
818 2778 1050 2849 πρᾶγμα
1072 2776 1253 2842 δίωξις
1278 2771 1369 2846 ἦν,
1400 2775 1462 2828 τὺ
1481 2774 1539 2828 δὲ
1566 2772 1882 2845 συμϐαῖνον,
1913 2774 2052 2827 ἀπο-

488 2868 647 2938 στολὴ
679 2866 834 2940 [517]
865 2867 1220 2921 διδασκάλων.
1257 2868 1368 2920 Καὶ
1398 2867 1535 2938 ὅπερ
1568 2864 1636 2919 ἂν
1668 2865 1933 2936 ἐποίησαν
1956 2865 2049 2935 cpi-

485 2960 567 3014 λοι
599 2959 694 3013 καὶ
736 2957 1177 3027 συντεταγμένοι,
1224 2957 1383 3011 τοῦτο
1433 2954 1649 3010 ἐποίουν
1698 2956 1748 3008 οἱ
1777 2955 2046 3025 πολέμιοι.

485 3052 585 3105 οὐκ
616 3050 812 3114 ἐῶντες
841 3050 898 3103 ἐν
923 3050 1003 3105 ἐνὶ
1034 3049 1342 3121 ίδρυνθῆναι
1371 3048 1579 3119 χωρίῳ,
1609 3046 1746 3101 ἀλλὰ
1774 3043 2052 3117 πανταχοῦ

490 3141 839 3212 περιάγοντες
862 3139 953 3193 τὸν
988 3138 1192 3211 ἰατρὸν,
1219 3138 1285 3193 δι’
1316 3131 1392 3192 ὧν
1438 3134 1797 3190 ἐπεϐούλευον
1817 3174 1832 3201 ,
1864 3133 1931 3188 δι’
1972 3129 2049 3191 ὧν

1160 286 1227 343 s.
1266 286 1557 343 .IOANNIS
1593 264 2081 348 cunvsosmtu
2122 294 2439 351 saeuum.
2473 293 3017 355 CONSTANTINOP.

3632 297 3739 353 5H

2159 402 2410 473 ἤλαυνον,
2442 402 2518 467 ὠς
2547 404 2756 469 πάντας
2804 407 3034 460 ἀκοῦσαι
3071 407 3171 477 τῆς
3202 406 3413 461 ἐκείνου
3463 409 3740 481 γλώττης.

2163 491 2399 562 Ἔδησαν
2424 491 2593 547 πάλιν
2616 493 2798 558 αὐτὸν,
2851 497 2948 547 καὶ
2978 494 3177 565 μᾶλλον
3217 496 3579 568 παρώξυναν·
3609 501 3742 562 τοὺς

2162 583 2407 655 μαθητὰς
2451 583 2693 655 ἤλασαν,
2732 586 2826 639 καὶ
2874 588 2987 649 τοῖς
3032 587 3149 657 οὐκ,
3176 586 3360 657 έχουσι
3413 589 3745 644 διδάσκαλον

2158 673 2440 743 ἔπεμψαν⁹
2504 675 2585 738 εἰς
2613 674 2799 745 μεῖξον
2834 676 3040 748 ἤγαγον
3082 677 3452 751 δικαστήριον,
3504 683 3601 735 καὶ
3639 683 3742 752 τὴν

2162 764 2383 834 μείζονα
2411 766 2699 837 ὠφέλησαν
2722 767 2897 820 πόλιν.
2933 768 3025 822 Διὸ
3055 770 3149 823 καὶ
3181 769 3478 840 ἀλγοῦντες
3506 774 3559 825 οἱ
3602 760 3739 825 Ἴου-

2158 855 2296 910 δαῖοι
2330 857 2458 928 περὶ
2491 857 2601 911 τῶν
2648 859 2964 932 ἀποστόλων
3014 850 3237 928 ἐλεγονέ
3295 864 3356 916 Τί
3399 864 3742 933 ποιήσομεν

2159 947 2284 1013 τοῖς
2313 948 2645 1016 ἀνθρώποις
2693 951 2928 1016 τούτοις
2945 967 2964 1015 ;
2988 951 3066 1005 Δι’
3087 943 3163 1004 ὧν
3189 993 3203 1017 ,
3236 954 3397 1022 φασὶ,
3434 956 3739 1026 προαιρού-

2163 1042 2321 1113 μεθα,
2354 1041 2442 1095 διὰ
2469 1041 2670 1095 τούτων
2692 1039 2949 1107 αὔξομεν.
2976 1043 3309 1115 Παρέδωκαν
3340 1045 3420 1115 τῷ
3459 1046 3739 1117 δεσμοφύ-

2157 1133 2302 1199 λακι,
2330 1134 2416 1187 ἵνα
2450 1133 2697 1204 άκριόῶς
2729 1134 2892 1188 αὐτὸν
2922 1135 3172 1206 κατάσχῃ
3194 1151 3208 1166 ·
3265 1138 3292 1189 ὁ
3325 1136 3382 1189 δὲ
3410 1138 3742 1207 ἀκριϐέστε-

2163 1242 2253 1297 ρον
2293 1223 2450 1295 ἐδέθη
2486 1224 2592 1277 ὑπὸ
2645 1224 2883 1278 Παύλου.
2921 1225 3076 1278 Μετὰ
3120 1225 3415 1296 δεσμωτῶν
3452 1227 3737 1299 ἔπεμψαν,

2158 1315 2246 1369 ἵνα
2276 1314 2351 1386 μὴ
2379 1315 2554 1387 φεύγῃ
2578 1331 2594 1347 ο
2630 1316 2658 1368 ὁ
2701 1315 2761 1369 δὲ
2802 1317 2929 1378 τοὺς
2978 1316 3259 1387 δεσμώτας
3298 1320 3581 1391 κατήχησε
3601 1339 3615 1353 ·
3646 1321 3737 1374 διὰ

2157 1406 2257 1476 τῆς
2288 1406 2566 1477 θαλάσσης
2597 1405 2868 1477 ἔπεμψαν,
2893 1407 2981 1460 ἵνα
2999 1404 3097 1461 καὶ
3122 1407 3347 1472 ἄκοντες
3377 1412 3737 1480 παρασκευά-

2159 1517 2291 1554 σωσι
2321 1501 2531 1570 ταχέως
2562 1499 2861 1571 ἀνυσθῆναι
2910 1502 3009 1570 τὴν
3055 1501 3204 1561 ὁδόψ
3244 1504 3340 1555 καὶ
3374 1504 3436 1557 τὸ
3472 1508 3740 1575 ναυάγιον

2156 1593 2216 1646 τὸ
2241 1592 2455 1663 συμϐὰν
2486 1592 2702 1661 ἐγένετο
2742 1592 3093 1657 διδασκαλίας
3145 1594 3403 1659 ὑπόθεσις
3450 1601 3568 1661 τοῖς
3600 1616 3739 1668 συμ-

2157 1685 2379 1738 πλέουσι
2405 1700 2418 1713 °
2464 1684 2665 1755 μυρίας
2694 1683 2952 1754 ἠπείλουν
3006 1685 3276 1751 κολάσεις,
3322 1687 3409 1739 ἵνα
3441 1687 3647 1761 σϐεσθῇ
3678 1691 3740 1743 τὸ

2156 1776 2437 1846 κήρυγμα,
2473 1773 2534 1827 τὸ
2572 1772 2628 1826 δὲ
2655 1773 2818 1845 ⁴ᾔρετο
2848 1774 3066 1844 μᾶλλον,
3133 1775 3242 1827 Καὶ
3273 1773 3462 1845 ὥσπερ
3517 1777 3617 1829 ἐπὶ.
3639 1778 3737 1830 τοῦ

2155 1864 2428 1918 Δεσπότου
2484 1864 2668 1932 ἔλεγον
2687 1880 2702 1895 ο
2752 1864 3214 1932 Ἀποκτεινωμεν
3264 1852 3452 1918 aer?»
3471 1904 3485 1928 ,
3514 1866 3623 1920 ἵνα
3646 1869 3736 1937 μὴ

2155 1959 2415 2012 ἔλθωσιν
2467 1960 2523 2013 οὶ
2582 1956 2872 2026 Ῥωμαῖοι,
2908 1956 3006 2010 καὶ
3035 1956 3222 2026 ἄρωσι
3273 1957 3371 2012 καὶ
3399 1959 3517 2026 τὴν
3546 1962 3743 2017 πόλιν

2156 2050 2326 2121 ἡμῶν
2348 2051 2446 2104 καὶ
2476 2053 2545 2104 τὸ
2575 2051 2771 2115 ἔθνος,
2801 2050 2895 2102 καὶ
2926 2049 3236 2103 τοὲναντίον
3281 2050 3481 2119 συνέϐη
3500 2069 3515 2083 ο
3539 2053 3734 2121 ἐπειδὴ

2155 2141 2264 2212 γὰρ
2309 2140 2636 2194 ἀπέκτειναν
2663 2138 2825 2192 αὑτὸν
2846 2178 2861 2202 ,
2895 2138 2984 2192 διά
3010 2138 3172 2191 τοῦτο
3198 2135 3336 2209 ἦραν
3373 2141 3424 2192 oi
3466 2141 3736 2212 Ῥωμαῖοι

2154 2233 2249 2287 καὶ
2273 2231 2332 2286 τὸ
2352 2232 2503 2295 ἔθνος
2531 2231 2709 2285 αὐτῶν
2736 2232 2829 2284 καὶ
2853 2229 2952 2301 τὴν
2974 2230 3125 2284 πόλιν
3145 2248 3158 2260 ·
3188 2233 3283 2284 καὶ
3308 2232 3451 2303 άπερ
3481 2234 3737 2304 ἐνόμιζον

2156 2320 2291 2376 εἶναι
2323 2321 2638 2391 κωλύματα,
2676 2319 2849 2374 ταῦτα
2878 2321 3094 2389 ἐγένετο
3128 2319 3449 2393 βοηθήματα
3490 2323 3591 2383 τοῦ
3630 2343 3736 2396 κη-

2159 2415 2434 2487 ρύγματος
2454 2430 2468 2443 ·
2493 2413 2635 2467 οὕτω
2657 2413 2752 2466 καὶ
2769 2411 2984 2466 Παύλου
3013 2413 3397 2484 κηρύττοντος,
3422 2414 3570 2486 άπερ
3632 2417 3736 2469 ἐπ·-

2154 2509 2360 2580 ἡγαγον
2388 2507 2586 2558 ἐκεῖνοι
2618 2505 2707 2559 τὸν
2745 2504 2903 2573 λόγον
2931 2504 3290 2569 ἐκκόπτοντες
3307 2546 3322 2572 ,
3343 2505 3520 2560 ταῦτα
3565 2508 3737 2561 αὐτὸν

2154 2597 2382 2669 ηὖξησε,
2409 2597 2506 2650 καὶ
2533 2597 2615 2658 είς
2641 2593 2774 2664 ὕψος
2806 2593 3013 2664 ἐπῆρεν
3040 2594 3267 2663 ἄφατον.
3315 2596 3415 2649 Διὰ
3451 2596 3518 2666 δὴ
3554 2597 3737 2651 ταῦτα

2155 2691 2334 2744 πάντα
2355 2686 2838 2758 εὐχαριστήσωμεν
2864 2685 2944 2756 τῷ
2966 2686 3258 2759 εύμηχάνῳ
3290 2686 3440 2757 Θεῷ,
3488 2690 3734 2762 μακαρι-

2156 2792 2336 2846 σωμεν
2361 2775 2452 2828 τὸν
2488 2772 2718 2836 Παῦλον,
2739 2773 2806 2826 δι’
2849 2766 2911 2827 οὗ
2950 2774 3123 2829 ταῦτα
3146 2774 3392 2845 γέγονεν,
3437 2776 3735 2849 εὐξώμεθα

2154 2869 2248 2921 καὶ
2278 2865 2429 2919 αὐτοὶ
2450 2864 2558 2917 τῶν
2587 2863 2767 2918 αὐτῶν
2788 2864 3066 2936 ἐπιτυχεῖν
3098 2864 3318 2934 ἀγαθῶν
3337 2906 3353 2927 ,
3389 2867 3576 2937 χάριτι
3638 2870 3735 2921 καὶ

2160 2951 2540 3024 φιλανθρωπίᾳ
2557 2950 2651 3003 τοῦ
2674 2951 2881 3023 Κυρίου
2898 2952 3053 3022 ἡμῶν
3089 2952 3264 3017 Ἰησοῦ
3292 2954 3553 3024 Χριστοῦ,
3574 2954 3645 3009 δι’
3668 2950 3734 3009 οὗ

2158 3039 2253 3097 καὶ
2282 3040 2398 3112 μεθ’
2426 3031 2487 3092 οὗ
2515 3039 2593 3111 τῷ
2624 3040 2797 3110 Πατρ“ι
2832 3040 2979 3108 δόξα,
3005 3042 3119 3111 ἅμα
3150 3038 3230 3113 τῷ
3250 3044 3390 3114 ἁγίῳ
3422 3045 3730 3118 Πνεύματι,

2156 3136 2237 3197 εἰς
2260 3133 2389 3196 τοὺς
2411 3130 2613 3195 αἰῶνας
2639 3130 2749 3186 τῶν
2781 3130 3019 3189 αἰώνων.
3065 3133 3259 3204 Ἀμήν.

3200 3740 3655 3768 ’ἓζψ
3668 3743 3728 3756 ~

1919 3940 2277 4003 MONITUM

475 4098 485 4107 ’
547 4114 725 4187 Hujus
752 4114 1033 4171 concionis
1064 4123 1284 4185 tempus
1313 4112 1557 4182 assignat
1584 4108 2017 4180 Chrysostomus
2060 4104 2225 4175 paulo
2251 4110 2376 4174 post
2397 4100 2614 4157 initium
2638 4119 2653 4156 :
2681 4099 2910 4166 Quintus
2939 4101 3081 4155 enim
3114 4116 3307 4165 annus,
3361 4101 3562 4169 inquit,
3587 4153 3591 4157 ,
3611 4101 3738 4171 jam

470 4229 750 4300 praeteriit,
782 4244 848 4284 ea:
876 4244 979 4299 quo
1008 4228 1099 4283 ille
1121 4228 1368 4299 migravit
1402 4226 1472 4280 ad
1511 4223 1719 4278 Iesum.
1761 4221 1913 4277 Obiit
1941 4228 2124 4277 autem
2154 4219 2403 4275 Meletius
2431 4214 2934 4286 Constantinopoli,
2970 4214 3064 4269 illo
3096 4224 3356 4272 evocatus
3380 4216 3450 4271 ab
3477 4216 3726 4288 impera-

474 4356 613 4413 tore,
668 4357 815 4399 anno
860 4341 990 4406 581,
1024 4340 1171 4396 circa
1210 4338 1374 4395 ﬁnem
1432 4335 1642 4393 mensis
1673 4333 1824 4389 Maii.
1860 4331 2233 4400 Quamobrem
2282 4338 2410 4403 post
2463 4344 2709 4386 mensem
2740 4328 2943 4385 Maium
2998 4330 3127 4384 anni
3158 4329 3265 4385 586
3316 4330 3504 4385 habita
3553 4328 3728 4385 fuerit

474 4460 594 4512 haec
626 4453 874 4518 homilia,
906 4460 1034 4507 ante
1068 4467 1289 4522 capsam
1350 4448 1707 4520 reliquiarum
1757 4446 2003 4519 ejusdem
2033 4446 2249 4514 sancti;
2292 4459 2403 4501 non
2441 4443 2499 4498 in
2540 4443 2916 4500 anniversaria
2961 4444 3144 4500 obitus
3173 4444 3302 4501 die:
3346 4460 3528 4515 neque
3580 4448 3736 4503 enim

474 4583 706 4649 dixisset
725 4580 1153 4652 Chrysostomus
1179 4575 1292 4645 jam
1318 4570 1652 4644 praeteriisse
1681 4584 1885 4627 annum
1913 4570 2191 4642 quintum,
2226 4567 2328 4639 ἤδη
2364 4563 2736 4636 παρέδραμεν,
2768 4564 2865 4622 sed
2897 4563 3146 4620 fortassis
3180 4562 3236 4617 in
3289 4562 3377 4617 die
3410 4561 3742 4618 translatio-

476 4699 568 4754 nis
588 4672 944 4767 reliquiarum
973 4693 1096 4764 ejus
1124 4690 1498 4753 Antiochiam,
1535 4703 1658 4760 qua:
1696 4686 1939 4743 incidere
1972 4685 2189 4742 videtur
2219 4684 2273 4739 in
2303 4681 2682 4739 duodecimam
2709 4678 3014 4744 Februarii,
3052 4693 3162 4750 qua
3187 4677 3275 4733 die
3328 4672 3732 4749 Martyrologia

477 4810 728 4867 Graecum
755 4816 813 4864 et
859 4804 1165 4861 Romanum
1194 4801 1314 4872 ejus
1365 4799 1567 4856 festum
1611 4796 1967 4854 aununtiant.
1998 4795 2104 4862 Qui
2135 4795 2381 4852 calculus
2411 4794 2459 4851 si
2486 4801 2721 4860 constet,
2751 4800 2807 4848 et
2838 4791 2886 4847 si
2918 4789 3303 4863 Martyrologia
3336 4789 3483 4845 diem
3540 4798 3737 4847 trans-

476 4920 699 4980 lationis
755 4925 1008 4977 accurate
1034 4924 1244 4982 notent,
1275 4912 1422 4987 quod
1461 4919 1644 4967 tamen
1679 4922 1847 4965 secus
1890 4920 2069 4977 neque
2101 4921 2226 4962 raro
2253 4906 2541 4979 contingit,
2566 4906 2684 4961 haec
2708 4903 2901 4960 concio
2949 4903 3135 4958 habita
3182 4901 3348 4957 luerit
3398 4902 3732 4959 duodecima

476 5036 759 5097 Februarii
785 5034 914 5092 anni
939 5032 1068 5102 387,
1097 5041 1221 5105 post
1241 5045 1418 5089 annos
1436 5027 1704 5101 quinque,
1746 5032 1803 5082 et
1823 5031 1948 5081 octo
1970 5036 2096 5079 cum
2124 5022 2354 5081 dimidio
2380 5036 2620 5097 menses,
2643 5033 2811 5093 quam
2835 5016 3150 5075 decesserat
3176 5015 3453 5074 Meletius.
3498 5015 3731 5075 Canum
