  <div class='ocr_page' id='page_1' title='image "/cluster/home/n/w/nwhite01/storage/ocr_20150623/50/mdp.39015066055818/110.png"; bbox 0 0 3884 6294; ppageno 0'>
   <div class='ocr_carea' id='block_1_1' title="bbox 110 318 228 371">
    <p class='ocr_par' dir='ltr' id='par_1_1' title="bbox 110 318 228 371">
     <span class='ocr_line' id='line_1_1' title="bbox 110 318 228 371; baseline 0.017 -2"><span class='ocrx_word' id='word_1_1' title='bbox 110 318 228 371; x_wconf 73' lang='lat'><strong>513</strong></span> 
     </span>
    </p>
   </div>
   <div class='ocr_carea' id='block_1_2' title="bbox 98 427 1694 502">
    <p class='ocr_par' dir='ltr' id='par_1_2' title="bbox 98 427 1694 502">
     <span class='ocr_line' id='line_1_2' title="bbox 98 427 1694 502; baseline -0.001 -21"><span class='ocrx_word' id='word_1_2' title='bbox 98 448 128 483; x_wconf 81' lang='grc' dir='ltr'>ιι</span> <span class='ocrx_word' id='word_1_3' title='bbox 144 451 177 483; x_wconf 81' lang='lat' dir='ltr'><strong>c</strong></span> <span class='ocrx_word' id='word_1_4' title='bbox 204 441 532 502; x_wconf 74' lang='lat' dir='ltr'><strong>capientem,</strong></span> <span class='ocrx_word' id='word_1_5' title='bbox 554 432 810 500; x_wconf 79' lang='lat' dir='ltr'><strong>majorem</strong></span> <span class='ocrx_word' id='word_1_6' title='bbox 833 433 1068 499; x_wconf 90' lang='lat' dir='ltr'><strong>profecto</strong></span> <span class='ocrx_word' id='word_1_7' title='bbox 1095 431 1339 485; x_wconf 82' lang='lat' dir='ltr'><strong>fiduciam</strong></span> <span class='ocrx_word' id='word_1_8' title='bbox 1359 427 1694 500; x_wconf 76' lang='lat' dir='ltr'><strong>colligebant.</strong></span> 
     </span>
    </p>
   </div>
   <div class='ocr_carea' id='block_1_3' title="bbox 106 518 1701 590">
    <p class='ocr_par' dir='ltr' id='par_1_3' title="bbox 106 518 1701 590">
     <span class='ocr_line' id='line_1_3' title="bbox 106 518 1701 590; baseline 0.001 -19"><span class='ocrx_word' id='word_1_9' title='bbox 106 520 173 572; x_wconf 80' lang='lat' dir='ltr'><strong>Et</strong></span> <span class='ocrx_word' id='word_1_10' title='bbox 203 519 412 574; x_wconf 89' lang='lat' dir='ltr'><strong>idcirco</strong></span> <span class='ocrx_word' id='word_1_11' title='bbox 443 535 549 575; x_wconf 89' lang='lat' dir='ltr'><strong>non</strong></span> <span class='ocrx_word' id='word_1_12' title='bbox 575 520 709 575; x_wconf 73' lang='lat' dir='ltr'><strong>dixit</strong></span> <span class='ocrx_word' id='word_1_13' title='bbox 735 520 1046 589; x_wconf 76' lang='lat' dir='ltr'><strong>simpliciter</strong></span> <span class='ocrx_word' id='word_1_14' title='bbox 1072 520 1390 590; x_wconf 80' lang='lat' dir='ltr'><strong>Conﬁdentes</strong></span> <span class='ocrx_word' id='word_1_15' title='bbox 1408 537 1427 584; x_wconf 76' lang='lat'><strong>,&#39;</strong></span> <span class='ocrx_word' id='word_1_16' title='bbox 1454 519 1583 575; x_wconf 87' lang='lat' dir='ltr'><strong>sed.</strong></span> <span class='ocrx_word' id='word_1_17' title='bbox 1616 518 1701 573; x_wconf 83' lang='lat' dir='ltr'><strong>Ita</strong></span> 
     </span>
    </p>
   </div>
   <div class='ocr_carea' id='block_1_4' title="bbox 103 610 1697 668">
    <p class='ocr_par' dir='ltr' id='par_1_4' title="bbox 103 610 1697 668">
     <span class='ocr_line' id='line_1_4' title="bbox 103 610 1697 668; baseline 0.001 -6"><span class='ocrx_word' id='word_1_18' title='bbox 103 621 160 662; x_wconf 86' lang='lat' dir='ltr'><strong>ut</strong></span> <span class='ocrx_word' id='word_1_19' title='bbox 186 611 538 665; x_wconf 77' lang='lat' dir='ltr'><strong>abundantius</strong></span> <span class='ocrx_word' id='word_1_20' title='bbox 565 611 805 666; x_wconf 73' lang='lat' dir='ltr'><strong>auderent</strong></span> <span class='ocrx_word' id='word_1_21' title='bbox 831 613 938 665; x_wconf 85' lang='lat' dir='ltr'><strong>sine</strong></span> <span class='ocrx_word' id='word_1_22' title='bbox 961 613 1140 666; x_wconf 83' lang='lat' dir='ltr'><strong>timore</strong></span> <span class='ocrx_word' id='word_1_23' title='bbox 1166 612 1367 666; x_wconf 76' lang='lat' dir='ltr'><strong>verbum</strong></span> <span class='ocrx_word' id='word_1_24' title='bbox 1390 610 1488 665; x_wconf 85' lang='lat' dir='ltr'><strong>Dei</strong></span> <span class='ocrx_word' id='word_1_25' title='bbox 1515 611 1652 668; x_wconf 82' lang='lat' dir='ltr'><strong>loaui</strong></span> <span class='ocrx_word' id='word_1_26' title='bbox 1677 626 1697 664; x_wconf 91' lang='lat'><em>:</em></span> 
     </span>
    </p>
   </div>
   <div class='ocr_carea' id='block_1_5' title="bbox 94 691 1702 774">
    <p class='ocr_par' dir='ltr' id='par_1_5' title="bbox 94 691 1702 774">
     <span class='ocr_line' id='line_1_5' title="bbox 94 691 1702 774; baseline -0.001 -18"><span class='ocrx_word' id='word_1_27' title='bbox 94 691 311 771; x_wconf 85' lang='lat' dir='ltr'><strong>magis,</strong></span> <span class='ocrx_word' id='word_1_28' title='bbox 344 703 552 772; x_wconf 84' lang='lat' dir='ltr'><strong>inquit,</strong></span> <span class='ocrx_word' id='word_1_29' title='bbox 580 704 739 757; x_wconf 92' lang='lat' dir='ltr'><strong>modo</strong></span> <span class='ocrx_word' id='word_1_30' title='bbox 767 719 925 774; x_wconf 90' lang='lat' dir='ltr'><strong>quam</strong></span> <span class='ocrx_word' id='word_1_31' title='bbox 954 718 1074 757; x_wconf 89' lang='lat' dir='ltr'><strong>cum</strong></span> <span class='ocrx_word' id='word_1_32' title='bbox 1101 718 1273 759; x_wconf 91' lang='lat' dir='ltr'><strong>essem</strong></span> <span class='ocrx_word' id='word_1_33' title='bbox 1302 704 1434 758; x_wconf 90' lang='lat' dir='ltr'><strong>liber</strong></span> <span class='ocrx_word' id='word_1_34' title='bbox 1457 718 1487 757; x_wconf 89' lang='lat' dir='ltr'><strong>a</strong></span> <span class='ocrx_word' id='word_1_35' title='bbox 1516 702 1702 756; x_wconf 83' lang='lat' dir='ltr'><strong>vincu-</strong></span> 
     </span>
    </p>
   </div>
   <div class='ocr_carea' id='block_1_6' title="bbox 104 792 1698 862">
    <p class='ocr_par' dir='ltr' id='par_1_6' title="bbox 104 792 1698 862">
     <span class='ocr_line' id='line_1_6' title="bbox 104 792 1698 862; baseline 0.002 -18"><span class='ocrx_word' id='word_1_36' title='bbox 104 792 171 845; x_wconf 89' lang='lat' dir='ltr'><strong>lis</strong></span> <span class='ocrx_word' id='word_1_37' title='bbox 197 832 214 858; x_wconf 85' lang='lat'><strong>,</strong></span> <span class='ocrx_word' id='word_1_38' title='bbox 250 793 445 847; x_wconf 75' lang='lat' dir='ltr'><strong>fratres</strong></span> <span class='ocrx_word' id='word_1_39' title='bbox 476 793 833 862; x_wconf 70' lang='lat' dir='ltr'><strong>praedicabant</strong></span> <span class='ocrx_word' id='word_1_40' title='bbox 860 794 1188 848; x_wconf 84' lang='lat' dir='ltr'><strong>fiducialiter.</strong></span> <span class='ocrx_word' id='word_1_41' title='bbox 1233 793 1382 848; x_wconf 90' lang='lat' dir='ltr'><strong>Tune</strong></span> <span class='ocrx_word' id='word_1_42' title='bbox 1410 794 1551 848; x_wconf 83' lang='lat' dir='ltr'><strong>enim</strong></span> <span class='ocrx_word' id='word_1_43' title='bbox 1576 809 1698 847; x_wconf 85' lang='lat' dir='ltr'><strong>cer-</strong></span> 
     </span>
    </p>
   </div>
   <div class='ocr_carea' id='block_1_7' title="bbox 112 883 1698 953">
    <p class='ocr_par' dir='ltr' id='par_1_7' title="bbox 112 883 1698 953">
     <span class='ocr_line' id='line_1_7' title="bbox 112 883 1698 953; baseline 0.003 -19"><span class='ocrx_word' id='word_1_44' title='bbox 112 883 315 938; x_wconf 89' lang='lat' dir='ltr'><strong>tiorem</strong></span> <span class='ocrx_word' id='word_1_45' title='bbox 348 884 673 937; x_wconf 74' lang='lat' dir='ltr'><strong>alacritatem</strong></span> <span class='ocrx_word' id='word_1_46' title='bbox 702 894 757 939; x_wconf 90' lang='lat' dir='ltr'><strong>et</strong></span> <span class='ocrx_word' id='word_1_47' title='bbox 795 884 909 953; x_wconf 88' lang='lat' dir='ltr'><strong>ipse</strong></span> <span class='ocrx_word' id='word_1_48' title='bbox 932 884 1214 953; x_wconf 87' lang='lat' dir='ltr'><strong>capiebat,</strong></span> <span class='ocrx_word' id='word_1_49' title='bbox 1245 898 1307 937; x_wconf 90' lang='lat' dir='ltr'><strong>ac</strong></span> <span class='ocrx_word' id='word_1_50' title='bbox 1333 883 1698 938; x_wconf 82' lang='lat' dir='ltr'><strong>vehementius</strong></span> 
     </span>
    </p>
   </div>
   <div class='ocr_carea' id='block_1_8' title="bbox 105 973 1694 1044">
    <p class='ocr_par' dir='ltr' id='par_1_8' title="bbox 105 973 1694 1044">
     <span class='ocr_line' id='line_1_8' title="bbox 105 973 1694 1044; baseline 0 -17"><span class='ocrx_word' id='word_1_51' title='bbox 105 974 161 1027; x_wconf 90' lang='lat' dir='ltr'><strong>in</strong></span> <span class='ocrx_word' id='word_1_52' title='bbox 186 974 525 1028; x_wconf 85' lang='lat' dir='ltr'><strong>adversarios</strong></span> <span class='ocrx_word' id='word_1_53' title='bbox 546 973 833 1038; x_wconf 81' lang='lat' dir='ltr'><strong>ferebatur,</strong></span> <span class='ocrx_word' id='word_1_54' title='bbox 852 983 908 1028; x_wconf 88' lang='lat' dir='ltr'><strong>et</strong></span> <span class='ocrx_word' id='word_1_55' title='bbox 925 976 1250 1029; x_wconf 75' lang='lat' dir='ltr'><strong>incrementa</strong></span> <span class='ocrx_word' id='word_1_56' title='bbox 1272 974 1694 1044; x_wconf 82' lang='lat' dir='ltr'><strong>persequutionis</strong></span> 
     </span>
    </p>
   </div>
   <div class='ocr_carea' id='block_1_9' title="bbox 104 1063 1700 1133">
    <p class='ocr_par' dir='ltr' id='par_1_9' title="bbox 104 1063 1700 1133">
     <span class='ocr_line' id='line_1_9' title="bbox 104 1063 1700 1133; baseline 0 -16"><span class='ocrx_word' id='word_1_57' title='bbox 104 1063 334 1132; x_wconf 79' lang='lat' dir='ltr'><strong>majoris</strong></span> <span class='ocrx_word' id='word_1_58' title='bbox 363 1064 435 1118; x_wconf 90' lang='lat' dir='ltr'><strong>illi</strong></span> <span class='ocrx_word' id='word_1_59' title='bbox 460 1064 832 1120; x_wconf 84' lang='lat' dir='ltr'><strong>fiebantcausa</strong></span> <span class='ocrx_word' id='word_1_60' title='bbox 849 1065 1185 1119; x_wconf 80' lang='lat' dir='ltr'><strong>constantiae.</strong></span> <span class='ocrx_word' id='word_1_61' title='bbox 1217 1064 1456 1119; x_wconf 88' lang='lat' dir='ltr'><strong>Inclusus</strong></span> <span class='ocrx_word' id='word_1_62' title='bbox 1483 1074 1563 1118; x_wconf 92' lang='lat' dir='ltr'><strong>est</strong></span> <span class='ocrx_word' id='word_1_63' title='bbox 1582 1064 1700 1133; x_wconf 88' lang='lat' dir='ltr'><strong>qui-</strong></span> 
     </span>
    </p>
   </div>
   <div class='ocr_carea' id='block_1_10' title="bbox 103 1155 1698 1226">
    <p class='ocr_par' dir='ltr' id='par_1_10' title="bbox 103 1155 1698 1226">
     <span class='ocr_line' id='line_1_10' title="bbox 103 1155 1698 1226; baseline 0 -17"><span class='ocrx_word' id='word_1_64' title='bbox 103 1155 234 1209; x_wconf 90' lang='lat' dir='ltr'><strong>dem</strong></span> <span class='ocrx_word' id='word_1_65' title='bbox 266 1156 319 1209; x_wconf 93' lang='lat' dir='ltr'><strong>in</strong></span> <span class='ocrx_word' id='word_1_66' title='bbox 346 1172 563 1211; x_wconf 82' lang='lat' dir='ltr'><strong>carcere</strong></span> <span class='ocrx_word' id='word_1_67' title='bbox 582 1198 598 1223; x_wconf 86' lang='lat'><strong>,</strong></span> <span class='ocrx_word' id='word_1_68' title='bbox 627 1163 937 1226; x_wconf 87' lang='lat' dir='ltr'><strong>tantumque</strong></span> <span class='ocrx_word' id='word_1_69' title='bbox 964 1159 1018 1212; x_wconf 91' lang='lat' dir='ltr'><strong>in</strong></span> <span class='ocrx_word' id='word_1_70' title='bbox 1047 1173 1112 1212; x_wconf 90' lang='lat' dir='ltr'><strong>eo</strong></span> <span class='ocrx_word' id='word_1_71' title='bbox 1140 1157 1348 1211; x_wconf 89' lang='lat' dir='ltr'><strong>virtutis</strong></span> <span class='ocrx_word' id='word_1_72' title='bbox 1375 1157 1607 1221; x_wconf 77' lang='lat' dir='ltr'><strong>refulsit,</strong></span> <span class='ocrx_word' id='word_1_73' title='bbox 1641 1167 1698 1210; x_wconf 91' lang='lat' dir='ltr'><strong>ut</strong></span> 
     </span>
    </p>
   </div>
   <div class='ocr_carea' id='block_1_11' title="bbox 100 1244 1694 1315">
    <p class='ocr_par' dir='ltr' id='par_1_11' title="bbox 100 1244 1694 1315">
     <span class='ocr_line' id='line_1_11' title="bbox 100 1244 1694 1315; baseline 0.001 -17"><span class='ocrx_word' id='word_1_74' title='bbox 100 1246 272 1298; x_wconf 84' lang='lat' dir='ltr'><strong>etiam</strong></span> <span class='ocrx_word' id='word_1_75' title='bbox 302 1244 646 1301; x_wconf 85' lang='lat' dir='ltr'><strong>fundamenta</strong></span> <span class='ocrx_word' id='word_1_76' title='bbox 676 1256 1022 1315; x_wconf 87' lang='lat' dir='ltr'><strong>quaterentur</strong></span> <span class='ocrx_word' id='word_1_77' title='bbox 1057 1256 1114 1301; x_wconf 89' lang='lat' dir='ltr'><strong>et</strong></span> <span class='ocrx_word' id='word_1_78' title='bbox 1150 1246 1283 1299; x_wconf 87' lang='lat' dir='ltr'><strong>ostia</strong></span> <span class='ocrx_word' id='word_1_79' title='bbox 1318 1246 1694 1314; x_wconf 86' lang='lat' dir='ltr'><strong>pandereutur.</strong></span> 
     </span>
    </p>
   </div>
   <div class='ocr_carea' id='block_1_12' title="bbox 100 1336 1693 1409">
    <p class='ocr_par' dir='ltr' id='par_1_12' title="bbox 100 1336 1693 1409">
     <span class='ocr_line' id='line_1_12' title="bbox 100 1336 1693 1409; baseline 0.001 -19"><span class='ocrx_word' id='word_1_80' title='bbox 100 1336 399 1391; x_wconf 79' lang='lat' dir='ltr'><strong>Custodem</strong></span> <span class='ocrx_word' id='word_1_81' title='bbox 419 1353 628 1407; x_wconf 90' lang='lat' dir='ltr'><strong>quoque</strong></span> <span class='ocrx_word' id='word_1_82' title='bbox 654 1348 782 1392; x_wconf 88' lang='lat' dir='ltr'><strong>tunc</strong></span> <span class='ocrx_word' id='word_1_83' title='bbox 803 1339 979 1409; x_wconf 88' lang='lat' dir='ltr'><strong>ipsum</strong></span> <span class='ocrx_word' id='word_1_84' title='bbox 998 1339 1226 1395; x_wconf 87' lang='lat' dir='ltr'><strong>carceris</strong></span> <span class='ocrx_word' id='word_1_85' title='bbox 1247 1338 1314 1393; x_wconf 90' lang='lat' dir='ltr'><strong>ad</strong></span> <span class='ocrx_word' id='word_1_86' title='bbox 1335 1339 1493 1394; x_wconf 85' lang='lat' dir='ltr'><strong>ﬁdem</strong></span> <span class='ocrx_word' id='word_1_87' title='bbox 1519 1348 1693 1392; x_wconf 88' lang='lat' dir='ltr'><strong>trans-</strong></span> 
     </span>
    </p>
   </div>
   <div class='ocr_carea' id='block_1_13' title="bbox 106 1428 1697 1501">
    <p class='ocr_par' dir='ltr' id='par_1_13' title="bbox 106 1428 1697 1501">
     <span class='ocr_line' id='line_1_13' title="bbox 106 1428 1697 1501; baseline 0.002 -20"><span class='ocrx_word' id='word_1_88' title='bbox 106 1428 230 1482; x_wconf 88' lang='lat' dir='ltr'><strong>tulit</strong></span> <span class='ocrx_word' id='word_1_89' title='bbox 258 1429 390 1498; x_wconf 85' lang='lat' dir='ltr'><strong>(Act.</strong></span> <span class='ocrx_word' id='word_1_90' title='bbox 427 1430 534 1499; x_wconf 81' lang='grc'><strong>16),</strong></span> <span class='ocrx_word' id='word_1_91' title='bbox 556 1430 724 1498; x_wconf 90' lang='lat' dir='ltr'><strong>judici</strong></span> <span class='ocrx_word' id='word_1_92' title='bbox 754 1446 888 1499; x_wconf 89' lang='lat' dir='ltr'><strong>pene</strong></span> <span class='ocrx_word' id='word_1_93' title='bbox 919 1432 1196 1500; x_wconf 86' lang='lat' dir='ltr'><strong>persuasit,</strong></span> <span class='ocrx_word' id='word_1_94' title='bbox 1231 1432 1301 1486; x_wconf 88' lang='lat' dir='ltr'><strong>ita</strong></span> <span class='ocrx_word' id='word_1_95' title='bbox 1328 1441 1385 1485; x_wconf 85' lang='lat' dir='ltr'><strong>ut</strong></span> <span class='ocrx_word' id='word_1_96' title='bbox 1413 1432 1528 1501; x_wconf 89' lang='lat' dir='ltr'><strong>ipse</strong></span> <span class='ocrx_word' id='word_1_97' title='bbox 1550 1430 1697 1485; x_wconf 83' lang='lat' dir='ltr'><strong>dice-</strong></span> 
     </span>
    </p>
   </div>
   <div class='ocr_carea' id='block_1_14' title="bbox 104 1521 1690 1597">
    <p class='ocr_par' dir='ltr' id='par_1_14' title="bbox 104 1521 1690 1597">
     <span class='ocr_line' id='line_1_14' title="bbox 104 1521 1690 1597; baseline 0.004 -24"><span class='ocrx_word' id='word_1_98' title='bbox 104 1530 191 1574; x_wconf 85' lang='lat' dir='ltr'><strong>ret</strong></span> <span class='ocrx_word' id='word_1_99' title='bbox 218 1538 234 1573; x_wconf 91' lang='lat'>:</span> <span class='ocrx_word' id='word_1_100' title='bbox 268 1521 335 1574; x_wconf 82' lang='lat' dir='ltr'><strong>In</strong></span> <span class='ocrx_word' id='word_1_101' title='bbox 366 1523 561 1575; x_wconf 82' lang='lat' dir='ltr'><strong>modico</strong></span> <span class='ocrx_word' id='word_1_102' title='bbox 587 1539 664 1576; x_wconf 88' lang='lat' dir='ltr'><strong>me</strong></span> <span class='ocrx_word' id='word_1_103' title='bbox 688 1525 869 1578; x_wconf 85' lang='lat' dir='ltr'><strong>suades</strong></span> <span class='ocrx_word' id='word_1_104' title='bbox 898 1523 1240 1579; x_wconf 78' lang='lat' dir='ltr'><strong>Christianum</strong></span> <span class='ocrx_word' id='word_1_105' title='bbox 1269 1527 1381 1594; x_wconf 82' lang='lat' dir='ltr'><strong>ﬁeri</strong></span> <span class='ocrx_word' id='word_1_106' title='bbox 1412 1525 1432 1597; x_wconf 96' lang='lat'>(</span> <span class='ocrx_word' id='word_1_107' title='bbox 1460 1528 1572 1581; x_wconf 84' lang='lat' dir='ltr'><strong>Act.</strong></span> <span class='ocrx_word' id='word_1_108' title='bbox 1599 1526 1690 1580; x_wconf 76' lang='lat'><strong>26.</strong></span> 
     </span>
    </p>
   </div>
   <div class='ocr_carea' id='block_1_15' title="bbox 98 1612 1694 1685">
    <p class='ocr_par' dir='ltr' id='par_1_15' title="bbox 98 1612 1694 1685">
     <span class='ocr_line' id='line_1_15' title="bbox 98 1612 1694 1685; baseline 0.003 -19"><span class='ocrx_word' id='word_1_109' title='bbox 98 1613 221 1681; x_wconf 63' lang='lat'><strong>28).</strong></span> <span class='ocrx_word' id='word_1_110' title='bbox 264 1612 472 1665; x_wconf 81' lang='lat' dir='ltr'><strong>Rursus</strong></span> <span class='ocrx_word' id='word_1_111' title='bbox 496 1628 616 1666; x_wconf 90' lang='lat' dir='ltr'><strong>cum</strong></span> <span class='ocrx_word' id='word_1_112' title='bbox 642 1613 998 1682; x_wconf 89' lang='lat' dir='ltr'><strong>lapidaretur,</strong></span> <span class='ocrx_word' id='word_1_113' title='bbox 1044 1616 1252 1684; x_wconf 85' lang='lat' dir='ltr'><strong>plenam</strong></span> <span class='ocrx_word' id='word_1_114' title='bbox 1284 1616 1460 1685; x_wconf 78' lang='lat' dir='ltr'><strong>papuli</strong></span> <span class='ocrx_word' id='word_1_115' title='bbox 1504 1618 1694 1672; x_wconf 88' lang='lat' dir='ltr'><strong>civita-</strong></span> 
     </span>
    </p>
   </div>
   <div class='ocr_carea' id='block_1_16' title="bbox 107 1700 1693 1776">
    <p class='ocr_par' dir='ltr' id='par_1_16' title="bbox 107 1700 1693 1776">
     <span class='ocr_line' id='line_1_16' title="bbox 107 1700 1693 1776; baseline 0.006 -23"><span class='ocrx_word' id='word_1_116' title='bbox 107 1711 217 1755; x_wconf 91' lang='lat' dir='ltr'><strong>tem</strong></span> <span class='ocrx_word' id='word_1_117' title='bbox 250 1700 376 1755; x_wconf 81' lang='lat' dir='ltr'><strong>fidei</strong></span> <span class='ocrx_word' id='word_1_118' title='bbox 406 1702 524 1757; x_wconf 90' lang='lat' dir='ltr'><strong>luce</strong></span> <span class='ocrx_word' id='word_1_119' title='bbox 548 1702 833 1758; x_wconf 70' lang='lat' dir='ltr'><strong>donavit‘:</strong></span> <span class='ocrx_word' id='word_1_120' title='bbox 861 1713 916 1759; x_wconf 88' lang='lat' dir='ltr'><strong>et</strong></span> <span class='ocrx_word' id='word_1_121' title='bbox 948 1706 1207 1760; x_wconf 86' lang='lat' dir='ltr'><strong>vocabant</strong></span> <span class='ocrx_word' id='word_1_122' title='bbox 1232 1722 1353 1760; x_wconf 90' lang='lat' dir='ltr'><strong>eum</strong></span> <span class='ocrx_word' id='word_1_123' title='bbox 1380 1709 1526 1775; x_wconf 89' lang='lat' dir='ltr'><strong>quasi</strong></span> <span class='ocrx_word' id='word_1_124' title='bbox 1547 1708 1693 1776; x_wconf 86' lang='lat' dir='ltr'><strong>judi-</strong></span> 
     </span>
    </p>
   </div>
   <div class='ocr_carea' id='block_1_17' title="bbox 104 1792 1694 1858">
    <p class='ocr_par' dir='ltr' id='par_1_17' title="bbox 104 1792 1694 1858">
     <span class='ocr_line' id='line_1_17' title="bbox 104 1792 1694 1858; baseline 0.007 -15"><span class='ocrx_word' id='word_1_125' title='bbox 104 1793 281 1845; x_wconf 89' lang='lat' dir='ltr'><strong>caturi</strong></span> <span class='ocrx_word' id='word_1_126' title='bbox 319 1792 491 1847; x_wconf 69' lang='lat' dir='ltr'><strong>Judzni</strong></span> <span class='ocrx_word' id='word_1_127' title='bbox 515 1834 530 1858; x_wconf 95' lang='lat'><strong>,</strong></span> <span class='ocrx_word' id='word_1_128' title='bbox 561 1803 688 1849; x_wconf 89' lang='lat' dir='ltr'><strong>tunc</strong></span> <span class='ocrx_word' id='word_1_129' title='bbox 729 1795 891 1850; x_wconf 86' lang='lat' dir='ltr'><strong>etiam</strong></span> <span class='ocrx_word' id='word_1_130' title='bbox 926 1796 1279 1852; x_wconf 85' lang='lat' dir='ltr'><strong>Athenienses</strong></span> <span class='ocrx_word' id='word_1_131' title='bbox 1308 1798 1435 1853; x_wconf 87' lang='lat' dir='ltr'><strong>facti</strong></span> <span class='ocrx_word' id='word_1_132' title='bbox 1473 1808 1597 1853; x_wconf 88' lang='lat' dir='ltr'><strong>sunt</strong></span> <span class='ocrx_word' id='word_1_133' title='bbox 1627 1815 1694 1854; x_wconf 83' lang='lat' dir='ltr'><strong>ex</strong></span> 
     </span>
    </p>
   </div>
   <div class='ocr_carea' id='block_1_18' title="bbox 105 1883 1693 1960">
    <p class='ocr_par' dir='ltr' id='par_1_18' title="bbox 105 1883 1693 1960">
     <span class='ocr_line' id='line_1_18' title="bbox 105 1883 1693 1960; baseline 0.006 -24"><span class='ocrx_word' id='word_1_134' title='bbox 105 1883 433 1939; x_wconf 85' lang='lat' dir='ltr'><strong>adversariis</strong></span> <span class='ocrx_word' id='word_1_135' title='bbox 474 1886 705 1954; x_wconf 90' lang='lat' dir='ltr'><strong>subditi,</strong></span> <span class='ocrx_word' id='word_1_136' title='bbox 732 1897 787 1941; x_wconf 89' lang='lat' dir='ltr'><strong>et</strong></span> <span class='ocrx_word' id='word_1_137' title='bbox 811 1902 879 1942; x_wconf 82' lang='lat' dir='ltr'><strong>ex</strong></span> <span class='ocrx_word' id='word_1_138' title='bbox 899 1887 1165 1956; x_wconf 88' lang='lat' dir='ltr'><strong>judicibus</strong></span> <span class='ocrx_word' id='word_1_139' title='bbox 1195 1897 1412 1958; x_wconf 87' lang='lat' dir='ltr'><strong>repente</strong></span> <span class='ocrx_word' id='word_1_140' title='bbox 1429 1890 1693 1960; x_wconf 86' lang='lat' dir='ltr'><strong>discipuli.</strong></span> 
     </span>
    </p>
   </div>
   <div class='ocr_carea' id='block_1_19' title="bbox 102 1972 1692 2048">
    <p class='ocr_par' dir='ltr' id='par_1_19' title="bbox 102 1972 1692 2048">
     <span class='ocr_line' id='line_1_19' title="bbox 102 1972 1692 2048; baseline 0.006 -21"><span class='ocrx_word' id='word_1_141' title='bbox 102 1972 257 2028; x_wconf 84' lang='lat' dir='ltr'><strong>Sicut</strong></span> <span class='ocrx_word' id='word_1_142' title='bbox 286 1974 426 2029; x_wconf 85' lang='lat' dir='ltr'><strong>enim</strong></span> <span class='ocrx_word' id='word_1_143' title='bbox 471 1976 607 2044; x_wconf 91' lang='lat' dir='ltr'><strong>ignis</strong></span> <span class='ocrx_word' id='word_1_144' title='bbox 635 1978 690 2031; x_wconf 91' lang='lat' dir='ltr'><strong>in</strong></span> <span class='ocrx_word' id='word_1_145' title='bbox 728 1978 965 2033; x_wconf 85' lang='lat' dir='ltr'><strong>diversas</strong></span> <span class='ocrx_word' id='word_1_146' title='bbox 992 1980 1304 2048; x_wconf 87' lang='lat' dir='ltr'><strong>plerumque</strong></span> <span class='ocrx_word' id='word_1_147' title='bbox 1329 1983 1576 2035; x_wconf 87' lang='lat' dir='ltr'><strong>materias</strong></span> <span class='ocrx_word' id='word_1_148' title='bbox 1607 1982 1692 2035; x_wconf 54' lang='lat' dir='ltr'><strong>in.</strong></span> 
     </span>
    </p>
   </div>
   <div class='ocr_carea' id='block_1_20' title="bbox 106 2066 1693 2139">
    <p class='ocr_par' dir='ltr' id='par_1_20' title="bbox 106 2066 1693 2139">
     <span class='ocr_line' id='line_1_20' title="bbox 106 2066 1693 2139; baseline 0.004 -20"><span class='ocrx_word' id='word_1_149' title='bbox 106 2066 292 2120; x_wconf 87' lang='lat' dir='ltr'><strong>eidens</strong></span> <span class='ocrx_word' id='word_1_150' title='bbox 325 2076 549 2135; x_wconf 81' lang='lat' dir='ltr'><strong>augetur</strong></span> <span class='ocrx_word' id='word_1_151' title='bbox 580 2069 748 2137; x_wconf 82' lang='lat' dir='ltr'><strong>magis</strong></span> <span class='ocrx_word' id='word_1_152' title='bbox 771 2109 787 2134; x_wconf 88' lang='lat'><strong>,</strong></span> <span class='ocrx_word' id='word_1_153' title='bbox 816 2078 869 2122; x_wconf 93' lang='lat' dir='ltr'><strong>et</strong></span> <span class='ocrx_word' id='word_1_154' title='bbox 905 2085 969 2125; x_wconf 82' lang='lat' dir='ltr'><strong>ex</strong></span> <span class='ocrx_word' id='word_1_155' title='bbox 1008 2070 1246 2139; x_wconf 88' lang='lat' dir='ltr'><strong>subjecta</strong></span> <span class='ocrx_word' id='word_1_156' title='bbox 1273 2071 1374 2125; x_wconf 88' lang='lat' dir='ltr'><strong>sibi</strong></span> <span class='ocrx_word' id='word_1_157' title='bbox 1400 2071 1693 2125; x_wconf 86' lang='lat' dir='ltr'><strong>substantia</strong></span> 
     </span>
    </p>
   </div>
   <div class='ocr_carea' id='block_1_21' title="bbox 109 2156 1693 2231">
    <p class='ocr_par' dir='ltr' id='par_1_21' title="bbox 109 2156 1693 2231">
     <span class='ocr_line' id='line_1_21' title="bbox 109 2156 1693 2231; baseline 0.005 -22"><span class='ocrx_word' id='word_1_158' title='bbox 109 2156 443 2211; x_wconf 88' lang='lat' dir='ltr'><strong>incrementa</strong></span> <span class='ocrx_word' id='word_1_159' title='bbox 468 2159 685 2213; x_wconf 88' lang='lat' dir='ltr'><strong>sortitur</strong></span> <span class='ocrx_word' id='word_1_160' title='bbox 711 2174 725 2211; x_wconf 91' lang='lat'><strong>:</strong></span> <span class='ocrx_word' id='word_1_161' title='bbox 754 2160 832 2214; x_wconf 88' lang='lat' dir='ltr'><strong>sic</strong></span> <span class='ocrx_word' id='word_1_162' title='bbox 860 2160 1020 2215; x_wconf 88' lang='lat' dir='ltr'><strong>etiam</strong></span> <span class='ocrx_word' id='word_1_163' title='bbox 1047 2161 1222 2231; x_wconf 82' lang='lat' dir='ltr'><strong>lingua</strong></span> <span class='ocrx_word' id='word_1_164' title='bbox 1253 2161 1403 2215; x_wconf 89' lang='lat' dir='ltr'><strong>Pauli</strong></span> <span class='ocrx_word' id='word_1_165' title='bbox 1428 2201 1443 2225; x_wconf 88' lang='lat'><strong>,</strong></span> <span class='ocrx_word' id='word_1_166' title='bbox 1473 2162 1693 2231; x_wconf 87' lang='lat' dir='ltr'><strong>quihus-</strong></span> 
     </span>
    </p>
   </div>
   <div class='ocr_carea' id='block_1_22' title="bbox 104 2246 1695 2320">
    <p class='ocr_par' dir='ltr' id='par_1_22' title="bbox 104 2246 1695 2320">
     <span class='ocr_line' id='line_1_22' title="bbox 104 2246 1695 2320; baseline 0.005 -21"><span class='ocrx_word' id='word_1_167' title='bbox 104 2260 335 2315; x_wconf 89' lang='lat' dir='ltr'><strong>cumque</strong></span> <span class='ocrx_word' id='word_1_168' title='bbox 347 2246 536 2302; x_wconf 88' lang='lat' dir='ltr'><strong>fuisset</strong></span> <span class='ocrx_word' id='word_1_169' title='bbox 550 2248 784 2315; x_wconf 88' lang='lat' dir='ltr'><strong>adm0ta,</strong></span> <span class='ocrx_word' id='word_1_170' title='bbox 803 2250 872 2305; x_wconf 89' lang='lat' dir='ltr'><strong>ad</strong></span> <span class='ocrx_word' id='word_1_171' title='bbox 890 2252 1124 2320; x_wconf 88' lang='lat' dir='ltr'><strong>scipsum</strong></span> <span class='ocrx_word' id='word_1_172' title='bbox 1144 2266 1237 2306; x_wconf 90' lang='lat' dir='ltr'><strong>eos</strong></span> <span class='ocrx_word' id='word_1_173' title='bbox 1255 2251 1506 2306; x_wconf 86' lang='lat' dir='ltr'><strong>continuo</strong></span> <span class='ocrx_word' id='word_1_174' title='bbox 1521 2260 1695 2307; x_wconf 88' lang='lat' dir='ltr'><strong>trans-</strong></span> 
     </span>
    </p>
   </div>
   <div class='ocr_carea' id='block_1_23' title="bbox 103 2338 1693 2413">
    <p class='ocr_par' dir='ltr' id='par_1_23' title="bbox 103 2338 1693 2413">
     <span class='ocr_line' id='line_1_23' title="bbox 103 2338 1693 2413; baseline 0.005 -24"><span class='ocrx_word' id='word_1_175' title='bbox 103 2338 327 2392; x_wconf 75' lang='lat' dir='ltr'><strong>ferebat.</strong></span> <span class='ocrx_word' id='word_1_176' title='bbox 380 2339 777 2410; x_wconf 83' lang='lat' dir='ltr'><strong>lmpugnatores</strong></span> <span class='ocrx_word' id='word_1_177' title='bbox 818 2357 1030 2411; x_wconf 90' lang='lat' dir='ltr'><strong>quoque</strong></span> <span class='ocrx_word' id='word_1_178' title='bbox 1076 2342 1191 2412; x_wconf 84' lang='lat' dir='ltr'><strong>ejus</strong></span> <span class='ocrx_word' id='word_1_179' title='bbox 1236 2343 1482 2400; x_wconf 89' lang='lat' dir='ltr'><strong>celeriter</strong></span> <span class='ocrx_word' id='word_1_180' title='bbox 1527 2345 1693 2413; x_wconf 86' lang='lat' dir='ltr'><strong>ipsius</strong></span> 
     </span>
    </p>
   </div>
   <div class='ocr_carea' id='block_1_24' title="bbox 102 2428 1688 2502">
    <p class='ocr_par' dir='ltr' id='par_1_24' title="bbox 102 2428 1688 2502">
     <span class='ocr_line' id='line_1_24' title="bbox 102 2428 1688 2502; baseline 0.006 -21"><span class='ocrx_word' id='word_1_181' title='bbox 102 2428 269 2482; x_wconf 79' lang='lat' dir='ltr'><strong>verbo</strong></span> <span class='ocrx_word' id='word_1_182' title='bbox 294 2430 437 2497; x_wconf 80' lang='lat' dir='ltr'><strong>capti</strong></span> <span class='ocrx_word' id='word_1_183' title='bbox 470 2430 722 2499; x_wconf 87' lang='lat' dir='ltr'><strong>pabulum</strong></span> <span class='ocrx_word' id='word_1_184' title='bbox 761 2431 1029 2502; x_wconf 88' lang='lat' dir='ltr'><strong>quoddam</strong></span> <span class='ocrx_word' id='word_1_185' title='bbox 1054 2432 1313 2502; x_wconf 89' lang='lat' dir='ltr'><strong>spirituali</strong></span> <span class='ocrx_word' id='word_1_186' title='bbox 1340 2435 1462 2490; x_wconf 90' lang='lat' dir='ltr'><strong>huic</strong></span> <span class='ocrx_word' id='word_1_187' title='bbox 1490 2436 1688 2490; x_wconf 82' lang='lat' dir='ltr'><strong>efﬁcie-</strong></span> 
     </span>
    </p>
   </div>
   <div class='ocr_carea' id='block_1_25' title="bbox 101 2519 1688 2594">
    <p class='ocr_par' dir='ltr' id='par_1_25' title="bbox 101 2519 1688 2594">
     <span class='ocr_line' id='line_1_25' title="bbox 101 2519 1688 2594; baseline 0.004 -19"><span class='ocrx_word' id='word_1_188' title='bbox 101 2519 297 2575; x_wconf 80' lang='lat' dir='ltr'><strong>bantur</strong></span> <span class='ocrx_word' id='word_1_189' title='bbox 320 2521 465 2591; x_wconf 89' lang='lat' dir='ltr'><strong>igni,</strong></span> <span class='ocrx_word' id='word_1_190' title='bbox 496 2537 700 2591; x_wconf 83' lang='lat' dir='ltr'><strong>perque</strong></span> <span class='ocrx_word' id='word_1_191' title='bbox 734 2523 879 2591; x_wconf 89' lang='lat' dir='ltr'><strong>ipsos</strong></span> <span class='ocrx_word' id='word_1_192' title='bbox 907 2525 1075 2593; x_wconf 86' lang='lat' dir='ltr'><strong>magis</strong></span> <span class='ocrx_word' id='word_1_193' title='bbox 1104 2525 1376 2594; x_wconf 84' lang='lat' dir='ltr'><strong>Evangelii</strong></span> <span class='ocrx_word' id='word_1_194' title='bbox 1400 2525 1539 2580; x_wconf 88' lang='lat' dir='ltr'><strong>fama</strong></span> <span class='ocrx_word' id='word_1_195' title='bbox 1568 2541 1688 2582; x_wconf 88' lang='lat' dir='ltr'><strong>cre-</strong></span> 
     </span>
    </p>
   </div>
   <div class='ocr_carea' id='block_1_26' title="bbox 98 2613 1692 2685">
    <p class='ocr_par' dir='ltr' id='par_1_26' title="bbox 98 2613 1692 2685">
     <span class='ocr_line' id='line_1_26' title="bbox 98 2613 1692 2685; baseline 0.003 -19"><span class='ocrx_word' id='word_1_196' title='bbox 98 2614 305 2678; x_wconf 75' lang='lat' dir='ltr'><strong>scebat,</strong></span> <span class='ocrx_word' id='word_1_197' title='bbox 333 2613 532 2668; x_wconf 86' lang='lat' dir='ltr'><strong>idcirco</strong></span> <span class='ocrx_word' id='word_1_198' title='bbox 558 2613 766 2669; x_wconf 86' lang='lat' dir='ltr'><strong>dicebat</strong></span> <span class='ocrx_word' id='word_1_199' title='bbox 795 2632 809 2668; x_wconf 92' lang='lat'><strong>:</strong></span> <span class='ocrx_word' id='word_1_200' title='bbox 830 2616 1082 2685; x_wconf 81' lang='lat' dir='ltr'><strong>Alligatus</strong></span> <span class='ocrx_word' id='word_1_201' title='bbox 1104 2633 1235 2683; x_wconf 77' lang='lat' dir='ltr'><strong>sum,</strong></span> <span class='ocrx_word' id='word_1_202' title='bbox 1255 2618 1344 2671; x_wconf 77' lang='lat' dir='ltr'><strong>sed</strong></span> <span class='ocrx_word' id='word_1_203' title='bbox 1368 2619 1568 2671; x_wconf 76' lang='lat' dir='ltr'><strong>verbum</strong></span> <span class='ocrx_word' id='word_1_204' title='bbox 1594 2618 1692 2671; x_wconf 84' lang='lat' dir='ltr'><strong>Dei</strong></span> 
     </span>
    </p>
   </div>
   <div class='ocr_carea' id='block_1_27' title="bbox 100 2703 1688 2777">
    <p class='ocr_par' dir='ltr' id='par_1_27' title="bbox 100 2703 1688 2777">
     <span class='ocr_line' id='line_1_27' title="bbox 100 2703 1688 2777; baseline 0.005 -23"><span class='ocrx_word' id='word_1_205' title='bbox 100 2719 198 2756; x_wconf 81' lang='lat' dir='ltr'><strong>non</strong></span> <span class='ocrx_word' id='word_1_206' title='bbox 225 2712 302 2757; x_wconf 80' lang='lat' dir='ltr'><strong>est</strong></span> <span class='ocrx_word' id='word_1_207' title='bbox 330 2703 599 2773; x_wconf 84' lang='lat' dir='ltr'><strong>alligatum</strong></span> <span class='ocrx_word' id='word_1_208' title='bbox 623 2703 641 2775; x_wconf 95' lang='lat'>(</span> <span class='ocrx_word' id='word_1_209' title='bbox 666 2704 722 2757; x_wconf 75' lang='lat'><strong>2.</strong></span> <span class='ocrx_word' id='word_1_210' title='bbox 752 2704 882 2758; x_wconf 81' lang='lat' dir='ltr'><strong>Tim.</strong></span> <span class='ocrx_word' id='word_1_211' title='bbox 910 2706 963 2759; x_wconf 76' lang='lat'><strong>2.</strong></span> <span class='ocrx_word' id='word_1_212' title='bbox 992 2706 1026 2761; x_wconf 88' lang='lat'><strong>9</strong></span> <span class='ocrx_word' id='word_1_213' title='bbox 1050 2706 1089 2777; x_wconf 94' lang='lat'><strong>).</strong></span> <span class='ocrx_word' id='word_1_214' title='bbox 1118 2706 1392 2776; x_wconf 87' lang='lat' dir='ltr'><strong>Fugabant</strong></span> <span class='ocrx_word' id='word_1_215' title='bbox 1422 2722 1543 2762; x_wconf 90' lang='lat' dir='ltr'><strong>eum</strong></span> <span class='ocrx_word' id='word_1_216' title='bbox 1583 2707 1688 2762; x_wconf 86' lang='lat' dir='ltr'><strong>fre-</strong></span> 
     </span>
    </p>
   </div>
   <div class='ocr_carea' id='block_1_28' title="bbox 98 2794 1685 2867">
    <p class='ocr_par' dir='ltr' id='par_1_28' title="bbox 98 2794 1685 2867">
     <span class='ocr_line' id='line_1_28' title="bbox 98 2794 1685 2867; baseline 0.003 -20"><span class='ocrx_word' id='word_1_217' title='bbox 98 2804 327 2865; x_wconf 87' lang='lat' dir='ltr'><strong>quenter</strong></span> <span class='ocrx_word' id='word_1_218' title='bbox 356 2794 577 2861; x_wconf 91' lang='lat' dir='ltr'><strong>inimici,</strong></span> <span class='ocrx_word' id='word_1_219' title='bbox 616 2804 676 2850; x_wconf 93' lang='lat' dir='ltr'><strong>et</strong></span> <span class='ocrx_word' id='word_1_220' title='bbox 705 2803 958 2865; x_wconf 86' lang='lat' dir='ltr'><strong>quantum</strong></span> <span class='ocrx_word' id='word_1_221' title='bbox 986 2798 1199 2867; x_wconf 84' lang='lat' dir='ltr'><strong>quidem</strong></span> <span class='ocrx_word' id='word_1_222' title='bbox 1227 2798 1296 2854; x_wconf 90' lang='lat' dir='ltr'><strong>ad</strong></span> <span class='ocrx_word' id='word_1_223' title='bbox 1322 2813 1435 2853; x_wconf 90' lang='lat' dir='ltr'><strong>rem</strong></span> <span class='ocrx_word' id='word_1_224' title='bbox 1460 2807 1685 2867; x_wconf 82' lang='lat' dir='ltr'><strong>spectat,</strong></span> 
     </span>
    </p>
   </div>
   <div class='ocr_carea' id='block_1_29' title="bbox 98 2885 1687 2955">
    <p class='ocr_par' dir='ltr' id='par_1_29' title="bbox 98 2885 1687 2955">
     <span class='ocr_line' id='line_1_29' title="bbox 98 2885 1687 2955; baseline 0.003 -17"><span class='ocrx_word' id='word_1_225' title='bbox 98 2885 561 2953; x_wconf 85' lang='lat' dir='ltr'><strong>persequebantur</strong></span> <span class='ocrx_word' id='word_1_226' title='bbox 590 2904 603 2938; x_wconf 87' lang='lat'><strong>:</strong></span> <span class='ocrx_word' id='word_1_227' title='bbox 632 2897 886 2955; x_wconf 84' lang='lat' dir='ltr'><strong>quantum</strong></span> <span class='ocrx_word' id='word_1_228' title='bbox 911 2903 1039 2942; x_wconf 88' lang='lat' dir='ltr'><strong>vero</strong></span> <span class='ocrx_word' id='word_1_229' title='bbox 1068 2888 1135 2942; x_wconf 90' lang='lat' dir='ltr'><strong>ad</strong></span> <span class='ocrx_word' id='word_1_230' title='bbox 1163 2899 1416 2944; x_wconf 77' lang='lat' dir='ltr'><strong>eventum</strong></span> <span class='ocrx_word' id='word_1_231' title='bbox 1444 2890 1542 2955; x_wconf 90' lang='lat' dir='ltr'><strong>rei,</strong></span> <span class='ocrx_word' id='word_1_232' title='bbox 1570 2890 1687 2943; x_wconf 91' lang='lat' dir='ltr'><strong>aliis</strong></span> 
     </span>
    </p>
   </div>
   <div class='ocr_carea' id='block_1_30' title="bbox 100 2977 1687 3050">
    <p class='ocr_par' dir='ltr' id='par_1_30' title="bbox 100 2977 1687 3050">
     <span class='ocr_line' id='line_1_30' title="bbox 100 2977 1687 3050; baseline 0.005 -22"><span class='ocrx_word' id='word_1_233' title='bbox 100 2977 383 3030; x_wconf 86' lang='lat' dir='ltr'><strong>mittebant</strong></span> <span class='ocrx_word' id='word_1_234' title='bbox 406 2978 715 3047; x_wconf 86' lang='lat' dir='ltr'><strong>magistrum</strong></span> <span class='ocrx_word' id='word_1_235' title='bbox 740 2980 829 3047; x_wconf 90' lang='lat' dir='ltr'><strong>qui</strong></span> <span class='ocrx_word' id='word_1_236' title='bbox 852 2994 917 3034; x_wconf 91' lang='lat' dir='ltr'><strong>eo</strong></span> <span class='ocrx_word' id='word_1_237' title='bbox 934 2980 1188 3034; x_wconf 85' lang='lat' dir='ltr'><strong>carebant</strong></span> <span class='ocrx_word' id='word_1_238' title='bbox 1214 2998 1227 3033; x_wconf 89' lang='lat'>:</span> <span class='ocrx_word' id='word_1_239' title='bbox 1255 2981 1498 3050; x_wconf 91' lang='lat' dir='ltr'><strong>quodque</strong></span> <span class='ocrx_word' id='word_1_240' title='bbox 1524 2980 1687 3036; x_wconf 86' lang='lat' dir='ltr'><strong>facie-</strong></span> 
     </span>
    </p>
   </div>
   <div class='ocr_carea' id='block_1_31' title="bbox 101 3067 1687 3137">
    <p class='ocr_par' dir='ltr' id='par_1_31' title="bbox 101 3067 1687 3137">
     <span class='ocr_line' id='line_1_31' title="bbox 101 3067 1687 3137; baseline 0.004 -18"><span class='ocrx_word' id='word_1_241' title='bbox 101 3067 224 3120; x_wconf 87' lang='lat' dir='ltr'><strong>bant</strong></span> <span class='ocrx_word' id='word_1_242' title='bbox 260 3067 418 3121; x_wconf 88' lang='lat' dir='ltr'><strong>amici</strong></span> <span class='ocrx_word' id='word_1_243' title='bbox 457 3077 619 3137; x_wconf 87' lang='lat' dir='ltr'><strong>atque</strong></span> <span class='ocrx_word' id='word_1_244' title='bbox 655 3068 977 3135; x_wconf 89' lang='lat' dir='ltr'><strong>concordes,</strong></span> <span class='ocrx_word' id='word_1_245' title='bbox 1009 3070 1109 3124; x_wconf 87' lang='lat' dir='ltr'><strong>hoc</strong></span> <span class='ocrx_word' id='word_1_246' title='bbox 1142 3071 1284 3124; x_wconf 82' lang='lat' dir='ltr'><strong>velut</strong></span> <span class='ocrx_word' id='word_1_247' title='bbox 1322 3071 1498 3125; x_wconf 90' lang='lat' dir='ltr'><strong>studio</strong></span> <span class='ocrx_word' id='word_1_248' title='bbox 1533 3086 1687 3126; x_wconf 78' lang='lat' dir='ltr'><strong>exse-</strong></span> 
     </span>
    </p>
   </div>
   <div class='ocr_carea' id='block_1_32' title="bbox 100 3159 1687 3229">
    <p class='ocr_par' dir='ltr' id='par_1_32' title="bbox 100 3159 1687 3229">
     <span class='ocr_line' id='line_1_32' title="bbox 100 3159 1687 3229; baseline 0.004 -19"><span class='ocrx_word' id='word_1_249' title='bbox 100 3159 406 3226; x_wconf 77' lang='lat' dir='ltr'><strong>quebantur</strong></span> <span class='ocrx_word' id='word_1_250' title='bbox 448 3159 685 3223; x_wconf 87' lang='lat' dir='ltr'><strong>inimici,</strong></span> <span class='ocrx_word' id='word_1_251' title='bbox 723 3176 1008 3229; x_wconf 87' lang='lat' dir='ltr'><strong>numquam</strong></span> <span class='ocrx_word' id='word_1_252' title='bbox 1052 3162 1287 3218; x_wconf 73' lang='lat' dir='ltr'><strong>sitientes</strong></span> <span class='ocrx_word' id='word_1_253' title='bbox 1327 3177 1450 3217; x_wconf 86' lang='lat' dir='ltr'><strong>eum</strong></span> <span class='ocrx_word' id='word_1_254' title='bbox 1490 3162 1543 3216; x_wconf 90' lang='lat' dir='ltr'><strong>in</strong></span> <span class='ocrx_word' id='word_1_255' title='bbox 1584 3178 1687 3217; x_wconf 90' lang='lat' dir='ltr'><strong>una</strong></span> 
     </span>
    </p>
   </div>
   <div class='ocr_carea' id='block_1_33' title="bbox 103 3247 1688 3322">
    <p class='ocr_par' dir='ltr' id='par_1_33' title="bbox 103 3247 1688 3322">
     <span class='ocr_line' id='line_1_33' title="bbox 103 3247 1688 3322; baseline 0.004 -21"><span class='ocrx_word' id='word_1_256' title='bbox 103 3247 461 3303; x_wconf 89' lang='lat' dir='ltr'><strong>habitaculum</strong></span> <span class='ocrx_word' id='word_1_257' title='bbox 486 3250 703 3319; x_wconf 84' lang='lat' dir='ltr'><strong>regione</strong></span> <span class='ocrx_word' id='word_1_258' title='bbox 741 3250 1005 3305; x_wconf 84' lang='lat' dir='ltr'><strong>collocare</strong></span> <span class='ocrx_word' id='word_1_259' title='bbox 1026 3292 1040 3316; x_wconf 95' lang='lat'><strong>,</strong></span> <span class='ocrx_word' id='word_1_260' title='bbox 1067 3252 1163 3307; x_wconf 89' lang='lat' dir='ltr'><strong>sed</strong></span> <span class='ocrx_word' id='word_1_261' title='bbox 1191 3253 1688 3322; x_wconf 87' lang='lat' dir='ltr'><strong>persequutionibus</strong></span> 
     </span>
    </p>
   </div>
   <div class='ocr_carea' id='block_1_34' title="bbox 107 3338 1688 3413">
    <p class='ocr_par' dir='ltr' id='par_1_34' title="bbox 107 3338 1688 3413">
     <span class='ocr_line' id='line_1_34' title="bbox 107 3338 1688 3413; baseline 0.004 -21"><span class='ocrx_word' id='word_1_262' title='bbox 107 3338 424 3409; x_wconf 84' lang='lat' dir='ltr'><strong>insidiisque</strong></span> <span class='ocrx_word' id='word_1_263' title='bbox 452 3340 710 3410; x_wconf 84' lang='lat' dir='ltr'><strong>pellentes</strong></span> <span class='ocrx_word' id='word_1_264' title='bbox 730 3381 745 3407; x_wconf 87' lang='lat'><strong>,</strong></span> <span class='ocrx_word' id='word_1_265' title='bbox 772 3356 868 3410; x_wconf 91' lang='lat' dir='ltr'><strong>per</strong></span> <span class='ocrx_word' id='word_1_266' title='bbox 896 3351 1112 3397; x_wconf 87' lang='lat' dir='ltr'><strong>cunctas</strong></span> <span class='ocrx_word' id='word_1_267' title='bbox 1136 3342 1354 3397; x_wconf 88' lang='lat' dir='ltr'><strong>omnino</strong></span> <span class='ocrx_word' id='word_1_268' title='bbox 1389 3343 1688 3413; x_wconf 87' lang='lat' dir='ltr'><strong>provincias</strong></span> 
     </span>
    </p>
   </div>
   <div class='ocr_carea' id='block_1_35' title="bbox 158 3473 1456 3540">
    <p class='ocr_par' dir='ltr' id='par_1_35' title="bbox 158 3473 1456 3540">
     <span class='ocr_line' id='line_1_35' title="bbox 158 3473 1456 3540; baseline 0.004 -18"><span class='ocrx_word' id='word_1_269' title='bbox 158 3480 165 3497; x_wconf 83' lang='lat'><strong>‘</strong></span> <span class='ocrx_word' id='word_1_270' title='bbox 210 3481 310 3534; x_wconf 64' lang='lat' dir='ltr'><strong>Gn,</strong></span> <span class='ocrx_word' id='word_1_271' title='bbox 335 3473 633 3537; x_wconf 79' lang='lat' dir='ltr'><strong>lapidantem</strong></span> <span class='ocrx_word' id='word_1_272' title='bbox 649 3475 884 3531; x_wconf 73' lang='lat' dir='ltr'><strong>civitatem</strong></span> <span class='ocrx_word' id='word_1_273' title='bbox 906 3476 1151 3540; x_wconf 82' lang='lat' dir='ltr'><strong>ingressus</strong></span> <span class='ocrx_word' id='word_1_274' title='bbox 1175 3476 1456 3529; x_wconf 84' lang='lat' dir='ltr'><strong>immutavit.</strong></span> 
     </span>
    </p>
   </div>
   <div class='ocr_carea' id='block_1_36' title="bbox 970 311 2449 375">
    <p class='ocr_par' dir='ltr' id='par_1_36' title="bbox 970 311 2449 375">
     <span class='ocr_line' id='line_1_36' title="bbox 970 311 2449 375; baseline 0.005 -8"><span class='ocrx_word' id='word_1_275' title='bbox 970 314 1059 367; x_wconf 83' lang='lat' dir='ltr'>DE</span> <span class='ocrx_word' id='word_1_276' title='bbox 1088 315 1150 370; x_wconf 85' lang='lat' dir='ltr'><strong>S.</strong></span> <span class='ocrx_word' id='word_1_277' title='bbox 1183 311 1490 368; x_wconf 74' lang='lat' dir='ltr'><strong>MELETIO</strong></span> <span class='ocrx_word' id='word_1_278' title='bbox 1524 312 1989 369; x_wconf 75' lang='lat' dir='ltr'><strong>ANTIOCHENO.</strong></span> <span class='ocrx_word' id='word_1_279' title='bbox 2018 344 2088 355; x_wconf 94' lang='lat'>—</span> <span class='ocrx_word' id='word_1_280' title='bbox 2116 315 2449 375; x_wconf 77' lang='lat' dir='ltr'><strong>MONITUM.</strong></span> 
     </span>
    </p>
   </div>
   <div class='ocr_carea' id='block_1_37' title="bbox 3280 328 3379 384">
    <p class='ocr_par' dir='ltr' id='par_1_37' title="bbox 3280 328 3379 384">
     <span class='ocr_line' id='line_1_37' title="bbox 3280 328 3379 384; baseline 0.01 -2"><span class='ocrx_word' id='word_1_281' title='bbox 3280 328 3379 384; x_wconf 71' lang='grc' dir='ltr'><strong>5η</strong></span> 
     </span>
    </p>
   </div>
   <div class='ocr_carea' id='block_1_38' title="bbox 1808 427 3381 497">
    <p class='ocr_par' dir='ltr' id='par_1_38' title="bbox 1808 427 3381 497">
     <span class='ocr_line' id='line_1_38' title="bbox 1808 427 3381 497; baseline 0.007 -16"><span class='ocrx_word' id='word_1_282' title='bbox 1808 427 2074 483; x_wconf 90' lang='lat' dir='ltr'><strong>medicum</strong></span> <span class='ocrx_word' id='word_1_283' title='bbox 2092 428 2574 497; x_wconf 76' lang='lat' dir='ltr'><strong>circmnduccbant,</strong></span> <span class='ocrx_word' id='word_1_284' title='bbox 2599 443 2654 487; x_wconf 92' lang='lat' dir='ltr'><strong>ut</strong></span> <span class='ocrx_word' id='word_1_285' title='bbox 2671 449 2856 491; x_wconf 89' lang='lat' dir='ltr'><strong>omnes</strong></span> <span class='ocrx_word' id='word_1_286' title='bbox 2872 434 3117 491; x_wconf 86' lang='lat' dir='ltr'><strong>videlicet</strong></span> <span class='ocrx_word' id='word_1_287' title='bbox 3132 437 3381 492; x_wconf 82' lang='lat' dir='ltr'><strong>salutaria</strong></span> 
     </span>
    </p>
   </div>
   <div class='ocr_carea' id='block_1_39' title="bbox 1805 515 3380 598">
    <p class='ocr_par' dir='ltr' id='par_1_39' title="bbox 1805 515 3380 598">
     <span class='ocr_line' id='line_1_39' title="bbox 1805 515 3380 598; baseline 0.007 -27"><span class='ocrx_word' id='word_1_288' title='bbox 1805 515 1921 586; x_wconf 85' lang='lat' dir='ltr'><strong>ejus</strong></span> <span class='ocrx_word' id='word_1_289' title='bbox 1960 519 2156 589; x_wconf 65' lang='lat' dir='ltr'><strong>linguae</strong></span> <span class='ocrx_word' id='word_1_290' title='bbox 2200 523 2435 577; x_wconf 88' lang='lat' dir='ltr'><strong>remedia</strong></span> <span class='ocrx_word' id='word_1_291' title='bbox 2476 526 2750 579; x_wconf 90' lang='lat' dir='ltr'><strong>sentirent.</strong></span> <span class='ocrx_word' id='word_1_292' title='bbox 2799 526 3002 582; x_wconf 81' lang='lat' dir='ltr'><strong>Rursus</strong></span> <span class='ocrx_word' id='word_1_293' title='bbox 3032 528 3380 598; x_wconf 80' lang='lat' dir='ltr'><strong>alligaverunt</strong></span> 
     </span>
    </p>
   </div>
   <div class='ocr_carea' id='block_1_40' title="bbox 1802 611 3378 688">
    <p class='ocr_par' dir='ltr' id='par_1_40' title="bbox 1802 611 3378 688">
     <span class='ocr_line' id='line_1_40' title="bbox 1802 611 3378 688; baseline 0.005 -22"><span class='ocrx_word' id='word_1_294' title='bbox 1802 625 1925 666; x_wconf 87' lang='lat' dir='ltr'><strong>eum</strong></span> <span class='ocrx_word' id='word_1_295' title='bbox 1950 651 1965 676; x_wconf 88' lang='lat'><strong>,</strong></span> <span class='ocrx_word' id='word_1_296' title='bbox 1993 611 2087 665; x_wconf 88' lang='lat' dir='ltr'><strong>sed</strong></span> <span class='ocrx_word' id='word_1_297' title='bbox 2122 614 2297 666; x_wconf 88' lang='lat' dir='ltr'><strong>acrius</strong></span> <span class='ocrx_word' id='word_1_298' title='bbox 2322 615 2374 667; x_wconf 92' lang='lat' dir='ltr'><strong>in</strong></span> <span class='ocrx_word' id='word_1_299' title='bbox 2402 614 2759 670; x_wconf 81' lang='lat' dir='ltr'><strong>defensionem</strong></span> <span class='ocrx_word' id='word_1_300' title='bbox 2790 617 2909 671; x_wconf 83' lang='lat' dir='ltr'><strong>fidei</strong></span> <span class='ocrx_word' id='word_1_301' title='bbox 2933 617 3220 688; x_wconf 83' lang='lat' dir='ltr'><strong>discipulos</strong></span> <span class='ocrx_word' id='word_1_302' title='bbox 3246 634 3378 674; x_wconf 86' lang='lat' dir='ltr'><strong>con-</strong></span> 
     </span>
    </p>
   </div>
   <div class='ocr_carea' id='block_1_41' title="bbox 1805 700 3453 771">
    <p class='ocr_par' dir='ltr' id='par_1_41' title="bbox 1805 700 3453 771">
     <span class='ocr_line' id='line_1_41' title="bbox 1805 700 3453 771; baseline 0.004 -17"><span class='ocrx_word' id='word_1_303' title='bbox 1805 700 2064 764; x_wconf 89' lang='lat' dir='ltr'><strong>citarunt;</strong></span> <span class='ocrx_word' id='word_1_304' title='bbox 2092 703 2396 771; x_wconf 88' lang='lat' dir='ltr'><strong>persequuti</strong></span> <span class='ocrx_word' id='word_1_305' title='bbox 2416 714 2556 769; x_wconf 91' lang='lat' dir='ltr'><strong>sunt,</strong></span> <span class='ocrx_word' id='word_1_306' title='bbox 2580 714 2634 758; x_wconf 89' lang='lat' dir='ltr'><strong>et</strong></span> <span class='ocrx_word' id='word_1_307' title='bbox 2659 721 2762 760; x_wconf 91' lang='lat' dir='ltr'><strong>non</strong></span> <span class='ocrx_word' id='word_1_308' title='bbox 2787 706 3099 762; x_wconf 87' lang='lat' dir='ltr'><strong>habentibus</strong></span> <span class='ocrx_word' id='word_1_309' title='bbox 3120 710 3379 764; x_wconf 88' lang='lat' dir='ltr'><strong>miserunt</strong></span> <span class='ocrx_word' id='word_1_310' title='bbox 3441 747 3453 761; x_wconf 83' lang='lat'><strong>.</strong></span> 
     </span>
    </p>
   </div>
   <div class='ocr_carea' id='block_1_42' title="bbox 1804 790 3381 866">
    <p class='ocr_par' dir='ltr' id='par_1_42' title="bbox 1804 790 3381 866">
     <span class='ocr_line' id='line_1_42' title="bbox 1804 790 3381 866; baseline 0.008 -24"><span class='ocrx_word' id='word_1_311' title='bbox 1804 790 2146 859; x_wconf 87' lang='lat' dir='ltr'><strong>magistrum;</strong></span> <span class='ocrx_word' id='word_1_312' title='bbox 2207 792 2272 845; x_wconf 90' lang='lat' dir='ltr'><strong>ad</strong></span> <span class='ocrx_word' id='word_1_313' title='bbox 2302 793 2472 861; x_wconf 87' lang='lat' dir='ltr'><strong>majus</strong></span> <span class='ocrx_word' id='word_1_314' title='bbox 2494 794 2750 863; x_wconf 86' lang='lat' dir='ltr'><strong>judicium</strong></span> <span class='ocrx_word' id='word_1_315' title='bbox 2783 808 3201 866; x_wconf 84' lang='lat' dir='ltr'><strong>provocavcrunt</strong></span> <span class='ocrx_word' id='word_1_316' title='bbox 3222 840 3239 866; x_wconf 90' lang='lat'><strong>,</strong></span> <span class='ocrx_word' id='word_1_317' title='bbox 3287 800 3381 855; x_wconf 81' lang='lat' dir='ltr'><strong>sed</strong></span> 
     </span>
    </p>
   </div>
   <div class='ocr_carea' id='block_1_43' title="bbox 1805 880 3379 959">
    <p class='ocr_par' dir='ltr' id='par_1_43' title="bbox 1805 880 3379 959">
     <span class='ocr_line' id='line_1_43' title="bbox 1805 880 3379 959; baseline 0.007 -27"><span class='ocrx_word' id='word_1_318' title='bbox 1805 880 2017 935; x_wconf 85' lang='lat' dir='ltr'><strong>uberius</strong></span> <span class='ocrx_word' id='word_1_319' title='bbox 2046 880 2212 935; x_wconf 66' lang='lat' dir='ltr'><strong>Judaei</strong></span> <span class='ocrx_word' id='word_1_320' title='bbox 2240 883 2550 938; x_wconf 85' lang='lat' dir='ltr'><strong>beneficium</strong></span> <span class='ocrx_word' id='word_1_321' title='bbox 2577 888 2976 951; x_wconf 75' lang='lat' dir='ltr'><strong>contulerunt‘,</strong></span> <span class='ocrx_word' id='word_1_322' title='bbox 3002 899 3218 957; x_wconf 88' lang='lat' dir='ltr'><strong>propter</strong></span> <span class='ocrx_word' id='word_1_323' title='bbox 3240 900 3379 959; x_wconf 81' lang='lat' dir='ltr'><strong>quod</strong></span> 
     </span>
    </p>
   </div>
   <div class='ocr_carea' id='block_1_44' title="bbox 1803 972 3378 1053">
    <p class='ocr_par' dir='ltr' id='par_1_44' title="bbox 1803 972 3378 1053">
     <span class='ocr_line' id='line_1_44' title="bbox 1803 972 3378 1053; baseline 0.006 -28"><span class='ocrx_word' id='word_1_324' title='bbox 1803 982 1857 1025; x_wconf 91' lang='lat' dir='ltr'><strong>et</strong></span> <span class='ocrx_word' id='word_1_325' title='bbox 1880 972 2046 1026; x_wconf 67' lang='lat' dir='ltr'><strong>Judu&#39;i</strong></span> <span class='ocrx_word' id='word_1_326' title='bbox 2088 974 2335 1029; x_wconf 89' lang='lat' dir='ltr'><strong>dicebant</strong></span> <span class='ocrx_word' id='word_1_327' title='bbox 2362 976 2429 1030; x_wconf 90' lang='lat' dir='ltr'><strong>de</strong></span> <span class='ocrx_word' id='word_1_328' title='bbox 2456 978 2711 1046; x_wconf 86' lang='lat' dir='ltr'><strong>apostolis</strong></span> <span class='ocrx_word' id='word_1_329' title='bbox 2742 979 2982 1036; x_wconf 87' lang='lat' dir='ltr'><strong>dolentes</strong></span> <span class='ocrx_word' id='word_1_330' title='bbox 3013 999 3025 1032; x_wconf 89' lang='lat'><strong>:</strong></span> <span class='ocrx_word' id='word_1_331' title='bbox 3058 981 3194 1046; x_wconf 85' lang='lat' dir='ltr'><strong>Quid</strong></span> <span class='ocrx_word' id='word_1_332' title='bbox 3220 984 3378 1053; x_wconf 80' lang='lat' dir='ltr'><strong>facie-</strong></span> 
     </span>
    </p>
   </div>
   <div class='ocr_carea' id='block_1_45' title="bbox 1802 1064 3380 1140">
    <p class='ocr_par' dir='ltr' id='par_1_45' title="bbox 1802 1064 3380 1140">
     <span class='ocr_line' id='line_1_45' title="bbox 1802 1064 3380 1140; baseline 0.008 -26"><span class='ocrx_word' id='word_1_333' title='bbox 1802 1078 1912 1116; x_wconf 84' lang='lat' dir='ltr'><strong>mus</strong></span> <span class='ocrx_word' id='word_1_334' title='bbox 1954 1064 2062 1118; x_wconf 82' lang='lat' dir='ltr'><strong>istis</strong></span> <span class='ocrx_word' id='word_1_335' title='bbox 2088 1066 2369 1120; x_wconf 78' lang='lat' dir='ltr'><strong>hominibus</strong></span> <span class='ocrx_word' id='word_1_336' title='bbox 2394 1068 2412 1137; x_wconf 90' lang='lat'><strong>(</strong></span> <span class='ocrx_word' id='word_1_337' title='bbox 2437 1067 2547 1120; x_wconf 78' lang='lat' dir='ltr'><strong>Act.</strong></span> <span class='ocrx_word' id='word_1_338' title='bbox 2579 1069 2633 1123; x_wconf 77' lang='grc'><strong>4.</strong></span> <span class='ocrx_word' id='word_1_339' title='bbox 2665 1070 2810 1140; x_wconf 74' lang='grc' dir='ltr'><strong>16)ἳ</strong></span> <span class='ocrx_word' id='word_1_340' title='bbox 2851 1071 2952 1125; x_wconf 88' lang='lat' dir='ltr'><strong>Per</strong></span> <span class='ocrx_word' id='word_1_341' title='bbox 2977 1088 3093 1139; x_wconf 76' lang='lat' dir='ltr'><strong>qua:</strong></span> <span class='ocrx_word' id='word_1_342' title='bbox 3119 1072 3261 1127; x_wconf 90' lang='lat' dir='ltr'><strong>enim</strong></span> <span class='ocrx_word' id='word_1_343' title='bbox 3287 1087 3380 1126; x_wconf 85' lang='lat' dir='ltr'><strong>eos</strong></span> 
     </span>
    </p>
   </div>
   <div class='ocr_carea' id='block_1_46' title="bbox 1802 1155 3379 1230">
    <p class='ocr_par' dir='ltr' id='par_1_46' title="bbox 1802 1155 3379 1230">
     <span class='ocr_line' id='line_1_46' title="bbox 1802 1155 3379 1230; baseline 0.005 -22"><span class='ocrx_word' id='word_1_344' title='bbox 1802 1155 2103 1224; x_wconf 89' lang='lat' dir='ltr'><strong>opprimere</strong></span> <span class='ocrx_word' id='word_1_345' title='bbox 2133 1157 2408 1223; x_wconf 90' lang='lat' dir='ltr'><strong>volumus,</strong></span> <span class='ocrx_word' id='word_1_346' title='bbox 2440 1174 2532 1227; x_wconf 88' lang='lat' dir='ltr'><strong>per</strong></span> <span class='ocrx_word' id='word_1_347' title='bbox 2555 1174 2618 1213; x_wconf 89' lang='lat' dir='ltr'><strong>ea</strong></span> <span class='ocrx_word' id='word_1_348' title='bbox 2657 1160 2767 1229; x_wconf 89' lang='lat' dir='ltr'><strong>ipsa</strong></span> <span class='ocrx_word' id='word_1_349' title='bbox 2797 1161 3157 1230; x_wconf 86' lang='lat' dir='ltr'><strong>proveliimus.</strong></span> <span class='ocrx_word' id='word_1_350' title='bbox 3193 1164 3379 1217; x_wconf 88' lang='lat' dir='ltr'><strong>Tradi-</strong></span> 
     </span>
    </p>
   </div>
   <div class='ocr_carea' id='block_1_47' title="bbox 1801 1243 3378 1323">
    <p class='ocr_par' dir='ltr' id='par_1_47' title="bbox 1801 1243 3378 1323">
     <span class='ocr_line' id='line_1_47' title="bbox 1801 1243 3378 1323; baseline 0.006 -27"><span class='ocrx_word' id='word_1_351' title='bbox 1801 1243 1993 1297; x_wconf 89' lang='lat' dir='ltr'><strong>derunt</strong></span> <span class='ocrx_word' id='word_1_352' title='bbox 2040 1246 2245 1300; x_wconf 88' lang='lat' dir='ltr'><strong>custodi</strong></span> <span class='ocrx_word' id='word_1_353' title='bbox 2288 1249 2541 1313; x_wconf 90' lang='lat' dir='ltr'><strong>carceris,</strong></span> <span class='ocrx_word' id='word_1_354' title='bbox 2586 1259 2641 1303; x_wconf 90' lang='lat' dir='ltr'><strong>ut</strong></span> <span class='ocrx_word' id='word_1_355' title='bbox 2681 1266 2803 1305; x_wconf 89' lang='lat' dir='ltr'><strong>eum</strong></span> <span class='ocrx_word' id='word_1_356' title='bbox 2848 1252 3128 1318; x_wconf 83' lang='lat' dir='ltr'><strong>diligenter</strong></span> <span class='ocrx_word' id='word_1_357' title='bbox 3173 1253 3378 1323; x_wconf 85' lang='lat' dir='ltr'><strong>ligaret,</strong></span> 
     </span>
    </p>
   </div>
   <div class='ocr_carea' id='block_1_48' title="bbox 1802 1336 3379 1414">
    <p class='ocr_par' dir='ltr' id='par_1_48' title="bbox 1802 1336 3379 1414">
     <span class='ocr_line' id='line_1_48' title="bbox 1802 1336 3379 1414; baseline 0.007 -24"><span class='ocrx_word' id='word_1_358' title='bbox 1802 1336 1894 1391; x_wconf 90' lang='lat' dir='ltr'><strong>sed</strong></span> <span class='ocrx_word' id='word_1_359' title='bbox 1921 1337 2033 1406; x_wconf 89' lang='lat' dir='ltr'><strong>ipse</strong></span> <span class='ocrx_word' id='word_1_360' title='bbox 2061 1352 2091 1390; x_wconf 90' lang='lat' dir='ltr'><strong>a</strong></span> <span class='ocrx_word' id='word_1_361' title='bbox 2119 1338 2281 1393; x_wconf 91' lang='lat' dir='ltr'><strong>Paulo</strong></span> <span class='ocrx_word' id='word_1_362' title='bbox 2309 1341 2505 1396; x_wconf 88' lang='lat' dir='ltr'><strong>arctius</strong></span> <span class='ocrx_word' id='word_1_363' title='bbox 2528 1342 2772 1412; x_wconf 86' lang='lat' dir='ltr'><strong>alligatus</strong></span> <span class='ocrx_word' id='word_1_364' title='bbox 2800 1352 2899 1397; x_wconf 89' lang='lat' dir='ltr'><strong>est.</strong></span> <span class='ocrx_word' id='word_1_365' title='bbox 2932 1345 3065 1399; x_wconf 87' lang='lat' dir='ltr'><strong>Cum</strong></span> <span class='ocrx_word' id='word_1_366' title='bbox 3092 1346 3197 1400; x_wconf 89' lang='lat' dir='ltr'><strong>reis</strong></span> <span class='ocrx_word' id='word_1_367' title='bbox 3221 1356 3379 1414; x_wconf 89' lang='lat' dir='ltr'><strong>atque</strong></span> 
     </span>
    </p>
   </div>
   <div class='ocr_carea' id='block_1_49' title="bbox 1800 1426 3377 1502">
    <p class='ocr_par' dir='ltr' id='par_1_49' title="bbox 1800 1426 3377 1502">
     <span class='ocr_line' id='line_1_49' title="bbox 1800 1426 3377 1502; baseline 0.008 -23"><span class='ocrx_word' id='word_1_368' title='bbox 1800 1426 1991 1482; x_wconf 85' lang='lat' dir='ltr'><strong>vinctis</strong></span> <span class='ocrx_word' id='word_1_369' title='bbox 2028 1444 2150 1482; x_wconf 90' lang='lat' dir='ltr'><strong>eum</strong></span> <span class='ocrx_word' id='word_1_370' title='bbox 2190 1430 2487 1497; x_wconf 89' lang='lat' dir='ltr'><strong>miserunt,</strong></span> <span class='ocrx_word' id='word_1_371' title='bbox 2518 1448 2585 1485; x_wconf 92' lang='lat' dir='ltr'><strong>ne</strong></span> <span class='ocrx_word' id='word_1_372' title='bbox 2627 1432 2932 1502; x_wconf 80' lang='lat' dir='ltr'><strong>aufugeret;</strong></span> <span class='ocrx_word' id='word_1_373' title='bbox 2980 1442 3036 1488; x_wconf 89' lang='lat' dir='ltr'><strong>at</strong></span> <span class='ocrx_word' id='word_1_374' title='bbox 3061 1435 3148 1489; x_wconf 93' lang='lat' dir='ltr'><strong>ille</strong></span> <span class='ocrx_word' id='word_1_375' title='bbox 3178 1437 3377 1492; x_wconf 80' lang='lat' dir='ltr'><strong>vinctos</strong></span> 
     </span>
    </p>
   </div>
   <div class='ocr_carea' id='block_1_50' title="bbox 1799 1518 3376 1592">
    <p class='ocr_par' dir='ltr' id='par_1_50' title="bbox 1799 1518 3376 1592">
     <span class='ocr_line' id='line_1_50' title="bbox 1799 1518 3376 1592; baseline 0.003 -17"><span class='ocrx_word' id='word_1_376' title='bbox 1799 1518 2097 1575; x_wconf 87' lang='lat' dir='ltr'><strong>Christiana</strong></span> <span class='ocrx_word' id='word_1_377' title='bbox 2127 1521 2365 1576; x_wconf 88' lang='lat' dir='ltr'><strong>doctrina</strong></span> <span class='ocrx_word' id='word_1_378' title='bbox 2403 1523 2608 1577; x_wconf 89' lang='lat' dir='ltr'><strong>imbuit.</strong></span> <span class='ocrx_word' id='word_1_379' title='bbox 2656 1524 3026 1592; x_wconf 87' lang='lat' dir='ltr'><strong>lmposueruut</strong></span> <span class='ocrx_word' id='word_1_380' title='bbox 3065 1541 3186 1580; x_wconf 91' lang='lat' dir='ltr'><strong>eum</strong></span> <span class='ocrx_word' id='word_1_381' title='bbox 3216 1528 3376 1591; x_wconf 85' lang='lat' dir='ltr'><strong>navi,</strong></span> 
     </span>
    </p>
   </div>
   <div class='ocr_carea' id='block_1_51' title="bbox 1800 1610 3373 1685">
    <p class='ocr_par' dir='ltr' id='par_1_51' title="bbox 1800 1610 3373 1685">
     <span class='ocr_line' id='line_1_51' title="bbox 1800 1610 3373 1685; baseline 0.004 -22"><span class='ocrx_word' id='word_1_382' title='bbox 1800 1618 1857 1663; x_wconf 89' lang='lat' dir='ltr'><strong>ut</strong></span> <span class='ocrx_word' id='word_1_383' title='bbox 1881 1610 2038 1678; x_wconf 89' lang='lat' dir='ltr'><strong>plane</strong></span> <span class='ocrx_word' id='word_1_384' title='bbox 2062 1611 2222 1664; x_wconf 89' lang='lat' dir='ltr'><strong>etiam</strong></span> <span class='ocrx_word' id='word_1_385' title='bbox 2246 1612 2486 1666; x_wconf 89' lang='lat' dir='ltr'><strong>nolentes</strong></span> <span class='ocrx_word' id='word_1_386' title='bbox 2511 1613 2661 1668; x_wconf 89' lang='lat' dir='ltr'><strong>ocius</strong></span> <span class='ocrx_word' id='word_1_387' title='bbox 2688 1613 2788 1667; x_wconf 90' lang='lat' dir='ltr'><strong>iter</strong></span> <span class='ocrx_word' id='word_1_388' title='bbox 2808 1614 2924 1682; x_wconf 86' lang='lat' dir='ltr'><strong>ejus</strong></span> <span class='ocrx_word' id='word_1_389' title='bbox 2947 1614 3181 1669; x_wconf 85' lang='lat' dir='ltr'><strong>facerent</strong></span> <span class='ocrx_word' id='word_1_390' title='bbox 3205 1616 3373 1685; x_wconf 78' lang='lat' dir='ltr'><strong>expli—</strong></span> 
     </span>
    </p>
   </div>
   <div class='ocr_carea' id='block_1_52' title="bbox 1799 1700 3379 1773">
    <p class='ocr_par' dir='ltr' id='par_1_52' title="bbox 1799 1700 3379 1773">
     <span class='ocr_line' id='line_1_52' title="bbox 1799 1700 3379 1773; baseline 0.002 -19"><span class='ocrx_word' id='word_1_391' title='bbox 1799 1700 1909 1755; x_wconf 87' lang='lat' dir='ltr'><strong>cari</strong></span> <span class='ocrx_word' id='word_1_392' title='bbox 1932 1742 1948 1766; x_wconf 89' lang='lat'><strong>,</strong></span> <span class='ocrx_word' id='word_1_393' title='bbox 1985 1701 2338 1771; x_wconf 89' lang='lat' dir='ltr'><strong>accidensque</strong></span> <span class='ocrx_word' id='word_1_394' title='bbox 2374 1701 2704 1773; x_wconf 77' lang='lat' dir='ltr'><strong>naufragium</strong></span> <span class='ocrx_word' id='word_1_395' title='bbox 2745 1702 2942 1758; x_wconf 86' lang='lat' dir='ltr'><strong>factum</strong></span> <span class='ocrx_word' id='word_1_396' title='bbox 2982 1718 3101 1757; x_wconf 90' lang='lat' dir='ltr'><strong>cum</strong></span> <span class='ocrx_word' id='word_1_397' title='bbox 3124 1704 3379 1772; x_wconf 78' lang='lat' dir='ltr'><strong>Apostolo</strong></span> 
     </span>
    </p>
   </div>
   <div class='ocr_carea' id='block_1_53' title="bbox 1798 1791 3375 1864">
    <p class='ocr_par' dir='ltr' id='par_1_53' title="bbox 1798 1791 3375 1864">
     <span class='ocr_line' id='line_1_53' title="bbox 1798 1791 3375 1864; baseline 0.001 -20"><span class='ocrx_word' id='word_1_398' title='bbox 1798 1791 2164 1859; x_wconf 85' lang='lat' dir='ltr'><strong>navigantibus</strong></span> <span class='ocrx_word' id='word_1_399' title='bbox 2196 1807 2355 1847; x_wconf 84' lang='lat' dir='ltr'><strong>causa</strong></span> <span class='ocrx_word' id='word_1_400' title='bbox 2383 1793 2656 1847; x_wconf 74' lang='lat' dir='ltr'><strong>doctrinm.</strong></span> <span class='ocrx_word' id='word_1_401' title='bbox 2707 1793 3041 1849; x_wconf 82' lang='lat' dir='ltr'><strong>Minabantur</strong></span> <span class='ocrx_word' id='word_1_402' title='bbox 3078 1795 3223 1849; x_wconf 89' lang='lat' dir='ltr'><strong>mille</strong></span> <span class='ocrx_word' id='word_1_403' title='bbox 3249 1811 3375 1864; x_wconf 83' lang='lat' dir='ltr'><strong>8le-</strong></span> 
     </span>
    </p>
   </div>
   <div class='ocr_carea' id='block_1_54' title="bbox 1798 1881 3375 1955">
    <p class='ocr_par' dir='ltr' id='par_1_54' title="bbox 1798 1881 3375 1955">
     <span class='ocr_line' id='line_1_54' title="bbox 1798 1881 3375 1955; baseline 0.003 -23"><span class='ocrx_word' id='word_1_404' title='bbox 1798 1881 1950 1948; x_wconf 87' lang='lat' dir='ltr'><strong>plicia</strong></span> <span class='ocrx_word' id='word_1_405' title='bbox 1976 1921 1990 1945; x_wconf 92' lang='lat'><strong>,</strong></span> <span class='ocrx_word' id='word_1_406' title='bbox 2020 1890 2078 1934; x_wconf 91' lang='lat' dir='ltr'><strong>ut</strong></span> <span class='ocrx_word' id='word_1_407' title='bbox 2116 1881 2291 1951; x_wconf 83' lang='lat' dir='ltr'><strong>ignem</strong></span> <span class='ocrx_word' id='word_1_408' title='bbox 2332 1881 2720 1950; x_wconf 70' lang='lat' dir='ltr'><strong>praedicationis</strong></span> <span class='ocrx_word' id='word_1_409' title='bbox 2759 1884 3160 1954; x_wconf 79' lang='lat' dir='ltr'><strong>exstinguerent</strong></span> <span class='ocrx_word' id='word_1_410' title='bbox 3182 1925 3196 1947; x_wconf 92' lang='lat'><strong>,</strong></span> <span class='ocrx_word' id='word_1_411' title='bbox 3225 1885 3312 1955; x_wconf 90' lang='lat' dir='ltr'><strong>qui</strong></span> <span class='ocrx_word' id='word_1_412' title='bbox 3343 1904 3375 1937; x_wconf 68' lang='grc' dir='ltr'><strong>ιε</strong></span> 
     </span>
    </p>
   </div>
   <div class='ocr_carea' id='block_1_55' title="bbox 1798 1972 3378 2041">
    <p class='ocr_par' dir='ltr' id='par_1_55' title="bbox 1798 1972 3378 2041">
     <span class='ocr_line' id='line_1_55' title="bbox 1798 1972 3378 2041; baseline 0.001 -16"><span class='ocrx_word' id='word_1_413' title='bbox 1798 1972 2065 2026; x_wconf 88' lang='lat' dir='ltr'><strong>contrario</strong></span> <span class='ocrx_word' id='word_1_414' title='bbox 2102 1973 2268 2041; x_wconf 83' lang='lat' dir='ltr'><strong>magis</strong></span> <span class='ocrx_word' id='word_1_415' title='bbox 2303 1972 2426 2028; x_wconf 90' lang='lat' dir='ltr'><strong>inde</strong></span> <span class='ocrx_word' id='word_1_416' title='bbox 2451 1976 2746 2029; x_wconf 89' lang='lat' dir='ltr'><strong>crescebat.</strong></span> <span class='ocrx_word' id='word_1_417' title='bbox 2795 1976 2863 2029; x_wconf 85' lang='lat' dir='ltr'><strong>Et</strong></span> <span class='ocrx_word' id='word_1_418' title='bbox 2896 1978 3031 2030; x_wconf 90' lang='lat' dir='ltr'><strong>sicut</strong></span> <span class='ocrx_word' id='word_1_419' title='bbox 3060 1977 3126 2031; x_wconf 92' lang='lat' dir='ltr'><strong>de</strong></span> <span class='ocrx_word' id='word_1_420' title='bbox 3156 1977 3378 2030; x_wconf 71' lang='lat' dir='ltr'><strong>Domino</strong></span> 
     </span>
    </p>
   </div>
   <div class='ocr_carea' id='block_1_56' title="bbox 1797 2064 3375 2131">
    <p class='ocr_par' dir='ltr' id='par_1_56' title="bbox 1797 2064 3375 2131">
     <span class='ocr_line' id='line_1_56' title="bbox 1797 2064 3375 2131; baseline 0.003 -14"><span class='ocrx_word' id='word_1_421' title='bbox 1797 2064 2077 2127; x_wconf 76' lang='lat' dir='ltr'><strong>dixerunt,</strong></span> <span class='ocrx_word' id='word_1_422' title='bbox 2108 2064 2410 2120; x_wconf 81' lang='lat' dir='ltr'><strong>Occidamus</strong></span> <span class='ocrx_word' id='word_1_423' title='bbox 2437 2083 2579 2131; x_wconf 88' lang='lat' dir='ltr'><strong>eum,</strong></span> <span class='ocrx_word' id='word_1_424' title='bbox 2612 2083 2674 2120; x_wconf 83' lang='lat' dir='ltr'><strong>ne</strong></span> <span class='ocrx_word' id='word_1_425' title='bbox 2698 2068 2899 2121; x_wconf 80' lang='lat' dir='ltr'><strong>veniant</strong></span> <span class='ocrx_word' id='word_1_426' title='bbox 2923 2067 3142 2121; x_wconf 84' lang='lat' dir='ltr'><strong>Romani</strong></span> <span class='ocrx_word' id='word_1_427' title='bbox 3161 2110 3174 2130; x_wconf 87' lang='lat'><strong>.</strong></span> <span class='ocrx_word' id='word_1_428' title='bbox 3201 2079 3247 2122; x_wconf 87' lang='lat' dir='ltr'><strong>et</strong></span> <span class='ocrx_word' id='word_1_429' title='bbox 3276 2071 3375 2122; x_wconf 80' lang='lat' dir='ltr'><strong>tol-</strong></span> 
     </span>
    </p>
   </div>
   <div class='ocr_carea' id='block_1_57' title="bbox 1797 2155 3377 2230">
    <p class='ocr_par' dir='ltr' id='par_1_57' title="bbox 1797 2155 3377 2230">
     <span class='ocr_line' id='line_1_57' title="bbox 1797 2155 3377 2230; baseline 0.003 -22"><span class='ocrx_word' id='word_1_430' title='bbox 1797 2156 1903 2209; x_wconf 83' lang='lat' dir='ltr'><strong>lant</strong></span> <span class='ocrx_word' id='word_1_431' title='bbox 1929 2155 2093 2209; x_wconf 83' lang='lat' dir='ltr'><strong>locum</strong></span> <span class='ocrx_word' id='word_1_432' title='bbox 2117 2165 2341 2210; x_wconf 81' lang='lat' dir='ltr'><strong>nostrum</strong></span> <span class='ocrx_word' id='word_1_433' title='bbox 2368 2166 2516 2226; x_wconf 87' lang='lat' dir='ltr'><strong>atque</strong></span> <span class='ocrx_word' id='word_1_434' title='bbox 2539 2168 2733 2228; x_wconf 84' lang='lat' dir='ltr'><strong>gentem</strong></span> <span class='ocrx_word' id='word_1_435' title='bbox 2765 2157 2942 2227; x_wconf 81' lang='lat' dir='ltr'><strong>(Joan.</strong></span> <span class='ocrx_word' id='word_1_436' title='bbox 2971 2159 3056 2212; x_wconf 80' lang='grc'><strong>11.</strong></span> <span class='ocrx_word' id='word_1_437' title='bbox 3090 2156 3202 2230; x_wconf 73' lang='grc'><strong>48),</strong></span> <span class='ocrx_word' id='word_1_438' title='bbox 3233 2161 3377 2213; x_wconf 86' lang='lat' dir='ltr'><strong>acci-</strong></span> 
     </span>
    </p>
   </div>
   <div class='ocr_carea' id='block_1_58' title="bbox 1800 2248 3375 2323">
    <p class='ocr_par' dir='ltr' id='par_1_58' title="bbox 1800 2248 3375 2323">
     <span class='ocr_line' id='line_1_58' title="bbox 1800 2248 3375 2323; baseline 0.003 -22"><span class='ocrx_word' id='word_1_439' title='bbox 1800 2248 1981 2316; x_wconf 90' lang='lat' dir='ltr'><strong>ditque</strong></span> <span class='ocrx_word' id='word_1_440' title='bbox 2009 2249 2333 2303; x_wconf 88' lang='lat' dir='ltr'><strong>contrarium</strong></span> <span class='ocrx_word' id='word_1_441' title='bbox 2365 2266 2378 2303; x_wconf 89' lang='lat'><strong>:</strong></span> <span class='ocrx_word' id='word_1_442' title='bbox 2408 2265 2527 2303; x_wconf 89' lang='lat' dir='ltr'><strong>nam</strong></span> <span class='ocrx_word' id='word_1_443' title='bbox 2566 2249 2687 2319; x_wconf 87' lang='lat' dir='ltr'><strong>quia</strong></span> <span class='ocrx_word' id='word_1_444' title='bbox 2730 2250 3039 2313; x_wconf 89' lang='lat' dir='ltr'><strong>occiderunt</strong></span> <span class='ocrx_word' id='word_1_445' title='bbox 3066 2266 3186 2306; x_wconf 89' lang='lat' dir='ltr'><strong>eum</strong></span> <span class='ocrx_word' id='word_1_446' title='bbox 3208 2293 3222 2313; x_wconf 87' lang='lat'><strong>,</strong></span> <span class='ocrx_word' id='word_1_447' title='bbox 3254 2268 3375 2323; x_wconf 54' lang='lat' dir='ltr'><strong>pro-</strong></span> 
     </span>
    </p>
   </div>
   <div class='ocr_carea' id='block_1_59' title="bbox 1796 2339 3374 2409">
    <p class='ocr_par' dir='ltr' id='par_1_59' title="bbox 1796 2339 3374 2409">
     <span class='ocr_line' id='line_1_59' title="bbox 1796 2339 3374 2409; baseline 0.003 -18"><span class='ocrx_word' id='word_1_448' title='bbox 1796 2350 1974 2408; x_wconf 88' lang='lat' dir='ltr'><strong>pterea</strong></span> <span class='ocrx_word' id='word_1_449' title='bbox 1997 2339 2221 2392; x_wconf 83' lang='lat' dir='ltr'><strong>Romani</strong></span> <span class='ocrx_word' id='word_1_450' title='bbox 2247 2347 2300 2393; x_wconf 88' lang='lat' dir='ltr'><strong>et</strong></span> <span class='ocrx_word' id='word_1_451' title='bbox 2312 2348 2532 2409; x_wconf 82' lang='lat' dir='ltr'><strong>gentem</strong></span> <span class='ocrx_word' id='word_1_452' title='bbox 2554 2354 2739 2394; x_wconf 90' lang='lat' dir='ltr'><strong>eorum</strong></span> <span class='ocrx_word' id='word_1_453' title='bbox 2760 2351 2811 2394; x_wconf 91' lang='lat' dir='ltr'><strong>et</strong></span> <span class='ocrx_word' id='word_1_454' title='bbox 2834 2341 3100 2395; x_wconf 89' lang='lat' dir='ltr'><strong>civitatem</strong></span> <span class='ocrx_word' id='word_1_455' title='bbox 3122 2342 3374 2395; x_wconf 90' lang='lat' dir='ltr'><strong>tulerunt:</strong></span> 
     </span>
    </p>
   </div>
   <div class='ocr_carea' id='block_1_60' title="bbox 1794 2430 3371 2499">
    <p class='ocr_par' dir='ltr' id='par_1_60' title="bbox 1794 2430 3371 2499">
     <span class='ocr_line' id='line_1_60' title="bbox 1794 2430 3371 2499; baseline 0.002 -16"><span class='ocrx_word' id='word_1_456' title='bbox 1794 2438 1849 2483; x_wconf 89' lang='lat' dir='ltr'><strong>et</strong></span> <span class='ocrx_word' id='word_1_457' title='bbox 1874 2445 1993 2499; x_wconf 70' lang='lat' dir='ltr'><strong>quae</strong></span> <span class='ocrx_word' id='word_1_458' title='bbox 2030 2430 2349 2498; x_wconf 87' lang='lat' dir='ltr'><strong>putabantur</strong></span> <span class='ocrx_word' id='word_1_459' title='bbox 2379 2430 2751 2499; x_wconf 85' lang='lat' dir='ltr'><strong>impedimenta</strong></span> <span class='ocrx_word' id='word_1_460' title='bbox 2782 2431 3189 2499; x_wconf 63' lang='lat' dir='ltr'><strong>praedicationis,</strong></span> <span class='ocrx_word' id='word_1_461' title='bbox 3220 2432 3371 2486; x_wconf 85' lang='lat' dir='ltr'><strong>fortia</strong></span> 
     </span>
    </p>
   </div>
   <div class='ocr_carea' id='block_1_61' title="bbox 1794 2518 3375 2591">
    <p class='ocr_par' dir='ltr' id='par_1_61' title="bbox 1794 2518 3375 2591">
     <span class='ocr_line' id='line_1_61' title="bbox 1794 2518 3375 2591; baseline 0.003 -19"><span class='ocrx_word' id='word_1_462' title='bbox 1794 2518 2158 2573; x_wconf 81' lang='lat' dir='ltr'><strong>efficiebantur</strong></span> <span class='ocrx_word' id='word_1_463' title='bbox 2181 2519 2375 2574; x_wconf 81' lang='lat' dir='ltr'><strong>auxilia</strong></span> <span class='ocrx_word' id='word_1_464' title='bbox 2401 2538 2414 2573; x_wconf 95' lang='lat'>:</span> <span class='ocrx_word' id='word_1_465' title='bbox 2438 2520 2513 2575; x_wconf 91' lang='lat' dir='ltr'><strong>sic</strong></span> <span class='ocrx_word' id='word_1_466' title='bbox 2534 2520 2689 2575; x_wconf 86' lang='lat' dir='ltr'><strong>etiam</strong></span> <span class='ocrx_word' id='word_1_467' title='bbox 2712 2520 3031 2589; x_wconf 65' lang='lat' dir='ltr'><strong>praedicante</strong></span> <span class='ocrx_word' id='word_1_468' title='bbox 3051 2521 3236 2588; x_wconf 86' lang='lat' dir='ltr'><strong>Paulo,</strong></span> <span class='ocrx_word' id='word_1_469' title='bbox 3257 2539 3375 2591; x_wconf 73' lang='lat' dir='ltr'><strong>qua:</strong></span> 
     </span>
    </p>
   </div>
   <div class='ocr_carea' id='block_1_62' title="bbox 1792 2608 3371 2678">
    <p class='ocr_par' dir='ltr' id='par_1_62' title="bbox 1792 2608 3371 2678">
     <span class='ocr_line' id='line_1_62' title="bbox 1792 2608 3371 2678; baseline 0.003 -16"><span class='ocrx_word' id='word_1_470' title='bbox 1792 2608 2080 2663; x_wconf 83' lang='lat' dir='ltr'><strong>adversarii</strong></span> <span class='ocrx_word' id='word_1_471' title='bbox 2122 2609 2189 2663; x_wconf 90' lang='lat' dir='ltr'><strong>ad</strong></span> <span class='ocrx_word' id='word_1_472' title='bbox 2233 2609 2643 2678; x_wconf 89' lang='lat' dir='ltr'><strong>opprimendum</strong></span> <span class='ocrx_word' id='word_1_473' title='bbox 2688 2610 2915 2665; x_wconf 89' lang='lat' dir='ltr'><strong>intulere</strong></span> <span class='ocrx_word' id='word_1_474' title='bbox 2956 2612 3174 2666; x_wconf 85' lang='lat' dir='ltr'><strong>verbum</strong></span> <span class='ocrx_word' id='word_1_475' title='bbox 3199 2653 3214 2678; x_wconf 91' lang='lat'><strong>,</strong></span> <span class='ocrx_word' id='word_1_476' title='bbox 3257 2612 3371 2666; x_wconf 71' lang='lat' dir='ltr'><strong>haec</strong></span> 
     </span>
    </p>
   </div>
   <div class='ocr_carea' id='block_1_63' title="bbox 1793 2698 3368 2772">
    <p class='ocr_par' dir='ltr' id='par_1_63' title="bbox 1793 2698 3368 2772">
     <span class='ocr_line' id='line_1_63' title="bbox 1793 2698 3368 2772; baseline 0.001 -20"><span class='ocrx_word' id='word_1_477' title='bbox 1793 2698 1920 2753; x_wconf 90' lang='lat' dir='ltr'><strong>illud</strong></span> <span class='ocrx_word' id='word_1_478' title='bbox 1962 2700 2028 2753; x_wconf 89' lang='lat' dir='ltr'><strong>ad</strong></span> <span class='ocrx_word' id='word_1_479' title='bbox 2066 2700 2385 2755; x_wconf 74' lang='lat' dir='ltr'><strong>ineffabilem</strong></span> <span class='ocrx_word' id='word_1_480' title='bbox 2429 2701 2713 2772; x_wconf 87' lang='lat' dir='ltr'><strong>quamdam</strong></span> <span class='ocrx_word' id='word_1_481' title='bbox 2750 2701 3080 2756; x_wconf 83' lang='lat' dir='ltr'><strong>altitudinem</strong></span> <span class='ocrx_word' id='word_1_482' title='bbox 3120 2702 3368 2756; x_wconf 84' lang='lat' dir='ltr'><strong>subleva-</strong></span> 
     </span>
    </p>
   </div>
   <div class='ocr_carea' id='block_1_64' title="bbox 1793 2790 3372 2861">
    <p class='ocr_par' dir='ltr' id='par_1_64' title="bbox 1793 2790 3372 2861">
     <span class='ocr_line' id='line_1_64' title="bbox 1793 2790 3372 2861; baseline 0.001 -18"><span class='ocrx_word' id='word_1_483' title='bbox 1793 2799 1934 2843; x_wconf 89' lang='lat' dir='ltr'><strong>runt.</strong></span> <span class='ocrx_word' id='word_1_484' title='bbox 1963 2790 2139 2859; x_wconf 87' lang='lat' dir='ltr'><strong>Super</strong></span> <span class='ocrx_word' id='word_1_485' title='bbox 2161 2790 2247 2845; x_wconf 87' lang='lat' dir='ltr'><strong>his</strong></span> <span class='ocrx_word' id='word_1_486' title='bbox 2272 2806 2399 2846; x_wconf 86' lang='lat' dir='ltr'><strong>vero</strong></span> <span class='ocrx_word' id='word_1_487' title='bbox 2433 2792 2679 2847; x_wconf 88' lang='lat' dir='ltr'><strong>omnibus</strong></span> <span class='ocrx_word' id='word_1_488' title='bbox 2715 2792 2913 2861; x_wconf 86' lang='lat' dir='ltr'><strong>gratias</strong></span> <span class='ocrx_word' id='word_1_489' title='bbox 2943 2792 3083 2847; x_wconf 90' lang='lat' dir='ltr'><strong>bono</strong></span> <span class='ocrx_word' id='word_1_490' title='bbox 3111 2801 3372 2847; x_wconf 89' lang='lat' dir='ltr'><strong>tantarum</strong></span> 
     </span>
    </p>
   </div>
   <div class='ocr_carea' id='block_1_65' title="bbox 1793 2883 3373 2954">
    <p class='ocr_par' dir='ltr' id='par_1_65' title="bbox 1793 2883 3373 2954">
     <span class='ocr_line' id='line_1_65' title="bbox 1793 2883 3373 2954; baseline 0.003 -19"><span class='ocrx_word' id='word_1_491' title='bbox 1793 2897 1969 2935; x_wconf 90' lang='lat' dir='ltr'><strong>rerum</strong></span> <span class='ocrx_word' id='word_1_492' title='bbox 1997 2883 2198 2937; x_wconf 89' lang='lat' dir='ltr'><strong>auctori</strong></span> <span class='ocrx_word' id='word_1_493' title='bbox 2224 2897 2443 2951; x_wconf 86' lang='lat' dir='ltr'><strong>agamus</strong></span> <span class='ocrx_word' id='word_1_494' title='bbox 2472 2884 2599 2950; x_wconf 90' lang='lat' dir='ltr'><strong>Deo,</strong></span> <span class='ocrx_word' id='word_1_495' title='bbox 2624 2884 2985 2953; x_wconf 87' lang='lat' dir='ltr'><strong>glorificemus</strong></span> <span class='ocrx_word' id='word_1_496' title='bbox 3013 2884 3255 2950; x_wconf 90' lang='lat' dir='ltr'><strong>Paulum,</strong></span> <span class='ocrx_word' id='word_1_497' title='bbox 3284 2901 3373 2954; x_wconf 82' lang='lat' dir='ltr'><strong>per</strong></span> 
     </span>
    </p>
   </div>
   <div class='ocr_carea' id='block_1_66' title="bbox 1791 2976 3373 3046">
    <p class='ocr_par' dir='ltr' id='par_1_66' title="bbox 1791 2976 3373 3046">
     <span class='ocr_line' id='line_1_66' title="bbox 1791 2976 3373 3046; baseline 0.001 -18"><span class='ocrx_word' id='word_1_498' title='bbox 1791 2990 1947 3044; x_wconf 90' lang='lat' dir='ltr'><strong>quem</strong></span> <span class='ocrx_word' id='word_1_499' title='bbox 1978 2976 2077 3029; x_wconf 87' lang='lat' dir='ltr'><strong>ista</strong></span> <span class='ocrx_word' id='word_1_500' title='bbox 2102 2976 2365 3045; x_wconf 90' lang='lat' dir='ltr'><strong>completa</strong></span> <span class='ocrx_word' id='word_1_501' title='bbox 2389 2985 2512 3030; x_wconf 90' lang='lat' dir='ltr'><strong>sunt</strong></span> <span class='ocrx_word' id='word_1_502' title='bbox 2542 2994 2553 3028; x_wconf 94' lang='lat'><strong>:</strong></span> <span class='ocrx_word' id='word_1_503' title='bbox 2583 2991 2801 3031; x_wconf 89' lang='lat' dir='ltr'><strong>oremus</strong></span> <span class='ocrx_word' id='word_1_504' title='bbox 2826 2977 3006 3043; x_wconf 88' lang='lat' dir='ltr'><strong>etiam,</strong></span> <span class='ocrx_word' id='word_1_505' title='bbox 3037 2986 3091 3029; x_wconf 90' lang='lat' dir='ltr'><strong>ut</strong></span> <span class='ocrx_word' id='word_1_506' title='bbox 3117 2976 3214 3046; x_wconf 89' lang='lat' dir='ltr'><strong>ipsi</strong></span> <span class='ocrx_word' id='word_1_507' title='bbox 3245 2992 3373 3046; x_wconf 87' lang='lat' dir='ltr'><strong>quo-</strong></span> 
     </span>
    </p>
   </div>
   <div class='ocr_carea' id='block_1_67' title="bbox 1790 3066 3372 3137">
    <p class='ocr_par' dir='ltr' id='par_1_67' title="bbox 1790 3066 3372 3137">
     <span class='ocr_line' id='line_1_67' title="bbox 1790 3066 3372 3137; baseline -0.001 -17"><span class='ocrx_word' id='word_1_508' title='bbox 1790 3084 1893 3135; x_wconf 88' lang='lat' dir='ltr'><strong>que</strong></span> <span class='ocrx_word' id='word_1_509' title='bbox 1922 3067 2125 3122; x_wconf 89' lang='lat' dir='ltr'><strong>eisdem</strong></span> <span class='ocrx_word' id='word_1_510' title='bbox 2154 3066 2489 3137; x_wconf 83' lang='lat' dir='ltr'><strong>perfruamur</strong></span> <span class='ocrx_word' id='word_1_511' title='bbox 2518 3068 2672 3123; x_wconf 91' lang='lat' dir='ltr'><strong>bonis</strong></span> <span class='ocrx_word' id='word_1_512' title='bbox 2690 3110 2705 3134; x_wconf 88' lang='lat'><strong>,</strong></span> <span class='ocrx_word' id='word_1_513' title='bbox 2738 3069 2903 3137; x_wconf 85' lang='lat' dir='ltr'><strong>gratia</strong></span> <span class='ocrx_word' id='word_1_514' title='bbox 2930 3075 2985 3122; x_wconf 92' lang='lat' dir='ltr'><strong>et</strong></span> <span class='ocrx_word' id='word_1_515' title='bbox 3010 3068 3372 3122; x_wconf 79' lang='lat' dir='ltr'><strong>misericordia</strong></span> 
     </span>
    </p>
   </div>
   <div class='ocr_carea' id='block_1_68' title="bbox 1792 3158 3375 3228">
    <p class='ocr_par' dir='ltr' id='par_1_68' title="bbox 1792 3158 3375 3228">
     <span class='ocr_line' id='line_1_68' title="bbox 1792 3158 3375 3228; baseline -0.003 -16"><span class='ocrx_word' id='word_1_516' title='bbox 1792 3158 2000 3212; x_wconf 85' lang='lat' dir='ltr'><strong>Domini</strong></span> <span class='ocrx_word' id='word_1_517' title='bbox 2044 3159 2213 3213; x_wconf 89' lang='lat' dir='ltr'><strong>nostri</strong></span> <span class='ocrx_word' id='word_1_518' title='bbox 2256 3158 2383 3213; x_wconf 86' lang='lat' dir='ltr'><strong>Jesu</strong></span> <span class='ocrx_word' id='word_1_519' title='bbox 2420 3158 2646 3223; x_wconf 84' lang='lat' dir='ltr'><strong>Christi,</strong></span> <span class='ocrx_word' id='word_1_520' title='bbox 2692 3174 2785 3227; x_wconf 93' lang='lat' dir='ltr'><strong>per</strong></span> <span class='ocrx_word' id='word_1_521' title='bbox 2822 3173 2981 3227; x_wconf 88' lang='lat' dir='ltr'><strong>quem</strong></span> <span class='ocrx_word' id='word_1_522' title='bbox 3022 3168 3077 3212; x_wconf 91' lang='lat' dir='ltr'><strong>et</strong></span> <span class='ocrx_word' id='word_1_523' title='bbox 3119 3173 3375 3228; x_wconf 84' lang='lat' dir='ltr'><strong>cumquo</strong></span> 
     </span>
    </p>
   </div>
   <div class='ocr_carea' id='block_1_69' title="bbox 1791 3249 3372 3322">
    <p class='ocr_par' dir='ltr' id='par_1_69' title="bbox 1791 3249 3372 3322">
     <span class='ocr_line' id='line_1_69' title="bbox 1791 3249 3372 3322; baseline -0.001 -17"><span class='ocrx_word' id='word_1_524' title='bbox 1791 3252 1959 3322; x_wconf 80' lang='lat' dir='ltr'><strong>gloria</strong></span> <span class='ocrx_word' id='word_1_525' title='bbox 1988 3251 2129 3306; x_wconf 87' lang='lat' dir='ltr'><strong>Patri</strong></span> <span class='ocrx_word' id='word_1_526' title='bbox 2155 3291 2170 3315; x_wconf 89' lang='lat'><strong>,</strong></span> <span class='ocrx_word' id='word_1_527' title='bbox 2200 3266 2321 3306; x_wconf 90' lang='lat' dir='ltr'><strong>eum</strong></span> <span class='ocrx_word' id='word_1_528' title='bbox 2350 3251 2548 3320; x_wconf 87' lang='lat' dir='ltr'><strong>Spiritu</strong></span> <span class='ocrx_word' id='word_1_529' title='bbox 2575 3262 2757 3306; x_wconf 90' lang='lat' dir='ltr'><strong>sancto</strong></span> <span class='ocrx_word' id='word_1_530' title='bbox 2785 3292 2801 3317; x_wconf 86' lang='lat'><strong>,</strong></span> <span class='ocrx_word' id='word_1_531' title='bbox 2834 3251 2887 3303; x_wconf 90' lang='lat' dir='ltr'><strong>in</strong></span> <span class='ocrx_word' id='word_1_532' title='bbox 2917 3249 3109 3303; x_wconf 50' lang='lat' dir='ltr'><strong>sa‘cula</strong></span> <span class='ocrx_word' id='word_1_533' title='bbox 3149 3249 3372 3305; x_wconf 67' lang='lat' dir='ltr'><strong>saeculo-</strong></span> 
     </span>
    </p>
   </div>
   <div class='ocr_carea' id='block_1_70' title="bbox 1790 3345 2150 3398">
    <p class='ocr_par' dir='ltr' id='par_1_70' title="bbox 1790 3345 2150 3398">
     <span class='ocr_line' id='line_1_70' title="bbox 1790 3345 2150 3398; baseline -0.003 -1"><span class='ocrx_word' id='word_1_534' title='bbox 1790 3360 1929 3398; x_wconf 87' lang='lat' dir='ltr'><strong>rum.</strong></span> <span class='ocrx_word' id='word_1_535' title='bbox 1957 3345 2150 3397; x_wconf 87' lang='lat' dir='ltr'><strong>Amen.</strong></span> 
     </span>
    </p>
   </div>
   <div class='ocr_carea' id='block_1_71' title="bbox 1855 3475 3245 3542">
    <p class='ocr_par' dir='ltr' id='par_1_71' title="bbox 1855 3475 3245 3542">
     <span class='ocr_line' id='line_1_71' title="bbox 1855 3475 3245 3542; baseline 0 -17"><span class='ocrx_word' id='word_1_536' title='bbox 1855 3481 1871 3510; x_wconf 81' lang='grc' dir='ltr'>ι</span> <span class='ocrx_word' id='word_1_537' title='bbox 1905 3485 2004 3537; x_wconf 71' lang='grc' dir='ltr'><strong>ον..</strong></span> <span class='ocrx_word' id='word_1_538' title='bbox 2028 3483 2075 3528; x_wconf 85' lang='lat' dir='ltr'><strong>et</strong></span> <span class='ocrx_word' id='word_1_539' title='bbox 2096 3476 2271 3540; x_wconf 84' lang='lat' dir='ltr'><strong>majori</strong></span> <span class='ocrx_word' id='word_1_540' title='bbox 2293 3478 2516 3542; x_wconf 82' lang='lat' dir='ltr'><strong>profuere</strong></span> <span class='ocrx_word' id='word_1_541' title='bbox 2535 3475 2727 3528; x_wconf 82' lang='lat' dir='ltr'><strong>civitati.</strong></span> <span class='ocrx_word' id='word_1_542' title='bbox 2753 3482 2955 3540; x_wconf 78' lang='lat' dir='ltr'><strong>Propter</strong></span> <span class='ocrx_word' id='word_1_543' title='bbox 2977 3476 3122 3542; x_wconf 84' lang='lat' dir='ltr'><strong>quod,</strong></span> <span class='ocrx_word' id='word_1_544' title='bbox 3150 3484 3245 3528; x_wconf 81' lang='lat' dir='ltr'><strong>etc.</strong></span> 
     </span>
    </p>
   </div>
   <div class='ocr_carea' id='block_1_72' title="bbox 103 3787 3339 3830">
    <p class='ocr_par' dir='ltr' id='par_1_72' title="bbox 103 3787 3339 3830">
     <span class='ocr_line' id='line_1_72' title="bbox 103 3787 3339 3830; baseline 0.005 -17"><span class='ocrx_word' id='word_1_545' title='bbox 103 3787 3339 3830; x_wconf 51' lang='lat' dir='ltr'><strong>mw</strong></span> 
     </span>
    </p>
   </div>
   <div class='ocr_carea' id='block_1_73' title="bbox 979 3987 2463 4055">
    <p class='ocr_par' dir='ltr' id='par_1_73' title="bbox 979 3987 2463 4055">
     <span class='ocr_line' id='line_1_73' title="bbox 979 3987 2463 4055; baseline 0.005 -10"><span class='ocrx_word' id='word_1_546' title='bbox 979 3987 1076 4047; x_wconf 79' lang='lat' dir='ltr'><strong>AD</strong></span> <span class='ocrx_word' id='word_1_547' title='bbox 1112 3989 1488 4051; x_wconf 81' lang='lat' dir='ltr'><strong>HOMILIAM</strong></span> <span class='ocrx_word' id='word_1_548' title='bbox 1529 3989 1609 4049; x_wconf 84' lang='lat' dir='ltr'><strong>1N</strong></span> <span class='ocrx_word' id='word_1_549' title='bbox 1654 3988 2006 4051; x_wconf 75' lang='lat' dir='ltr'><strong>SANCTUM</strong></span> <span class='ocrx_word' id='word_1_550' title='bbox 2048 3994 2463 4055; x_wconf 82' lang='lat' dir='ltr'><strong>MELETIUM.</strong></span> 
     </span>
    </p>
   </div>
   <div class='ocr_carea' id='block_1_74' title="bbox 108 4156 3359 4243">
    <p class='ocr_par' dir='ltr' id='par_1_74' title="bbox 108 4156 3359 4243">
     <span class='ocr_line' id='line_1_74' title="bbox 108 4156 3359 4243; baseline 0.007 -37"><span class='ocrx_word' id='word_1_551' title='bbox 108 4156 332 4212; x_wconf 88' lang='lat' dir='ltr'><strong>omnino</strong></span> <span class='ocrx_word' id='word_1_552' title='bbox 358 4157 572 4214; x_wconf 83' lang='lat' dir='ltr'><strong>videtur</strong></span> <span class='ocrx_word' id='word_1_553' title='bbox 602 4161 743 4216; x_wconf 89' lang='lat' dir='ltr'><strong>hanc</strong></span> <span class='ocrx_word' id='word_1_554' title='bbox 787 4162 1063 4220; x_wconf 91' lang='lat' dir='ltr'><strong>homiliam</strong></span> <span class='ocrx_word' id='word_1_555' title='bbox 1096 4165 1504 4235; x_wconf 87' lang='lat' dir='ltr'><strong>pronuntiatam</strong></span> <span class='ocrx_word' id='word_1_556' title='bbox 1556 4166 1725 4225; x_wconf 86' lang='lat' dir='ltr'><strong>fuisse</strong></span> <span class='ocrx_word' id='word_1_557' title='bbox 1762 4169 1846 4224; x_wconf 86' lang='lat' dir='ltr'><strong>vel</strong></span> <span class='ocrx_word' id='word_1_558' title='bbox 1906 4185 2051 4226; x_wconf 89' lang='lat' dir='ltr'><strong>anno</strong></span> <span class='ocrx_word' id='word_1_559' title='bbox 2095 4173 2236 4238; x_wconf 79' lang='grc'><strong>586,</strong></span> <span class='ocrx_word' id='word_1_560' title='bbox 2282 4183 2406 4243; x_wconf 89' lang='lat' dir='ltr'><strong>post</strong></span> <span class='ocrx_word' id='word_1_561' title='bbox 2447 4189 2688 4230; x_wconf 89' lang='lat' dir='ltr'><strong>mensem</strong></span> <span class='ocrx_word' id='word_1_562' title='bbox 2728 4173 2928 4230; x_wconf 83' lang='lat' dir='ltr'><strong>Maium</strong></span> <span class='ocrx_word' id='word_1_563' title='bbox 2954 4214 2971 4243; x_wconf 86' lang='lat'><strong>,</strong></span> <span class='ocrx_word' id='word_1_564' title='bbox 3020 4177 3104 4233; x_wconf 87' lang='lat' dir='ltr'><strong>vel</strong></span> <span class='ocrx_word' id='word_1_565' title='bbox 3140 4177 3359 4233; x_wconf 82' lang='lat' dir='ltr'><strong>ineunte</strong></span> 
     </span>
    </p>
   </div>
   <div class='ocr_carea' id='block_1_75' title="bbox 104 4276 395 4331">
    <p class='ocr_par' dir='ltr' id='par_1_75' title="bbox 104 4276 395 4331">
     <span class='ocr_line' id='line_1_75' title="bbox 104 4276 395 4331; baseline 0.007 -4"><span class='ocrx_word' id='word_1_566' title='bbox 104 4288 239 4330; x_wconf 83' lang='lat' dir='ltr'><strong>anno</strong></span> <span class='ocrx_word' id='word_1_567' title='bbox 264 4276 395 4331; x_wconf 77' lang='lat'><strong>387.</strong></span> 
     </span>
    </p>
   </div>
   <div class='ocr_carea' id='block_1_76' title="bbox 162 4412 3347 4501">
    <p class='ocr_par' dir='ltr' id='par_1_76' title="bbox 162 4412 3347 4501">
     <span class='ocr_line' id='line_1_76' title="bbox 162 4412 3347 4501; baseline 0.006 -35"><span class='ocrx_word' id='word_1_568' title='bbox 162 4412 237 4468; x_wconf 86' lang='lat' dir='ltr'><strong>De</strong></span> <span class='ocrx_word' id='word_1_569' title='bbox 269 4413 330 4468; x_wconf 92' lang='lat' dir='ltr'><strong>S.</strong></span> <span class='ocrx_word' id='word_1_570' title='bbox 365 4413 583 4472; x_wconf 86' lang='lat' dir='ltr'><strong>Meletio</strong></span> <span class='ocrx_word' id='word_1_571' title='bbox 610 4419 858 4487; x_wconf 70' lang='lat' dir='ltr'><strong>quaedam</strong></span> <span class='ocrx_word' id='word_1_572' title='bbox 880 4420 1120 4483; x_wconf 75' lang='lat' dir='ltr'><strong>diximus</strong></span> <span class='ocrx_word' id='word_1_573' title='bbox 1146 4423 1200 4477; x_wconf 90' lang='lat' dir='ltr'><strong>in</strong></span> <span class='ocrx_word' id='word_1_574' title='bbox 1236 4418 1361 4480; x_wconf 81' lang='lat' dir='ltr'><strong>Vita</strong></span> <span class='ocrx_word' id='word_1_575' title='bbox 1392 4424 1450 4481; x_wconf 91' lang='lat' dir='ltr'><strong>S.</strong></span> <span class='ocrx_word' id='word_1_576' title='bbox 1486 4426 1789 4481; x_wconf 72' lang='lat' dir='ltr'><strong>Athanasii</strong></span> <span class='ocrx_word' id='word_1_577' title='bbox 1804 4428 1872 4483; x_wconf 90' lang='lat' dir='ltr'><strong>ad</strong></span> <span class='ocrx_word' id='word_1_578' title='bbox 1920 4444 2123 4483; x_wconf 89' lang='lat' dir='ltr'><strong>annum</strong></span> <span class='ocrx_word' id='word_1_579' title='bbox 2158 4429 2283 4483; x_wconf 76' lang='grc'><strong>561.</strong></span> <span class='ocrx_word' id='word_1_580' title='bbox 2319 4428 2366 4485; x_wconf 88' lang='lat' dir='ltr'><strong>ls</strong></span> <span class='ocrx_word' id='word_1_581' title='bbox 2425 4446 2619 4500; x_wconf 87' lang='lat' dir='ltr'><strong>nempe</strong></span> <span class='ocrx_word' id='word_1_582' title='bbox 2659 4431 2728 4487; x_wconf 89' lang='lat' dir='ltr'><strong>ab</strong></span> <span class='ocrx_word' id='word_1_583' title='bbox 2782 4431 3029 4495; x_wconf 84' lang='lat' dir='ltr'><strong>Arianis,</strong></span> <span class='ocrx_word' id='word_1_584' title='bbox 3082 4431 3174 4501; x_wconf 91' lang='lat' dir='ltr'><strong>qui</strong></span> <span class='ocrx_word' id='word_1_585' title='bbox 3231 4430 3347 4486; x_wconf 79' lang='lat' dir='ltr'><strong>suis</strong></span> 
     </span>
    </p>
   </div>
   <div class='ocr_carea' id='block_1_77' title="bbox 100 4526 3352 4617">
    <p class='ocr_par' dir='ltr' id='par_1_77' title="bbox 100 4526 3352 4617">
     <span class='ocr_line' id='line_1_77' title="bbox 100 4526 3352 4617; baseline 0.006 -37"><span class='ocrx_word' id='word_1_586' title='bbox 100 4528 341 4594; x_wconf 81' lang='lat' dir='ltr'><strong>partibus</strong></span> <span class='ocrx_word' id='word_1_587' title='bbox 369 4526 521 4602; x_wconf 80' lang='lat'><strong>[518]</strong></span> <span class='ocrx_word' id='word_1_588' title='bbox 548 4532 821 4588; x_wconf 89' lang='lat' dir='ltr'><strong>addictum</strong></span> <span class='ocrx_word' id='word_1_589' title='bbox 852 4538 1137 4605; x_wconf 89' lang='lat' dir='ltr'><strong>putabant,</strong></span> <span class='ocrx_word' id='word_1_590' title='bbox 1167 4540 1455 4597; x_wconf 88' lang='lat' dir='ltr'><strong>ordinatus</strong></span> <span class='ocrx_word' id='word_1_591' title='bbox 1494 4542 1549 4596; x_wconf 93' lang='lat' dir='ltr'><strong>in</strong></span> <span class='ocrx_word' id='word_1_592' title='bbox 1580 4543 1897 4614; x_wconf 87' lang='lat' dir='ltr'><strong>episcopum</strong></span> <span class='ocrx_word' id='word_1_593' title='bbox 1947 4544 2370 4609; x_wconf 75' lang='lat' dir='ltr'><strong>Antiochenam,</strong></span> <span class='ocrx_word' id='word_1_594' title='bbox 2411 4545 2506 4599; x_wconf 83' lang='grc' dir='ltr'><strong>τοῦ</strong></span> <span class='ocrx_word' id='word_1_595' title='bbox 2535 4546 2825 4617; x_wconf 80' lang='grc' dir='ltr'><strong>ὁμοουσίου</strong></span> <span class='ocrx_word' id='word_1_596' title='bbox 2859 4545 3116 4602; x_wconf 88' lang='lat' dir='ltr'><strong>defensor</strong></span> <span class='ocrx_word' id='word_1_597' title='bbox 3147 4546 3352 4602; x_wconf 88' lang='lat' dir='ltr'><strong>acerri-</strong></span> 
     </span>
    </p>
   </div>
   <div class='ocr_carea' id='block_1_78' title="bbox 102 4652 3348 4734">
    <p class='ocr_par' dir='ltr' id='par_1_78' title="bbox 102 4652 3348 4734">
     <span class='ocr_line' id='line_1_78' title="bbox 102 4652 3348 4734; baseline 0.006 -38"><span class='ocrx_word' id='word_1_598' title='bbox 102 4659 216 4697; x_wconf 90' lang='lat' dir='ltr'><strong>mus</strong></span> <span class='ocrx_word' id='word_1_599' title='bbox 256 4654 376 4699; x_wconf 88' lang='lat' dir='ltr'><strong>erat</strong></span> <span class='ocrx_word' id='word_1_600' title='bbox 400 4662 415 4713; x_wconf 89' lang='lat'><strong>;</strong></span> <span class='ocrx_word' id='word_1_601' title='bbox 443 4662 553 4716; x_wconf 93' lang='lat' dir='ltr'><strong>quo</strong></span> <span class='ocrx_word' id='word_1_602' title='bbox 576 4659 876 4720; x_wconf 85' lang='lat' dir='ltr'><strong>comperto,</strong></span> <span class='ocrx_word' id='word_1_603' title='bbox 909 4652 1097 4707; x_wconf 82' lang='lat' dir='ltr'><strong>Ariani</strong></span> <span class='ocrx_word' id='word_1_604' title='bbox 1126 4670 1293 4724; x_wconf 90' lang='lat' dir='ltr'><strong>penes</strong></span> <span class='ocrx_word' id='word_1_605' title='bbox 1314 4673 1455 4727; x_wconf 91' lang='lat' dir='ltr'><strong>quos</strong></span> <span class='ocrx_word' id='word_1_606' title='bbox 1496 4667 1612 4713; x_wconf 91' lang='lat' dir='ltr'><strong>tum</strong></span> <span class='ocrx_word' id='word_1_607' title='bbox 1654 4675 1869 4715; x_wconf 89' lang='lat' dir='ltr'><strong>summa</strong></span> <span class='ocrx_word' id='word_1_608' title='bbox 1892 4669 2029 4725; x_wconf 90' lang='lat' dir='ltr'><strong>erat,</strong></span> <span class='ocrx_word' id='word_1_609' title='bbox 2060 4660 2338 4716; x_wconf 91' lang='lat' dir='ltr'><strong>hominem</strong></span> <span class='ocrx_word' id='word_1_610' title='bbox 2370 4662 2422 4715; x_wconf 93' lang='lat' dir='ltr'><strong>in</strong></span> <span class='ocrx_word' id='word_1_611' title='bbox 2452 4662 2710 4717; x_wconf 83' lang='lat' dir='ltr'><strong>exsilium</strong></span> <span class='ocrx_word' id='word_1_612' title='bbox 2748 4662 3025 4734; x_wconf 87' lang='lat' dir='ltr'><strong>deportari</strong></span> <span class='ocrx_word' id='word_1_613' title='bbox 3057 4671 3348 4718; x_wconf 83' lang='lat' dir='ltr'><strong>curarunt.</strong></span> 
     </span>
    </p>
   </div>
   <div class='ocr_carea' id='block_1_79' title="bbox 106 4760 3354 4849">
    <p class='ocr_par' dir='ltr' id='par_1_79' title="bbox 106 4760 3354 4849">
     <span class='ocr_line' id='line_1_79' title="bbox 106 4760 3354 4849; baseline 0.006 -36"><span class='ocrx_word' id='word_1_614' title='bbox 106 4760 170 4816; x_wconf 86' lang='lat' dir='ltr'><strong>De</strong></span> <span class='ocrx_word' id='word_1_615' title='bbox 189 4763 424 4819; x_wconf 88' lang='lat' dir='ltr'><strong>dissidio</strong></span> <span class='ocrx_word' id='word_1_616' title='bbox 451 4775 630 4823; x_wconf 88' lang='lat' dir='ltr'><strong>autem</strong></span> <span class='ocrx_word' id='word_1_617' title='bbox 654 4767 773 4837; x_wconf 89' lang='lat' dir='ltr'><strong>ejus</strong></span> <span class='ocrx_word' id='word_1_618' title='bbox 804 4778 1046 4841; x_wconf 89' lang='lat' dir='ltr'><strong>tempore</strong></span> <span class='ocrx_word' id='word_1_619' title='bbox 1074 4773 1239 4827; x_wconf 87' lang='lat' dir='ltr'><strong>etiam</strong></span> <span class='ocrx_word' id='word_1_620' title='bbox 1297 4774 1438 4829; x_wconf 86' lang='lat' dir='ltr'><strong>inter</strong></span> <span class='ocrx_word' id='word_1_621' title='bbox 1474 4774 1791 4831; x_wconf 87' lang='lat' dir='ltr'><strong>Catholicos</strong></span> <span class='ocrx_word' id='word_1_622' title='bbox 1842 4775 2093 4843; x_wconf 88' lang='lat' dir='ltr'><strong>suborto,</strong></span> <span class='ocrx_word' id='word_1_623' title='bbox 2134 4760 2408 4849; x_wconf 48' lang='lat' dir='ltr'><strong>vide.quae</strong></span> <span class='ocrx_word' id='word_1_624' title='bbox 2436 4778 2677 4835; x_wconf 82' lang='lat' dir='ltr'><strong>diximus</strong></span> <span class='ocrx_word' id='word_1_625' title='bbox 2710 4780 2765 4834; x_wconf 93' lang='lat' dir='ltr'><strong>in</strong></span> <span class='ocrx_word' id='word_1_626' title='bbox 2803 4779 3007 4836; x_wconf 83' lang='lat' dir='ltr'><strong>Monito</strong></span> <span class='ocrx_word' id='word_1_627' title='bbox 3038 4779 3106 4834; x_wconf 90' lang='lat' dir='ltr'><strong>ad</strong></span> <span class='ocrx_word' id='word_1_628' title='bbox 3164 4777 3354 4835; x_wconf 77' lang='lat' dir='ltr'><strong>Homi-</strong></span> 
     </span>
    </p>
   </div>
   <div class='ocr_carea' id='block_1_80' title="bbox 104 4879 3350 4973">
    <p class='ocr_par' dir='ltr' id='par_1_80' title="bbox 104 4879 3350 4973">
     <span class='ocr_line' id='line_1_80' title="bbox 104 4879 3350 4973; baseline 0.006 -40"><span class='ocrx_word' id='word_1_629' title='bbox 104 4879 222 4935; x_wconf 89' lang='lat' dir='ltr'><strong>liam</strong></span> <span class='ocrx_word' id='word_1_630' title='bbox 246 4881 315 4937; x_wconf 89' lang='lat' dir='ltr'><strong>de</strong></span> <span class='ocrx_word' id='word_1_631' title='bbox 341 4882 720 4939; x_wconf 79' lang='lat' dir='ltr'><strong>Anatbemate.</strong></span> <span class='ocrx_word' id='word_1_632' title='bbox 763 4883 1031 4941; x_wconf 80' lang='lat' dir='ltr'><strong>Caeterum</strong></span> <span class='ocrx_word' id='word_1_633' title='bbox 1064 4888 1119 4943; x_wconf 90' lang='lat' dir='ltr'><strong>in</strong></span> <span class='ocrx_word' id='word_1_634' title='bbox 1146 4890 1249 4945; x_wconf 90' lang='lat' dir='ltr'><strong>hac</strong></span> <span class='ocrx_word' id='word_1_635' title='bbox 1291 4890 1514 4945; x_wconf 89' lang='lat' dir='ltr'><strong>bomilia</strong></span> <span class='ocrx_word' id='word_1_636' title='bbox 1545 4901 1600 4947; x_wconf 87' lang='lat' dir='ltr'><strong>et</strong></span> <span class='ocrx_word' id='word_1_637' title='bbox 1630 4891 1929 4961; x_wconf 81' lang='lat' dir='ltr'><strong>imaginum</strong></span> <span class='ocrx_word' id='word_1_638' title='bbox 1965 4892 2149 4949; x_wconf 89' lang='lat' dir='ltr'><strong>cultus</strong></span> <span class='ocrx_word' id='word_1_639' title='bbox 2172 4903 2227 4949; x_wconf 89' lang='lat' dir='ltr'><strong>et</strong></span> <span class='ocrx_word' id='word_1_640' title='bbox 2275 4894 2599 4951; x_wconf 88' lang='lat' dir='ltr'><strong>intercessio</strong></span> <span class='ocrx_word' id='word_1_641' title='bbox 2626 4893 2956 4951; x_wconf 88' lang='lat' dir='ltr'><strong>Sanctorum</strong></span> <span class='ocrx_word' id='word_1_642' title='bbox 2993 4904 3179 4973; x_wconf 81' lang='lat' dir='ltr'><strong>aperte</strong></span> <span class='ocrx_word' id='word_1_643' title='bbox 3204 4908 3350 4967; x_wconf 64' lang='lat' dir='ltr'><strong>prato</strong></span> 
     </span>
    </p>
   </div>
   <div class='ocr_carea' id='block_1_81' title="bbox 106 4996 335 5052">
    <p class='ocr_par' dir='ltr' id='par_1_81' title="bbox 106 4996 335 5052">
     <span class='ocr_line' id='line_1_81' title="bbox 106 4996 335 5052; baseline 0 -2"><span class='ocrx_word' id='word_1_644' title='bbox 106 4996 335 5052; x_wconf 86' lang='lat' dir='ltr'><strong>dicatur.</strong></span> 
     </span>
    </p>
   </div>
   <div class='ocr_carea' id='block_1_82' title="bbox 166 5106 2712 5189">
    <p class='ocr_par' dir='ltr' id='par_1_82' title="bbox 166 5106 2712 5189">
     <span class='ocr_line' id='line_1_82' title="bbox 166 5106 2712 5189; baseline 0.004 -25"><span class='ocrx_word' id='word_1_645' title='bbox 166 5106 363 5167; x_wconf 84' lang='lat' dir='ltr'><strong>Incerti</strong></span> <span class='ocrx_word' id='word_1_646' title='bbox 390 5110 897 5185; x_wconf 82' lang='lat' dir='ltr'><strong>interpretationem</strong></span> <span class='ocrx_word' id='word_1_647' title='bbox 927 5116 1113 5172; x_wconf 88' lang='lat' dir='ltr'><strong>multis</strong></span> <span class='ocrx_word' id='word_1_648' title='bbox 1140 5117 1195 5173; x_wconf 91' lang='lat' dir='ltr'><strong>in</strong></span> <span class='ocrx_word' id='word_1_649' title='bbox 1219 5117 1357 5175; x_wconf 83' lang='lat' dir='ltr'><strong>locis</strong></span> <span class='ocrx_word' id='word_1_650' title='bbox 1391 5118 1737 5175; x_wconf 89' lang='lat' dir='ltr'><strong>emendatam</strong></span> <span class='ocrx_word' id='word_1_651' title='bbox 1765 5134 1795 5175; x_wconf 92' lang='lat' dir='ltr'><strong>e</strong></span> <span class='ocrx_word' id='word_1_652' title='bbox 1830 5118 2051 5189; x_wconf 89' lang='lat' dir='ltr'><strong>regione</strong></span> <span class='ocrx_word' id='word_1_653' title='bbox 2073 5118 2247 5175; x_wconf 82' lang='lat' dir='ltr'><strong>Graeci</strong></span> <span class='ocrx_word' id='word_1_654' title='bbox 2285 5128 2463 5174; x_wconf 83' lang='lat' dir='ltr'><strong>textus</strong></span> <span class='ocrx_word' id='word_1_655' title='bbox 2492 5119 2712 5175; x_wconf 83' lang='lat' dir='ltr'><strong>damus.</strong></span> 
     </span>
    </p>
   </div>
  </div>
