3876 6286
471 269 575 325 ΜΞ

1184 282 1207 295 -
1239 253 1297 309 S.
1336 246 1611 310 JOANNIS
1648 234 2122 304 CHRYSOSTOMI
2162 233 2481 292 ARCHIEP.
2519 227 3053 291 CONSTANTINOP.
3652 221 3760 279 518

475 361 3322 428 ____________________.____._————————————-

1360 462 1858 552 HOMILIA
1911 449 2775 542 ENCOMIASTICA

480 673 544 716 ιι(
588 669 640 714 Β.
686 663 939 712 ινιτιιιεκ
982 652 1276 702 κοδτιιυιι
1319 643 1675 693 MELETIUM,
1721 634 2269 685 ARCHIEPISCOPUM
2313 630 2548 675 MAGNE
2578 628 2964 683 ANTIOCHIE,
3010 627 3091 670 ΕΤ
3132 626 3216 668 DE
3249 624 3482 669 STUDIO
3536 624 3759 668 BORUI

1722 741 1830 795 om
1872 735 2330 782 convenarum
2372 715 2483 795 (α).

1780 860 2428 917 -θεῇω--α

550 1040 601 1095 1.
648 1037 873 1092 Sacrum
920 1028 1061 1083 hunc
1099 1033 1312 1094 gregem
1343 1013 1515 1071 oculis
1554 1009 1789 1079 undique
1831 1006 2063 1061 cireum-

479 1132 709 1204 spiciens
727 1170 743 1195 ,
789 1135 843 1181 et
879 1121 1180 1177 universam
1209 1112 1477 1169 civitatem
1503 1105 1688 1161 videns
1717 1102 1803 1156 hic
1833 1113 2064 1170 praesen-

484 1190 588 1277 tem
612 1261 628 1288 ,
674 1216 856 1273 nescio
884 1225 1043 1283 quem
1082 1206 1228 1277 prius
1269 1202 1482 1256 beatum
1524 1190 1861 1266 pronuntiem
1884 1231 1900 1256 ,
1942 1201 2066 1243 san-

483 1280 697 1368 ctunine
710 1280 1007 1367 ‘Melctium,
1033 1297 1175 1370 quod
1202 1294 1284 1350 Vel
1305 1300 1424 1363 post
1448 1295 1671 1343 mortem
1696 1290 1842 1338 tanto
1863 1280 2066 1334 honore

487 1405 711 1467 fruatur,
740 1414 807 1453 an
824 1403 1062 1449 vestram
1080 1388 1374 1448 caritatem,
1393 1378 1536 1452 quod
1563 1385 1759 1431 tantam
1781 1373 1834 1427 in
1857 1379 2067 1425 vestros

488 1503 729 1572 pastores
773 1482 1194 1543 benevolentiam
1223 1476 1381 1533 etiam
1410 1481 1530 1543 post
1566 1469 1842 1524 decessum
1880 1471 2064 1519 osten-

489 1556 650 1645 datis.
702 1581 896 1639 Beatus
922 1574 1066 1631 enim
1103 1571 1230 1633 ille,
1273 1564 1413 1637 quod
1455 1569 1655 1617 tantum
1703 1556 1784 1613 sui
1833 1567 2097 1625 amorem“

490 1682 640 1737 vobis
665 1676 911 1733 omnibus
939 1661 1482 1741 potueritrelinquere
1508 1671 1522 1708 :
1554 1651 1692 1706 beati
1717 1663 1814 1741 vos
1833 1659 2066 1741 quoque,

402 1784 405 1789 ‘
494 1772 634 1845 quod
660 1812 677 1838 ,
716 1783 839 1824 cum
865 1761 1101 1819 caritatis
1138 1753 1434 1825 depositum
1463 1739 1772 1813 acceperitis
1793 1781 1807 1805 ,
1852 1751 1971 1792 eam
1995 1733 2066 1800 ei,

493 1840 585 1934 qui
613 1857 855 1929 deposuit
880 1896 895 1920 ,
938 1853 1195 1920 integram
1239 1844 1342 1898 huc
1370 1851 1537 1908 usque
1564 1840 1821 1932 perpetuo
1846 1840 2069 1897 conser-

492 1919 757 2009 vaveriiis.
788 1919 1012 2014 Quintus
1036 1939 1178 1995 enim
1212 1946 1382 1989 annus
1406 1930 1515 2000 jam
1546 1919 1842 1996 praeteriit,
1877 1931 1943 1972 ex
1965 1928 2072 1986 quo

491 2045 582 2099 ille
625 2012 870 2110 migravit
905 2031 970 2087 ad
1011 2029 1190 2086 Iesum
1214 2066 1230 2092 ,
1261 2036 1418 2094 quem
1445 2012 1781 2099 desiderabat
1807 2022 1916 2110 ,ac
1944 2021 2069 2076 per-

491 2134 617 2192 inde
641 2100 774 2188 acvsi
802 2125 917 2181 heri
950 2130 1004 2177 et
1031 2118 1224 2175 nudius
1252 2112 1441 2168 tertius
1469 2122 1590 2164 eum
1618 2100 1917 2164 vidissetis,
1965 2105 2073 2150 tam

492 2223 713 2283 ferventi
740 2231 923 2275 amore
965 2212 1030 2268 ad
1074 2224 1196 2266 eum
1224 2204 1385 2261 hodie
1410 2196 1729 2256 accessistis.
1785 2192 2074 2257 Pr0pterea

721 2311 812 2366 ille
853 2314 935 2362 est
976 2301 1115 2373 quod
1149 2297 1279 2352 tales
1318 2288 1561 2365 genuerit
1601 2286 1781 2340 filios:
1814 2277 1952 2375 beati
1979 2289 2077 2329 vos
2116 2311 2137 2326 ρ

499 2647 651 2741 radix
680 2677 936 2750 quaepiam
971 2663 1295 2725 admirabilis
1318 2700 1332 2726 ,
1363 2672 1481 2729 quae
1509 2655 1637 2708 latet
1665 2650 1717 2703 in
1752 2647 1872 2701 sinu
1897 2654 2075 2746 terrae,

498 2731 862 2848 ipsa—quidelm
889 2778 996 2819 non
1022 2762 1240 2829 apparet
1256 2794 1270 2819 ,
1309 2764 1404 2820 per
1428 2746 1631 2801 fructus
1652 2748 1851 2848 tautem
1872 2731 2078 2848 virtutis

500 2827 613 2926 sine
637 2827 801 2921 robur
825 2827 1189 2915 ostendit—rita
1219 2846 1380 2901 etiam
1408 2840 1598 2895 beatus
1623 2831 1867 2889 Meletius
1897 2828 1950 2882 in
1981 2827 2082 2880 hac

501 2975 660 3032 capsa
703 2954 948 3013 conditus
971 2989 987 3014 ,
1032 2949 1146 3015 ipse
1183 2936 1403 3010 quidem
1441 2944 1549 2986 non
1584 2925 1822 2981 cernitur
1854 2934 1886 2973 a
1930 2916 2083 2972 nobis

502 3014 670 3109 oculis
696 3042 974 3113 corporis;
1019 3014 1115 3105 per
1143 3044 1237 3085 vos
1256 3040 1384 3080 vero
1408 3065 1422 3089 ,
1453 3018 1544 3090 qui
1573 3017 1704 3072 estis
1724 3014 1944 3073 fructus,
1957 3022 2083 3113 “sua:

500 3142 688 3215 gratia:
713 3139 731 3171 ³
762 3097 903 3189 vires
929 3123 1181 3184 ostendit.
1237 3118 1385 3173 Licet
1429 3124 1527 3165 nos
1564 3106 1843 3215 sileamus,
1888 3097 2085 3215 sufﬁcit

502 3188 848 3291 :lie's‘fwestus,
894 3231 949 3277 et
985 3218 1158 3273 fervor
1196 3206 1362 3265 vestri
1388 3199 1588 3266 studii,
1633 3195 1700 3251 ad
1729 3193 1858 3248 tuba
1890 3188 2086 3245 clarius

506 3288 941 3397 proclamandum
988 3304 1158 3363 sancti
1195 3297 1391 3356 Meletii
1422 3295 1473 3349 in
1513 3306 1606 3344 vos
1635 3288 2086 3397 amoremutam;

508 3367 667 3488 quam
704 3410 763 3464 in
789 3405 949 3459 illius.
1002 3397 1093 3453 Sic
1118 3392 1491 3488 enim-vestras
1516 3389 1721 3481 mentes
1748 3369 1991 3488 accendit
2016 3367 2084 3488 ad

510 3464 594 3562 sui
622 3511 859 3556 amorem
878 3534 893 3558 ,
921 3500 979 3545 ut
1004 3486 1090 3543 vel
1108 3483 1182 3539 ad
1207 3480 1379 3537 solum
1409 3488 1603 3531 nomen
1640 3464 1972 3524 iucalescatis
1991 3500 2006 3527 ,
2034 3467 2090 3516 et

512 3588 815 3652 excitcmini
841 3584 907 3640 ad
928 3584 1092 3654 ipsam
1121 3571 1546 3645 appellationem.

587 3645 776 3739 dffeletii
802 3645 980 3732 nomen
1017 3670 1137 3741 ﬁliis
1165 3666 1269 3720 suis
1310 3660 1497 3715 dabant
1542 3649 1866 3713 Antiocheni;
1901 3645 2090 3717 ipsius-

514 3792 612 3851 que
629 3771 895 3842 imaginem
919 3762 1099 3833 ubique
1122 3755 1408 3830 pingebant.
1427 3746 1814 3851 ——“I’roptereja.
1837 3752 1936 3808 ego
1961 3750 2093 3806 quo-

515 3832 622 3940 que
647 3832 788 3919 nunc
826 3874 933 3913 non
977 3864 1207 3912 temere,
1253 3843 1347 3900 sed
1383 3838 1558 3897 studio
1595 3844 1653 3891 et
1694 3832 1871 3889 dedita
1908 3842 2091 3897 opera,

521 3930 716 4017 nomen
747 3950 875 4009 illud
902 3950 952 4004 in
982 3946 1114 4002 meis
1140 3938 1354 4007 assidue
1380 3932 1556 3990 verbis
1582 3936 1841 3988 annecto,
1888 3930 1942 3977 et
1967 3933 2093 3989 per-

520 4052 645 4108 inde
673 4062 735 4101 ac
758 4042 1016 4115 quispiam
1038 4080 1053 4103 ,
1093 4036 1182 4104 qui
1213 4041 1463 4085 coronam
1493 4022 1623 4077 texit
1657 4029 1870 4073 auream
1889 4053 1902 4076 ,
1949 4024 2096 4065 mar-

520 4142 718 4213 garitas
742 4134 932 4190 deinde
977 4130 1251 4188 inserens,
1276 4128 1609 4186 gemmarum
1638 4103 1931 4176 frequentia
1959 4115 2096 4172 prte-

522 4194 716 4290 Zlaritts
752 4226 913 4284 efficit
957 4220 1243 4276 diadema:
1276 4212 1346 4264 ita
1389 4220 1490 4277 ego
1532 4213 1743 4290 quoque
1783 4198 1939 4290 beato
1983 4194 2100 4290 ejus

524 4323 684 4395 capiti
709 4329 960 4375 coronam
1003 4319 1193 4365 texens
1219 4299 1579 4356 cncomiorum
1604 4332 1621 4358 ,
1663 4288 1824 4344 veluti
1848 4283 2102 4384 margari-

526 4373 701 4470 tarrum
729 4390 1073 4480 quarumdam
1102 4389 1452 4463 frequentiam
1476 4426 1492 4451 ,
1519 4395 1661 4450 saepe
1689 4377 1965 4447 repetitam
1988 4373 2102 4441 ejus

528 4468 937 4576 appellationem
978 4485 1203 4545 orationi
1230 4490 1442 4542 attexo,
1490 4487 1710 4545 sperans
1754 4469 1867 4524 fore
1888 4476 2010 4576 ,ηιιιΙ
2028 4468 2105 4520 sic

530 4557 658 4657 Lirin
691 4587 1059 4664 jucundiorem
1102 4574 1321 4633 reddam
1347 4578 1401 4626 et
1446 4563 1871 4637 splendidiorem.
1922 4557 2108 4614 Solent

531 4689 675 4745 enim
691 4649 942 4738 amantes
961 4686 1166 4734 eorum,
1194 4681 1326 4737 quos
1344 4668 1541 4723 amant,
1563 4658 1649 4713 vel
1671 4655 1807 4711 nuda
1826 4649 2108 4721 complecti

535 4777 755 4834 nomina
778 4813 794 4836 ,
816 4781 875 4839 et
898 4764 1220 4823 incalescere
1258 4755 1322 4811 ad
1353 4755 1493 4824 ipsas
1515 4747 1895 4820 appellationes
1923 4760 1935 4797 :
1967 4739 2109 4810 quod

535 4870 687 4925 vobis
717 4844 925 4934 quoque
962 4858 1016 4913 in
1045 4856 1148 4911 hoc
1174 4853 1328 4907 beato
1350 4862 1446 4902 usu
1477 4842 1639 4899 venit.
1672 4839 1803 4895 Nam
1840 4849 1960 4890 cum
1987 4845 2111 4888 eum

537 4980 567 5017 a
598 4955 854 5032 principio
878 4954 929 5007 in
953 4950 1219 5006 civitatem
1241 4944 1534 5014 ingressum
1561 4927 1923 5003 excepissctis,
1948 4938 2110 4979 unus-

538 5019 968 5124 quisque-tilium
1020 5053 1173 5095 suum
1219 5034 1332 5105 ejus
1377 5029 1593 5086 nomine
1638 5019 1969 5092 appellabat,
2024 5029 2117 5083 per

444 5196 461 5209 κ
540 5113 946 5217 appellationem
964 5130 1271 5189 existimans
1285 5119 1644 5191 unusquisque
1664 5116 1718 5167 in
1735 5113 1949 5166 domum
1967 5121 2115 5208 suam

539 5197 784 5292 sanctum
837 5222 1212 5283 introducere,
1266 5213 1549 5279 missisque
1604 5202 1876 5274 patribus,
1925 5197 2038 5251 avis
2066 5203 2120 5249 ct

775 5328 969 5374 matres
996 5311 1135 5368 beati
1157 5305 1349 5362 Meletii
1371 5313 1563 5356 nomen
1588 5283 2122 5388 imponebantliberis

701 5415 1036 5482 pepererant.
1072 5398 1323 5455 Naturam
1349 5391 1490 5447 enim
1522 5386 1763 5441 vincebat
1787 5394 1938 5437 amor
1966 5378 2124 5452 pieta-

608 5511 1681 5637 efﬁngi-(136.33%?
1691 5567 1808 5622 Reg.
1829 5551 1967 5614 1%9,
1980 5547 2124 5609 ωιο,

547 5638 690 5712 23M,
715 5655 765 5699 et
785 5644 992 5697 colbert.
1016 5638 1126 5690 970.

2173 1004 2239 1059 tis
2264 1044 2280 1070 ,
2305 1010 2360 1059 et
2386 1002 2637 1071 deinceps
2663 998 2755 1072 qui
2784 998 3155 1065 nascebantur,
3187 1012 3296 1054 non
3329 998 3561 1054 naturali
3584 998 3755 1055 solum

2169 1096 2574 1159 benevolentia,
2619 1093 2713 1149 sed
2742 1093 2904 1149 etiam
2942 1092 3133 1148 aﬁ'ectu
3160 1106 3284 1162 erga
3323 1090 3468 1146 illam
3515 1091 3754 1162 appella.

2170 1189 2405 1253 tionem,
2438 1195 2591 1242 erant
2616 1186 2727 1241 cari
2772 1185 3097 1256 parentibus.
3152 1185 3329 1255 Ipsum
3370 1184 3517 1238 enim
3563 1198 3757 1238 nomen

2171 1289 2227 1336 et
2248 1290 2617 1336 ornamentum
2639 1275 2989 1350 cognationis,
3023 1286 3077 1331 et
3102 1275 3294 1330 mdium
3325 1274 3547 1329 tutelam
3566 1317 3584 1341 ,
3614 1285 3674 1331 et
3689 1278 3757 1328 ita

2134 1420 2137 1421 ν
2171 1373 2374 1429 vocatis
2400 1373 2624 1428 salutem
2647 1372 2911 1427 etamoris
2934 1358 3181 1424 solatium
3207 1384 3327 1425 esse
3350 1370 3755 1432 existimabant,

2171 1478 2224 1523 et
2249 1467 2468 1538 perinde
2492 1480 2555 1520 ac
2581 1465 2627 1519 si
2653 1464 2896 1535 quidam,
2936 1462 3182 1518 sedentes
3227 1463 3279 1516 in
3320 1462 3556 1518 tenebris
3582 1505 3598 1526 ,
3640 1477 3757 1517 cum

2173 1576 2276 1614 una
2326 1560 2526 1628 lampas
2572 1567 2855 1626 conspecta
2909 1555 3104 1621 fuerit,
3155 1554 3353 1610 multas
3399 1554 3759 1610 accendentes

2175 1654 2417 1709 lucernas
2443 1692 2459 1717 ,
2513 1652 2874 1721 unusquisque
2918 1650 3076 1703 infert
3116 1649 3168 1702 in
3217 1648 3433 1702 domum
3460 1662 3618 1702 suam
3644 1664 3659 1700 :
3689 1648 3758 1702 ita

2175 1748 2333 1803 etiam
2358 1759 2478 1798 cum
2507 1744 2595 1799 illa
2633 1741 2918 1812 appellatio
2954 1751 3221 1810 tamquam
3266 1740 3442 1793 lumen
3483 1738 3758 1793 incidisset

2175 1838 2227 1892 in
2274 1837 2542 1892 civitatem
2566 1875 2582 1900 ,
2626 1834 2846 1904 quilibet
2897 1833 2950 1887 in
2991 1832 3207 1887 domum
3247 1846 3396 1885 suam
3436 1831 3579 1886 beati
3622 1831 3755 1884 illius

2176 1944 2370 1984 nomen
2401 1926 2726 1991 introduxit,
2757 1926 2918 1999 veluti
2941 1923 3224 1994 quemdam
3256 1923 3563 1977 thesaurum
3592 1920 3759 1975 bono-

2176 2033 2294 2074 rum
2321 2016 2780 2072 innumerabilium
2803 2014 3047 2084 perillius
3065 2012 3292 2068 all'erens
3312 2012 3722 2081 appellationem
3736 2054 3753 2079 ,

2177 2117 2395 2193 eratque
2421 2121 2552 2163 vere
2580 2105 2703 2161 illud
2733 2110 2935 2174 magna:
2957 2103 3165 2173 pietatis
3188 2102 3448 2156 doctrina.
3473 2100 3609 2154 Nam
3637 2115 3759 2154 cum

2177 2198 2390 2255 assidue
2433 2207 2752 2267 cogerentur
2790 2194 3098 2250 meminisse
3138 2194 3280 2248 illius
3305 2192 3680 2262 appellationis
3706 2202 3761 2245 et

2177 2298 2420 2345 sanctum
2457 2290 2629 2343 virum
2665 2287 2843 2342 animo
2871 2285 3191 2357 complecti,
3241 2283 3506 2339 habebant
3532 2284 3639 2337 hoc
3665 2297 3762 2336 no-

2178 2396 2302 2437 men
2328 2390 2595 2450 tamquam
2624 2394 2769 2433 arma
2796 2378 3037 2450 quasdam
3056 2419 3074 2444 ,
3099 2377 3293 2447 quibus
3313 2358 3592 2445 fugabatur
3609 2389 3760 2444 qua:-

2053 2482 2077 2494 '
2178 2474 2261 2529 vis
2300 2489 2328 2528 a
2375 2473 2580 2527 ratione
2633 2472 2806 2526 aliena
2861 2470 3069 2526 affectio
3116 2478 3171 2525 et
3218 2469 3505 2539 cogitatio,
3557 2465 3762 2537 fuitque

2181 2565 2233 2622 id
2263 2564 2396 2620 adeo
2424 2564 2700 2632 frequens,
2749 2572 2808 2617 ut
2835 2563 3031 2632 ubique
3057 2561 3107 2615 in
3150 2561 3341 2623 biviis,
3388 2560 3441 2613 in
3484 2557 3642 2621 foro,
3700 2558 3758 2612 in

2181 2655 2324 2726 agris
2352 2657 2488 2710 etin
2522 2654 2621 2708 viis
2660 2657 2761 2708 hoc
2790 2664 2982 2707 nomen
3032 2651 3264 2721 undique
3310 2651 3758 2706 circumsonaret.

2181 2749 2298 2803 Non
2345 2762 2467 2818 erga
2512 2760 2704 2801 nomen
2752 2754 2927 2800 autem
2963 2745 3133 2800 solum
3176 2744 3312 2797 adeo
3356 2742 3529 2797 aﬂ'ecti
3575 2743 3762 2806 eratis,

2184 2839 2277 2895 sed
2319 2853 2440 2909 erga
2494 2838 2659 2909 ipsam
2709 2835 2867 2890 etiam
2927 2835 3150 2907 ﬁguram
3184 2835 3441 2904 corporis.
3484 2834 3764 2902 Quomodo

2184 2932 2325 2986 enim
2355 2930 2551 2986 fecistis
2578 2929 2630 2984 in
2664 2929 2983 2991 nominibus,
3012 2928 3113 2982 hoc
3137 2929 3294 2981 etiam
3325 2925 3522 2981 fecistis
3548 2927 3599 2979 in
3625 2925 3765 2979 illius

2186 3024 2415 3093 imagine
2439 3040 2451 3077 :
2481 3023 2677 3077 ctenim
2704 3021 2756 3075 in
2797 3020 2931 3090 palis
2953 3017 3291 3083 annulorum,
3317 3028 3371 3071 et
3399 3019 3452 3070 in
3476 3016 3683 3085 sigillis.
3708 3027 3763 3070 et

2188 3114 2240 3168 in
2286 3113 2495 3184 pbialis,
2538 3124 2591 3167 ct
2629 3114 2681 3167 in
2731 3112 3082 3165 thalamorum
3132 3108 3440 3177 parietibus,
3490 3116 3547 3161 et
3571 3107 3767 3176 ubique

2188 3220 2392 3261 sacram
2435 3205 2579 3259 illam
2626 3204 2775 3258 multi
2805 3208 3184 3272 expresserunt
3224 3198 3528 3267 imaginem,
3575 3208 3634 3251 ut
3660 3211 3765 3251 non

2190 3301 2360 3356 solum
2404 3299 2647 3353 audirent
2692 3304 2927 3349 sanctam
2977 3293 3120 3346 illam
3166 3290 3614 3359 appellationem.
3672 3289 3764 3342 sed

2190 3394 2348 3449 etiam
2392 3391 2586 3460 ubique
2633 3387 2871 3443 viderent
2914 3386 3133 3455 ﬁguram
3171 3382 3431 3452 corporis,
3459 3391 3515 3435 et
3533 3381 3654 3449 ejus
3679 3394 3767 3434 ex-

2191 3485 2293 3541 silii
2321 3484 2582 3553 duplicem
2611 3481 3026 3537 consolationem
3056 3477 3377 3545 acciperent.

2265 3575 2499 3630 Meletius
2540 3574 2594 3627 in
2639 3573 2868 3627 milium
2895 3569 3163 3640 pulsus.—
3184 3565 3393 3621 Etenim
3420 3562 3657 3634 primum
3687 3563 3768 3617 in-

2192 3682 2428 3739 gressus,
2459 3664 2637 3719 statim
2663 3660 2916 3732 expulsus
2939 3667 3022 3713 est
3047 3674 3080 3713 e
3105 3657 3340 3720 civitate,
3372 3653 3601 3709 inimicis
3627 3652 3770 3708 veri-

2195 3760 2319 3816 tatis
2345 3773 2466 3814 eum
2493 3753 2899 3826 expellentibus.
2927 3751 3067 3805 Deus
3088 3762 3214 3805 vero
3235 3747 3285 3802 id
3305 3745 3590 3811 concessit,
3616 3744 3772 3798 simul

2197 3862 2252 3908 et
2310 3852 2450 3906 illius
2495 3849 2742 3903 virtutem
2797 3853 2853 3900 et
2895 3853 3126 3897 vestram
3173 3838 3536 3894 fortitudinem
3589 3834 3771 3889 volens

2197 3941 2500 3999 ostendere.
2529 3939 2663 3995 Cum
2686 3936 2828 3993 enim
2853 3934 3143 4005 ingressus,
3167 3931 3302 3985 sicut
3328 3928 3498 3983 Moses
3529 3926 3584 3981 in
3613 3925 3773 3997 Egy-

2187 4034 2347 4105 ‘ptum
2394 4032 2670 4088 liberasset
2708 4029 2976 4084 civitatem
3016 4025 3084 4079 ab
3125 4036 3307 4079 errore
3331 4018 3574 4083 haeresis,
3606 4019 3773 4087 putri-

2200 4130 2403 4196 busque
2433 4123 2686 4179 membris
2704 4131 2761 4177 ct
2779 4116 3252 4175 immedicabilibus
3277 4131 3306 4170 a
3336 4115 3539 4185 reliquo
3555 4128 3777 4181 corpore

2203 4222 2505 4292 amputatis,
2557 4219 2815 4287 integram
2862 4212 3179 4269 restituisset
3206 4209 3483 4265 sanitatem
3531 4207 3777 4263 Ecclesia:

2206 4309 2548 4373 multitudini,
2575 4306 2772 4363 inimici
2800 4302 3040 4360 veritatis
3078 4317 3183 4357 non
3221 4300 3450 4356 ferentes
3489 4298 3776 4353 correctio-

2206 4419 2350 4470 nem,
2411 4401 2673 4456 concitato
2721 4397 3082 4464 lmperatore,
3134 4391 3460 4461 eXpulerunt
3509 4404 3634 4444 eum
3691 4388 3780 4441 hac

2207 4495 2437 4556 civitate,
2487 4497 2858 4558 exspectantes
2898 4485 3032 4549 fore,
3077 4490 3138 4538 ut
3181 4482 3280 4536 bac
3320 4481 3525 4536 ratione
3562 4477 3782 4534 veritate

2210 4595 2390 4642 essent
2409 4581 2729 4649 superiores,
2761 4586 2816 4632 et
2839 4591 2956 4631 eam
2984 4589 3161 4630 rerum
3189 4571 3617 4653 emendationem
3644 4583 3783 4624 ever-

2213 4684 2407 4734 terent.
2452 4671 2643 4727 Evenit
2683 4678 2860 4725 autem
2887 4677 3072 4723 contra
3103 4678 3260 4734 quam
3287 4660 3700 4732 exspectabant;
3728 4671 3785 4712 ac

2214 4783 2335 4824 cum
2378 4764 2609 4822 studium
2653 4771 2908 4826 vestrum,
2940 4768 3050 4813 tum
3086 4756 3203 4826 ejus
3227 4754 3281 4808 in
3306 4752 3550 4808 docendo
3575 4750 3785 4813 scientia

2217 4861 2385 4931 magis
2428 4855 2662 4914 effulsit:
2696 4853 2836 4909 illius
2878 4848 3113 4923 quidem,
3146 4846 3289 4917 quod
3328 4844 3542 4915 triginta
3585 4842 3785 4902 diebus,

2219 4930 2319 5010 nec
2360 4953 2423 5008 iis
2465 4949 2675 5018 quidem
2704 4944 2942 5016 integris,
2987 4951 3191 4997 tantum
3218 4952 3315 4992 vos
3338 4934 3509 5006 potuit
3539 4934 3594 4989 in
3624 4930 3789 4987 studio

2221 5047 2344 5102 lidei
2380 5045 2622 5107 fundare,
2672 5050 2731 5095 ut
2777 5048 2959 5109 postea
2988 5034 3313 5092 irruentibus
3336 5028 3616 5107 spiritibus
3643 5026 3788 5084 innu-

2223 5137 2561 5193 merabilibus
2610 5130 2901 5187 illabefacta
2948 5137 3002 5185 et
3044 5128 3356 5182 inconcussa
3409 5124 3668 5177 manserit
3711 5116 3789 5171 illa

2225 5229 2462 5285 doctrina
2497 5243 2512 5281 :
2561 5223 2738 5278 fervor
2782 5231 2957 5276 autem
3004 5227 3180 5274 vester
3224 5230 3283 5270 se
3325 5223 3508 5283 aperte
3549 5209 3788 5268 ostendit.

2225 5321 2366 5393 quod
2394 5318 2627 5388 triginta,
2654 5322 2708 5368 et
2731 5328 2830 5367 nec
2856 5311 2922 5367 iis
2950 5308 3161 5380 quidem
3190 5305 3432 5375 integris,
3454 5302 3642 5357 diebus
3665 5302 3790 5368 jaeta

2228 5392 2296 5469 ab
2334 5412 2427 5468 illo
2456 5408 2656 5465 semina
2689 5415 2795 5460 tam
2840 5408 3087 5458 accurate
3132 5395 3460 5467 suscepistis,
3492 5403 3552 5447 ut
3577 5392 3642 5446 ad
3662 5404 3779 5459 pro-

2230 5502 2447 5559 fundum
2491 5497 2683 5553 mentis
2723 5492 2929 5549 radices
2957 5483 3379 5551 transmiseritis,
3424 5493 3478 5538 et
3504 5482 3634 5537 nulli
3658 5476 3790 5534 deitr

2228 5610 2358 5668 ceps
2385 5594 2539 5651 illata:
2565 5592 2632 5649 de
2658 5598 2852 5646 caetero
2876 5581 3143 5641 cesseritis
3173 5574 3468 5633 tcntationi.
