3876 6286
511 340 614 399 δυ

484 480 491 489 ε
583 454 648 524 β’.
676 454 858 523 Ἄξιον
880 460 939 518 δὲ
973 454 1108 525 μηδέ
1134 455 1308 508 ἐκεῖνο
1329 454 1724 526 παραδραμεῖν,
1753 454 1782 507 ὃ
1817 453 1946 522 περὶ
1968 452 2068 522 τὴν

508 537 692 602 δίωξιν
723 536 892 608 αὐτὴν
927 537 1256 590 συνέϐαινεν.
1296 537 1513 608 Ἐπειδὴ
1542 536 1651 608 γάρ
1673 539 1702 590 6
1742 536 1842 607 τῆς
1870 535 2076 597 πόλεως

508 621 694 691 ἄρχων
708 620 770 673 τὸ
794 620 976 690 ὄχημα
997 619 1236 673 ἐλαύνων
1257 619 1345 673 διὰ
1365 620 1535 690 μέσης
1563 619 1709 691 ἐξῄει
1726 619 1829 690 τῆς
1848 618 2074 687 ἀγορᾶς,

513 702 738 772 πλησίον
771 701 939 755 αὐτοῦ
979 702 1071 755 τὸν
1108 702 1261 770 ἀγιον
1300 702 1533 766 καθίσας
1577 704 1816 766 ἐκεῖνον,
1861 699 2078 769 νιφάδες

509 785 674 839 λίθων
718 783 1057 854 πανταχόθεν
1096 784 1355 855 ἐφέροντο
1406 785 1500 838 ἐπὶ
1540 786 1639 855 τὴν
1675 784 1772 838 τοῦ
1822 782 2079 854 ἄρχοντος

509 867 770 937 κεφαλὴν,
795 866 856 919 ού
886 865 1156 938 φερούσης
1182 868 1281 939 τῆς
1305 867 1513 931 πόλεως
1534 867 1624 920 τδν
1640 866 1937 939 χωρισμὸν,
1962 862 2077 917 ἀλλ’

508 949 837 1020 αἱρουμένης
857 950 951 1001 καὶ
982 949 1081 1019 τῆς
1114 948 1395 1020 παρούσης
1421 952 1675 1003 ἐκπεσεῖν
1714 950 1880 1019 ζωῆς,
1921 947 1956 1018 ἢ
1988 946 2079 999 τὸν

510 1032 662 1101 ἅγιον
692 1034 897 1085 ἐκεῖνον
925 1031 1320 1102 ἀποσπώμενον
1353 1032 1499 1087 ἰδεῖν.
1536 1033 1602 1086 Τί
1634 1027 1727 1086 οὖν
1753 1034 1781 1085 6
1812 1032 2080 1101 μακάριος

510 1116 714 1178 ἐκεῖνος
742 1114 862 1167 τότε
914 1114 1197 1185 ἐποίησεν;
1244 1113 1389 1168 Ἰδὼν
1445 1115 1545 1178 τὰς
1576 1115 1686 1168 τῶν
1710 1114 1872 1168 λίθων
1919 1112 2081 1183 βολὰς

508 1203 620 1262 τοῖς
650 1199 886 1269 ἱματίοις
907 1201 1020 1262 τοῖς
1066 1198 1258 1251 ἐαυτοῦ
1295 1197 1606 1270 περιϐαλὼν
1644 1195 1930 1268 ἀπέκρυψε
1983 1193 2080 1249 τοῦ

508 1284 767 1354 ἄρχοντος
790 1282 890 1354 τὴν
927 1282 1189 1352 κεφαλὴν,
1222 1281 1359 1352 ὁμοῦ
1391 1299 1452 1334 τε
1477 1283 1601 1346 τοὺς
1626 1280 1853 1352 ἐχθροὺς
1875 1282 1946 1350 τῇ
1980 1278 2082 1349 τῆς

510 1364 808 1426 ἐπιεικείας
844 1364 1119 1434 ἐντρέπων
1151 1363 1444 1435 ὑπερϐολῇ,
1481 1365 1726 1427 καὶτοὺς
1765 1361 1933 1417 αὑτοῦ
1973 1378 2079 1432 μα-

511 1447 680 1517 θητὰς
706 1445 996 1509 παιδεύων,
1025 1447 1155 1517 ὅσην
1178 1447 1308 1519 περὶ⁹
1327 1447 1455 1509 τοὺς
1487 1446 1805 1509 ἀδικοῦντας
1832 1447 2082 1511 ἀνεξικα-

511 1529 635 1582 κίαν
668 1528 1069 1582 ἐπιδείκνυσθαι
1094 1530 1197 1601 χρή
1222 1547 1233 1558 ·
1258 1530 1352 1582 καλ⁵
1386 1529 1462 1592 ὡς
1492 1529 1553 1581 οὐ
1599 1528 1759 1597 μόνον
1797 1528 1951 1582 οὐδὲν
1981 1528 2080 1580 αύ-

510 1614 637 1676 τοῦς
670 1610 997 1684 ἐργάζεσθαι
1027 1612 1197 1665 δεινὸν
1246 1611 1542 1683 προσῆκεν,
1592 1611 1704 1664 ἀλλ’
1742 1613 1790 1665 εἰ
1828 1612 1921 1664 καὶ
1951 1610 2078 1683 παρ’

514 1696 715 1766 ἐτέρων
741 1695 925 1757 αὐτοῖς
947 1695 1107 1766 ἐπῄει
1129 1694 1390 1759 κίνδυνος,
1412 1695 1506 1748 καὶ
1525 1693 1711 1747 τοῦτον
1739 1693 1876 1764 μετά
1902 1694 2081 1763 πάσης

512 1778 919 1851 ἀποκρούεσθαι
936 1779 1035 1849 τῆς
1070 1778 1324 1849 σπουδῆς.
1353 1778 1449 1841 Τίς
1476 1780 1575 1831 οὐκ
1605 1778 1791 1848 ἔφριξε
1816 1777 1955 1840 τότε,
1986 1777 2082 1830 καὶ

512 1865 610 1935 τῆς
640 1862 846 1926 πόλεως
876 1862 967 1915 τὸν
1016 1861 1240 1927 μανικὸν
1292 1859 1435 1932 ὁρῶν
1464 1860 1659 1934 ἔρωτα,
1694 1860 1787 1915 καὶ
1819 1859 1912 1913 τοῦ
1938 1858 2080 1913 διδα-

514 1942 847 2017 σκάλουτὴν
889 1946 1063 2017 ἄκραν
1091 1944 1439 2013 φιλοσοφίαν,
1487 1944 1581 1997 καὶ
1616 1943 1715 2014 τὴν
1761 1943 2078 2006 ἐπιείκειαν,

512 2034 607 2086 καὶ
662 2031 761 2101 τὴν
816 2030 1099 2100 πραότητα
1136 2028 1645 2099 καταπληττόμενος
1662 2045 1693 2094 ;-
1715 2027 1808 2080 καὶ
1855 2026 1966 2098 γὰρ
2013 2022 2082 2097 ἦν

512 2112 791 2186 παράδοξα
812 2112 883 2164 τὰ
905 2112 1027 2163 τότε
1054 2109 1442 2181 συμϐαίνοντα.
1483 2110 1542 2164 '0
1582 2110 1788 2181 ποιμὴν
1832 2109 2082 2180 ἀπηλαύ-

512 2211 652 2259 νετο,
683 2192 865 2248 καὶτὰ
890 2193 1136 2264 πρόϐατα
1166 2194 1264 2245 οὐκ
1288 2192 1665 2263 ἐσκορπίζετο·
1695 2195 1723 2245 6
1743 2192 2082 2263 κυϐερνήτης

513 2278 848 2345 ἐξεϐάλλετο,
884 2277 976 2330 καὶ
1007 2276 1069 2329 τὸ
1102 2276 1306 2344 σκάφος
1331 2276 1430 2329 ούκ
1456 2275 1802 2341 ἐϐαπτίζετο’
1845 2277 1877 2328 6
1905 2292 2081 2345 γεωρ-

445 2404 463 2431 \
514 2363 609 2427 γδς
642 2358 915 2423 ἐδιώκετο,
965 2359 1059 2411 καὶ
1106 2360 1143 2429 ή
1193 2358 1436 2429 ἄμπελος
1480 2358 1849 2430 ἐκαρποφόρει
1901 2357 2081 2413 πλέον.

529 2440 749 2513 Ἐπειδὴ
776 2442 885 2512 γὰρ
925 2439 1002 2510 τῷ
1032 2439 1310 2511 συνδέσμῳ
1348 2441 1447 2511 τῆς
1481 2440 1700 2511 ἀγάπης
1747 2439 1883 2511 πρὸς
1921 2439 2087 2511 ἀλλή-

517 2525 643 2588 λους
673 2521 772 2595 ἦτε
804 2523 1195 2593 συνδεδεμένοι,
1229 2523 1291 2575 οὐ
1329 2521 1649 2593 πειρασμῶν
1684 2524 1990 2593 ἐπαγωγαὶ,
2021 2526 2084 2579 οῦ

519 2607 777 2663 κινδύνων
824 2606 1239 2670 ἐπαναστάσεις,
1279 2606 1376 2675 οὐχ
1411 2606 1531 2659 ὁδοῦ
1560 2607 1752 2676 μῆκος.
1781 2608 1843 2659 οὐ
1893 2609 2084 2678 χρόνου

520 2691 744 2761 πλῆθος,
774 2690 873 2743 οὐκ
904 2689 1032 2744 ἀλλο
1059 2689 1208 2743 ούδέν
1245 2689 1461 2760 ἴσχυσεν
1497 2690 1641 2758 ὑμᾶς
1672 2690 1957 2761 διαστῆσαι
1988 2690 2088 2761 τῆς

521 2773 819 2836 συνουσίας-
832 2770 928 2825 τοῦ
957 2772 1229 2843 μακαρίου
1269 2772 1525 2842 ποιμένος
1547 2788 1561 2802 ·
1609 2771 1724 2824 ἀλλ’
1771 2771 2088 2837 ἐξεϐάλλετο

522 2858 641 2928 μὲν,
672 2855 812 2908 ῶστε
852 2854 1068 2926 μακράν
1114 2853 1364 2923 γενέσθαι
1392 2853 1499 2908 τῶν
1550 2854 1774 2919 τέκνων,
1807 2856 2087 2911 συνέϐαινε

525 2944 583 2999 δὲ
621 2939 947 2993 τούναντίον.
996 2937 1212 2991 Μᾶλλον
1239 2936 1350 3008 γάρ
1398 2937 1526 3008 ὑμῖν
1556 2938 1948 3008 συνεσφίγγετο
1977 2944 2089 3004 τοῖς

519 3025 620 3095 τῆς
648 3022 865 3093 ἀγάπης
897 3021 1115 3091 δεσμοῖς
1136 3036 1152 3050 ·
1183 3022 1278 3072 καὶ
1304 3020 1484 3073 πᾶσαν
1514 3021 1615 3092 τὴν
1638 3021 1791 3076 πόλιν
1824 3021 1943 3092 μεθ’
1966 3024 2091 3076 ἐαυ-

521 3106 615 3160 τοῦ
656 3104 834 3160 λαϐὼν
877 3106 957 3167 εἰς
999 3104 1288 3175 Ἀρμενίαν
1320 3103 1505 3174 ἀπῄει.
1557 3102 1630 3157 T6
1660 3105 1754 3176 μὲν
1781 3104 1888 3174 γὰρ
1930 3105 2090 3175 σῶμα

521 3191 614 3242 ἐπὶ
649 3189 749 3259 τῆς
795 3186 1050 3258 πατρίδος
1082 3187 1291 3257 ἵδρυτο·
1346 3188 1374 3240 6
1405 3186 1662 3256 λογισμὸς
1704 3186 1761 3241 δὲ
1785 3189 1879 3241 καὶ
1904 3188 1932 3239 6
1966 3187 2090 3253 νοῦς

520 3272 709 3342 ὥσπερ
726 3271 830 3324 ὑπό
846 3287 1003 3323 τινων
1038 3268 1251 3340 πτερῶν
1273 3270 1662 3340 κουφιζόμενος
1681 3272 1779 3341 τῆς
1803 3269 1896 3324 τοῦ
1917 3271 2088 3324 Πνεύ-

525 3371 692 3426 ματος
721 3354 960 3424 χάριτος,
1008 3352 1102 3405 καλ¹
1142 3351 1231 3404 διὰ
1262 3352 1464 3415 παντὸς
1518 3354 1647 3423 ύμῖν
1689 3353 2091 3425 ἐπιχωριάζων,

523 3439 739 3492 ἅπαντα
764 3434 953 3488 τοῦτον
983 3434 1075 3487 τὸν
1116 3433 1284 3504 δῆμον
1312 3435 1370 3486 ἐν
1397 3437 1509 3497 τοῖς
1547 3434 1759 3488 ἐκείνου
1799 3436 2091 3507 περιέφερε

527 3518 875 3587 σπλάγχνοις,
897 3517 927 3569 6
949 3515 1016 3586 δὴ
1037 3515 1132 3569 καὶ
1150 3517 1622 3587 ὑμῖςκέπάσχετε.
1645 3517 1958 3588 Καθήμενοι
1982 3517 2091 3589 γάρ

526 3600 761 3657 ἐνταῦθα
785 3600 879 3651 καὶ
907 3601 976 3669 τῇ
1007 3597 1160 3650 πόλει
1190 3600 1673 3669 περιγραφόμενοι,
1704 3600 1783 3670 τῷ
1820 3599 2092 3671 πνεύματι

524 3684 622 3754 τῆς
672 3681 892 3750 ἀγάπης
938 3682 1023 3744 εἰς
1061 3680 1352 3750 ’Δρμενίαν
1393 3681 1515 3735 καθ’
1543 3683 1778 3753 ἑκάστην
1809 3684 2095 3754 ἱπτάμενοι

523 3768 621 3838 τὴν
649 3765 883 3838 ἡμέραν,
936 3766 1030 3817 καὶ
1076 3763 1175 3835 τὴν
1212 3766 1373 3834 ἁγίαν
1412 3766 1534 3835 ἂψιν
1585 3765 1837 3837 ὁρῶντες,
1870 3768 1965 3821 καὶ
1995 3768 2094 3837 τῆς

524 3851 751 3920 ἡδίστης
785 3848 880 3901 καὶ
905 3847 1185 3919 μακαρίας
1208 3848 1395 3920 φωνῆς
1421 3848 1711 3912 ἀκούοντες
1729 3849 1901 3913 οὓτως
1929 3853 2097 3903 ἐπαν-

523 3933 671 4005 ῄειτε
729 3932 911 3986 πάλιν.
934 3932 1043 3984 Καὶ
1059 3930 1148 3985 διὰ
1173 3930 1375 4003 ταύτην
1399 3930 1775 4003 συνεχώρησεν
1792 3935 1821 3987 6
1843 3933 1975 3997 Θεὸς
1995 3932 2094 4004 τὴν

524 4016 704 4070 αἰτίαν
725 4014 928 4079 εὐθέως
959 4015 1120 4068 αὑτὸν
1145 4014 1477 4087 ἀπελαθῆναι
1504 4017 1602 4086 τῆς
1627 4015 1855 4082 πόλεως,
1887 4016 1973 4069 ἵνα
2002 4017 2094 4070 καὶ

526 4100 702 4170 ὑμῶν,
732 4098 920 4170 ῶσπερ
952 4098 1123 4169 ἔφθην
1164 4097 1353 4164 εἰπὼν,
1375 4099 1437 4151 τὸ
1465 4099 1693 4172 στερρδν
1731 4100 1828 4170 τῆς
1861 4099 2096 4163 πίστεως

526 4184 773 4256 ἐπιδείξῃ
800 4186 913 4245 τοῖς
938 4183 1083 4253 ὑμᾶς
1112 4182 1441 4254 πολεμοῦσιν
1475 4183 1712 4255 ἐχθροῖς,
1744 4183 1999 4236 κάκείνου
2033 4182 2098 4236 τὸ

526 4269 657 4338 περὶ
685 4268 784 4338 τὴν
812 4266 1159 4321 διδασκαλίαν
1198 4266 1480 4337 ἔμπειρον.

595 4395 709 4447 Καὶ
745 4392 903 4464 δῆλον
929 4392 1157 4446 ἐκεῖθεν.
1185 4392 1335 4446 Μετὰ
1368 4391 1479 4465 γὰρ
1510 4392 1607 4463 τὴν
1649 4392 1872 4465 πρώτην
1916 4392 2098 4460 δίωξιν

528 4475 838 4530 ἐπανελθὼν
878 4474 1031 4547 [521}
1056 4474 1176 4544 ούχὶ
1196 4476 1486 4546 τριάκοντα
1510 4476 1722 4547 ήμέρας
1762 4477 1943 4546 μόνον,
1962 4476 2098 4529 ἀλλά

526 4560 623 4613 καὶ
649 4559 843 4629 μῆνας,
863 4558 957 4612 καὶ
982 4557 1247 4619 ἐνιαυτὸν,
1270 4558 1365 4611 καὶ
1380 4557 1495 4622 Eva,
1515 4558 1609 4610 καὶ
1623 4556 1736 4619 δύο,
1769 4558 1864 4611 καὶ⁵
1879 4558 2098 4623 πλείους

527 4640 763 4695 ἐνταῦθα
779 4639 1068 4713 διέτριψεν.
1079 4639 1297 4711 Ἐπειδὴ
1313 4639 1421 4709 γάρ
1439 4640 1627 4710 ἱκανὴν
1644 4638 1879 4693 ἐδώκατε
1895 4641 1993 4711 τῆς
2011 4658 2098 4694 πε-

533 4725 588 4798 ρὶ
602 4724 699 4793 τὴν
716 4724 896 4777 πίστιν
918 4722 1272 4795 στερρότητος
1288 4721 1581 4788 ἀπόδειξιν,
1598 4721 1794 4799 ἔδωκεν
1813 4724 1939 4793 ύμῖν
1960 4723 2099 4794 μετά
2190 4761 2203 4769 κ

530 4805 712 4868 ἀδείας
751 4806 1084 4877 ἐντρυφῆσαι
1112 4805 1191 4876 τῷ
1216 4806 1383 4877 πατρὶ
1426 4805 1605 4860 πάλιν.
1649 4806 1755 4859 Καὶ
1786 4807 1892 4877 γάρ
1921 4802 2112 4879 τρυφή

528 4884 597 4959 ῆν
627 4888 856 4958 μεγίστη
878 4888 940 4942 τὸ
960 4889 1062 4959 τῆς
1074 4889 1234 4957 ἁγίας
1254 4889 1427 4959 ὅψεως
1452 4888 1744 4942 ἀπολαύειν
1767 4891 1996 4961 ἐκείνης.
2018 4892 2095 4945 Οὐ

530 4973 641 5042 γὰρ
661 4971 724 5043 δὴ
748 4971 1012 5025 διδάσκων
1037 4974 1218 5043 μόνον,
1244 4972 1365 5025 οὐδὲ
1393 4972 1790 5043 φθεγγόμενος.
1827 4973 1963 5026 ἀλλὰ
2002 4976 2097 5029 καὶ

522 5054 803 5127 ’ὁρώμενος
832 5055 1033 5120 ἀπλῶς,
1068 5056 1252 5119 ἱκανὸς
1275 5051 1340 5127 ἦν
1374 5054 1592 5110 ἃπασαν
1615 5059 1815 5127 ἀρετῆς
1839 5057 2097 5112 διδασκα-

529 5138 649 5191 λίαν
682 5141 760 5202 εἰς
787 5146 883 5210 την
913 5139 1021 5192 τῶν
1063 5139 1311 5207 ὁρώντων
1359 5139 1538 5210 ψυχὴν
1586 5142 1921 5209 εἰσαγαγεῖν.
1966 5142 2096 5195 Ὅτε

530 5220 662 5290 γοῦν
689 5221 824 5294 πρὸς
874 5224 1016 5292 ὑμᾶς
1063 5222 1370 5293 εἰσήλαυνε,
1407 5224 1500 5275 καὶ
1526 5224 1676 5276 πᾶσα
1704 5224 1737 5293 ή
1768 5223 1920 5287 πόλις
1959 5224 2096 5295 πρὸς

528 5306 628 5372 τὴν
656 5304 772 5358 ὁδὸν
807 5305 1200 5377 μεθωρμίζετο,
1237 5306 1287 5358 οἱ
1326 5306 1426 5376 μὲν
1468 5305 1691 5376 πλησίον
1721 5306 1969 5377 ήρχοντο,
2002 5307 2096 5360 καὶ

530 5386 704 5439 ποδῶν
740 5388 990 5457 ἥπτοντο,
1041 5387 1136 5441 καὶ
1181 5391 1367 5458 χεῖρας
1400 5388 1741 5457 κατεφίλουν,
1784 5392 1879 5440 καὶ
1914 5390 2096 5459 φωνῆς

530 5470 745 5541 ἤκουον’
768 5472 816 5524 οἰ
840 5472 894 5524 δὲ
911 5472 1015 5525 ὑπὸ
1039 5471 1132 5524 τοῦ
1156 5472 1391 5541 πλήθους
1420 5471 1749 5542 κωλυόμενοι
1770 5472 1864 5524 καὶ
1884 5470 2097 5542 πόρρω-

531 5553 621 5607 θεν
660 5555 821 5608 αὑτὸν
864 5557 1096 5626 ὁρῶντες
1139 5556 1332 5626 μόνον,
1368 5554 1557 5627 ῶσπερ
1602 5553 1789 5624 ἱκανὴν
1839 5553 1947 5607 ἀπὸ
1996 5554 2095 5624 τῆς

530 5637 703 5703 ὅψεως
733 5638 1012 5710 δεξάμενοι
1029 5640 1126 5712 τὴν
1148 5638 1418 5706 εὐλογίαν,
1454 5637 1548 5691 καὶ
1574 5638 1727 5690 οὐδὲν
1753 5636 1969 5691 ἔλαττον
1988 5636 2094 5691 τῶν

530 5717 693 5781 ἐγγὺς
722 5724 1025 5783 γενομένων
1060 5720 1371 5787 ἐσχηκότες,
1387 5720 1530 5775 οὕτω
1554 5719 1692 5790 μετά
1721 5720 2085 5790 πληροφορίας

1210 347 1268 405 s.
1306 343 1585 415 ιοιΝΝιε
1616 337 2085 399 ΕΗΒῩΞΟΒΤΟΜ

2202 338 2471 396 RCHIEP.
2513 340 3063 402 CONSTANTINOP.

3656 340 3766 395 518

2183 451 2400 521 ἀπάσης
2431 451 2698 522 ἀπῄεσανο
2729 453 2823 506 καὶ
2852 453 2990 524 ὅπερ
3030 455 3129 509 ἐπὶ
3164 453 3269 506 τῶν
3294 451 3619 508 ἀποστόλων
3651 455 3763 524 ἐτί-

2181 555 2360 605 γνετο,
2394 538 2550 592 τοῦτο
2577 540 2669 592 καὶ
2690 540 2783 594 ἐπί
2809 540 2999 594 τούτου
3030 540 3330 595 συνέϐαινε.
3351 542 3632 613 Καθάπερ
3656 544 3766 616 γὰρ

2184 624 2276 678 ἐπὶ
2319 625 2430 678 τῶν
2463 625 2774 679 ἀποστόλων
2810 627 2925 681 ὅσοι
2965 626 3285 698 προσελθεῖν
3326 629 3420 680 καὶ
3458 631 3637 698 ἐγγὺς
3669 647 3768 698 γε-

2185 714 2371 769 νέσθαι
2398 716 2501 769 ούκ
2534 716 2738 786 ἴσχυον,
2782 717 2881 787 τῆς
2931 718 3090 780 σκιᾶς
3136 716 3318 771 αὐτῶν
3350 719 3768 789 ἐκτεινομένης,

2184 804 2278 857 καὶ
2313 804 2424 856 τῶν
2448 804 2731 875 πόρρωθεν
2755 806 3084 876 ἁπτομένης,
3112 806 3211 876 τὴν
3236 805 3403 876 αὐτὴν
3437 808 3772 860 ἐπεσπιῖιντο

2184 891 2365 960 χάριν,
2394 891 2489 945 καὶ
2520 893 2721 962 ὁμοίως
2749 892 3084 960 ὑγιαίνοντες
3106 890 3372 963 ἀπῄεσαν·
3394 892 3541 946 οῦτω
3571 894 3640 965 δὴ
3672 898 3772 948 καὶ

2184 977 2280 1030 νῦν
2302 978 2416 1031 ὅσοι
2444 977 2759 1046 προσελθεῖν
2798 979 2899 1031 οὐκ
2951 979 3153 1049 ἴσχυον,
3204 979 3394 1050 ῶσπερ
3422 980 3573 1044 τινδς
3604 981 3770 1050 δόξης

2186 1066 2559 1133 πνευματικῆς
2578 1065 2687 1118 ἀπὸ
2700 1065 2800 1128 τῆς
2816 1066 2977 1133 ἁγίας
2994 1065 3206 1136 ἐκείνης
3220 1066 3463 1137 κεφαλῆς
3484 1069 3767 1138 ἐκπεμπο-

2189 1151 2375 1223 μένης,
2392 1154 2487 1206 καὶ
2513 1152 2647 1222 πρὸς
2673 1154 2798 1216 τοὺς
2820 1153 3158 1224 πορρωτάτω
3174 1153 3557 1224 διικνουμένης
3574 1157 3769 1211 αίσθα-

2186 1240 2417 1310 νόμενοι,
2452 1240 2633 1311 πάσης
2671 1252 2700 1280 ι
2729 1240 2978 1309 εὐλογίας
3005 1241 3114 1295 ἀπὸ
3154 1242 3256 1311 τῆς
3302 1242 3539 1314 θεωρίας
3596 1244 3766 1316 μόνης

2186 1329 2292 1400 πλη
2301 1328 2393 1399 ρού
2402 1345 2548 1399 μενοι
2591 1329 2791 1392 πάντες
2822 1330 3087 1401 ἀπῄεσαν.

2256 1418 2325 1486 γ’.
2363 1418 2513 1472 Ἐπεὶ
2539 1419 2596 1473 δὲ
2625 1417 2769 1483 ἔδοξε
2794 1417 2872 1489 τῷ
2897 1418 3058 1489 κοινῷ
3085 1420 3194 1474 τῶν
3228 1423 3365 1477 ὅλων
3387 1423 3507 1494 Θεῷ
3536 1424 3766 1478 καλέσαι

2184 1506 2368 1559 λοιπδν
2392 1508 2555 1561 αὑτὸν
2576 1509 2638 1560 ἐκ
2662 1508 2763 1578 τῆς
2796 1508 3074 1579 παρούσης
3097 1510 3263 1578 ζωῆς,
3301 1513 3395 1565 καὶ
3432 1514 3515 1575 είς
3539 1513 3635 1565 τὸν
3657 1514 3766 1567 τῶν

2186 1595 2430 1663 ἀγγέλων
2456 1597 2752 1661 κατατάξαι
2777 1598 2955 1668 χορόν·
2980 1600 3101 1653 οὐδὲ
3131 1600 3291 1654 τοῦτο
3312 1601 3499 1665 άπλῶς
3527 1602 3769 1668 ἐγίνετο,

2185 1682 2323 1736 ἀλλά
2352 1682 2506 1737 καλεῖ
2532 1684 2630 1753 μέν
2654 1684 2814 1737 αὐτὸν
2846 1685 3107 1755 βασιλέως
3145 1688 3474 1757 γράμματα,
3507 1687 3608 1741 τοῦ
3632 1688 3765 1741 Θεοῦ

2184 1769 2277 1822 τδν
2317 1769 2541 1841 βασιλέα
2571 1772 2912 1843 κινήσαντος*
2954 1767 3116 1827 ’καλεῖ
3150 1772 3205 1825 δὲ
3244 1774 3405 1826 αὐτὸν
3447 1775 3552 1827 οῦκ
3601 1776 3767 1844 ἐγγύς

2187 1880 2291 1919 που
2317 1863 2438 1917 οὐδὲ
2465 1863 2709 1934 πλησίον,
2743 1864 2952 1928 ἀλλἐἰς
2979 1865 3076 1935 τὴν
3106 1866 3324 1938 Θρᾴκην
3346 1868 3543 1939 αὐτὴν,
3564 1869 3657 1922 ῖνα
3676 1869 3769 1922 καὶ

2188 1954 2447 2017 Γαλάται,
2477 1955 2571 2009 καὶ
2608 1955 2841 2018 Βιθυνοὶ,
2871 1958 2965 2010 καὶ
2994 1957 3235 2021 Κίλικες,
3251 1957 3346 2011 καὶ
3372 1960 3772 2022 Καππαδόκαι,

2189 2051 2284 2103 καὶ
2312 2050 2364 2102 οἰ
2389 2048 2488 2120 τὴν
2524 2048 2746 2119 Θρᾴκην
2770 2049 2798 2089 ιι
2827 2047 3242 2117 προσοικοῦντες
3275 2049 3511 2112 ἅπαντες
3539 2048 3617 2101 τὰ
3644 2051 3773 2117 ἡμέ-

2150 2186 2163 2191 -
2189 2158 2326 2213 τερα
2354 2139 2598 2210 μάθωσιν
2621 2139 2819 2209 ἀγαθά·
2861 2140 2948 2194 ῐνα
2985 2141 3034 2193 οί
3083 2139 3359 2210 πανταχοῦ
3385 2142 3485 2212 τῆς
3517 2141 3627 2211 γῆς
3651 2143 3773 2196 ἐπί-

2193 2250 2383 2287 σκοποι
2405 2233 2594 2303 ῶσπερ
2614 2234 2698 2297 εἰς
2733 2232 3038 2304 ἀρχέτυπον
3083 2234 3266 2286 εἰκόνα
3300 2234 3400 2304 τὴν
3451 2235 3777 2305 ἁγιωσύνην

2194 2325 2390 2389 ίδόντες
2418 2323 2516 2396 τὴν
2541 2324 2770 2388 ἐκείνου,
2803 2326 2897 2379 καὶ
2922 2325 3269 2397 παράδειγμα
3299 2327 3468 2396 σαφὲς
3499 2327 3607 2396 τῆς
3630 2329 3773 2381 κατά

2188 2414 2287 2486 τὴν
2326 2415 2500 2501 ἀρχὴν
2536 2415 2741 2486 ταύτην
2789 2416 3062 2481 διακονίας
3119 2414 3178 2482 ἐξ
3222 2417 3431 2471 ἐκείνου
3486 2418 3772 2483 λαϐόντες,

2190 2507 2556 2585 κανόναμτινά,
2597 2509 2716 2585 καθ’
2748 2511 2808 2565 ὃν
2855 2509 2937 2585 δεῖ
2969 2511 3069 2585 τᾲς
3108 2509 3433 2585 Ἐκκλησίας
3459 2513 3780 2585 οἰκονομεῖν.

2190 2582 2286 2634 κα)⁸
2313 2580 2602 2652 κυϐερνᾷν,
2639 2581 2832 2652 ἔχωσιν
2858 2581 3073 2653 ἀσφαλῆ
3106 2582 3202 2636 καὶ
3249 2584 3588 2651 σαφέστατον
3613 2623 3630 2638 .
3651 2580 3772 2641 ’Καὶ

2190 2671 2297 2741 γὰρ
2319 2671 2407 2733 διὰ
2436 2672 2498 2726 τὸ
2536 2673 2633 2743 τῆς
2663 2674 2873 2736 πόλεως
2901 2673 3129 2744 μέγεθος
3159 2677 3255 2730 καὶ
3289 2674 3377 2729 διὰ
3402 2676 3505 2748 τὴν
3538 2678 3638 2732 τοῦ
3675 2678 3771 2748 βαι

2194 2762 2381 2825 σιλέως
2403 2763 2726 2834 προσεδρίαν
2749 2763 2933 2825 πολλοὶ
2972 2765 3299 2836 πολλαχόθεν
3323 2767 3423 2837 τῆς
3440 2769 3774 2840 οίκουμένης

2194 2853 2313 2908 ἐκεῖ
2335 2854 2619 2926 συνέρρεον
2640 2853 2783 2908 τότε·
2813 2857 2861 2909 οἰ
2892 2855 2948 2909 δὲ
2969 2855 3077 2909 τῶν
3122 2856 3456 2927 Ἐκκλησιῶν
3476 2860 3773 2915 ἐπίσκοποι

2193 2944 2284 2999 διά
2304 2943 2364 2997 τὸ
2384 2945 2481 3009 τὰς
2503 2946 2825 3017 Ἑκκλησίας
2855 2948 2920 3000 ἐκ
2946 2948 3161 3020 μακροῦ
3185 2948 3421 3021 πολέμου
3441 2952 3537 3005 καὶ
3568 2953 3774 3024 χειμῶ-

2195 3054 2281 3101 νος
2315 3037 2707 3109 ἀνενεγκούσας
2735 3038 2908 3110 ἀρχὴν
2938 3041 3164 3112 εἰρήνης
3200 3041 3296 3094 καὶ
3337 3041 3581 3112 γαλήνης
3629 3042 3767 3113 λαμ-

2195 3137 2400 3199 ϐάνειν,
2429 3135 2725 3206 βασιλικοῖς
2750 3136 2869 3188 ἐκεῖ
2888 3134 3206 3207 γράμμασιν
3234 3135 3527 3190 ἐκαλοῦντο
3544 3139 3773 3202 πάντες.

2193 3228 2329 3282 Τότε
2353 3228 2530 3281 τοίνυν
2549 3226 2644 3280 καὶ
2661 3218 2815 3288 οὗτος
2830 3227 2948 3279 ἐκεῖ
2977 3226 3359 3296 παραγίνεται.
3379 3228 3490 3280 Καὶ
3514 3227 3772 3301 καθάπερ

2194 3319 2288 3373 ἐπὶ
2323 3318 2430 3374 τῶν
2458 3318 2625 3391 τριῶν
2662 3317 2886 3379 παίδων,
2927 3317 3089 3389 ἡνίκα
3112 3318 3578 3390 ἀνακηρύττεσθαι
3606 3320 3771 3390 ἔμελ-

2195 3411 2307 3475 λον,
2361 3410 2455 3464 καὶ
2506 3408 2925 3479 στεφανοῦσθαι,
2962 3409 3252 3474 σϐέσαντες
3293 3411 3393 3482 τὴν
3445 3409 3542 3464 τοῦ
3597 3412 3774 3484 πυρὸς

2196 3502 2445 3573 δύναμιν,
2478 3502 2966 3572 καταπατήσαντες
3012 3500 3107 3555 τοῦ
3140 3503 3403 3573 τυράννου
3434 3505 3526 3556 τὸν
3565 3501 3773 3571 τῦφον,

2198 3591 2344 3645 ἅπαν
2374 3590 2626 3655 ἀσεϐείας
2659 3587 2798 3655 εἶδος
2853 3590 3191 3660 ἐλέγξαντες,
3233 3593 3299 3644 ἐκ
3321 3592 3421 3661 τῆς
3446 3593 3775 3665 οἰκουμένης

2197 3683 2380 3746 αὐτοῖς
2411 3681 2473 3734 τὸ
2510 3680 2736 3752 θέατρον
2762 3681 2995 3752 ἐκάθητο
3023 3682 3203 3752 πάσης
3236 3682 3308 3749 (οί
3334 3681 3445 3753 γάρ
3491 3683 3773 3754 πανταχοῦ

2199 3774 2302 3845 γῆς
2332 3773 2628 3844 σατράπαι,
2667 3773 2762 3828 καὶ
2807 3771 3023 3838 ὕπατοι,
3054 3773 3150 3828 καὶ
3177 3773 3448 3845 τοπάρχαι
3481 3774 3778 3829 ἐκαλοῦντο

2203 3863 2301 3934 μὲν
2327 3863 2393 3916 δι’
2421 3862 2612 3933 ἑτέραν
2644 3861 2842 3926 αἰτίαν,
2876 3862 3153 3932 ἐγίγνοντο
3181 3863 3238 3917 δὲ
3264 3863 3452 3917 θεαταὶ
3483 3863 3637 3937 [522]
3667 3866 3775 3920 τῶν

2202 3954 2449 4026 ἀθλητῶν
2475 3953 2744 4025 ἐκείνων)·
2760 3954 2904 4007 οὕτω
2921 3953 2984 4025 δὴ
3013 3955 3108 4007 καὶ
3125 3954 3247 4007 τότε
3277 3954 3611 4019 συνέϐαινεν,
3628 3955 3770 4009 ὥστε

2213 4046 2453 4115 γενέσθαι
2483 4046 2733 4118 λαμπρὸν
2762 4044 2840 4116 τῷ
2874 4047 3127 4119 μακαρίῳ
3154 4047 3216 4101 τὸ
3247 4047 3492 4119 θέατρον·
3517 4051 3609 4103 ἐπ’
3638 4050 3775 4122 ἄλλῃ

2204 4139 2490 4210 κληθέντες
2516 4140 2665 4212 αἰτίᾳ
2700 4151 2723 4180 ο
2744 4142 2792 4193 οί
2815 4138 2913 4203 τάς
2942 4140 3216 4211 πανταχοῦ
3245 4140 3350 4211 γῆς
3365 4141 3776 4212 οἰκονομοῦντες

2215 4233 2542 4304 Ἐκκλησίας
2577 4234 2864 4287 ἐπίσκοποι
2899 4234 3291 4305 παρεγένοντο,
3336 4236 3431 4288 καὶ
3483 4235 3572 4288 τὸν
3620 4235 3775 4303 ἆγιον

2204 4322 2471 4394 ἐθεώρουν
2546 4325 2773 4377 ἐκεῖνον.
2839 4324 2951 4374 Kal
3020 4322 3209 4394 ἐπειδὴ
3283 4323 3609 4383 ἐθεάσαντο.
3681 4325 3775 4377 καὶ

2204 4414 2508 4487 κατέμαθον
2534 4413 2701 4468 αὐτοῦ
2730 4414 2973 4486 ἀκριϐῶς
2997 4415 3097 4485 τὴν
3121 4415 3425 4476 εὐλάϐειαν,
3440 4416 3539 4487 τὴν
3562 4416 3774 4484 σοφίαν,

2202 4505 2295 4558 τὸν
2323 4504 2482 4574 ζῆλον
2504 4505 2602 4575 τῆς
2625 4504 2877 4567 πίστεως,
2899 4506 3080 4558 πᾶσαν
3107 4504 3523 4576 ἀπηρτισμένην
3548 4506 3607 4557 ἐν
3628 4504 3778 4576 αὐτῷ

2203 4600 2303 4668 τὴν
2338 4600 2476 4671 ἱερεῖ
2502 4599 2818 4669 πρέπουσαν
2836 4597 3057 4670 ἀρετὴν,
3082 4598 3205 4652 τότε
3233 4598 3395 4651 αὑτὸν
3429 4598 3565 4671 πρὸς
3586 4598 3778 4653 ἑαυτὸν

2204 4689 2459 4744 ἐκάλεσεν
2483 4691 2513 4742 6
2541 4688 2692 4752 Θεός.

2288 4782 2526 4850 Ἐγίνετο
2554 4780 2612 4833 δὲ
2640 4779 2799 4834 τοῦτο
2842 4782 2936 4835 καὶ
2984 4780 3075 4835 διὰ
3108 4779 3276 4849 φειδῶ
3313 4781 3413 4852 τῆς
3446 4781 3655 4845 πόλεως
3680 4782 3777 4852 τῆς

2204 4875 2497 4946 ἡμετέρας.
2519 4874 2583 4929 El
2605 4873 2715 4947 γὰρ
2744 4874 2978 4930 ἐνταῦθα
2998 4874 3096 4944 τὴν
3122 4874 3298 4945 ψυχὴν
3324 4874 3559 4955 ἀφῆκεν.
3575 4875 3778 4947 ἀφόρη-

2204 4985 2295 5032 τος
2324 4968 2548 5038 ἔμελλεν
2573 4971 2602 5022 ὁ
2631 4970 2731 5040 τῆς
2754 4970 3043 5040 συμφορᾶς
3079 4969 3243 5037 δγκος
3272 4967 3513 5023 ἔσεσθαι.
3546 4969 3645 5032 Τίς
3672 4969 3779 5039 γάρ

2203 5060 2270 5115 ἂν
2300 5061 2558 5132 ἠνέσχετο
2582 5061 2674 5113 τὸν
2714 5061 2982 5131 μακάριον
3011 5060 3219 5112 ἐκεῖνον
3250 5058 3376 5112 ἰδεῖν
3413 5059 3514 5122 τὰς
3546 5059 3777 5130 ἐσχάτας

2204 5155 2541 5209 ἀναπνέοντα
2598 5153 2906 5219 ἀναπνοάς;
2957 5153 3043 5217 τίς
3097 5153 3163 5207 ἂν
3216 5153 3478 5223 ἠνέσχετο
3536 5152 3666 5207 ἰδεῖν
3711 5154 3775 5204 τὰ

2207 5246 2451 5318 βλέφαρα
2479 5249 2665 5300 ἐκεῖνα
2702 5245 2815 5300 τῶν
2859 5244 3152 5316 ὀφθαλμῶν
3201 5243 3645 5316 καθαιρούμενα,
3685 5245 3774 5297 καὶ

2205 5338 2379 5393 στόμα
2413 5337 2830 5409 συγκλειόμενον
2885 5336 3090 5406 ἔσχατα
3142 5336 3367 5407 ῥήματα
3404 5336 3770 5404 ἐπισκῆπτον;

2266 5475 2291 5537 ξ’
2317 5474 2416 5537 Alii
2439 5473 2785 5537 αἰσθανόμενοι,
2807 5473 2936 5523 οὕτω
2958 5472 3041 5521 καὶ
3059 5471 3195 5521 αὐτοὶ
3214 5471 3387 5528 πάσης.

2261 5534 2292 5573 ιι
2314 5534 2454 5601 guns
2485 5536 2591 5584 cod.
2613 5534 2878 5601 τῇᾉθρᾴκῃ.

2267 5605 2289 5632 c
2314 5597 2427 5645 Haec
2464 5585 2965 5647 notant'dué‘coad.=
3012 5598 3093 5652 τις
3116 5595 3217 5652 au.
3241 5593 3359 5652 ἄλλη
3383 5591 3538 5650 αιτιας
3576 5589 3605 5644 ἢ
3639 5585 3779 5642 δῆλον

2202 5665 2274 5713 ὅτι
2317 5659 2398 5708 τὸν
2437 5660 2689 5723 Γρηγόριον
2732 5658 3072 5717 συνεληλύθασι
3111 5661 3442 5722 χειροτονῆσαι
3481 5657 3527 5704 οἱ
3570 5657 3647 5718 ον’
3674 5656 3771 5704 ἐκί-

2207 5740 2395 5773 σκοτίοι.
