3884 6294
193 395 304 450 517

256 509 321 564 3.
364 502 601 562 Heluius
626 503 746 557 urbe
771 502 944 574 pulsus
981 499 1098 570 tegit
1127 506 1278 567 caput
1295 497 1543 568 prmidis,
1577 512 1638 548 ne
1659 496 1790 562 lupi-

191 601 344 655 dibus
368 598 631 652 obruatur.
651 592 926 662 -—Oper:c
953 591 1181 661 pretium
1209 597 1290 642 est
1318 598 1491 641 autem
1521 601 1625 639 non
1658 582 1787 636 illud

136 671 141 682 ’
191 688 628 759 praetermittere,
669 683 809 755 quod
857 681 1048 736 accidit
1092 681 1145 734 in
1193 679 1308 748 ejus
1357 675 1784 746 persequutione.

189 780 328 836 Nam
377 793 498 834 cum
539 791 742 846 prmscs
781 773 1010 828 civitatis
1055 786 1216 826 curru
1260 777 1442 831 .vectus
1485 767 1654 822 exiret
1693 779 1791 833 per

191 869 432 924 medium
461 867 657 930 forum,
690 864 911 920 sedente
939 861 1004 917 ad
1032 862 1171 916 latus
1206 869 1394 916 sancto
1421 857 1558 923 viro,
1587 856 1788 926 lapides

193 959 323 1012 nive
349 957 652 1011 crebriores
673 954 904 1024 undique
933 952 984 1006 in
1013 960 1169 1020 caput
1188 947 1431 1018 praesidis
1456 946 1782 1010 ferebamur,

190 1049 413 1102 civitate
454 1041 596 1100 illam
632 1052 748 1100 "non
788 1044 990 1100 ferente
1028 1041 1444 1111 separationem,
1485 1039 1579 1094 sed
1615 1037 1787 1106 potius

191 1142 303 1192 vita
353 1137 602 1208 praesenti
649 1135 847 1206 privari
888 1133 1120 1198 volente,
1148 1147 1306 1202 quam
1335 1130 1518 1184 videre
1537 1137 1786 1182 sanctum

193 1229 350 1282 illum
386 1229 559 1281 avelli.
583 1227 717 1291 Quid
740 1240 868 1296 ergo
891 1233 1014 1278 tunc
1037 1223 1161 1278 fecit
1189 1222 1277 1276 ille
1303 1220 1526 1276 beatus?
1555 1220 1684 1274 Cum
1711 1219 1790 1273 vi-

192 1319 370 1373 disset
414 1315 588 1387 jactus
633 1317 886 1385 lapidum,
927 1314 1220 1390 complexis
1257 1313 1368 1368 suis
1395 1311 1631 1368 vestibus
1656 1324 1787 1364 con-

195 1412 330 1464 texit
354 1420 513 1478 caput
543 1409 820 1478 praesidis:
854 1407 1010 1463 simul
1058 1415 1112 1460 et
1155 1407 1397 1460 inimicos
1441 1404 1642 1475 pudore
1669 1403 1785 1457 affi-

192 1503 348 1556 ciens
393 1502 464 1555 ob
502 1501 760 1568 insignem
809 1497 1290 1560 mansuetudinem,
1335 1505 1390 1552 et
1431 1510 1556 1551 suos
1590 1495 1788 1549 docens

193 1593 512 1662 discipulos,
533 1600 781 1660 quantam
810 1589 1092 1644 ostendere
1117 1596 1360 1658 oporteat
1390 1585 1694 1656 patientiam
1733 1585 1783 1638 in

196 1699 319 1748 eos,
358 1684 449 1753 qui
496 1683 686 1752 injuria
729 1682 996 1745 afﬁciunt;
1043 1689 1097 1736 et
1134 1679 1273 1750 quod
1304 1694 1410 1733 non
1453 1678 1623 1732 solum
1655 1677 1785 1730 nihil

197 1784 445 1844 oporteat
483 1773 565 1828 eis
609 1773 731 1826 mali
761 1773 956 1838 facere,
985 1770 1078 1826 sed
1106 1769 1310 1825 etiamsi
1337 1770 1405 1823 ab
1430 1769 1546 1822 aliis
1581 1767 1658 1822 eis
1684 1768 1785 1821 im-

198 1867 407 1920 mineat
431 1865 743 1935 periculum,
777 1863 825 1918 id
853 1878 1065 1933 quoque
1089 1863 1232 1917 omni
1255 1861 1430 1916 studio
1457 1859 1784 1929 propulsare.

198 1956 332 2024 Quis
361 1965 490 2009 tunc
514 1971 619 2008 non
668 1954 764 2008 fuit
809 1953 1221 2023 obstupefactus,
1247 1951 1434 2006 videns
1455 1959 1510 2005 et
1541 1951 1785 2003 insanum

197 2062 442 2101 amorem
484 2047 730 2109 civitatis,
769 2054 824 2099 et
867 2059 1131 2100 summam
1176 2042 1562 2113 philosophiam
1599 2042 1786 2096 lenita-

201 2147 421 2206 temque
463 2145 520 2191 et
565 2135 1023 2190 mansuetudinem
1049 2135 1320 2189 doctoris?
1348 2134 1667 2206 erantenim
1693 2133 1788 2186 ad-

200 2229 467 2284 mirabilia
496 2244 582 2294 ea,
609 2244 726 2296 qua:
751 2237 869 2282 tunc
895 2226 1220 2283 acciderunt.
1248 2227 1438 2280 Pastor
1455 2225 1782 2295 abigebatur,

199 2330 254 2373 et
279 2334 416 2373 oves
440 2333 545 2371 non
575 2318 1034 2388 dispergebantur;
1057 2317 1378 2386 gubernator
1401 2315 1782 2385 expellebatur,

199 2421 253 2464 et
296 2408 498 2477 scapha
545 2423 649 2461 non
691 2407 1059 2479 mergebatur;
1109 2407 1340 2476 agricola
1385 2404 1681 2475 fugabatur,
1733 2413 1787 2459 et

206 2483 472 2567 vitis.plus
513 2495 710 2552 fructus
739 2496 964 2552 ferebat.
998 2497 1260 2564 Quoniam
1284 2496 1424 2558 enim
1457 2496 1666 2550 vinculo
1694 2511 1786 2549 ca-

197 2593 374 2646 ritatis
417 2591 582 2646 eratis
625 2592 763 2644 inter
790 2605 885 2644 vos
930 2589 1155 2643 invicem
1181 2587 1434 2657 colligati,
1490 2601 1594 2640 non
1627 2586 1787 2640 illatae

201 2682 545 2744 tentatioues,
578 2695 684 2733 non
722 2679 1083 2748 impendentia
1121 2678 1375 2748 pericula,
1403 2692 1508 2731 non
1540 2676 1639 2730 vite
1666 2676 1787 2730 lon-

198 2775 409 2842 gitudo,
441 2788 548 2826 non
595 2771 917 2826 diuturnitas
962 2771 1238 2840 temporis,
1285 2785 1460 2840 neque
1499 2767 1786 2839 quidquam

199 2865 344 2920 aliud
373 2879 472 2920 vos
519 2863 688 2932 potuit
729 2863 1103 2933 disjungerea-
1128 2862 1267 2917 beati
1311 2862 1542 2933 pastoris
1587 2860 1787 2918 Meletii

198 2955 609 3016 consuetudine,
636 2953 729 3008 sed
755 2955 1124 3023 expellebatur
1151 2953 1385 3024 quidem,
1419 2963 1474 3007 ut
1499 2961 1643 3008 esset
1663 2967 1790 3024 pro-

198 3049 280 3103 cul
308 3064 340 3102 a
399 3047 572 3102 filiis:
623 3049 948 3100 contrarium
995 3055 1170 3102 autem
1213 3046 1424 3102 accidit.
1450 3045 1614 3115 Magis
1642 3045 1785 3102 enim

198 3139 349 3193 vobis
389 3137 852 3207 constringebatur
900 3137 1126 3191 vinculis
1171 3137 1429 3202 caritatis,
1473 3145 1528 3190 et
1569 3143 1787 3205 accepta

198 3243 380 3282 secum
428 3231 675 3282 universa
715 3229 924 3283 civitate
967 3229 1019 3282 in
1049 3228 1354 3283 Armeniam
1386 3226 1655 3297 profectus
1678 3235 1780 3282 est.

198 3319 261 3374 Et
285 3328 405 3374 erat
442 3320 660 3389 quidem
703 3334 897 3390 corpus
926 3320 1156 3389 positum
1183 3320 1234 3373 in
1265 3321 1452 3388 patria,
1484 3335 1636 3373 mens
1657 3333 1786 3373 vero

197 3420 250 3465 et
276 3410 554 3480 cogitatio,
604 3409 768 3463 veluti
815 3425 845 3464 a
895 3409 1210 3480 quibusdam
1258 3409 1467 3478 pennis,
1520 3409 1572 3463 in
1619 3408 1785 3462 altum

199 3502 333 3553 elata
375 3515 407 3553 a
454 3499 624 3569 gratia
664 3499 913 3569 Spiritus,
941 3507 995 3554 et
1015 3499 1153 3569 apud
1181 3515 1278 3553 vos
1302 3507 1562 3570 perpetuo
1586 3497 1786 3570 degens

200 3591 514 3644 universum
565 3591 707 3644 hunc
730 3592 980 3660 populum
1027 3591 1434 3646 circumferebat
1474 3591 1527 3644 in
1559 3590 1782 3644 visceri-

199 3680 314 3733 bus.
359 3681 515 3748 Quod
565 3681 734 3750 ipsum
780 3697 990 3751 quoque
1031 3681 1180 3736 vobis
1223 3697 1319 3736 usu
1362 3681 1624 3736 veniebat.
1649 3680 1781 3735 Nam

198 3787 315 3825 cum
348 3771 438 3826 hic
478 3773 760 3838 sederetis,
811 3783 864 3827 et
893 3773 1023 3828 urbe
1050 3773 1638 3837 circumscriberemini,
1670 3773 1780 3842 spi-

199 3863 299 3915 ritu
325 3863 566 3916 caritatis
593 3863 643 3916 in
676 3863 980 3917 Armeniam
1001 3863 1236 3933 quotidie
1265 3865 1555 3934 evolantes,
1583 3875 1636 3921 et
1661 3881 1783 3920 san-

199 3963 339 4006 ctum
364 3954 572 4006 vultum
597 3955 885 4019 intuentes,
913 3965 966 4010 et
991 3955 1428 4024 jucundissimam
1466 3957 1783 4028 beatamque

199 4057 386 4098 vocem
411 4044 710 4111 audientes,
739 4045 815 4099 sic
833 4047 1272 4128 ’evertebamiui.
1298 4047 1368 4101 Et
1395 4059 1612 4117 propter
1645 4051 1780 4105 hane

198 4149 415 4189 causam
445 4136 708 4189 concessit
739 4137 874 4190 Deus
900 4152 1020 4190 eum
1047 4139 1224 4191 statim
1258 4139 1450 4207 expelli
1489 4154 1520 4193 e
1543 4140 1776 4209 civitate,

201 4242 344 4294 quo,
397 4225 534 4281 sicut
577 4227 718 4295 dixi,
761 4229 1064 4283 ostenderet
1103 4229 1241 4283 Deus
1271 4241 1500 4285 vestram
1529 4231 1648 4287 fidei
1686 4234 1778 4288 fir-

199 4319 438 4373 mitatem
470 4319 698 4374 inimicis
721 4361 735 4385 ,
775 4321 864 4390 qui
889 4335 984 4376 vos
1025 4333 1080 4376 et
1113 4321 1251 4376 illius
1276 4322 1328 4377 in
1353 4322 1593 4380 docendo
1639 4327 1780 4396 peri-

201 4410 321 4464 tiam
350 4415 748 4481 oppugnabant.

267 4501 462 4556 Meletii
482 4505 672 4558 reditus
709 4505 771 4558 ab
801 4505 995 4560 exsilio.
1013 4506 1230 4561 —Illud
1256 4515 1432 4562 autem
1457 4507 1580 4562 hinc
1605 4509 1775 4578 palam

199 4601 296 4646 est.
329 4592 462 4646 Nam
491 4604 611 4662 post
642 4595 863 4663 primam
897 4612 1138 4651 reversus
1163 4600 1646 4668 persequutionem,
1671 4615 1774 4654 non

200 4683 408 4752 triginta
425 4685 596 4738 solum
619 4685 750 4750 dies,
776 4686 870 4741 sed
891 4687 1048 4742 etiam
1080 4703 1308 4754 menses,
1331 4699 1382 4744 et
1399 4705 1593 4744 annum
1612 4706 1774 4744 unum

197 4783 248 4827 et
275 4773 408 4828 duos
438 4785 492 4828 et
538 4776 717 4844 plures
761 4777 849 4831 hic
891 4786 972 4831 est
1013 4778 1431 4833 versatus.Cum
1461 4780 1602 4834 enim
1647 4781 1776 4836 satis

197 4879 442 4934 magnum
490 4865 771 4922 dedissetis
801 4878 1167 4938 argumentum
1192 4881 1386 4925 vestrae
1431 4871 1572 4926 circa
1615 4872 1772 4927 fidem

198 4953 461 5008 firmitatis
485 4997 498 5020 ,
529 4956 675 5010 dedit
707 4958 859 5012 vobis
887 4967 1200 5026 potestatem
1221 4961 1456 5030 jucunde
1493 4972 1547 5017 et
1585 4978 1774 5019 secure

196 5042 401 5099 fruendi
436 5055 602 5114 patre.
637 5048 760 5100 Erat
793 5049 933 5102 enim
969 5051 1205 5104 maxima
1229 5051 1498 5120 voluptas,
1528 5053 1618 5108 illo
1648 5069 1774 5107 san-

194 5144 275 5188 cto
299 5134 405 5188 frui
433 5138 598 5190 vultu.
631 5137 747 5192 Non
794 5139 935 5193 enim
964 5141 1132 5193 solum
1173 5141 1372 5196 docens
1399 5143 1482 5196 vel
1518 5143 1770 5212 loquens,

193 5226 279 5279 sed
301 5227 465 5280 etiam
489 5230 530 5281 si
574 5238 773 5283 tantum
807 5231 1076 5286 videretur
1097 5274 1112 5297 ,
1143 5233 1270 5287 Satis
1292 5243 1408 5287 erat
1433 5233 1498 5287 ad
1529 5234 1770 5288 introdu-

191 5317 413 5370 cendam
459 5332 672 5374 omnem
716 5322 930 5374 virtutis
974 5321 1269 5377 doctrinam
1323 5325 1375 5378 in
1423 5341 1638 5390 eorum,
1683 5327 1771 5396 qui

193 5407 441 5462 videbant
465 5450 478 5473 ,
505 5410 756 5464 animam.
799 5413 1024 5481 Quando
1050 5416 1190 5468 enim
1217 5416 1282 5470 ad
1310 5432 1404 5472 vos
1445 5419 1688 5472 veniebat
1718 5427 1771 5472 et

195 5499 434 5554 universa
475 5503 660 5556 civitas
690 5505 736 5557 ei
786 5505 995 5559 obviam
1026 5517 1394 5576 processerat,
1441 5509 1527 5562 alii
1554 5509 1766 5578 quidem

192 5607 350 5665 prope
370 5593 726 5660 accedebant,
767 5605 820 5650 et
859 5598 1022 5666 pedes
1054 5597 1441 5667 prehensabant
1464 5641 1476 5664 ,
1510 5609 1564 5654 et
1585 5616 1770 5656 manus

192 5687 597 5750 osculabantur,
629 5698 681 5742 et
705 5703 888 5742 vocem
924 5689 1237 5754 audiebant;
1269 5691 1356 5744 alii
1386 5700 1562 5745 autem
1588 5691 1771 5761 prohi-

194 5776 286 5833 biti
322 5776 690 5846 multitudine,
746 5779 914 5848 ipsum
958 5783 1142 5851 procul
1183 5783 1459 5848 videntes,
1498 5791 1764 5855 tamquam

1333 383 1419 438 DE
1454 381 1512 437 S.
1554 376 1855 434 MELETIO
1895 377 2346 436 ANTIOCHENO.

3362 377 3466 435 518

1891 497 1978 562 qui
2020 493 2368 549 sufficientem
2418 494 2841 550 benedictionem
2865 509 2930 550 ex
2971 504 3187 564 aspectu
3229 503 3464 565 accepts-

1890 594 2038 649 seut,
2072 595 2124 640 et
2151 601 2254 639 non
2277 587 2452 641 minus
2476 585 2810 647 habuissent,
2834 603 2989 656 quatn
3020 589 3106 656 qui
3148 603 3311 657 prope
3338 588 3463 642 fuis-

1890 685 2038 738 sent,
2062 677 2296 732 contenti
2323 675 2679 732 recedebant:
2704 687 2756 731 et
2777 678 2916 746 quod
2940 677 3095 732 fiebat
3115 679 3166 732 in
3191 679 3466 748 apostolis,

1892 766 1994 821 hoc
2022 768 2072 820 in
2094 784 2158 822 eo
2173 783 2383 838 quoque
2402 769 2757 836 Contingebat.
2781 769 2928 823 Sicut
2950 770 3090 825 enim
3115 772 3164 824 in
3191 771 3466 840 apostolis,

1891 859 1978 926 qu‘l
2013 859 2257 930 progredi
2292 869 2347 914 et
2384 860 2600 930 propius
2643 861 2897 916 accedere
2929 875 3032 916 non
3077 871 3357 931 poterant,
3386 864 3466 920 vel

1890 965 2010 1003 cum
2039 951 2223 1006 umbra
2253 967 2436 1007 eorum
2460 953 2838 1008 extenderetur
2875 962 2930 1008 et
2979 963 3217 1022 tangeret
3263 969 3357 1008 eos
3383 955 3468 1023 qui

1890 1041 2076 1110 procul
2103 1052 2284 1108 erant,
2327 1044 2568 1097 eamdem
2607 1043 2947 1097 attrahebant
2989 1045 3237 1113 gratiam.
3281 1056 3333 1098 et
3356 1045 3470 1099 sani

1892 1133 2135 1187 similiter
2183 1134 2504 1188 recedebant
2527 1135 2544 1204 (
2566 1135 2676 1187 Act.
2697 1135 2761 1189 ‘5.
2792 1135 2892 1204 15)
2919 1153 2933 1189 :
2958 1135 3027 1188 ita
3055 1149 3197 1188 nunc
3222 1151 3433 1204 quoque
3454 1178 3468 1200 ,

1891 1225 1979 1293 qui
2026 1241 2128 1278 non
2160 1234 2407 1294 poterant
2447 1226 2740 1292 accedere,
2764 1235 3032 1295 tamquam
3058 1228 3286 1296 aliquam
3318 1229 3470 1298 spiri-

1891 1316 2085 1368 tualem
2131 1315 2401 1383 gloriama
2449 1325 2633 1372 sancto
2664 1316 2756 1369 illo
2798 1317 2970 1385 capite
3013 1318 3296 1383 emissam,
3323 1328 3376 1372 et
3405 1317 3470 1371 ad

1891 1419 2014 1470 eos,
2047 1406 2133 1476 qui
2157 1407 2462 1474 longissime
2482 1408 2734 1473 aberant,
2760 1407 3135 1475 pervadentem
3157 1410 3468 1472 sentientes,

1891 1495 2050 1548 etiam
2079 1495 2148 1548 ab
2171 1511 2236 1548 eo
2255 1537 2269 1558 ,
2301 1496 2444 1548 omni
2471 1495 2840 1551 benedictione
2867 1511 2934 1551 ex
2979 1497 3096 1550 solo
3120 1505 3338 1566 aspectu
3382 1514 3471 1552 re-

1890 1583 2018 1653 pleti
2039 1626 2054 1650 ,
2093 1600 2278 1639 omnes
2307 1585 2671 1640 discedebant.

1960 1677 2014 1732 5.
2055 1677 2185 1731 Cum
2216 1687 2392 1731 autem
2421 1677 2593 1731 visum
2638 1686 2782 1732 esset
2807 1677 3078 1732 communi
3124 1677 3235 1732 Deo
3262 1677 3474 1732 univer-

1889 1783 2068 1822 sorum
2097 1784 2219 1823 eum
2245 1783 2440 1823 vocare
2466 1785 2531 1824 ex
2552 1768 2658 1822 vita
2690 1768 2941 1836 prassenti
2963 1778 3017 1822 et
3045 1768 3098 1822 in
3127 1769 3349 1823 chorum
3381 1784 3469 1821 an-

1889 1862 2129 1930 gelorum
2180 1859 2404 1926 referre,
2432 1875 2500 1914 ne
2530 1859 2633 1914 hoc
2657 1859 2870 1929 quidem
2901 1859 3092 1912 factum
3118 1868 3202 1913 est
3233 1868 3432 1913 temere
3455 1899 3471 1922 .

1890 1953 1984 2008 sed
2026 1953 2200 2022 ipsum
2232 1953 2450 2022 quidem
2489 1962 2682 2006 vocant
2735 1951 2903 2006 litera:
2956 1952 3316 2020 Imperatoris,
3346 1965 3468 2005 cum

1891 2047 2029 2101 Deus
2059 2047 2314 2101 movisset
2337 2045 2741 2115 Imperatorem.
2777 2044 2982 2098 Vocant
3009 2059 3138 2097 vero
3164 2044 3334 2112 ipsum
3364 2059 3470 2098 non

1890 2138 1941 2190 in
1969 2138 2322 2206 propinquum
2352 2137 2547 2201 locum,
2575 2134 2669 2188 sed
2701 2135 2754 2188 in
2783 2133 2951 2201 ipsam
2979 2132 3258 2188 Thraciam
3288 2151 3302 2186 :
3336 2141 3394 2186 ut
3420 2143 3475 2186 et

1889 2227 2112 2294 Galatze,
2164 2235 2218 2282 et
2238 2227 2475 2298 Bithyni,
2520 2235 2575 2281 et
2618 2225 2847 2292 Cilices,
2888 2233 2945 2280 et
2989 2223 3368 2295 Cappadoces,
3421 2233 3482 2278 et

1890 2334 2098 2382 omnes,
2131 2319 2222 2389 qui
2265 2317 2507 2372 Thraciae
2557 2317 2758 2371 vicinas
2801 2316 3046 2386 regiones
3072 2316 3342 2378 habitant,
3373 2331 3470 2368 no-

1889 2419 1999 2465 stra
2031 2409 2168 2464 bona
2208 2417 2638 2479 cognoscerent:
2667 2417 2725 2463 ut
2753 2409 2842 2478 qui
2889 2417 3044 2462 erant
3087 2407 3278 2477 ubique
3309 2419 3476 2462 terra-

1892 2517 2008 2554 rum
2034 2501 2291 2571 episcopi,
2322 2509 2592 2570 tamquam
2634 2498 2686 2554 in
2713 2500 3060 2570 archetypum
3088 2499 3360 2568 exemplar
3379 2540 3394 2562 ,
3423 2499 3475 2552 in

1891 2591 2036 2647 illius
2065 2591 2400 2647 sanctitatem
2432 2593 2716 2656 intuentes,
2737 2600 2790 2646 et
2809 2601 3050 2660 apertum
3079 2590 3382 2659 exemplum
3407 2589 3478 2644 ab

1890 2698 1956 2739 eo
1975 2683 2319 2753 accipientes,
2338 2684 2418 2738 sui
2438 2684 2489 2737 in
2515 2682 2616 2738 hoc
2629 2698 2848 2737 munere
2869 2680 3028 2737 officii
3053 2683 3401 2738 certissimam
3423 2693 3474 2737 et

1892 2773 2241 2828 clarissimam
2269 2773 2529 2828 haberent
2569 2771 3285 2842 regulam,quemadmodum
3310 2787 3476 2842 opor-

1890 2871 1998 2920 teat
2025 2864 2396 2919 administrare
2428 2865 2492 2920 'et
2529 2879 2716 2933 regere
2756 2863 3044 2918 Ecclesias.
3084 2863 3216 2918 Nam
3262 2873 3478 2933 propter

1891 2955 2037 3009 urbis
2083 2954 2520 3024 magnitudinem,
2549 2963 2605 3009 et
2645 2953 2787 3024 quod
2828 2953 2936 3008 illic
2989 2953 3246 3009 resideret
3300 2954 3476 3024 Impe-

1892 3055 2058 3110 rator,
2101 3045 2254 3099 multi
2302 3060 2369 3101 ex
2414 3045 2595 3100 nmltis
2636 3044 2769 3100 locis
2816 3045 2961 3098 orbis
3011 3053 3166 3099 terrae
3197 3045 3322 3101 illuc
3353 3056 3476 3100 tunc

1891 3134 2231 3190 conﬂuebant
2274 3155 2289 3190 :
2333 3136 2568 3206 episcopi
2629 3147 2808 3190 autem
2886 3133 3277 3202 Eeclesiarum,
3333 3137 3474 3206 quod

1893 3229 2144 3284 Ecclesiae
2195 3243 2228 3282 a
2279 3228 2439 3297 longo
2472 3227 2614 3283 bello
2663 3236 2718 3282 et
2785 3236 3099 3297 tempestate
3153 3228 3478 3298 respirantes

1890 3318 2206 3389 principium
2235 3318 2379 3387 pacis
2407 3326 2462 3372 et
2498 3318 2888 3388 tranquillitatis
2918 3318 3263 3386 acciperent,
3308 3313 3475 3373 literis

1893 3410 2234 3479 Imperatoris
2265 3423 2452 3464 omnes
2501 3409 2629 3463 illuc
2675 3409 3020 3463 vocabantur.
3054 3409 3204 3465 Tunc
3232 3425 3359 3481 ergo
3391 3410 3476 3466 hic

1889 3518 2100 3572 quoque
2163 3511 2378 3556 sanctus
2438 3500 2565 3555 illuc
2605 3501 2830 3555 accedit.
2883 3501 2962 3554 Ac
3004 3501 3141 3555 sicut
3194 3501 3246 3564 in
3309 3501 3475 3556 tribus

1893 3593 2070 3663 pueris
2097 3591 2310 3659 accidit,
2337 3591 2550 3662 quando
2574 3601 2725 3646 erant
2753 3591 3018 3660 prazconio
3057 3592 3398 3646 renuntiandi
3421 3601 3475 3647 et

1889 3684 2216 3750 enronandi,
2245 3685 2504 3738 exstincta
2543 3685 2592 3735 vi
2630 3682 2794 3752 ignis,
2827 3681 2964 3736 fastu
3009 3683 3215 3754 tyranni
3260 3684 3473 3739 concul-

1889 3766 2044 3842 cato',
2075 3775 2345 3829 confutato
2372 3775 2514 3829 omni
2544 3790 2742 3844 genere
2769 3775 3090 3844 impietatis,
3126 3791 3190 3830 ex
3226 3778 3472 3830 universo

1888 3867 2020 3921 orbe
2047 3876 2203 3921 terrae
2229 3874 2380 3920 erant
2407 3867 2484 3920 eis
2509 3865 2811 3935 congregati
2836 3876 3164 3935 spectatores
3195 3885 3206 3920 :
3237 3883 3357 3921 nam
3381 3870 3470 3938 qui

1888 3959 2084 4030 ubique
2111 3970 2370 4014 terrarum
2401 3967 2556 4013 erant
2593 3967 2820 4026 satrapae
2843 3999 2858 4024 ,
2904 3959 3169 4027 principes
3213 3969 3266 4014 et
3289 3970 3474 4029 topar-

1886 4053 2023 4117 clue,
2054 4061 2273 4122 pr0pter
2293 4052 2450 4105 aliam
2479 4065 2694 4105 causam
2723 4051 2916 4118 vocati,
2955 4051 3071 4106 illos
3097 4063 3471 4122 spectaverunt

1884 4143 2144 4208 athletas;
2190 4143 2350 4196 etiam
2405 4150 2532 4196 tunc
2577 4141 2804 4208 accidit,
2837 4151 2892 4196 ut
2945 4143 3254 4211 praeclarum
3317 4147 3469 4202 fieret

1883 4237 2040 4291 beato
2067 4235 2278 4290 Meletio
2309 4234 2572 4288 theatrum
2594 4275 2608 4300 ,
2634 4249 2754 4288 cum
2800 4245 3016 4305 propter
3045 4235 3198 4290 aliam
3245 4252 3464 4293 causam

1884 4329 2054 4382 vocati
2085 4329 2319 4398 episcopi
2341 4328 2484 4398 ‘,qui
2507 4327 2701 4398 ubique
2729 4336 2991 4382 terrarum
3023 4329 3467 4387 administrabant

1885 4421 2147 4476 Ecclesias
2169 4461 2184 4486 ,
2210 4429 2585 4482 accesserunt,
2617 4429 2671 4475 et
2700 4428 2944 4475 sanctum
2980 4421 3126 4474 illum
3172 4431 3295 4476 sunt
3331 4438 3462 4490 con-

1883 4515 2142 4583 templati.
2175 4514 2460 4583 Postquam
2505 4524 2682 4568 autem
2709 4529 2828 4566 cum
2865 4512 3261 4582 adspexisscnt,
3293 4526 3346 4569 et
3374 4532 3467 4571 ac-

1882 4619 2066 4661 curate
2119 4606 2234 4675 ejus
2271 4605 2580 4659 didicissent
2627 4605 2914 4673 pietatem,
2947 4605 3260 4672 sapientiam
3305 4618 3466 4677 atque

1882 4701 2053 4756 zelum
2088 4699 2212 4754 fidei
2232 4741 2246 4764 ,
2280 4708 2335 4752 ut
2361 4699 2450 4768 qui
2482 4697 2767 4766 perfectam
2797 4705 2857 4770 et
2882 4697 3176 4752 absolutam
3211 4699 3260 4752 in
3289 4714 3346 4754 se
3373 4699 3466 4754 ba-

1881 4793 2031 4848 beret
2054 4806 2264 4846 omnem
2293 4789 2538 4844 virtutem
2559 4831 2573 4855 ,
2603 4804 2721 4858 qua:
2759 4788 2912 4843 decet
2942 4789 3272 4844 sacerdotem
3292 4833 3307 4857 ,
3341 4799 3466 4846 tunc

1880 4901 2000 4940 eum
2037 4885 2102 4939 ad
2133 4899 2191 4939 se
2218 4883 2426 4938 vocavit
2454 4883 2612 4936 Deus.

1952 4977 2056 5031 Cur
2083 4987 2222 5029 extra
2245 4976 2459 5045 patriam
2491 4974 2702 5026 moritur
2725 4971 2978 5027 Heluius.
3005 5002 3080 5014 —
3112 4972 3236 5026 Ideo
3279 4984 3459 5028 autem

1881 5071 1959 5124 sic
1987 5067 2199 5132 accidit,
2227 5077 2284 5121 ut
2306 5067 2475 5121 levius
2500 5065 2662 5120 ferret
2700 5074 2878 5119 nostra
2911 5066 3117 5118 civitas.
3141 5065 3270 5118 Nam
3300 5065 3345 5120 si
3374 5065 3461 5121 hic

1878 5161 2146 5216 emisisset
2173 5158 2400 5212 animam
2423 5199 2438 5224 ,
2482 5156 2715 5210 futurum
2746 5168 2860 5211 erat
2891 5155 3222 5210 intolerabile
3251 5157 3460 5224 pondus

1879 5249 2218 5306 calamitatis.
2265 5248 2396 5316 Quis
2442 5247 2584 5302 enim
2631 5247 2972 5300 sustinuisset
3017 5244 3199 5300 videre
3244 5245 3456 5300 beatum

1879 5343 2026 5398 illum
2080 5349 2378 5394 extremum
2419 5339 2748 5392 emittentem
2805 5334 3088 5405 spiritum?
3131 5336 3250 5403 quis
3299 5339 3461 5390 susti-

1879 5436 2082 5490 nuisset
2118 5431 2297 5485 vidcrc
2346 5431 2429 5486 illa
2459 5429 2738 5496 supercilia
2778 5427 3052 5481 oculorum
3083 5425 3340 5494 deprimi,
3364 5444 3456 5483 os-

1880 5542 1981 5598 que
2019 5523 2223 5590 claudi,
2256 5531 2310 5578 et
2345 5521 2589 5575 mandata
2639 5520 2796 5572 edcrc
2842 5515 3311 5588 novissima?quis
3356 5517 3458 5574 hoc

1944 5663 1960 5692 ι
1997 5667 2046 5708 ιη
2068 5658 2173 5706 lucc
2193 5657 2342 5706 verba
2365 5651 2631 5716 hujusmodi
2650 5657 2758 5716 nota
2779 5647 2958 5716 legimr
2982 5649 3033 5696 in
3065 5647 3255 5698 duobus
3275 5650 3457 5700 codici-

1879 5727 1986 5782 bus,
2013 5733 2125 5784 Qua:
2142 5729 2300 5784 autem
2322 5726 2388 5770 est
2413 5711 2509 5766 ᾱιία
2532 5725 2677 5784 causa
2695 5712 2718 5761 ξ’
2736 5711 2916 5761 scilicet
2941 5718 3130 5784 centum
3151 5718 3195 5763 et
3221 5722 3457 5775 qumqua-

1881 5773 2253 5854 ᾀξηιάἐμίδεουί
2279 5785 2343 5832 ad
2367 5773 2649 5843 Gregorium
2673 5779 3000 5824 convenerant.
