3884 6294
450 389 555 448 519

458 503 762 570 adspiciens
806 519 912 562 non
955 507 1243 565 defecisset
1285 510 1650 581 magnitudine
1693 511 2052 567 calamitatis?

447 593 528 646 Ne
573 598 679 652 hoc
719 611 849 669 ergo
882 599 1183 667 accideret,
1222 602 1450 670 providit
1480 603 1652 669 Deus,
1685 613 1742 658 ιιι
1781 603 1834 676 in
1873 603 2046 659 aliena

453 689 670 758 regione
703 692 934 746 animam
969 693 1273 757 exhalaret,
1315 704 1374 749 ut
1413 703 1684 764 tempore,
1709 695 1849 766 quod
1877 697 2040 751 inter-

449 782 638 848 cessit,
674 783 812 839 hanc
835 787 1118 841 maximam
1149 787 1496 856 praemeditati
1525 787 2040 854 calamitatem,cum

444 871 744 928 videremus
798 876 1003 946 ingredi
1054 893 1289 948 corpus,
1344 894 1444 934 nec
1483 881 1663 934 animo
1718 887 2052 934 consterna-‘

443 975 645 1026 remur,
680 978 801 1044 eum
857 980 1011 1019 mens
1053 966 1163 1036 jam
1207 977 1348 1022 esset
1399 968 1562 1022 luctui
1617 968 1910 1024 assuefacta
1938 955 2037 1024 εἴη

439 1052 597 1105 etiam
629 1053 870 1123 conligit.
896 1054 1026 1110 Cum
1061 1057 1203 1112 enim
1253 1057 1612 1112 venerandum
1652 1059 1781 1113 illud
1827 1074 2024 1128 corpus

439 1143 650 1211 excepit
677 1145 862 1200 civitas
887 1187 902 1210 ,
930 1146 1064 1200 luxit
1090 1147 1304 1218 quidem
1355 1156 1407 1202 et
1449 1148 1603 1203 valde
1631 1147 1854 1217 cjulavit
1881 1167 1894 1201 :
1927 1149 2022 1205 sed

447 1234 643 1288 luctum
696 1238 802 1291 cito
856 1240 1145 1309 repressit,
1192 1250 1296 1293 tam
1345 1249 1565 1309 propter
1616 1255 1829 1294 causam
1871 1256 2030 1310 quam

362 1339 375 1370 ς
448 1324 700 1389 diximus,
732 1343 888 1396 quam
920 1338 1140 1399 propter
1166 1345 1310 1396 eam,
1333 1346 1452 1398 quae
1477 1338 1560 1384 est
1581 1329 1832 1388 ,dicenda.

505 1414 645 1471 Laus
672 1417 910 1473 Flaviani
949 1421 1192 1491 episcOpi.
1222 1449 1296 1461 —
1320 1422 1585 1490 Benignus
1631 1421 1772 1474 enim
1821 1431 1876 1478 ct
1919 1422 2030 1478 cle-

436 1521 587 1562 mens
621 1509 784 1576 Deus,
812 1511 1062 1566 misertus
1089 1512 1254 1565 nostri
1283 1511 1504 1576 doloris,
1534 1513 1695 1565 alium
1721 1511 1826 1566 cito
1871 1514 2024 1568 nobis

431 1600 579 1656 dedit
610 1615 880 1672 pastorem
901 1647 914 1671 ,
950 1607 1039 1676 qui
1066 1607 1292 1662 virtutes
1321 1606 1459 1660 illius
1489 1613 1734 1660 accurate
1771 1605 2012 1660 referret.

429 1693 531 1757 Qui
557 1706 678 1748 eum
711 1695 1265 1762 sedemiaseendisset,
1303 1697 1485 1752 humili
1532 1705 1586 1751 et
1629 1696 1834 1766 lugubri
1868 1705 2017 1753 veste

429 1800 528 1838 nos
556 1787 736 1841 statim
761 1788 945 1856 exuit,
973 1799 1027 1843 et
1056 1788 1294 1844 dolorem
1329 1789 1618 1855 exstinxit,
1649 1788 1789 1842 beati
1839 1797 2016 1844 autem

425 1875 621 1934 Mcletii
656 1881 824 1951 magis
852 1883 1163 1937 memoriam
1212 1882 1505 1937 renovavit.
1533 1881 1602 1936 Et
1627 1880 1782 1935 dolor
1806 1880 2017 1950 quidem

426 1969 792 2039 ﬂaccescebat,
830 1987 982 2027 amor
1011 1989 1139 2028 vero
1191 1973 1580 2028 accendebatur
1623 1971 2011 2038 vehementius,

421 2068 480 2114 et
507 2061 727 2117 omnino
755 2063 958 2118 sublata
1001 2063 1099 2118 fuit
1150 2063 1311 2118 animi
1361 2063 1658 2133 aegritudo:
1692 2077 2012 2131 quamquam

422 2150 478 2204 in
502 2153 792 2209 amissione
813 2171 1021 2220 eorum,
1043 2156 1136 2226 qui
1161 2155 1422 2210 carissimi
1452 2164 1598 2220 sunt,
1628 2169 1733 2207 non
1764 2154 1836 2207 ita
1873 2153 2012 2207 solet

421 2245 800 2302 evenirezsed
857 2249 1073 2318 quando
1123 2250 1240 2319 quis
1284 2247 1453 2303 tilium
1505 2247 1873 2309 carissimum,
1927 2245 2008 2300 vel

421 2335 582 2390 etiam
609 2336 982 2395 honorabilem
1031 2343 1279 2396 maritum
1326 2340 1566 2394 amiserit
1603 2339 1811 2403 mulier,
1840 2336 2012 2392 donec

415 2425 535 2495 ejus
586 2428 879 2485 ferventem
928 2441 1214 2488 conservat
1259 2430 1592 2494 memoriam,
1641 2429 2010 2485 vehementior

417 2515 599 2571 luctus
649 2521 886 2574 animum
944 2533 1208 2591 occupat;
1262 2520 1478 2591 quando
1530 2533 1658 2574 vero
1713 2517 2007 2574 succedens

415 2617 626 2676 tempus
656 2609 852 2666 luctum
880 2613 1167 2676 sedaverit,
1196 2613 1352 2668 simul
1402 2627 1522 2667 cum
1555 2609 1886 2664 vehementia
1911 2609 2009 2665 do-

416 2699 546 2755 loris
575 2705 836 2760 exstincta
865 2716 947 2761 est
974 2707 1133 2762 etiam
1153 2748 1169 2770 ,
1201 2723 1318 2776 qua:
1344 2706 1574 2774 vigebat,
1604 2704 1858 2758 memoria
1891 2720 1906 2757 :
1948 2705 2002 2758 in

413 2791 515 2848 hoc
539 2804 720 2868 autem
766 2797 922 2852 beato
942 2799 1057 2853 viro
1083 2800 1410 2854 contrarium
1435 2796 1627 2852 accidit
1650 2813 1663 2848 :
1685 2809 1808 2849 nam
1838 2795 2002 2850 animi

409 2884 623 2955 quidem
651 2889 908 2958 aegritudo
936 2890 1104 2960 ejecta
1135 2893 1354 2946 omnino
1401 2889 1516 2955 fuit,
1549 2887 1849 2944 recordatio
1872 2902 2002 2942 vero

412 2989 520 3028 non
547 2976 706 3030 simul
735 2978 866 3033 abiit
898 2993 1020 3033 cum
1052 2980 1270 3047 dolore,
1301 2979 1393 3035 sed
1418 2987 1572 3034 aucta
1594 2988 1676 3032 est
1711 2976 1999 3030 vehemen-

407 3065 532 3120 tius.
562 3067 748 3126 Testes
769 3080 946 3126 autem
977 3073 1109 3130 estis
1135 3089 1251 3141 vos,
1269 3073 1358 3143 qui
1379 3082 1500 3144 post
1525 3078 1727 3126 tantum
1757 3075 1990 3140 tempus,

1183 397 1240 455 S.
1278 396 1555 455 JOANNIS
1590 394 2060 455 CHRYSOS'I'OMI
2098 400 2413 459 ARClllEP.
2455 407 2987 472 CONSTANTINOP.

3628 426 3739 482 δρα

2155 532 2261 572 non
2288 534 2444 578 secus
2465 537 2530 578 ac
2555 539 2682 595 apes
2703 525 2911 596 favum,
2943 531 3338 590 circumvolatis
3356 549 3552 607 corpus
3596 538 3740 596 beati

2151 607 2347 666 Meletii
2373 630 2388 668 :
2416 628 2578 671 causa
2605 632 2735 673 vero
2756 629 2888 687 erat,
2914 637 3022 677 non
3048 637 3077 676 a
3108 633 3298 681 natura
3324 637 3473 684 ortus
3497 630 3551 685 in
3584 629 3740 688 illum

2148 715 2322 770 amor,
2371 705 2466 760 sed
2507 709 2636 762 recti
2677 709 2862 778 judicii
2905 715 3260 772 ratiocinatio.
3308 717 3434 775 Ideo
3461 737 3591 790 non
3638 723 3740 779 fuit

2146 804 2319 850 morte
2341 798 2603 853 exstincta
2633 803 2805 857 sancti
2831 803 3026 860 Meletii
3055 809 3332 878 memoria,
3357 820 3600 883 tempore
3626 831 3736 872 non

2143 888 2437 952 emarcuit;
2468 889 2560 943 sed
2585 902 2809 962 augetur
2829 905 2880 949 et
2906 897 3075 966 majus
3099 902 3291 970 accipit
3312 903 3731 975 incrementum,

2137 1357 2296 1398 senes
2339 1346 2390 1400 in
2439 1348 2540 1403 hoc
2567 1353 2834 1420 superatis
2859 1369 2975 1422 eos,
3002 1357 3092 1426 qui
3121 1373 3227 1413 non
3265 1361 3547 1430 viderunt,
3580 1365 3729 1435 quod

2133 1448 2254 1488 cum
2282 1450 2348 1491 eo
2391 1441 2587 1495 versati
2618 1443 2748 1498 estis
2769 1485 2785 1512 ,
2828 1453 2882 1500 et
2907 1445 3134 1503 fructum
3166 1455 3479 1522 percepistis
3520 1467 3728 1513 saneta

2131 1525 2247 1595 ejus
2269 1531 2704 1599 consuetudinis;
2731 1537 2821 1605 qui
2869 1547 3047 1594 autem
3087 1556 3194 1596 non
3236 1543 3524 1613 viderunt,
3554 1548 3610 1601 in
3658 1565 3726 1604 eo

2128 1633 2226 1673 vos
2251 1632 2526 1691 superant,
2556 1626 2698 1696 quod
2725 1643 2846 1682 cum
2889 1631 3060 1686 virum
3108 1649 3217 1688 non
3245 1635 3629 1706 adspexerint,
3661 1641 3719 1697 in

2127 1710 2299 1779 ipsum
2321 1728 2426 1768 non
2456 1716 2633 1773 minus
2656 1717 2983 1777 desiderium
3018 1726 3332 1781 ostendant.

2194 1804 2496 1862 Intercessio
2523 1809 2849 1866 Sanctorum.
2872 1845 2946 1856 —
2963 1815 3186 1873 Oremus
3213 1819 3389 1891 itaque
3415 1837 3607 1880 onmes
3639 1827 3722 1882 si-

2121 1899 2360 1954 multam
2386 1902 2722 1973 magistratus
2740 1921 2898 1974 quam
2922 1908 3129 1976 privati,
3155 1921 3258 1964 tam
3282 1913 3532 1970 mulieres
3552 1933 3720 1986 quam

2120 1991 2238 2056 viri,
2270 2001 2376 2046 tam
2405 2008 2560 2048 senes
2582 2010 2740 2064 quam
2763 1999 2987 2066 juvenes
3009 2039 3025 2064 ,
3050 2009 3156 2054 tam
3183 2003 3321 2056 servi
3350 2019 3506 2073 quam
3535 2007 3716 2072 liberi.

2118 2083 2330 2162 beatum
2360 2085 2531 2154 ipsum
2560 2086 2823 2142 Meletium
2852 2088 3041 2145 harum
3071 2107 3290 2161 precum
3332 2097 3536 2150 socium
3569 2100 3718 2154 acci-

2125 2175 2350 2243 pientes.
2379 2177 2477 2230 Est
2515 2179 2656 2232 enim
2684 2179 2732 2233 ei
2764 2195 2905 2235 nunc
2945 2181 3114 2250 tnajor
3143 2183 3331 2240 ﬁducia
3356 2226 3373 2251 ,
3399 2195 3455 2242 et
3477 2203 3632 2242 amor
3661 2191 3718 2245 iu

2118 2280 2217 2320 nos
2246 2265 2558 2334 ferventior,
2586 2277 2645 2322 ut
2670 2269 2784 2324 htcc
2803 2270 2957 2326 nobis
2985 2283 3240 2343 augeatur
3265 2278 3460 2332 caritas
3481 2319 3498 2343 ,
3528 2288 3583 2333 et
3610 2297 3716 2337 nos

2115 2373 2305 2414 omnes
2358 2360 2411 2414 id
2470 2376 2859 2432 consequamur
2889 2403 2906 2430 ,
2966 2374 3024 2419 ut
3074 2368 3342 2436 quomodo
3396 2369 3482 2426 hic
3541 2387 3714 2442 prope

2113 2464 2290 2506 arcam
2340 2452 2496 2507 istam
2539 2453 2812 2510 adstamus
2851 2455 2926 2529 (α)
2954 2497 2970 2523 ,
3013 2456 3084 2511 ita
3129 2457 3236 2514 illic
3290 2475 3500 2530 quoque
3543 2477 3711 2533 prope

2111 2539 2325 2595 beatum
2354 2551 2412 2596 et
2439 2551 2694 2597 aeternum
2724 2543 2840 2613 ejus
2879 2546 3273 2603 tabernaculum
3303 2564 3422 2604 esse
3441 2592 3456 2615 ,
3485 2560 3541 2605 et
3565 2553 3710 2609 bona

2111 2641 2308 2687 aeterna
2336 2634 2489 2688 nobis
2530 2637 2760 2704 reposita
2788 2640 3036 2708 consequi
3071 2641 3333 2708 possimus
3359 2658 3374 2694 :
3405 2656 3523 2712 quas
3549 2628 3711 2700 detur

2109 2725 2263 2780 nobis
2289 2726 2535 2782 omnibus
2574 2728 2815 2783 obtinere
2838 2769 2853 2794 ,
2885 2732 3054 2799 gratia
3093 2742 3146 2786 et
3171 2732 3450 2787 clementia
3491 2733 3709 2790 Domini

2107 2817 2274 2872 nostri
2298 2816 2424 2874 Jesu
2448 2819 2690 2884 Christi;
2720 2835 2816 2890 per
2839 2837 2997 2891 quem
3023 2831 3078 2877 et
3119 2824 3330 2892 quicum
3359 2813 3502 2881 Patri
3529 2827 3702 2898 gloria

2104 2916 2160 2966 et
2190 2911 2484 2982 imperium,
2510 2913 2664 2967 simul
2684 2929 2807 2968 cum
2834 2923 3020 2969 sancto
3040 2914 3263 2984 Spiritu,
3291 2917 3344 2972 in
3372 2918 3568 2973 sarcula
3595 2935 3699 2975 sm-

2111 3003 2374 3057 culorum.
2406 3004 2596 3058 Amen.

2164 3091 2237 3156 (α)
2269 3093 2516 3154 Capsulam
2535 3093 2857 3160 Reliquiarum
2889 3097 2997 3160 ejus
3026 3096 3274 3160 intelligit.

1865 3421 2223 3482 MONITUM

491 3537 644 3594 Hanc
677 3540 1000 3596 concionem
1027 3541 1270 3596 habitam
1297 3557 1420 3597 esse
1453 3542 1682 3612 septima
1713 3542 1802 3598 die
1824 3541 2075 3598 Januarii
2107 3545 2236 3599 anni
2265 3543 2369 3598 587
2399 3506 2720 3614 Epiphaniae
2745 3545 2948 3600 festum
2975 3548 3322 3617 insequente,
3356 3562 3468 3618 quo
3494 3548 3680 3602 homi-

415 3650 549 3708 liam
582 3653 657 3710 De
685 3654 957 3725 baptismo
998 3655 1202 3712 Christi
1249 3657 1521 3724 recitavit,
1568 3656 1747 3725 ipsum
1783 3659 2067 3714 concionis
2098 3659 2264 3730 hujus
2315 3661 2534 3715 initium
2589 3669 2775 3731 aperte
2807 3661 3151 3717 demonstrat
3183 3681 3196 3717 :
3239 3660 3394 3728 Quod
3419 3663 3680 3738 _Izesterno

415 3772 501 3826 die
525 3770 976 3840 pertimescebam,
1015 3771 1215 3840 inquit,
1238 3773 1425 3835 evenit,
1453 3779 1503 3825 et
1550 3772 1620 3824 ad
1655 3772 1897 3841 e/j'ectum
1920 3772 2038 3841 jam
2085 3781 2397 3841 perductum
2429 3783 2542 3837 est;
2594 3792 2775 3845 nempe
2805 3775 2893 3830 ubi
2942 3776 3135 3846 festum
3186 3778 3466 3847 prwteriit,
3515 3782 3680 3834 simul

415 3889 578 3941 etiam
614 3888 902 3941 multitudo
933 3903 967 3939 a
997 3886 1148 3940 nobis
1176 3884 1449 3951 abscessit,
1482 3887 1754 3958 minorque
1772 3888 1925 3942 nobis
1961 3900 2124 3943 coetus
2155 3899 2232 3943 est
2261 3888 2454 3958 factus.
2490 3889 2613 3947 Haec
2643 3907 2808 3961 porro
2842 3891 3034 3948 confer
3063 3909 3186 3948 cum
3232 3893 3390 3947 initio
3436 3895 3683 3952 homiliat

416 4002 563 4058 illius
586 4001 663 4057 De
684 4002 956 4073 baptismo
981 4001 1208 4063 Christi,
1238 4002 1329 4056 ubi
1360 4001 1440 4057 sic
1470 3998 1684 4058 orditur
1709 4003 2130 4076 Chrysostomus
2156 4021 2170 4058 :
2207 4007 2399 4061 Omnes
2428 4024 2515 4061 vos
2536 4008 2590 4062 in
2613 4011 2803 4064 twtitia
2827 4012 3002 4076 hodie,
3051 4028 3144 4081 ego
3177 4027 3296 4065 vero
3342 4011 3398 4063 in
3450 4027 3674 4071 maerore

414 4136 530 4173 sum
558 4119 718 4176 solus.
751 4118 895 4174 Nam
932 4136 1050 4174 cum
1080 4121 1136 4174 in
1165 4119 1261 4173 hoc
1299 4121 1580 4190 spirituale
1627 4122 1844 4193 pelagus
1871 4124 2047 4178 oculos
2077 4141 2216 4180 meos
2251 4138 2512 4196 converto,
2537 4139 2589 4183 et
2620 4132 2904 4184 immensas
2932 4129 3184 4186 Ecclesia:
3205 4133 3421 4186 diritias
3453 4137 3686 4206 comple-

415 4250 546 4304 ctor,
578 4254 640 4290 ac
662 4235 849 4290 deinde
881 4234 1140 4303 perpendo
1180 4235 1313 4303 fore,
1341 4244 1397 4286 ut
1421 4251 1540 4287 cum
1568 4236 1800 4305 primum
1853 4235 2161 4291 solemnitas
2196 4239 2300 4292 ista
2330 4242 2663 4309 praeterierit,
2705 4243 2994 4298 multitudo
3027 4261 3211 4302 rursus
3242 4249 3347 4302 ista
3382 4251 3588 4305 resiliat
3620 4270 3682 4307 ac

415 4355 671 4420 discedat,
711 4355 920 4408 crucior
947 4366 993 4408 et
1021 4355 1188 4408 animi
1228 4354 1410 4408 dolore
1465 4373 1633 4425 angor
1662 4373 1682 4411 :
1717 4357 1858 4427 quod
1885 4374 2005 4412 cum
2034 4369 2144 4413 tant
2173 4360 2366 4415 multos
2389 4362 2580 4417 liberos
2611 4367 2866 4432 pepererit
2894 4365 3155 4431 Ecclesia,
3184 4385 3286 4422 non
3337 4369 3450 4424 illis
3494 4373 3681 4427 itidem

417 4477 472 4528 iu
495 4473 717 4543 singulis
739 4472 996 4535 collectis,
1037 4471 1126 4525 sed
1163 4473 1217 4524 in
1255 4473 1389 4542 festo
1427 4472 1758 4528 solummodo
1787 4474 1896 4544 frui
1920 4477 2109 4544 possit.
2155 4476 2290 4533 Hinc
2340 4480 2460 4534 luce
2494 4481 2698 4535 clarius
2717 4484 3138 4539 commonstrari
3175 4485 3410 4553 videtur,
3447 4488 3587 4542 hanc
3614 4488 3683 4543 de

420 4585 477 4641 S.
518 4586 760 4640 Luciano
787 4585 1084 4656 panegyrin
1121 4584 1378 4642 habuisse
1410 4585 1866 4655 Chrysostomum
1900 4593 2183 4660 postridie,
2247 4611 2410 4664 quam
2442 4595 2510 4650 de
2548 4597 2820 4666 baptismo
2853 4596 3060 4652 Christi
3095 4598 3151 4652 in
3206 4596 3511 4668 Epiphania
3542 4617 3679 4656 con-

1294 4793 3662 4818 —-——.——————————-——————————-———_—‘

1378 4974 1874 5068 HOMILIA
1924 4980 2666 5065 PANEGYRICA

1534 5234 1598 5277 ιη
1641 5232 1692 5277 s.
1729 5233 2083 5279 MARTYREM
2127 5233 2450 5279 LUCIANUII
2481 5213 2595 5298 (α).

477 5428 534 5489 ί.
569 5431 636 5488 In
675 5431 963 5488 socordiam
1001 5427 1336 5500 quorumdam
1366 5425 1656 5492 invehitur;
1682 5429 1876 5498 ﬂuxam
1903 5432 1991 5486 de-

464 5543 540 5607 (α)
570 5545 746 5596 collata
767 5557 877 5616 ομιτ)
897 5537 1508 5616 ςοδίοίδιξιὲςξξςὲἕὲδνει
1523 5535 1989 5616 φιὲςξιίηοέτρηξη

402 5599 502 5680 qu‘o
521 5599 769 5677 posuerim
790 5607 997 5657 habetur
1021 5610 1128 5666 post
1149 5599 1395 5652 uomitum
1426 5600 1490 5650 de
1533 5604 1766 5664 Baptismo
1785 5605 1977 5664 Christi,

2092 5446 2338 5490 monstrat
2376 5438 2666 5494 diuitiarum
2710 5451 2964 5498 naturam.
3007 5475 3066 5488 ~—
3091 5445 3241 5515 Quod
3287 5449 3544 5510 hesterno
3589 5457 3675 5511 die

2089 5557 2202 5655 quae
2225 5547 2274 5619 in
2290 5547 2416 5617 .Edit.
2437 5548 2602 5600 Morel.
2627 5558 2705 5602 est
2727 5558 2858 5626 Tom.
2886 5553 2934 5611 1.
2959 5567 3069 5619 mg.
3091 5557 3201 5630 27!}.
3226 5561 3454 5632 Sequitur
3475 5558 3675 5624 Homilil

2125 5620 2154 5655 ϐ
2184 5615 2356 5655 δηιτιιιι
2387 5615 2435 5655 8.
2475 5619 2527 5655 et.
2569 5621 2738 5655 contra
2774 5623 2970 5655 Annum
3018 5631 3130 5655 mum
3169 5633 3214 5655 ιη
3247 5621 3344 5655 trduo
3400 5625 3544 5655 unum]
3601 5632 3672 5655 Δ...

2125 5620 2154 5655 e
2184 5615 2356 5670 Spiritu
2387 5615 2435 5659 8.
2475 5619 2527 5661 et
2569 5621 2738 5663 contra
2774 5615 2984 5676 Asianos,
3018 5615 3130 5680 Erum
3168 5621 3214 5669 in
3245 5615 3366 5671 Edit.
3399 5615 3565 5676 ποτειί
3601 5632 3672 5678 est
