3884 6294
175 408 285 467 519

175 531 262 594 τίς
291 526 506 599 βλέπων
535 527 708 584 ταῦτα
746 541 770 571 ι
801 528 902 583 οὐκ
932 529 996 583 ἂν
1034 529 1225 602 ἐξέστη
1268 530 1364 601 τῷι
1401 529 1622 602 μεγέθει
1657 530 1758 600 τῆς

173 613 501 682 συμφορᾶς;
530 611 626 664 Ἵν’
660 609 752 666 οὖν
792 611 1044 684 μὴ,τοῦτο
1069 614 1316 682 γένηται,
1349 613 1699 684 ᾠκονόμησεν
1727 614 1757 667 ὁ

172 695 310 758 Θεὸς
333 695 422 747 ἐπ’
449 694 735 766 ἀλλοτρίας
757 696 916 749 αὑτὸν
948 697 1160 764 ἀφεῖναι
1188 697 1289 766 τὴν
1310 696 1507 768 ψυχὴν,
1527 698 1591 750 ἵν’
1607 697 1666 750 ἐν
1681 695 1758 768 τῷ

173 777 386 848 μεταξὺ
425 779 604 849 χρόνῳ
636 780 1138 851 προμελετήσαντες
1163 781 1259 851 τὴν
1297 779 1600 852 συμφοράν,
1629 781 1757 834 ὅταν

170 861 381 930 ἔδωμεν
406 861 720 914 εἰσελθόντα
749 862 840 914 τὸν
869 863 1081 935 νεκρὸν,
1104 863 1176 934 μὴ
1199 862 1638 934 καταπλαγῶμεν
1657 863 1757 934 τὴν

170 943 378 1015 ψυχὴν.
403 943 773 1013 ἐνεθισθείσης
799 945 876 1016 τῷ
900 946 1081 1018 θρήνῳ
1112 949 1211 1018 τῆς
1239 947 1495 1011 διανοίας
1517 947 1546 1000 ὃ
1573 947 1635 1016 δὴ
1660 946 1757 998 καὶ

171 1026 414 1094 ἐγένετο.
461 1028 680 1098 Ἐπειδὴ
712 1028 822 1099 γάρ
858 1029 922 1082 τὸ
957 1031 1112 1098 ἆγιον
1139 1034 1313 1084 ἐκεῖνο
1356 1031 1514 1101 σῶμα
1545 1032 1578 1100 ἠ
1603 1030 1756 1093 πόλις

170 1109 416 1174 ἐδέξατο,
437 1109 706 1180 ἐπένθησε
733 1112 830 1181 μὲν
858 1113 952 1165 καὶ
976 1112 1138 1178 οὕτω,
1159 1115 1248 1167 καὶ
1265 1113 1564 1179 ἀνωλόλυξε
1590 1113 1751 1183 μέγα·

174 1193 313 1246 ἀλλά
343 1194 554 1265 ταχέως
588 1196 855 1249 κατέλυσε
903 1197 965 1250 τὸ
1000 1198 1213 1261 πένθος,
1252 1199 1359 1252 ἀπό
1391 1216 1451 1250 τε
1480 1199 1575 1268 τῆς
1602 1199 1755 1268 εἰρη-

176 1276 351 1345 μένης
374 1277 572 1341 αἰτίας,
605 1279 700 1330 καὶ
719 1279 816 1350 τῆς
841 1279 1140 1352 μελλούσης
1168 1281 1498 1353 ῥηθήσεσθαι
1527 1281 1577 1334 δ.

253 1361 313 1413 '0
358 1361 470 1432 γὰρ
500 1362 882 1434 φιλάνθρωπος
925 1363 1058 1428 Θεὸς
1105 1365 1440 1436 κατελεήσας
1474 1365 1622 1435 ἡμᾶς
1657 1363 1757 1434 τῆς

172 1443 389 1513 ὀδύνης,
419 1445 630 1514 ταχέως
654 1447 788 1516 ἡμῖν
836 1446 1020 1517 ἕτερον
1047 1447 1282 1518 ποιμένα
1323 1444 1580 1511 ἀνέδειξε,
1617 1445 1756 1517 μετά

174 1526 382 1596 πολλῆς
410 1526 696 1597 ἀκριϐείας
747 1531 872 1592 τοὺς
919 1531 1130 1584 ἐκείνου
1185 1529 1544 1600 διατηροῦντα
1583 1546 1751 1600 χαρα-

171 1608 421 1680 κτῆρας,
473 1611 566 1663 καὶ
621 1611 721 1682 τὴν
777 1613 960 1665 εἰκόνα
1010 1615 1110 1684 τῆς
1168 1613 1368 1684 ἀρετῆς
1423 1611 1754 1676 διασῴζοντα

168 1693 376 1761 πάσης·
400 1692 458 1754 ὃς
488 1693 582 1746 καὶ
611 1694 704 1746 ἐπὶ
719 1694 810 1747 τὸν
837 1694 1024 1766 θρόνον
1039 1697 1264 1761 ἀναϐὰς,
1291 1696 1492 1759 εὐθέως
1505 1695 1604 1766 τὴν
1628 1713 1756 1749 πεν-

167 1773 313 1846 θήρη
359 1775 550 1847 στολὴν
581 1779 728 1848 ἡμᾶς
751 1779 1007 1844 ἀπέδυσε,
1049 1781 1141 1834 καὶ
1173 1780 1271 1851 τὴν
1303 1779 1496 1848 ὀδύνην
1517 1779 1708 1832 ἑσϐεσε
1732 1820 1748 1844 ,

164 1859 269 1928 τὴν
292 1859 350 1912 δέ
373 1858 465 1912 τοῦ
493 1861 762 1932 μακαρίου
787 1867 1006 1933 μνήμην
1032 1864 1298 1918 ἀνενέωσε
1323 1863 1541 1934 μᾶλλον.
1561 1865 1668 1917 Καὶ
1689 1863 1752 1915 τὸ

167 1942 274 2012 μὲν
309 1942 474 2010 ἄλγος
502 1944 860 2015 ἐμαραίνετο,
911 1949 940 2000 ό
969 1945 1028 1999 δὲ
1067 1947 1207 2018 ἔρως
1261 1948 1614 2018 σφοδρότερον
1654 1949 1750 2000 ἀν-

164 2027 394 2094 ήπτετο,
443 2027 535 2080 καὶ
567 2029 599 2097 ἡ
642 2029 847 2100 ἀθυμία
876 2030 1056 2084 τέλεον
1089 2033 1358 2103 ἀνῃρεῖτο’
1392 2032 1567 2086 καίτοι
1597 2049 1660 2100 γε
1692 2033 1750 2084 ἐν

163 2110 292 2172 ταῖς
329 2109 624 2174 ἀποϐολαῖς
660 2111 770 2166 τῶν
818 2112 1088 2182 φιλτάτων
1120 2115 1218 2184 ούχ
1262 2115 1404 2167 οὓτω
1433 2115 1748 2185 συμϐαίνειν

163 2192 397 2246 εἴωθε-ι’
448 2192 562 2247 ἀλλ’
589 2194 716 2246 ὅταν
762 2211 847 2258 τις
904 2197 1018 2250 υἱὸν
1069 2196 1347 2263 ποθεινὸν,
1392 2197 1544 2268 ἧκα).
1579 2198 1746 2269 ἄνδρα

161 2276 449 2346 αἰδέσιμον
472 2276 721 2350 ἀποϐάλῃ
749 2279 921 2351 γυνὴ,
961 2280 1066 2344 ἐως
1102 2282 1198 2352 μὲν
1222 2280 1286 2334 ἂν
1313 2282 1476 2335 αὑτοῦ
1515 2281 1743 2354 διατηρῇ

161 2359 268 2430 τὴν
315 2360 540 2431 μνήμην
603 2361 849 2428 ζέουσαν,
901 2365 995 2416 καὶ
1037 2363 1097 2416 τὸ
1143 2363 1336 2427 πένθος
1391 2365 1780 2437 σφοδρότερον,

161 2441 492 2511 ἐντρέφεται
515 2445 579 2513 τῇ
605 2443 769 2514 ψυχῇ·
788 2442 912 2498 ὃταύ
937 2446 993 2499 δὲ
1013 2446 1203 2516 χρόνος
1231 2448 1556 2502 ἐπεισελθὼν
1583 2467 1748 2502 κατα-

164 2525 387 2597 μαλάξῃ
416 2526 476 2578 τὸ
503 2527 716 2591 πένθος,
747 2530 1158 2600 συναπεσϐέσθη
1196 2535 1261 2602 τῇ
1294 2533 1614 2604 σφοδρότητι
1648 2535 1747 2603 τῆς

160 2607 361 2678 ὀδύνης
399 2609 494 2662 καὶ
525 2609 586 2662 τὸ
621 2612 719 2681 τῆς
759 2613 980 2682 μνήμης
1008 2613 1274 2683 ἀκμάζον·
1309 2616 1403 2670 ἐπὶ
1438 2617 1494 2669 δέ
1521 2616 1613 2670 τοῦ
1642 2635 1748 2687 μα-

160 2693 363 2766 καρίου
415 2693 604 2746 τούτου
663 2695 970 2750 τούναντίον
1017 2696 1288 2766 ἐγίγνετο·
1326 2701 1362 2754 ὗ
1406 2700 1504 2754 μὲν
1539 2701 1745 2772 ἀθυμία

221 2892 254 2958 ξ
289 2892 426 2958 Hinc,
453 2895 639 2958 βλέπων
659 2893 828 2956 ταῦτα,
857 2897 1039 2946 desunt
1056 2899 1105 2946 in
1143 2899 1333 2947 duobus
1355 2899 1616 2949 codicibus.

219 2953 262 3030 PA
276 2957 344 3030 in
365 2953 593 3030 hgénitai
610 2964 695 3030 Ξῆς
712 2953 979 3030 pelicum;
989 2961 1303 3030 ⁸ῥηθήσεσθαι,
1325 2963 1377 3010 in
1401 2963 1548 3012 unius
1563 2961 1744 3012 codicis

162 3017 387 3079 margine
409 3017 594 3081 legitur
612 3017 729 3084 Περῖ
749 3017 1017 3069 Φλαϐιανοῦ
1036 3021 1177 3083 λέγει.

1055 3289 1478 3298 .———_—————

1282 413 1349 468 IN
1403 417 1458 470 S.
1511 415 1870 474 LUCIANUM
1917 417 2333 478 MARTYREM.

3323 421 3430 479 5‘20

1860 528 2142 594 παντελῶς
2174 531 2510 598 ἐξεϐάλλετο,
2548 534 2582 604 ή
2627 534 2684 588 δέ
2740 535 2926 606 μνήμη
2964 535 3023 588 ού
3064 534 3330 606 συναπῄει
3359 539 3426 606 τῇ

1857 610 2022 685 λύπῃ,
2047 612 2184 666 ἀλλά
2212 614 2564 686 σφοδρότερον
2585 616 2796 687 ηὔξετο.
2826 619 2936 672 Καὶ
2965 618 3237 690 μάρτυρες
3268 621 3430 689 ὑμεῖς

1857 697 1906 748 οί
1933 695 2069 765 μετὰ
2122 697 2375 750 τοσοῦτον
2419 699 2607 770 χρόνον
2651 701 2904 772 καθάπερ
2952 703 3201 772 μέλισσαι
3251 703 3432 774 κηρίῳ

1857 779 2279 850 περιιπτάμενοι
2313 779 2391 851 τῷ
2437 781 2650 852 σώματι
2693 783 2780 836 τοῦ
2823 785 3093 855 μακαρίου
3135 786 3426 839 Μελετίου·

1857 862 1918 915 τὸ
1945 862 2003 915 δὲ
2033 863 2206 917 αἴτιον
2238 863 2298 916 ού
2325 864 2539 933 φύσεως
2570 861 2639 936 ἦν
2667 867 2726 920 τὸ
2765 868 2899 940 πρὸς
2951 868 3156 922 ἐκεῖνον
3187 868 3426 940 φίλτρον,
3489 877 3498 885 ’

1858 945 1995 998 ἀλλά
2021 946 2252 1016 κρίσεως
2273 948 2438 1019 ὀρθῆς
2466 947 2745 1020 λογισμός.
2765 951 2864 1004 Διά
2892 951 3052 1004 τοῦτο
3079 952 3178 1004 οὐκ
3197 951 3425 1023 ἐσϐέσθη

1857 1028 2092 1099 θανάτῳ,
2109 1030 2208 1083 ούκ
2235 1031 2538 1102 ἠμαυρὼθη
2566 1034 2760 1104 χρόνῳο
2779 1034 2892 1086 ἀλλ’
2910 1035 3152 1099 αὒξεται,
3174 1036 3268 1088 καὶ
3294 1035 3429 1105 πρὸς

1856 1111 1917 1164 τὸ
1947 1111 2129 1181 μεῖζον
2177 1113 2512 1166 ἐπιδίδωσιν·
2571 1116 2692 1185 οὐχὶ
2735 1116 2844 1169 τῶν
2892 1119 3211 1187 ἑωρακότων
3268 1119 3428 1187 μόνον

1857 1194 2010 1264 ὑμῶν
2048 1196 2210 1249 αὐτὸν
2229 1236 2244 1260 ,
2281 1195 2414 1248 άλλά
2447 1197 2537 1249 καὶ
2572 1198 2679 1250 τῶν
2731 1199 2831 1252 οὐκ
2863 1201 3099 1254 είδότων.
3127 1201 3200 1254 Ῥὸ
3226 1201 3334 1270 γὰρ
3362 1201 3426 1271 δὴ

1861 1277 2171 1348 θαυμαστὸν
2208 1279 2365 1331 τοῦτό
2417 1281 2600 1345 ἐστιν,
2645 1281 2729 1332 ὅτι
2775 1281 2870 1335 καὶ
2901 1284 3014 1336 ὅσοι
3051 1283 3306 1353 νεώτεροι
3331 1283 3430 1352 τῆς

1856 1359 2067 1413 ἐκείνου
2099 1357 2244 1430 ζωῆς
2269 1361 2547 1429 γεγόνασι,
2578 1363 2672 1415 καὶ
2704 1357 2848 1416 οὗτοι
2871 1365 3024 1418 αὐτοὶ
3053 1365 3188 1435 πρὸς
3214 1365 3305 1418 τὸν
3325 1364 3428 1416 αὺ-

1855 1440 1946 1493 τὸν
1970 1443 2281 1496 ἐκκαίονται
2308 1443 2491 1498 πόθον.
2534 1445 2723 1515 Ὑμεῖς
2772 1446 2870 1516 μὲν
2897 1443 2991 1500 οὖν
3035 1449 3082 1499 οἱ
3125 1446 3428 1517 πρεσϐῦται

1857 1523 2223 1577 πλεονεκτεῖτε
2245 1525 2354 1577 τῶν
2377 1526 2473 1595 οὐχ
2502 1528 2822 1596 ἑωρακότων
2847 1530 3010 1582 αὐτὸν
3037 1529 3167 1582 αὐτὸ
3187 1530 3250 1598 δὴ
3269 1528 3429 1582 τοῦτο

1854 1607 1916 1660 τὸ
1969 1608 2364 1676 συγγενέσθαι,
2415 1609 2509 1662 καὶ
2555 1611 2655 1680 τῆς
2704 1612 2862 1680 ἁγίας
2918 1611 3069 1684 [525]
3122 1611 3426 1666 ἀπολαῦσαι

1857 1692 2159 1755 συνουσίαςο
2192 1694 2241 1745 οί
2269 1693 2322 1746 δὲ
2345 1693 2442 1762 οὐχ
2471 1694 2772 1765 ἑωρακότες
2812 1695 3222 1749 πλεονεκτοῦσιν
3250 1695 3425 1765 ὑμῶν,

1853 1774 1935 1827 δτι
1972 1774 2046 1845 μὴ
2065 1774 2385 1846 τεθεαμένοι
2411 1775 2500 1828 τὸν
2545 1776 2732 1848 ἀνδρα,
2768 1777 2920 1847 ὑμῶν
2957 1778 3067 1831 τῶν
3108 1779 3427 1850 ἑωρακότων

1851 1859 1950 1912 οὐκ
1976 1858 2233 1912 ἐλάττονα
2264 1860 2392 1931 περὶ
2421 1859 2580 1914 αὑτὸν
2604 1861 3001 1915 ἐπιδείκνυνται
3037 1863 3220 1916 πόθον.
3253 1861 3427 1926 sese.

1855 1942 1994 2012 μεθα
2051 1941 2116 2012 δὴ
2161 1945 2312 2012 κοινῇ
2365 1941 2600 2006 πάντες,
2653 1943 2912 2015 ἄρχοντες
2967 1945 3061 1998 καὶ
3107 1944 3423 2016 ἀρχόμενοι,

1851 2027 2104 2092 γυναῖκες
2132 2026 2223 2078 καὶ
2251 2025 2463 2094 ἄνδρες,
2498 2026 2801 2095 πρεσϐῦται
2835 2027 2929 2079 καὶ
2969 2027 3102 2090 νέοι,
3128 2027 3305 2080 δοῦλοι
3332 2027 3425 2080 καί⁸

1851 2107 2144 2178 ἐλεύθεροι,
2166 2108 2328 2160 αὐτὸν
2347 2107 2440 2159 τὸν
2471 2109 2738 2178 μακάριον
2763 2108 3022 2162 Μελέτιον
3047 2109 3302 2162 κοινωνὸν
3323 2109 3424 2178 τῆς

1849 2190 2011 2260 εὐχῆς
2043 2189 2245 2259 ταύτης
2290 2188 2543 2253 λαϐόντες
2587 2191 2832 2262 (καὶγὰρ
2875 2191 3072 2244 πλείων
3105 2191 3253 2260 αύτῷ
3278 2193 3423 2262 παῤ-

1851 2272 2014 2343 ρησία
2045 2271 2159 2334 νῦν,
2189 2273 2283 2324 καὶ
2323 2272 2650 2343 θερμότερον
2685 2273 2822 2344 πρὸς
2868 2275 3017 2343 ἡμᾶς
3048 2273 3108 2326 τὺ
3131 2274 3420 2344 φίλτρον),

1848 2355 2147 2426 αὐξηθῆναι
2175 2354 2376 2425 ταύτην
2400 2357 2531 2426 ἡμῖν
2559 2355 2654 2426 τὴν
2684 2357 2924 2427 ἀγάπην,
2950 2358 3041 2409 καὶ
3083 2357 3422 2426 καταξιωθῆ-

1847 2454 1936 2490 ναι
1983 2439 2190 2500 πάντας
2233 2439 2412 2508 ἡμᾶς,
2464 2439 2714 2509 καθάπερ
2766 2440 3000 2494 ἐνταῦθα
3052 2440 3276 2510 πλησίον
3322 2441 3422 2510 τῆς

1848 2520 2116 2592 λάρνακος
2142 2520 2342 2590 ταύτης
2371 2521 2558 2592 ἐσμὲν,
2588 2521 2730 2575 οὕτω
2759 2525 2922 2576 κάκεῖ
2947 2524 3238 2594 δυνηθῆναι
3266 2524 3421 2592 γενέ-

1848 2604 1974 2657 σθαι
2022 2604 2249 2674 πλησίον
2290 2606 2390 2674 τῆς
2423 2605 2648 2668 αἰωνίας
2691 2606 2856 2658 αὑτοῦ
2892 2607 3118 2679 σκηνῆς,
3168 2607 3264 2660 καὶ
3313 2607 3422 2660 τῶν

1845 2688 2223 2758 ἀποκειμένων
2253 2691 2431 2758 τυχεῖν
2461 2688 2699 2756 ἀγαθῶν
2719 2681 2796 2743 ὧν
2809 2691 3021 2757 γένοιτο
3046 2691 3248 2754 πάντας
3274 2693 3420 2760 ἡμᾶς

1845 2772 2118 2840 ἐπιτυχεῖν
2148 2768 2331 2841 χάρέει
2369 2771 2462 2824 καὶ
2502 2770 2882 2843 φιλανθρωπίᾳ
2904 2775 2998 2826 τοῦ
3028 2773 3231 2845 Κυρίου
3259 2777 3291 2844 ή
3303 2773 3421 2842 μῶν

1857 2853 2030 2923 Ἰησοῦ
2078 2853 2312 2921 Χριστοῦ
2336 2893 2349 2913 ,
2401 2852 2468 2906 δι’
2497 2845 2557 2905 οὗ
2603 2854 2696 2907 καὶ
2736 2855 2854 2924 μεθ’
2876 2849 2936 2908 οὗ
2966 2856 3043 2928 τῷ
3076 2855 3269 2927 Πατρὶ,
3301 2855 3415 2926 ἅμα

1843 2936 1920 3006 τῷ
1943 2936 2084 3006 ἁγίῳ
2120 2930 2419 3005 Πνεύματι,
2451 2934 2576 3001 δόξα
2598 2937 2691 2990 καὶ
2721 2937 2916 3008 κράτος
2955 2941 3034 3004 είς
3061 2940 3187 3002 τοὺς
3214 2938 3418 3002 αἰῶνας

1847 3018 1954 3072 τῶν
1987 3018 2214 3072 αἰώνων.
2256 3018 2448 3091 Ἀμήν.

2287 3287 2583 3298 ——._..__.

2166 3287 2583 3298 -__.___.__
2591 3290 3382 3320 ψη

804 3425 904 3487 AD
942 3421 1319 3485 HOMILIAM
1359 3421 1440 3482 IN
1485 3419 1838 3482 SANCTUM
1881 3420 2273 3481 LUCIANUM
2309 3421 2762 3482 MARTYREM.

147 3561 402 3615 cionatus
430 3561 569 3610 erat.
604 3551 732 3608 Haec
763 3565 930 3623 porro
959 3549 1034 3605 De
1055 3549 1331 3620 baptismo
1365 3547 1572 3604 Christi
1611 3545 1838 3602 homilia
1868 3545 2062 3601 incidit
2099 3545 2153 3600 in
2177 3561 2382 3600 annum
2415 3545 2622 3602 Christi
2650 3546 2775 3611 ³587,
2813 3549 2952 3604 utin
2981 3549 3188 3607 Monito
3216 3552 3416 3611 ibidem

147 3682 436 3754 probatur.

215 3793 546 3866 Martyrium
598 3806 731 3847 vero
771 3789 829 3847 S.
866 3789 1093 3846 Luciani
1144 3788 1450 3861 Presbyteri
1515 3784 1867 3853 Antiocheni,
1908 3785 2001 3872 qui
2052 3785 2194 3840 fame
2235 3795 2290 3842 et
2343 3786 2679 3842 cruciatibus
2731 3787 2943 3850 multis,
2994 3794 3056 3841 ut
3111 3785 3188 3840 ait
3239 3785 3418 3856 Chry-

150 3921 458 3977 sostomus,
492 3908 696 3965 Christi
753 3923 954 3963 nomen
1013 3906 1250 3978 gloriose
1281 3904 1567 3960 confessus
1623 3915 1728 3971 est,
1764 3904 1964 3959 accidit
2010 3919 2154 3957 anno
2185 3903 2312 3968 5H,
2343 3904 2429 3958 vel
2457 3904 2582 3969 512,
2638 3907 2690 3957 in
2721 3902 3102 3973 persecutione
3150 3899 3410 3954 Maximi-

151 4034 225 4087 ni.
260 4029 714 4101 Martyrologium
751 4029 1057 4083 Romanum
1108 4028 1174 4082 ad
1210 4027 1354 4082 diem
1388 4026 1418 4078 '7
1455 4024 1702 4080 Januarii
1757 4024 1934 4080 sancti
1990 4023 2215 4079 Luciani
2246 4023 2447 4079 festum
2499 4023 2810 4078 annuntiat.
2852 4021 3012 4077 Hunc
3064 4021 3254 4076 Ariani
3287 4034 3418 4074 sua-

149 4171 270 4212 rum
306 4155 545 4226 partium
579 4134 749 4208 fuisse
777 4150 1207 4218 mentiebantur,
1252 4149 1510 4221 quoniam
1544 4163 1609 4202 ex
1658 4147 1778 4217 ejus
1815 4147 2100 4218 discipulis
2130 4146 2353 4217 quidam
2388 4160 2447 4200 se
2475 4143 2529 4199 in
2563 4143 2894 4198 Arianorum
2930 4149 3111 4196 castra
3158 4139 3404 4209 conjece-

151 4289 297 4334 runt.
360 4277 477 4332 lmo
525 4277 641 4346 ipse
693 4273 859 4329 Arius
887 4273 1130 4341 itemque
1179 4269 1450 4326 Eusebius
1493 4266 1927 4324 Nicomediensis
1959 4305 1974 4331 ,
2027 4274 2189 4320 secta:
2233 4262 2380 4318 illius
2426 4261 2813 4332 primipilares,
2872 4259 3101 4314 Luciani
3157 4255 3411 4325 discipuli

153 4395 371 4450 fuerant
395 4403 448 4450 et
475 4409 596 4450 sese
625 4391 1046 4448 Collucianistas
1071 4389 1362 4446 vocabant.
1413 4387 1614 4444 Verum
1647 4389 1722 4443 illi
1773 4404 1803 4443 a
1835 4385 2064 4442 Luciani
2098 4383 2372 4449 doctrina,
2422 4382 2696 4453 simulque
2727 4397 2760 4437 a
2794 4381 2899 4437 tide
2921 4380 3206 4436 Catholica
3239 4377 3418 4434 desci-

158 4522 368 4568 verant.

226 4627 606 4697 lntcrpretatio
632 4627 828 4683 Latina
859 4635 944 4683 est
974 4624 1267 4680 Frontonis
1299 4623 1502 4688 Duca'i,
1537 4637 1698 4680 ulnam
1732 4619 2082 4690 paucissimis
2103 4616 2158 4672 in
2202 4615 2337 4673 locis
2358 4615 2794 4671 emendavimus.

193 4771 3382 4805 _______________________________________________________

997 4926 1148 5002 [5"]
1197 4935 1591 5024 ΟΜΙΛΙΑ
1650 4931 2530 5019 ΕΓΚΩΜΙΑΣΤΙΚΗ.

1183 5174 1286 5240 Είς
1316 5173 1423 5227 τὸν
1447 5171 1618 5242 ἄτιον
1653 5170 1926 5240 μάρτυρα
1952 5169 2286 5226 Λουκιανόν
2317 5180 2366 5220 ι.

227 5605 300 5664 ι’.
323 5607 503 5681 Ὅπερ
519 5605 646 5678 χθὲς
663 5601 947 5660 ἐδεδοίκειν
965 5599 1146 5672 ἐξέϐη,
1161 5597 1256 5654 καὶ
1270 5599 1420 5664 τέλος
1435 5599 1594 5654 ἐλαϐε
1611 5597 1726 5662 νῦν,

221 5755 244 5816 9
268 5753 430 5816 Hujus
447 5753 666 5816 bomijim
686 5752 860 5816 titulus
878 5751 950 5799 sic
965 5745 1152 5816 legitur
1175 5749 1223 5798 in
1246 5745 1415 5816 codice
1447 5747 1732 5816 Colbertino

164 5809 405 5866 970:135
448 5813 596 5863 αὐτοῦ
619 5819 676 5875 τῇ
715 5813 931 5874 ἐπαύριον
956 5809 1050 5859 τῶν
1068 5810 1266 5875 Φώτων.
1307 5809 1380 5875 Ἡ)
1391 5811 1501 5875 ξχθη
1555 5813 1619 5875 εἰς
1656 5810 1736 5856 τὸν

1836 5594 1930 5648 καὶ
1959 5593 2056 5664 τῆς
2081 5591 2274 5666 ἑορτῆς
2291 5587 2650 5659 ἀπελθούσης,
2675 5587 2768 5642 καὶ
2791 5587 2853 5640 τὸ
2877 5583 3079 5656 πλῆθος
3106 5583 3238 5654 ἡμῖν
3270 5597 3398 5638 συν-

1839 5741 2134 5806 Λουκιανόνς
2168 5741 2360 5802 Ἐλέχθη
2404 5744 2462 5800 τῇ
2504 5738 2724 5806 ἐπαύριον
2759 5737 2855 5806 τῶν
2883 5735 3081 5783 Φώτων.
3116 5730 3401 5806 initiousta-

1839 5807 1924 5853 tim
1951 5805 2099 5852 Savil.
2122 5804 2171 5852 in
2203 5796 2342 5849 leiiu
2383 5796 2718 5861 παρελθούσης,
2759 5802 2809 5848 in
2856 5810 3005 5858 marg.
3035 5809 3151 5845 vero
3173 5796 3398 5844 ἀπελθού-

165 5861 288 5937 ἐγώ
540 5861 815 5926 λουδίιανὸν.
836 5861 986 5923 'Savil.
1013 5875 1130 5921 item
1149 5886 1157 5919 :
1182 5873 1262 5926 Εἰς
1281 5872 1358 5919 τὸν
1381 5861 1511 5930 ἅγιον
1531 5861 1740 5930 μάρτυρα

1851 5883 1949 5923 σης.
1973 5871 2025 5915 et
2049 5866 2117 5915 sic
2152 5863 2320 5912 Morel.
2345 5866 2396 5907 et
2420 5861 2556 5908 tiolb.
