3876 6286
470 422 570 479 εει

469 537 806 608 απεδήμησε,
831 532 927 587 καὶ
951 533 1186 588 ἐλάττων
1207 534 1338 607 ἡμῖν
1359 535 1387 586 6
1414 533 1669 602 σύλλογος
1694 532 1906 603 γέγονε.
1936 531 2050 584 Καὶ

469 622 618 694 ᾔδειν
650 619 749 688 μὲν
779 615 936 670 τοῦτο
962 616 1373 689 συμϐησόμενον
1398 616 1635 680 πάντως·
1659 615 1721 669 οὐ
1755 616 1862 687 μὴν
1887 612 1945 667 δὲ
1963 611 2052 666 διὰ

471 703 630 758 τοῦτο
672 700 773 770 τῆς
810 699 1186 769 παραινέσεως
1229 699 1507 769 ἀπέστην·
1561 700 1609 752 εί
1651 697 1761 769 γάρ
1792 697 1886 752 καὶ
1918 694 1994 767 μὴ
2024 707 2051 735 ι

473 787 676 846 πάντες
726 781 1056 853 ἐπείσθησαν
1111 783 1161 836 οί
1214 781 1343 854 χθὲς
1378 781 1735 846 ἀκούσαντες,
1788 779 1903 835 ἀλλ’
1933 777 2053 832 οὐδὲ

476 869 674 930 πάντες
702 866 1026 936 ἠπείθησαν·
1044 867 1105 919 οὐ
1135 867 1328 938 μικρὸν
1348 864 1406 919 δέ
1428 865 1585 919 τοῦτο
1606 864 1686 928 είς
1703 862 2055 936 παραμυθίας

472 950 630 1018 λόγον
653 952 805 1020 ήμῖν·
827 949 1016 1020 διόπερ
1033 949 1154 1003 οὐδὲ
1177 950 1419 1020 σήμερον
1451 950 1831 1020 ἀποστήσομαι
1852 945 2055 1013 ταύτης

472 1033 573 1103 τῆς
602 1031 928 1103 συμϐουλῆς·
962 1034 1010 1085 εί
1035 1031 1146 1103 γάρ
1175 1034 1269 1086 καὶ
1307 1033 1383 1104 μὴ
1420 1031 1488 1085 δι’
1519 1029 1700 1102 ήμῶν,
1734 1030 1870 1084 ἀλλά
1896 1046 1960 1096 γε
1985 1027 2054 1082 δι’

475 1115 507 1167 ὐ
516 1114 630 1183 μῶν
657 1115 873 1179 πάντως
905 1113 1229 1169 ἀκούσονται
1249 1115 1317 1168 τὰ
1344 1116 1632 1187 λεγόμενα.
1651 1115 1749 1179 Τίς
1772 1114 1881 1184 γὰρ
1904 1113 2058 1182 δυνη-

475 1195 595 1265 θείη
628 1199 751 1268 σιγῇ
773 1196 871 1268 τὴν
898 1197 1170 1268 τοσαύτην
1203 1198 1383 1251 αὐτῶν
1414 1198 1686 1270 ρᾳθυμίαν
1721 1198 1985 1265 ἐνεγκεῖν,
2018 1194 2052 1266 ἢ

481 1279 799 1350 μεταδοῦναι
831 1279 1161 1351 συγγνώμης
1205 1282 1299 1334 καὶ
1327 1280 1623 1349 ἀπολογίας
1661 1280 1863 1343 αὐτοῖς,
1892 1278 1941 1331 οἳ
1969 1277 2055 1330 διὰ

479 1361 731 1417 τοσούτου
762 1364 957 1434 χρόνου
975 1363 1075 1435 τὴν
1106 1363 1318 1435 μητέρα
1346 1362 1570 1428 ίδόντες,
1588 1362 1810 1418 καὶτῶν
1830 1363 1887 1414 ἐν
1915 1363 2054 1432 αὐτῇ

478 1445 661 1501 καλῶν
705 1447 1114 1511 ἀπολαύσαντες
1145 1449 1482 1518 ἀπέστησαν,
1519 1449 1614 1503 καὶ
1645 1450 1746 1502 οὐκ
1772 1449 2059 1518 ἠνέσχοντο

478 1529 541 1581 τὸ
573 1529 824 1601 δεύτερον
859 1530 1186 1601 ἐπιστρέψαι
1214 1531 1243 1571 ι)
1268 1530 1449 1593 πάλιν,
1497 1532 1618 1584 οὐδὲ
1643 1530 1740 1603 τὴν
1784 1527 1875 1582 τοῦ
1936 1528 2058 1581 Νῶε

483 1615 831 1682 περιστερὰν,
862 1613 999 1666 ἀλλά
1029 1612 1118 1666 τὸν
1146 1613 1359 1685 κόρακα
1380 1616 1739 1684 ἐμιμήσαντο,
1769 1612 1862 1665 καὶ
1891 1611 2060 1665 ταῦτα

482 1694 579 1749 τοῦ
602 1696 893 1750 κλυδωνίου
918 1697 1172 1766 μένοντος
1199 1697 1300 1761 ἐτι,
1318 1698 1413 1751 καὶ
1427 1697 1520 1750 τοῦ
1542 1697 1806 1767 χειμῶνος
1828 1694 2058 1759 ἐκείνου,

483 1779 579 1832 καὶ
604 1779 991 1851 χαλεπωτέρας
1023 1780 1142 1834 καθ’
1168 1781 1405 1851 ἑκάστην
1454 1781 1666 1851 ἡμέραν
1708 1779 2061 1850 ἐγειρομένης

486 1861 675 1931 ζάλης,
706 1863 927 1933 καὶτῆς
956 1862 1118 1932 ἁγίας
1162 1862 1365 1933 ταύτης
1409 1861 1645 1916 κιϐωτοῦ
1694 1860 2063 1932 προκειμένης

486 1947 547 1999 ἐν
576 1947 746 2017 μέσῳ,
777 1947 872 2000 καὶ
893 1946 1101 2010 πάντας
1126 1946 1417 2017 καλούσης,
1443 1947 1539 2000 καὶ
1567 1944 1705 2017 πρὸς
1733 1944 1928 2016 ἑαυτὴν
1951 1947 2065 1997 ἐπι-

487 2029 802 2100 σπωμένης,
836 2029 930 2083 καὶ
962 2029 1162 2101 πολλὴν
1199 2032 1314 2093 τοῖς
1355 2028 1756 2099 καταφεύγουσι
1794 2027 2068 2101 παρεχού-

487 2128 588 2183 σης
614 2113 712 2181 τὴν
752 2113 1087 2182 ἀσφάλειαν;
1127 2113 1203 2167 Οὐ
1248 2113 1355 2184 γὰρ
1384 2112 1615 2176 ὑδάτων,
1648 2112 1771 2166 οὐδὲ
1804 2113 2065 2184 κυμάτων

486 2193 742 2263 ἐμϐολάς,
769 2196 906 2250 ἀλλὰ
931 2196 1039 2249 τῶν
1073 2195 1429 2265 ἀλογωτάτων
1464 2196 1655 2250 παθῶν
1692 2195 1792 2258 τὰς
1822 2197 2065 2266 συνεχεῖς

487 2278 852 2351 ἀποκρούεται
895 2280 1309 2344 ἐπαναστάσεις,
1354 2281 1450 2336 καὶ
1481 2281 1675 2351 φθόνον
1707 2282 1939 2352 ἀναιρεῖ,
1974 2279 2068 2332 καὶ
2090 2275 2105 2279 “

489 2363 748 2417 ἀπόνοιαν
781 2362 1149 2417 καταστέλλει.
1184 2361 1325 2417 Οὔτε
1353 2363 1460 2437 γάρ
1496 2365 1525 2417 6
1557 2364 1811 2429 πλούσιος
1835 2360 2069 2418 ἐνταῦθα

488 2443 584 2499 τοῦ
617 2446 851 2515 πένητος
883 2446 1159 2518 ὑπεριδεῖν
1195 2447 1504 2518 δυνήσεται,
1533 2447 1748 2501 ἀκούων
1780 2448 1933 2520 παρά
1960 2446 2069 2500 τῶν

491 2529 649 2583 θείων
670 2529 918 2602 Γραφῶν,
945 2531 1029 2584 ὅτι
1081 2529 1257 2586 Πᾶσα
1291 2530 1449 2600 σὰρξ
1502 2531 1736 2601 χόρτος,
1773 2532 1871 2584 καὶ
1901 2527 2070 2584 πᾶσα

490 2610 643 2681 δόξα
662 2612 976 2680 ἀνθρώπου
1020 2613 1101 2677 ὡς
1151 2611 1334 2680 ἄνθος
1384 2613 1624 2682 χόρτου·
1675 2611 1800 2666 οὐτε
1827 2613 1856 2666 6
1902 2612 2071 2682 πένης

492 2694 829 2750 πλουτοῦντα
856 2695 943 2749 ἐτε
952 2713 1042 2767 ρον
1072 2693 1196 2750 ἰδὼν
1243 2694 1516 2767 βασκανίᾳ
1539 2694 1831 2761 ἁλώσεται,
1857 2695 2071 2750 ἁκούων

493 2777 587 2831 καὶ
617 2778 781 2842 αὐτὸς
821 2779 1007 2848 ἑτέρου
1054 2780 1332 2850 προφήτου
1379 2778 1653 2847 λέγοντος·
1712 2778 1811 2847 Μὴ
1860 2777 2071 2848 φοϐοῦ.

432 2919 436 2924 ,
493 2858 641 2913 ὅταν
671 2860 992 2929 πλουτήσῃ
1025 2861 1337 2930 ἄνθρωπος
1357 2903 1372 2927 ,
1411 2862 1450 2929 ἢ
1489 2861 1636 2915 ὅταν
1682 2858 2005 2929 πληθυνθῇ
2033 2860 2074 2929 ή

494 2941 646 3007 δόξα
671 2943 779 2998 τοῦ
803 2944 973 2998 οἵκου
994 2943 1199 2998 αὑτοῦ·
1219 2943 1307 2997 ὅτι
1331 2945 1443 2997 οὐκ
1467 2944 1537 2997 ἐν
1561 2943 1641 3008 τῷ
1663 2942 2077 3007 ἀποθνήσκειν

495 3026 682 3081 αὐτὸν
708 3027 967 3097 λήψεται
995 3027 1068 3081 τὰ
1109 3026 1328 3092 πάντα,
1371 3026 1517 3081 οὐδὲ
1549 3027 2076 3096 συγκαταϐήσεται

496 3109 657 3175 αὐτῷ
676 3110 714 3177 ή
736 3110 885 3176 δόξα
914 3110 1122 3165 αὐτοῦ.
1151 3110 1386 3181 Τοιαύτη
1412 3110 1521 3181 γὰρ
1540 3110 1641 3179 τῆς
1666 3111 1926 3182 εὐπορίας
1945 3109 2078 3165 ταύ-

498 3209 601 3263 της
629 3195 662 3264 ή
697 3193 857 3264 φύσις
875 3210 888 3222 ·
922 3196 984 3248 οὐ
1016 3193 1453 3265 συμμεθίσταται
1473 3196 1586 3256 τοῖς
1609 3192 1843 3265 ἔχουσιν,
1871 3195 1933 3247 οὐ
1960 3208 2080 3246 συν-

498 3277 770 3348 αποδημεῖ
795 3281 909 3340 τοῖς
938 3277 1333 3347 κεκτημένοις,
1362 3278 1424 3330 οὐ
1459 3275 1790 3346 παρίσταται
1822 3275 2078 3348 κρινομέ-

501 3377 614 3424 νοις
629 3363 747 3413 ἐκεῖ
773 3362 868 3414 καὶ
893 3361 1120 3424 εὐθύνας
1144 3360 1457 3430 ὑπέχουσιν,
1473 3359 1586 3412 ἀλλ’
1605 3359 1708 3413 ὐπὸ
1736 3358 1831 3413 τοῦ
1850 3359 2078 3412 θανάτου

500 3442 852 3496 διακόπτεται
882 3443 1118 3505 πάντως·
1138 3442 1366 3504 πολλοὺς
1393 3441 1450 3494 δέ
1478 3440 1572 3494 καὶ
1598 3441 1703 3512 πρὸ
1729 3439 1821 3494 τοῦ
1848 3441 2079 3495 θανάτου

504 3526 812 3580 κατέλιπεν·
850 3526 1076 3589 ἄπιστος
1108 3528 1141 3598 ή
1174 3527 1393 3596 χρῆσις,
1420 3525 1673 3588 ἀϐέϐαιος
1697 3526 1731 3595 ή
1760 3524 2078 3589 ἀπόλαυσις,

505 3608 843 3674 ἐπικίνδυνος
864 3612 896 3681 ἡ
929 3610 1140 3679 κτῆσις.
1173 3609 1312 3662 Ἀλλ’
1332 3609 1393 3663 οὐ
1410 3609 1478 3663 τὰ
1494 3610 1593 3679 τῆς
1612 3609 1814 3681 ἀρετῆς
1832 3610 2080 3675 τοιαῦτα,

507 3694 604 3746 καί
635 3692 701 3745 τὰ
733 3693 832 3763 τῆς
861 3693 1260 3766 ἐλεημοσύνης·
1310 3692 1424 3747 ἀλλ’
1457 3693 1606 3747 ἐστιν
1650 3695 1844 3759 ἄσυλος
1877 3689 2030 3760 οὗτος
2055 3698 2083 3750 6

508 3778 802 3850 θησαυρός.
834 3777 1004 3831 Πόθεν
1045 3776 1205 3831 τοῦτο
1249 3776 1436 3848 δῆλον;
1480 3777 1542 3832 '0
1572 3780 1701 3851 περὶ
1732 3777 1826 3833 τοῦ
1855 3777 2083 3834 πλούτου

506 3860 697 3914 τούτου
726 3860 1091 3930 φιλοσοφήσας
1125 3860 1220 3915 καὶ
1246 3860 1435 3925 εἰπὼν,
1470 3862 1552 3915 ὅτι
1589 3865 1671 3916 Οὐ
1701 3862 2084 3934 συγκαταϐή-

506 3959 676 3997 σεται
706 3943 865 4009 αὺτῷ
892 3945 930 4012 ἡ
962 3943 1111 4010 δόξα
1145 3945 1331 3998 αὑτοῦ
1356 3944 1548 3999 ὀπίσω
1575 3944 1783 4010 αὐτοῦ,
1817 3940 1971 4010 οὗτος
1994 3947 2086 3999 καὶ

509 4027 639 4098 περὶ
661 4027 771 4080 τῶν
793 4027 894 4096 τῆς
917 4026 1037 4099 ἐλεη
1048 4026 1281 4099 μοσύνης
1306 4027 1616 4100 θησαυρῶν,
1646 4028 1755 4082 τῶν
1785 4029 1870 4082 ἀεὶ
1895 4034 2087 4100 μενόν-

506 4126 617 4164 των
639 4111 1024 4182 καὶ-μηδέποτε
1047 4112 1394 4183 συλωμένων,
1407 4112 1729 4167 ἐπαίδευσεν
1749 4115 1897 4185 ἡμᾶς
1916 4114 2089 4179 οὕτως

509 4193 679 4247 εἰπών
700 4212 713 4225 ·
758 4196 1182 4264 Ἐσκόρπισεν,
1230 4196 1415 4267 ἔδωκε
1451 4196 1576 4263 τοῖς
1609 4196 1903 4266 πένησιν·
1937 4198 1976 4265 ἠ
2004 4197 2090 4252 δι-

510 4279 803 4345 καιοσύνη
830 4279 1018 4333 αὐτοῦ
1063 4279 1235 4348 μένει
1282 4281 1370 4345 είς
1407 4279 1516 4333 τὸν
1569 4279 1774 4334 αἰῶνα.
1807 4281 1873 4334 Τί
1899 4277 2088 4335 τούτου

508 4360 940 4434 παραδοξότερον
987 4361 1183 4430 γένοιτ’
1211 4361 1307 4425 άνς
1352 4361 1437 4413 Ta
1490 4362 1859 4433 συλλεγόμενα
1920 4364 2088 4418 ἀπόλ-

510 4442 719 4507 λυνται,
742 4444 837 4497 καὶ
862 4445 931 4498 τά
983 4442 1391 4514 σκορπιζόμενα
1424 4443 1598 4512 μένει,
1637 4446 1733 4499 καὶ
1761 4445 1905 4516 μάλα
1936 4445 2090 4519 [525]

512 4527 757 4590 εἰκότως.
791 4526 875 4579 Τά
906 4526 1004 4597 μὲν
1031 4527 1140 4598 γὰρ
1175 4529 1204 4580 6
1241 4525 1375 4589 Θεὸς
1408 4525 1757 4596 ὑποδέχεται,
1804 4530 1869 4581 ἐκ
1909 4527 1967 4581 δέ
1992 4528 2091 4598 τῆς

512 4609 607 4663 τοῦ
642 4607 777 4662 Θεοῦ
825 4608 1007 4680 χειρὸς
1046 4608 1221 4673 οὐδεὶς
1255 4608 1520 4680 ἁρπάζειν
1570 4609 1813 4663 δύναται·
1842 4609 1911 4664 τά
1943 4610 1999 4665 δὲ
2032 4613 2091 4664 ἐν

515 4691 879 4761 ἀνθρωπίνοις
939 4691 1255 4744 ἀποτίθεται
1311 4691 1633 4764 θησαυροῖς·
1682 4693 1809 4746 ἔνθα
1870 4693 2090 4759 πολλαῖς

517 4774 804 4826 ὑπόκειται
826 4776 945 4837 ταῖς
966 4773 1278 4839 ἐπιϐουλαῖς
1309 4784 1357 4838 ο,
1383 4774 1512 4828 ἔνθα
1537 4776 1705 4839 πολὺς
1727 4778 1755 4829 6
1786 4777 1977 4846 φθόνος
2000 4780 2092 4831 καὶ¹

514 4859 550 4926 ὴ
594 4854 878 4926 βασκανία.
919 4858 1011 4927 Μὴ
1056 4858 1235 4911 τοίνυν
1276 4857 1506 4929 ἀμελῇς,
1555 4860 1826 4930 ἁγαπητὲ,
1867 4863 1967 4932 τῆς
2005 4863 2093 4915 ἐν-

515 4939 693 4994 ταῦθα
719 4939 1017 5011 διατριϐῆς·
1042 4941 1146 4994 κᾶν
1162 4941 1270 5013 γάρ
1291 4958 1375 5005 τις
1398 4941 1605 5012 ἀθυμία
1627 4942 1834 5014 ἐνοχλῇ,
1861 4943 2096 4999 ἐνταῦθα

517 5023 897 5093 φυγαδεύεται·
927 5023 1029 5078 κᾶν
1054 5024 1331 5095 φροντίδες
1362 5024 1641 5095 βιωτικαὶ,
1672 5026 2091 5097 δραπετεύουσι·

516 5106 621 5160 κᾶν
679 5106 846 5175 ἄλογα
903 5106 1051 5177 πάθη
1074 5148 1089 5172 ,
1153 5106 1474 5162 σϐέννυται·
1530 5109 1638 5162 ἀπὸ
1695 5109 1751 5162 δὲ
1813 5110 1914 5181 τῆς
1960 5112 2094 5180 ἀγο-

522 5191 641 5261 ρᾶς,
682 5191 775 5244 καὶ
818 5190 927 5244 τῶν
968 5191 1232 5263 θεάτρων,
1294 5193 1390 5246 καὶ
1439 5191 1548 5245 τῶν
1596 5191 1770 5246 ἄλλων
1824 5193 2097 5263 συλλόγων

517 5272 626 5333 τῶν
682 5272 880 5338 ἔξωθεν
940 5274 1143 5338 πολλάς
1194 5275 1581 5346 ἐπισυρόμενοι
1642 5277 1964 5346 φροντίδας,
2000 5278 2097 5332 καὶ

519 5356 778 5426 ἀθυμίας,
812 5358 908 5411 καὶ
959 5357 1136 5429 ψυχῆς
1188 5360 1408 5421 νόσους,
1445 5359 1627 5412 οἴκαδε
1683 5360 2094 5431 ἁναχωροῦμεν.

523 5438 621 5494 “Av
650 5442 884 5496 ἐνταῦθα
922 5441 1203 5514 διατρίϐῃς
1251 5442 1509 5513 συνεχῶς,
1560 5443 1656 5497 καὶ
1716 5445 1860 5515 ἅπερ
1910 5443 2100 5508 ἔλαϐες

584 5659 605 5682 ⁸
623 5652 745 5715 Reg.
772 5660 825 5704 et
845 5655 979 5706 Colb.
1015 5659 1055 5705 εἰ
1071 5658 1160 5722 γὰρ
1186 5657 1270 5720 μή.

582 5714 614 5756 δ
637 5714 786 5757 Ξεινίι,
808 5719 1117 5757 ﬁxamaédmc,

638 5716 787 5788 Ξεινη.
808 5716 1120 5828 ὐποιπρέὲγαὶ.

638 5779 721 5828 διο
742 5791 916 5825 omnes
935 5785 989 5826 et
1045 5782 1120 5829 avi

586 5782 612 5811 °
638 5777 721 5828 Sic
742 5791 916 5825 omnes
935 5775 989 5826 et
1010 5775 1163 5841 Savll.
1184 5780 1239 5829 in
1260 5792 1437 5841 mal-3.,
1459 5777 1548 5827 sed
1579 5775 1727 5827 Savil.
1757 5775 1806 5827 in
1831 5782 1973 5829 lexlu
1996 5779 2100 5828 ἔνθα

521 5841 692 5890 πολλαὶ
710 5843 759 5889 αι
782 5840 1040 5888 ἐπιϐουλαί.

1273 429 1333 487 S.
1369 427 1560 486 JOAN.
1598 422 1968 483 CHRYSOST.
2010 420 2327 479 ARCHIEP.
2366 416 2906 475 CONSTANTINOP.

3625 408 3755 471 523

2153 533 2353 602 ἔξωθεν
2402 531 2548 593 κακά
2602 530 2852 601 ἀποθήσῃ
2913 530 3163 594 πάντως·
3221 527 3287 583 ἀν
3332 528 3391 582 δέ
3443 529 3755 603 ἀποπηδᾷς

2153 624 2249 677 καὶ
2307 621 2517 695 φεύγῃς
2575 624 2671 676 καὶ
2723 622 2868 694 ειπερ
2920 622 3137 692 ἐκτήσω
3203 621 3357 694 παρὰ
3405 622 3518 677 τῶν
3571 623 3757 677 θείων

2153 712 2387 786 Γραφῶν
2454 713 2636 782 ἀγαθά
2694 712 2918 777 ἀπολεῖς
2990 714 3239 780 πάντως,
3319 716 3464 771 κατὰ
3537 715 3759 789 μικρὸν

2155 805 2348 859 ἐκτῶν
2379 804 2484 870 ἔξω
2524 805 2817 878 συνεδρίων
2860 806 2957 883 καὶ
2993 805 3285 872 διαλέξεων
3319 807 3758 880 ὐποσυρομένης

2156 912 2250 950 σου
2283 896 2382 967 τῆς
2405 896 2685 968 εὐπορίας.
2717 896 2830 951 Καὶ
2862 898 2944 951 ὅτι
2975 898 3151 952 ταῦτά
3189 901 3337 952 ἐστιν
3366 898 3565 970 ἀληθῆ,
3600 901 3756 953 ἀνα·-

2156 986 2462 1060 χωροῦντες
2485 988 2736 1042 ἐντεῦθεν
2775 990 3114 1044 σπουδάσατε
3146 992 3275 1055 τοὺς
3320 992 3565 1063 σήμερον
3602 994 3757 1046 ἀπο-

2154 1081 2473 1151 λειφθέντας
2509 1082 2659 1144 ίδεῖν,
2709 1081 2806 1136 καὶ
2855 1082 3053 1152 ὄψεσθε
3113 1084 3277 1137 πόσον
3323 1083 3388 1137 τό
3434 1084 3604 1154 μέσον
3644 1085 3757 1152 τῆς

2157 1173 2428 1244 ὑμετέρας
2462 1172 2726 1243 εὐθυμίας
2762 1173 2859 1227 καὶ
2887 1173 2988 1243 τῆς
3016 1173 3240 1227 ἐκείνων
3275 1173 3517 1244 ἀθυμίας
3547 1173 3601 1228 ἆ.
3630 1175 3758 1245 Οὐχ

2157 1263 2329 1327 οὕτως
2374 1265 2491 1317 ἐστὶ
2525 1263 2711 1335 νύμφη
2758 1264 2896 1336 καλὴ
2954 1265 3048 1319 καὶ
3080 1264 3335 1336 ἐπίχαρις
3387 1268 3449 1318 ἐν
3505 1267 3757 1320 παστάδι

2159 1353 2464 1425 καθημένη,
2516 1355 2593 1417 ὡς
2648 1354 2765 1407 ἐστι
2811 1354 2957 1426 ψυχὴ
3000 1355 3289 1427 θαυμαστὴ
3317 1356 3412 1409 καὶ
3442 1354 3664 1422 ἔνδοξος
3693 1359 3757 1411 ἐν

2172 1444 2467 1518 Ἐκκλησία
2499 1447 2824 1517 φαινομένη,
2858 1446 3047 1519 μύρων
3070 1448 3305 1501 πνέουσα
3328 1449 3756 1519 πνευματικῶν.

2172 1538 2231 1591 '0
2255 1536 2365 1608 γὰρ
2392 1538 2628 1592 ἐνταῦθα
2661 1538 2800 1609 μετά
2842 1540 3083 1603 πίστεως
3115 1540 3209 1592 καὶ
3244 1539 3482 1610 σπουδῆς
3506 1556 3761 1612 παραγι-

2160 1635 2420 1704 νόμενος,
2476 1631 2703 1702 μυρίους
2753 1630 2932 1684 λαϐὼν
2986 1629 3172 1683 ἄπεισι
3239 1628 3587 1702 θησαυρούς·
3645 1631 3760 1685 κᾶν

2162 1727 2350 1799 ἀνοίξῃ
2373 1725 2436 1780 τὸ
2474 1724 2650 1794 στόμα
2694 1721 2875 1793 μόνον,
2924 1721 3107 1789 πάσης
3140 1720 3367 1787 εὐωδίας
3412 1722 3624 1787 εὐθέως
3657 1726 3763 1778 καὶ

2163 1821 2398 1876 πλούτου
2431 1819 2805 1890 πνευματικοῦ
2831 1821 2958 1883 τοὺς
2992 1817 3417 1890 συγγινομένους
3455 1819 3738 1889 ἐνέπλησε

2164 1913 2269 1966 κᾶν
2311 1911 2481 1984 μυρία
2515 1911 2803 1985 προσπέσῃ
2843 1909 3025 1976 δεινά,
3088 1911 3267 1965 πάντα
3317 1913 3458 1965 οἴσει
3511 1912 3760 1983 ῥᾳδίως,

2167 2003 2358 2075 ἱκανὴν
2385 2002 2639 2075 ἀφορμὴν
2683 2004 2791 2058 ἀπὸ
2830 2002 2941 2056 τῶν
2991 2001 3155 2055 θείων
3198 2002 3239 2055 Γ
3246 2002 3433 2071 ραφῶν
3468 2002 3771 2074 ὑπομονῆς

2165 2094 2261 2149 καὶ
2316 2091 2633 2163 φιλοσοφίας
2686 2092 2939 2145 ἐντεῦθεν
2988 2092 3186 2146 λαϐών.
3254 2093 3367 2146 Καὶ
3421 2093 3689 2161 καθάπερ
3738 2096 3769 2146 6

2163 2185 2429 2256 διηνεκῶς
2469 2185 2564 2237 ἐπὶ
2621 2185 2721 2255 τῆς
2770 2184 2979 2256 πέτρας
3028 2182 3203 2247 ἑστὼς
3246 2195 3272 2223 ο
3319 2183 3431 2237 τῶν
3487 2185 3768 2254 κυμάτων

2166 2269 2465 2339 καταγελᾷ,
2503 2268 2675 2332 οὕτως
2702 2270 2732 2322 6
2777 2268 3053 2334 συνάξεως
3101 2266 3391 2321 ἀπολαύων
3435 2268 3769 2339 διηνεκοῦς,

2166 2353 2264 2406 καὶ
2289 2355 2402 2416 τοῖς
2439 2352 2605 2416 θείοις
2634 2352 2998 2423 ἀρδευόμενος
3018 2352 3220 2421 λόγοις,
3255 2351 3513 2424 καθάπερ
3535 2353 3634 2406 ἐπὶ
3659 2352 3767 2405 πέ-

2167 2453 2305 2507 τρας
2329 2436 2430 2505 τῆς
2462 2435 2629 2507 ὀρθῆς
2649 2435 2757 2488 τῶν
2777 2436 3118 2506 πραγμάτων
3140 2436 3374 2507 κρίσεως
3404 2437 3619 2507 στήσας
3641 2437 3771 2490 ἐαυ-

2169 2521 2283 2582 τὸν,
2312 2520 2488 2574 οὐδενὶ
2518 2520 2628 2573 τῶν
2652 2519 3005 2591 ἀνθρωπίνων
3027 2517 3318 2581 ἁλώσεται,
3354 2518 3634 2590 ἀνώτερον
3661 2522 3767 2592 τῆς

2170 2605 2281 2660 τῶν
2307 2604 2572 2676 βιωτικῶν
2599 2603 2938 2675 πραγμάτων
2960 2603 3311 2672 καταστήσας
3331 2603 3527 2657 ἐαυτὸν
3550 2605 3769 2676 ἐπιδρο-

2176 2689 2284 2761 μῆς
2316 2687 2363 2729 ί·
2395 2689 2498 2742 οὐκ
2544 2688 2651 2741 ἀπὺ
2686 2686 2999 2757 συμϐουλῆς
3024 2685 3082 2739 δὲ
3120 2686 3304 2757 μόνον,
3336 2686 3474 2740 ἀλλά
3515 2690 3615 2741 καὶ
3651 2688 3771 2742 ἀπὸ

2173 2772 2359 2844 εὐχῆς,
2388 2773 2483 2827 καὶ
2514 2772 2623 2826 ἀπὸ
2667 2771 2944 2845 πατρικῆς
2980 2770 3253 2838 εὐλογίας,
3284 2772 3381 2824 καὶ
3426 2770 3539 2825 ἀπὸ
3570 2773 3767 2842 κοινῆς

2177 2858 2415 2921 συνόδου,
2446 2857 2542 2911 καὶ⁵
2568 2855 2677 2909 ἀπὸ
2722 2855 2826 2925 τῆς
2854 2855 2964 2908 τῶν
3013 2853 3260 2923 ἀδελφῶν
3300 2855 3550 2927 ἀγάπης,
3584 2858 3682 2911 καὶ
3706 2857 3773 2921 ἐξ

2174 2940 2378 3012 ἐτέρων
2410 2939 2616 3011 μυρίων
2676 2937 2878 3010 πολλὴν
2932 2938 3201 3007 ὠφέλειαν
3249 2940 3347 2993 καὶ
3395 2939 3769 3011 ψυχαγωγίαν

2175 3025 2643 3095 καρπωσάμενος,
2702 3022 2878 3085 οὕτως
2930 3021 3249 3093 ἀνεχώρησε
3271 3063 3287 3087 ,
3353 3023 3526 3094 μυρία
3579 3024 3771 3077 οἴκαδε

2177 3110 2359 3182 φέρων
2387 3106 2588 3175 ἀγαθά.
2621 3106 2766 3177 Ὅρα
2801 3100 2893 3159 οὖν
2937 3105 3113 3176 πόσης
3165 3107 3264 3176 μὲν
3325 3107 3485 3177 ὑμεῖς
3519 3096 3770 3179 σήμερον

2177 3189 2552 3245 ἀπολαύσεσθε
2577 3190 2676 3259 τῆς
2720 3188 2992 3257 εὐλογίας,
3046 3190 3220 3260 πόσην
3256 3190 3314 3245 δέ
3358 3192 3771 3263 ὐποστήσονται

2180 3274 2377 3328 ἐκεῖνοι
2399 3273 2496 3345 τὴν
2521 3272 2744 3343 ζημίαν.
2771 3271 2961 3343 Ὑμεῖς
2983 3272 3082 3344 μὲν
3104 3273 3213 3343 γάρ
3238 3275 3535 3346 μαρτύρων
3570 3274 3777 3345 μισθὸν

2179 3357 2571 3429 λαμϐάνοντες’
2594 3355 2961 3410 ἀπελεύσεσθε
2982 3372 2995 3385 ·
3044 3358 3244 3410 ἐκεῖνοι
3287 3356 3345 3408 δὲ
3392 3357 3533 3427 πρὸς
3558 3356 3642 3427 τῷ
3670 3356 3771 3411 τοῦ

2181 3440 2403 3511 κέρδους
2425 3438 2862 3511 ἀποστερηθῆναι
2874 3438 3086 3503 τούτου,
3100 3439 3195 3492 καὶ
3212 3439 3299 3493 ἐτέ
3307 3456 3405 3509 ραν
3426 3440 3777 3510 ὐποστήσονο

2179 3540 2272 3577 ται
2301 3523 2526 3594 ζημίαν,
2551 3524 2615 3575 ἐκ
2637 3521 2748 3575 τῶν
2785 3523 3060 3593 ἀνονήτων
3080 3522 3371 3592 διατριϐῶν
3395 3521 3566 3576 πολὺν
3598 3538 3771 3592 φρον-

2181 3608 2343 3662 τίδων
2393 3606 2774 3677 ἐπισυρόμενοι
2816 3606 3067 3678 φορυτόν.
3103 3606 3332 3675 Ὥσπερ
3360 3606 3471 3675 γὰρ
3512 3609 3546 3660 ό
3592 3606 3764 3675 δεχό-

2177 3709 2364 3763 μενος
2410 3689 2727 3760 προφήτην
2777 3691 2867 3755 εῑς
2915 3689 3103 3759 ὄνομα
3155 3688 3500 3761 προφήτου,
3542 3691 3778 3758 μισθὸν

2185 3774 2495 3846 προφήτου
2531 3772 2822 3842 λήψεται,
2858 3774 2959 3828 καὶ
2990 3776 3028 3828 ό
3064 3772 3391 3843 δεχόμενος
3414 3772 3666 3827 »δίκαιον
3682 3776 3776 3838 εὶς

2186 3860 2375 3930 ὄνομα
2400 3856 2635 3911 δικαίου
2653 3896 2669 3922 ,
2702 3856 2927 3926 μισθὸν
2955 3856 3191 3910 δικαίου
3219 3855 3503 3924 λήψεται·
3536 3855 3719 3919 οὕτως
3747 3857 3777 3908 6

2185 3942 2470 4014 δεχόμενος
2530 3942 2785 4014 μάρτυρα
2835 3941 2916 4003 είς
2969 3940 3140 4011 ὄνομα
3203 3940 3521 4011 μάρτυρος,
3578 3938 3775 4010 μισθὸν

2191 4028 2465 4101 μάρτυρος
2484 4024 2734 4097 λήψεται·
2759 4023 2992 4095 ὑποδοχὴ
3015 4022 3073 4076 δὲ
3104 4022 3381 4094 μάρτυρος
3404 4022 3467 4075 τὸ
3496 4022 3777 4077 συνελθεῖν

2188 4115 2268 4175 είς
2303 4111 2402 4182 τὴν
2453 4109 2662 4165 ἐκείνου
2694 4109 2952 4179 μνήμην,
3000 4107 3060 4160 τὸ
3107 4108 3434 4178 κοινωνῆσαι
3486 4106 3643 4180 [526]
3676 4108 3777 4179 τῆς

2189 4199 2493 4268 διηγήσεως
2518 4196 2628 4250 τῶν
2654 4194 2852 4256 ἄθλων,
2877 4193 2939 4247 τὸ
2969 4192 3247 4263 θαυμάσαι
3284 4190 3353 4245 τὰ
3389 4191 3774 4263 γεγενημένα,

2188 4283 2249 4336 τὸ
2276 4280 2513 4351 ζηλῶσαι
2560 4279 2660 4349 τὴν
2706 4276 2926 4348 ἀρετὴν,
2966 4276 3026 4329 τὸ
3078 4277 3158 4339 είς
3199 4274 3420 4347 ἐτέρους
3465 4275 3780 4344 ἐξενεγκεῖν

2190 4366 2289 4429 τὰς
2313 4361 2680 4436 ἀνδραγαθίας
2724 4361 2825 4426 τὰς
2872 4361 3105 4415 ἐκείνου·
3136 4359 3309 4414 ταῦτα
3336 4359 3447 4413 τῶν
3478 4352 3781 4431 μαρτύρων

2192 4453 2261 4501 τὰ
2290 4447 2457 4513 ξένια·
2494 4444 2635 4499 οὓτω
2664 4446 2792 4508 τοὺς
2826 4443 3017 4513 ἁγίους
3043 4442 3267 4507 τούτους
3292 4460 3376 4507 τις
3414 4443 3780 4514 ὑποδέχεται,

2193 4531 2442 4601 καθάπερ
2461 4526 2552 4584 οὖν
2576 4529 2668 4583 καὶ
2685 4529 2842 4600 ὑμεῖς
2865 4530 3102 4600 τήμερον
3130 4528 3489 4598 πεποιήκατε.

2266 4616 2333 4687 β’.
2354 4615 2495 4677 Χθὲς
2515 4615 2612 4684 μέν
2629 4609 2720 4668 οὖν
2736 4616 2765 4667 6
2780 4613 3056 4683 Δεσπότης
3072 4613 3105 4682 ή
3114 4611 3230 4682 μῶν
3246 4611 3399 4665 ὕδατι
3415 4611 3779 4669 ἐϐαπτίσατο.

2196 4702 2433 4772 σήμερον
2450 4699 2507 4751 δέ
2529 4700 2556 4752 6
2571 4697 2755 4762 δοῦλος
2771 4698 2964 4768 αἵματι
2995 4695 3338 4767 βαπτίζεται·
3353 4697 3482 4767 χθὲς
3503 4695 3789 4767 ἠνεῴχθη-

2197 4802 2296 4839 σαν
2321 4783 2549 4853 οὐρανοῦ
2571 4783 2758 4842 πύλαι,
2783 4783 3024 4853 σήμερον
3045 4779 3506 4850 κατεπατήθησαν
3531 4779 3663 4832 ἆδου
3690 4777 3780 4831 πύ-

2193 4869 2304 4923 λαι.
2335 4867 2440 4922 Καὶ
2475 4867 2551 4940 μὴ
2578 4865 2917 4937 θαυμάσητε,
2961 4865 3010 4917 εί
3067 4864 3350 4934 βάπτισμα
3377 4862 3442 4915 τὸ
3479 4861 3783 4933 μαρτύριον

2196 4953 2450 5007 ἐκάλεσα·
2483 4950 2576 5005 καὶ
2608 4951 2718 5021 γὰρ
2752 4949 2848 5002 καὶ
2877 4948 3111 5001 ἐνταῦθα
3138 4947 3198 5000 τὸ
3226 4944 3453 5016 Πνεῦμα
3477 4945 3616 5015 μετά
3655 4944 3783 4997 πολ-

2194 5036 2291 5107 λῆς
2322 5035 2617 5104 ἐφίπταται
2637 5034 2735 5104 τῆς
2754 5029 3052 5102 δαψιλείας,
3076 5031 3172 5085 καὶ
3200 5028 3614 5101 ἁμαρτημάτων
3635 5026 3783 5082 ἀναί-

2198 5136 2349 5192 ρεσις
2385 5119 2479 5172 καὶ
2526 5117 2704 5188 ψυχῆς
2755 5115 2967 5185 γίνεται
3018 5113 3301 5185 καθαρμὸς
3343 5111 3665 5182 θαυμαστός
3702 5127 3785 5173 τις

2195 5204 2291 5257 καὶ
2317 5202 2634 5274 παράδοξος·
2675 5201 2768 5254 καὶ
2797 5199 2985 5269 ὥσπερ
3015 5198 3064 5250 οἱ
3093 5197 3479 5267 βαπτιζόμενοι
3511 5197 3625 5257 τοῖς
3654 5193 3783 5247 ὓδα-

2200 5303 2304 5351 σιν,
2331 5285 2505 5348 οὕτως
2535 5286 2582 5337 οἱ
2612 5280 3122 5355 μαρτυροῦντεςητῷ
3154 5279 3271 5350 ἰδίῳ
3289 5278 3539 5331 λούονται
3564 5278 3779 5350 αἵματι’

2263 5473 2293 5510 (1
2315 5468 2545 5546 Ξενξ1;.ἱη
2568 5471 2728 5546 ιριξρ,
2757 5467 2884 5546 ἷξες.
2918 5471 2971 5517 et
3009 5466 3228 5519 Colbert.
3257 5466 3485 5532 ῥᾳθυμίας
3544 5466 3700 5516 Savﬂ.
3736 5467 3782 5515 in

2196 5546 2351 5594 marg.
2373 5538 2428 5580 et
2444 5531 2618 5580 Morel.
2648 5531 2862 5592 ἀθυμίας.
3261 5531 3268 5532 “

2208 5659 2223 5674 ‘
2317 5592 2733 5674 ξεινίιέ-ίιιζιηπε.
2763 5593 2840 5641 ἐπὶ
2860 5597 2945 5651 τῆς
2985 5589 3247 5653 θαλάσσης.
3285 5591 3369 5639 καὶ
3391 5591 3469 5639 ἐπὶ
3492 5596 3579 5649 τῆς
3611 5589 3783 5655 πέτρας

2201 5657 2425 5710 ἀσφαλῶς
2449 5656 2614 5709 ἑστώς.

2270 5705 2288 5754 ί
2316 5719 2400 5767 Sic
2424 5715 2595 5771 Savil..
2621 5715 2745 5777 Reg.
2791 5721 2844 5765 et
2882 5712 3041 5771 Colb.,
3062 5719 3212 5777 atque
3255 5715 3323 5763 ita
3354 5714 3483 5776 legit
3504 5712 3780 5777 interpres;

2204 5780 2376 5829 Morel.
2400 5791 2518 5826 vero
2546 5776 2780 5841 ἀνώτερον
2800 5782 2884 5836 τῆς
2906 5778 3002 5825 τῶν
3028 5776 3265 5841 βιωτικῶν
3285 5776 3579 5840 πραγμάτων
3599 5776 3778 5840 iam

2204 5847 2293 5903 μῆς
2312 5842 2528 5904 γεγονώς.
