3876 6286
176 425 276 482 5'8!

176 532 642 613 pertimescebam,
669 529 846 588 evenit
873 538 927 586 et
948 528 1014 584 ad
1040 527 1286 583 eﬂ'ectum
1309 525 1418 596 jam
1447 523 1760 595 perductum

176 641 295 694 est;
327 644 520 698 nempe
547 625 637 682 ubi
667 625 860 681 festum
888 621 1178 693 pratteriit,
1210 618 1368 674 simul
1401 619 1560 673 etiam
1587 613 1767 669 multi-

176 720 306 776 tudo
327 720 483 775 nobis
501 716 779 781 abscessit,
803 714 1079 783 minorque
1103 711 1256 765 nobis
1274 717 1446 765 catus
1470 716 1549 762 est
1577 705 1766 760 factus.

175 813 291 867 Hoc
316 809 564 880 equidem
588 821 806 877 prorsus
830 811 1143 859 eventurum
1169 801 1398 855 sciebam
1419 839 1432 859 ,
1463 812 1568 852 non
1595 805 1770 850 tamen

1324 412 1389 468 ιδ
1426 410 1480 468 S.
1527 405 1874 467 LUCIANUB
1911 405 2322 465 MABTYREM.

1870 524 2124 588 verserls,
2151 534 2369 592 prorsus
2391 520 2551 576 etiam
2582 535 2646 575 ea
2671 535 2790 591 quae
2810 518 2942 576 foris
2983 519 3292 575 contraxisti
3319 523 3460 576 mala

1873 609 2113 680 depones
2143 613 2266 668 :sin
2311 621 2490 666 autem
2537 611 2745 666 resilias
2785 610 3098 682 fugiasque,
3147 611 3237 666 illa
3262 612 3460 678 etiam,
3498 675 3521 682 ν

1873 718 1992 773 quae
2005 717 2276 758 sacrarum
2299 718 2401 774 ope
2424 703 2818 772 Scripturarum
2838 702 2976 759 bona
2999 703 3096 759 tibi
3120 705 3462 773 comparasti,
3517 717 3536 772 ί

1876 809 2094 862 prorsus
2120 796 2333 850 amittes
2351 835 2366 859 ,
2409 804 2618 864 tuaeque
2665 807 2794 863 opes
2818 795 3014 849 sensim
3041 809 3074 848 a
3098 794 3335 863 profanis
3364 793 3468 848 illis
3529 781 3531 784 ⁴

3352 405 3464 464 522

176 902 380 956 idcirco
404 900 582 955 destiti
609 914 636 950 a
664 895 1030 952 cohortatione
1057 909 1071 946 :
1105 893 1228 947 licet
1253 891 1394 946 enim
1424 888 1561 942 haud
1587 899 1774 940 omnes
1877 887 2216 943 consessibus
2249 898 2306 942 et
2331 885 2610 956 colloquiis
2649 885 3024 956 subripientur.
3056 885 3229 954 Atque
3257 892 3314 938 ut
3352 883 3467 938 hmc

175 1007 386 1047 morem
417 989 718 1060 gesserint,
756 987 844 1057 qui
877 985 1126 1040 hesterna
1157 981 1580 1052 luceaudierunt
1602 1017 1618 1042 ,
1667 991 1773 1030 non

175 1092 357 1137 tamen
399 1094 586 1134 omnes
612 1079 769 1132 etiam
802 1092 906 1130 non
945 1075 1376 1142 obtemperarunt
1407 1088 1422 1124 :
1449 1083 1620 1136 neque
1646 1081 1776 1121 vero

176 1187 368 1242 parum
395 1169 535 1240 apud
559 1184 657 1223 nos
678 1167 744 1222 ad
769 1166 1186 1222 consolationem
1206 1162 1307 1218 hoc
1329 1162 1498 1226 valet;
1522 1158 1778 1230 quamob-

175 1280 292 1318 rem
316 1278 488 1332 neque
518 1261 773 1315 hodierno
792 1259 879 1313 die
905 1257 972 1312 ab
1000 1256 1101 1310 hac
1121 1253 1480 1310 admonitione
1501 1250 1776 1332 desistam;

177 1368 304 1408 nam
332 1353 377 1406 si
396 1352 572 1405 minus
597 1365 663 1404 ex
690 1348 864 1413 nobis,
891 1361 955 1401 ex
977 1346 1127 1400 vobis
1153 1344 1365 1414 quidem
1393 1350 1539 1396 certe
1566 1327 1782 1395 audient

177 1461 304 1516 qua:
345 1444 613 1499 dicuntur.
655 1440 786 1508 Quis
825 1440 964 1493 enim
994 1446 1193 1492 tantam
1235 1436 1447 1491 illorum
1482 1433 1779 1488 socordiam

180 1538 398 1593 silentio
428 1536 565 1590 ferre
590 1533 756 1604 possit
783 1573 800 1600 ,
822 1539 914 1585 aut
933 1531 1086 1584 venia
1112 1529 1231 1584 illos
1264 1539 1318 1582 et
1343 1527 1683 1583 excusatione
1711 1523 1785 1577 di-

176 1645 316 1699 gnos
363 1627 560 1683 ducere
591 1667 607 1691 ,
654 1623 745 1694 qui
787 1638 908 1679 cum
957 1631 1105 1677 tanto
1154 1633 1393 1688 tempore
1439 1627 1663 1672 matrem
1702 1614 1784 1668 vi-

176 1723 414 1788 dissent,
441 1729 494 1774 et
518 1720 808 1783 bonorum,
836 1730 958 1787 quae
987 1716 1039 1769 in
1066 1729 1126 1769 ea
1156 1721 1320 1777 sunt,
1347 1708 1636 1780 participes
1663 1699 1788 1760 facti

179 1820 403 1877 essent,
465 1817 844 1873 recesserunt,
883 1820 1057 1874 neque
1102 1817 1286 1858 rursus
1329 1799 1533 1855 reverti
1589 1797 1789 1866 dignati

176 1913 326 1970 sunt,
353 1915 455 1956 nec
471 1901 774 1959 columbam
794 1899 905 1954 Noe
925 1897 945 1970 (
962 1895 1088 1951 Gen.
1109 1894 1164 1965 8)
1191 1933 1204 1960 ,
1227 1891 1321 1947 sed
1341 1903 1559 1945 corvum
1599 1886 1788 1941 imitati

177 2006 307 2050 sunt
332 2013 350 2064 ;
371 1995 536 2068 idque
561 1995 690 2050 dum
715 2000 877 2048 aestus
917 1988 1091 2042 adhuc
1133 1995 1187 2042 et
1233 1990 1519 2053 tempestas
1554 1980 1640 2035 illa
1669 1993 1794 2048 per-

185 2099 432 2156 severat,
478 2086 800 2160 graviorque
838 2081 1073 2154 quotidie
1113 2077 1345 2148 procella
1385 2073 1678 2139 excitatur,
1727 2083 1792 2124 ac

185 2183 460 2254 proposita
489 2181 542 2234 in
580 2176 759 2233 medio
784 2190 908 2229 arca
933 2174 1032 2227 ista
1073 2177 1255 2225 sancta
1295 2173 1515 2222 cunctos
1547 2163 1789 2226 advocat,

183 2252 254 2327 ad
287 2252 350 2328 se
373 2269 592 2340 pellicit,
622 2276 676 2322 et
705 2265 925 2320 multam
951 2261 1153 2331 praebet
1176 2259 1242 2312 ad
1271 2271 1330 2312 se
1371 2252 1794 2323 confugientibus

184 2359 556 2419 securitatem?
572 2358 688 2413 Non
709 2356 850 2411 enim
885 2366 1142 2421 aquarum
1164 2363 1338 2418 neque
1376 2344 1632 2400 ﬂuctuum
1656 2344 1793 2397 irru-

184 2457 404 2526 ptiones
422 2493 438 2517 ,
466 2451 560 2506 sed
603 2448 883 2504 continuas
902 2442 1346 2498 alienissimarum
1373 2453 1404 2493 a
1434 2438 1642 2492 ratione
1670 2451 1794 2504 per-

186 2546 550 2601 turbationum
588 2539 882 2595 seditiones
907 2541 1158 2599 coercet,
1187 2530 1438 2586 invidiam
1465 2528 1602 2582 tollit
1627 2534 1681 2581 et
1703 2541 1794 2580 ar-

184 2639 489 2710 rogantiam
533 2633 801 2688 refraxnat.
826 2628 957 2682 Nam
983 2639 1153 2696 neque
1177 2623 1327 2678 dives
1352 2620 1629 2689 despicere
1656 2632 1790 2687 pau-

185 2709 374 2800 perem
407 2725 604 2797 poterit
622 2765 638 2790 ,
668 2736 789 2777 cum
817 2735 884 2774 ex
902 2715 1194 2786 Scripturis
1215 2712 1431 2776 audiet,
1467 2709 1646 2765 Omnis
1674 2722 1794 2761 caro

183 2798 386 2892 ianum
409 2859 426 2886 ,
454 2827 500 2871 et
518 2815 688 2892 omnis
714 2811 881 2884 gloria
906 2808 1124 2862 hominis
1165 2805 1313 2876 quasi
1338 2804 1436 2874 ﬂos
1463 2802 1586 2872 freni
1635 2798 1788 2873 (Isai.

182 2890 281 2969 λθ.
329 2911 407 2980 6)
453 2926 466 2962 :
500 2890 672 2976 neque
714 2917 914 2974 pauper
953 2901 1178 2954 alterum
1223 2896 1569 2951 ditescentem
1612 2890 1798 2944 vides

186 3002 394 3058 invidia
422 3000 694 3069 capietur,
724 3009 845 3049 cum
874 3001 932 3048 et
955 2994 1070 3061 ipse
1092 2987 1271 3044 audiet
1295 2986 1520 3041 alterum
1552 2982 1794 3049 Prophe-

185 3104 302 3149 tam
338 3092 642 3153 dicentem,
675 3084 760 3139 Ne
800 3082 1026 3138 timueris
1073 3096 1190 3134 cum
1237 3079 1373 3132 dives
1422 3077 1588 3145 factus
1640 3072 1794 3143 fuerit

185 3191 344 3240 homo
369 3224 384 3248 ,
426 3191 612 3235 etcum
648 3177 986 3246 multiplicata
1031 3172 1182 3241 fuerit
1227 3170 1393 3240 gloria
1429 3171 1611 3222 domus
1661 3167 1795 3234 ejus.

201 3275 466 3342 Quoniam
485 3289 598 3327 cum
621 3270 864 3325 interierit
889 3283 990 3321 non
1014 3273 1175 3321 sumet
1197 3264 1398 3325 omnia;
1415 3275 1576 3331 neque
1595 3259 1800 3312 descen-

188 3371 278 3422 det
306 3381 423 3420 cum
458 3381 517 3419 eo
547 3363 711 3433 gloria
731 3362 840 3432 ejus
864 3361 882 3430 (
903 3357 1050 3413 Psal.
1079 3357 1171 3411 48.
1195 3355 1281 3408 l7.
1310 3353 1379 3409 18
1400 3350 1444 3424 ).
1480 3351 1624 3406 Talis
1650 3364 1800 3403 nam—

188 3475 302 3530 que
329 3466 413 3514 est
442 3472 601 3527 epum
633 3457 850 3509 istarum
875 3434 1060 3506 natura
1086 3467 1098 3502 :
1122 3463 1230 3502 non
1257 3445 1648 3501 trausleruntur
1672 3457 1794 3497 cum

189 3549 466 3614 dominis;
495 3561 600 3601 non
643 3559 764 3599 cum
799 3540 1198 3613 possessoribus
1239 3537 1655 3604 transmigrauit;
1687 3549 1795 3587 non

191 3645 248 3699 in
279 3641 541 3712 judicium
583 3636 785 3692 vocatis
814 3635 922 3690 illic
951 3648 1014 3688 ac
1043 3645 1231 3702 pmnas
1261 3629 1530 3685 luentibus
1572 3625 1800 3697 patroci-

192 3746 394 3789 nantur
417 3774 432 3798 ,
467 3730 563 3785 sed
591 3745 687 3799 per
731 3734 959 3782 mortem
991 3725 1202 3795 penitus
1237 3721 1635 3793 prmciduntur;
1686 3719 1795 3771 imo

195 3826 398 3880 multos
441 3821 597 3876 etiam
623 3827 748 3872 ante
785 3825 1012 3870 mortem
1055 3813 1408 3868 deseruerunt
1438 3827 1452 3863 :
1488 3808 1679 3863 inﬁdus
1721 3817 1801 3862 est

200 3931 352 3981 usus,
388 3915 592 3968 fructus
614 3909 875 3965 instabilis
896 3949 912 3976 ,
945 3907 1240 3978 periculosa
1269 3904 1557 3976 possessio.
1591 3905 1659 3957 At
1688 3918 1792 3958 non

198 4006 472 4079 ejusmodi
501 4012 625 4060 sunt
649 4002 858 4056 virtutis
897 4009 951 4054 et
977 3999 1327 4069 eleemosyua:
1357 3997 1493 4051 bona
1517 4036 1534 4062 ,
1562 4010 1742 4050 verum
1769 4009 1801 4047 a

201 4098 533 4170 prmdatione
555 4102 698 4148 tutus
717 4099 802 4147 est
820 4091 905 4145 hic
928 4091 1228 4143 thesaurus.
1251 4086 1404 4142 Unde
1425 4085 1528 4139 hoc
1554 4082 1805 4139 constat?

199 4191 306 4259 Qui
337 4189 406 4244 de
431 4186 629 4241 divitiis
657 4184 770 4238 istis
808 4178 1232 4252 philosophando
1270 4178 1422 4241 dixit,
1447 4175 1568 4230 Non
1595 4176 1802 4229 descen-

202 4285 289 4335 det
318 4295 433 4333 cum
454 4293 510 4330 eo
531 4275 693 4347 gloria
728 4274 836 4342 ejus
868 4279 978 4340 post
1003 4285 1117 4323 eum
1141 4309 1155 4331 ,
1179 4268 1263 4321 hic
1284 4267 1426 4323 etde
1453 4265 1805 4336 clcemosynte

203 4371 510 4433 thesauris,
537 4369 626 4438 qui
658 4373 969 4436 permanent
1006 4378 1217 4431 semper
1252 4376 1350 4416 nec
1387 4375 1617 4429 unquam
1654 4373 1804 4414 com-

205 4463 473 4532 pilantur,
509 4473 606 4513 nos
632 4457 892 4520 erudivit,
918 4470 1037 4509 cum
1065 4454 1134 4508 ita
1158 4453 1287 4506 dixit
1311 4469 1326 4505 :
1357 4451 1606 4521 Dispersit
1627 4490 1642 4515 ,
1669 4450 1806 4504 dedit

206 4551 535 4624 pauperibus,
546 4549 748 4621 justitia
765 4549 872 4618 ejus
888 4554 1052 4598 manet
1071 4545 1124 4597 in
1139 4543 1379 4598 sarculum
1393 4541 1564 4613 (Psal.
1583 4542 1706 4595 ill.
1719 4540 1802 4611 9).

133 4675 136 4678 ~
207 4643 346 4711 Quid
370 4643 474 4695 hoc
494 4639 787 4694 mirabilius
807 4651 926 4690 esse
953 4635 1116 4704 possit
1144 4633 1317 4699 ?Quae
1337 4632 1658 4701 colliguntur
1681 4647 1804 4699 per-

207 4741 342 4789 eunt
361 4773 376 4796 ,
409 4741 462 4785 et
491 4735 708 4782 manent
733 4742 851 4796 quae
875 4725 1252 4793 distierguntur
1271 4762 1287 4788 ,
1318 4737 1380 4776 ac
1424 4721 1614 4775 merito
1638 4734 1766 4773 sane
1791 4735 1806 4773 :

210 4839 332 4879 nam
356 4823 456 4876 ista
481 4819 691 4890 quidem
715 4816 938 4884 suscipit
959 4815 1135 4878 Deus;
1164 4823 1417 4868 creterum
1440 4827 1506 4865 ex
1533 4811 1626 4865 Dei
1652 4825 1807 4864 manu

211 4930 405 4986 rapere
443 4927 604 4967 nemo
628 4918 802 4980 potest
832 4927 844 4961 :
875 4908 960 4961 illa
986 4920 1116 4962 vero
1153 4905 1204 4959 in
1235 4903 1506 4958 hominum
1548 4901 1810 4956 thesauris

213 5013 564 5075 reponuntur,
585 5002 670 5055 ubi
694 4999 874 5054 multis
896 4997 1100 5052 insidiis
1113 5004 1236 5049 sunt
1257 4994 1505 5055 obnoxia,
1527 4993 1618 5048 ubi
1639 4992 1809 5045 multa

215 5099 412 5156 invidia
441 5106 495 5151 et
524 5096 680 5147 livor.
711 5092 830 5147 Noli
861 5108 986 5160 ergo
1008 5132 1022 5155 ,
1069 5087 1448 5148 dilectissime,
1501 5085 1604 5139 loci
1653 5085 1810 5153 hujus

217 5189 695 5258 frequentationem
716 5193 1057 5238 contemnere
1083 5197 1095 5233 :
1120 5180 1232 5232 sive
1246 5178 1386 5232 enim
1411 5190 1610 5231 maeror
1625 5175 1814 5242 aliquis

216 5279 487 5350 negotium
511 5275 755 5339 facessat,
776 5273 865 5327 hic
884 5273 1149 5338 relegatur
1173 5286 1188 5325 :
1214 5269 1327 5322 sive
1346 5281 1488 5320 curae
1509 5266 1810 5321 saecularcs.

217 5369 498 5440 aufugiunt
530 5384 542 5420 :
574 5367 688 5420 sive
716 5365 902 5416 alienae
938 5377 965 5413 a
996 5359 1202 5414 ratione
1237 5356 1663 5428 perturbationes
1685 5395 1698 5413 ,
1733 5369 1816 5407 sc-

217 5461 416 5515 dantur
447 5475 462 5511 :
491 5471 521 5509 a
551 5455 667 5509 foro
701 5464 875 5507 autem
921 5465 974 5504 et
1002 5449 1222 5504 theatris
1251 5463 1313 5501 ac
1339 5447 1546 5500 caeteris
1583 5443 1816 5513 profanis

217 5551 604 5612 conventibus,
635 5547 816 5602 multis
844 5542 1187 5600 accumulatis
1223 5538 1364 5592 curis
1395 5554 1456 5592 ac
1499 5535 1819 5590 matroribus

220 5649 521 5713 animmque
559 5641 796 5704 morbis,
830 5637 1046 5692 domum
1091 5633 1347 5688 rcdiums.
1391 5629 1446 5684 Si
1492 5629 1576 5683 hic
1608 5627 1819 5682 assidue

219 5747 350 5788 Tom.
378 5736 427 5794 6,
454 5747 565 5798 pag.
588 5730 700 5798 296,
720 5736 961 5798 etpostea
973 5727 1078 5798 haec
1099 5737 1150 5773 In
1173 5722 1505 5798 S:_l.ucian}trn,
1527 5721 1624 5790 hoc
1657 5715 1818 5798 titulo,

219 5780 713 5863 iiiiéhéﬁfﬁb’anas'e
735 5780 1142 5842 illuminatorunt.
1193 5782 1364 5835 Habita
1397 5782 1486 5843 fuit
1519 5780 1572 5832 in
1603 5786 1818 5830 sanctum

221 5869 492 5921 martyrem
515 5866 790 5907 Luetamatt.

1882 993 2014 1034 vera
2041 994 2164 1033 esse
2203 979 2435 1033 noscatis
2456 1015 2477 1044 ,
2506 993 2629 1032 cum
2669 977 2793 1032 hinc
2827 977 3178 1032 discesseritis
3199 1017 3215 1040 ,
3246 991 3338 1031 eos
3376 977 3467 1045 qui

1881 1069 2040 1125 hodie
2068 1068 2350 1124 abfuerunt
2376 1069 2555 1125 videre
2582 1067 2791 1124 studete
2812 1109 2829 1134 ,
2879 1077 2989 1123 tum
3030 1079 3286 1136 quantum
3330 1069 3471 1136 inter

1880 1172 2111 1218 vestram
2139 1162 2300 1216 animi
2333 1161 2765 1231 tranquillitatem
2801 1132 2857 1216 et
2897 1132 3106 1215 illorum
3147 1132 3471 1216 anxietateu't

1885 1252 2116 1320 intersit,
2143 1252 2597 1307 animadvertetis.
2625 1252 2743 1306 Non
2773 1253 2845 1307 ita
2867 1253 3085 1322 pulchra
3106 1261 3189 1308 est
3212 1268 3273 1307 ac
3298 1268 3468 1308 venu-

1885 1353 1966 1398 sta
1991 1358 2188 1413 sponsa
2214 1343 2268 1398 in
2296 1343 2535 1398 thalamo
2562 1343 2758 1399 sedens
2779 1384 2795 1409 ,
2822 1358 2885 1400 ac
2909 1345 3167 1400 mirabilis
3189 1355 3270 1401 est
3295 1347 3472 1401 anima

1885 1435 2225 1504 gloriosaque
2243 1475 2264 1500 ,
2292 1434 2419 1489 dum
2462 1435 2516 1488 in
2544 1435 2770 1490 ecclesia
2800 1435 3092 1506 spiritualia
3120 1439 3330 1507 Spiraus
3368 1455 3471 1493 un-

1886 1534 2080 1596 guenta
2119 1535 2411 1596 comparet.
2442 1526 2544 1594 Qui
2572 1528 2713 1582 enim
2760 1527 2864 1585 huc
2903 1543 3023 1584 cum
3053 1529 3156 1585 ﬁde
3193 1545 3256 1586 ac
3295 1532 3475 1588 studio

1889 1618 2151 1684 ventitat,
2193 1618 2486 1674 innumeris
2521 1620 2784 1676 thesauris
2822 1621 3019 1677 ditatus
3061 1623 3339 1678 abscedit:
3371 1623 3472 1678 etsi

1891 1716 2093 1762 tantum
2118 1722 2180 1762 os
2207 1711 2498 1778 aperuerit,
2529 1711 2674 1766 omni
2696 1712 2919 1768 odorum
2939 1704 3198 1769 sua‘vitate
3221 1717 3474 1770 continuo

1891 1812 1954 1853 ac
1991 1799 2352 1868 spiritualibus
2379 1801 2570 1870 opibus
2596 1803 2885 1871 complebit
2909 1803 3051 1869 illos,
3079 1805 3168 1875 qui
3188 1821 3478 1876 congressu

1892 1889 2009 1959 ejus
2035 1890 2315 1954 fruuntur;
2362 1892 2464 1946 etsi
2502 1901 2767 1948 sexcenta:
2796 1893 3088 1962 ingrueriut
3111 1896 3473 1964 calamitates,

1894 1997 2081 2038 omnes
2107 1999 2262 2053 aequo
2286 1983 2465 2038 animo
2491 1983 2626 2040 feret
2650 2002 2663 2038 :
2697 1993 2879 2055 utpote
2903 1987 2993 2055 qui
3021 2002 3052 2042 e
3077 1987 3366 2057 Scripturis
3391 1990 3474 2044 di-

1894 2076 2030 2130 vinis
2061 2076 2325 2144 patientite
2360 2075 2815 2146 philosophiaeque
2853 2077 3201 2133 sufﬁcientem
3237 2082 3479 2136 occasio-

1896 2182 2017 2221 nem
2050 2167 2173 2221 hinc
2203 2168 2581 2255 acceperit.‘Et
2603 2168 2740 2222 sicut
2768 2169 2814 2222 is
2836 2211 2851 2235 ,
2874 2171 2962 2238 qui
2996 2180 3246 2240 perpetuo
3268 2174 3320 2226 in
3348 2189 3482 2242 rupe

1896 2257 2158 2323 consistit,
2181 2257 2373 2314 ﬂuctus
2390 2258 2614 2328 despicit
2637 2261 2654 2291 ⁸
2682 2276 2696 2313 :
2728 2260 2807 2316 sic
2830 2269 2884 2316 et
2909 2262 2956 2316 is
2973 2303 2986 2326 ,
3014 2263 3103 2332 qui
3129 2264 3338 2320 assidue
3366 2267 3481 2322 col-

1898 2352 2031 2406 lecta
2054 2349 2362 2420 perfruitur,
2389 2366 2454 2406 ac
2482 2351 2678 2407 divinis
2693 2354 3030 2410 sermonibus
3050 2355 3318 2427 irrigatur,
3347 2367 3486 2414 tam-

1898 2457 2056 2510 quam
2084 2443 2136 2496 in
2167 2457 2298 2512 rupe
2325 2443 2378 2496 in
2411 2454 2562 2498 recto
2584 2459 2762 2499 rerum
2793 2443 2995 2515 judicio
3021 2461 3080 2501 se
3106 2447 3279 2516 ipsum
3314 2451 3488 2505 collo—

1897 2533 2074 2599 Cavit,
2104 2533 2264 2588 nullis
2307 2534 2468 2589 rebus
2510 2532 2758 2589 humanis
2795 2535 3030 2605 capietur
3057 2553 3071 2591 :
3100 2543 3159 2590 ut
3199 2537 3290 2607 qui
3319 2539 3487 2595 multo

1898 2623 2059 2678 altius
2083 2639 2143 2680 se
2169 2627 2505 2692 provexerit,
2549 2640 2707 2694 quam
2749 2639 2857 2695 quo
2887 2636 3106 2695 possent
3151 2629 3486 2698 negotiorum

1901 2715 2233 2770 saecularium
2265 2714 2598 2770 incursiones
2623 2716 2948 2785 pertingere.
2973 2715 3156 2787 Neque
3193 2733 3324 2774 vero
3366 2727 3490 2774 tan-

1903 2817 2016 2862 tum
2059 2824 2127 2864 ex
2171 2808 2555 2874 admonitione,
2594 2809 2691 2864 sed
2726 2811 2886 2864 etiam
2913 2826 2978 2866 ex
3007 2812 3270 2880 precibus,
3302 2828 3366 2869 ex
3399 2828 3497 2883 pa:

1904 2910 2053 2956 terna
2081 2899 2470 2967 benedictione,
2501 2915 2567 2955 ex
2582 2903 2852 2956 communi
2877 2912 3140 2958 conventu
3164 2902 3492 2974 fratrumque

1901 2995 2142 3058 caritate,
2172 3003 2332 3063 atque
2358 2993 2477 3047 aliis
2499 2995 2768 3048 sexcentis
2793 3008 2860 3048 ex
2887 2993 3047 3049 rebus
3073 2993 3236 3049 multa
3266 2995 3492 3050 utilitate

1904 3095 2062 3154 atque
2102 3085 2266 3138 animi
2313 3084 2670 3140 oblectatione
2707 3095 2956 3154 percepta
2997 3085 3135 3141 solet
3175 3086 3490 3154 discedere,

1905 3188 2066 3247 atque
2109 3177 2389 3231 innumera
2413 3176 2555 3231 bona
2602 3177 2820 3231 domum
2867 3186 3165 3245 reportare.
3217 3179 3494 3248 Perpende

1877 3333 1884 3346 ,
1904 3270 2084 3340 itaque
2109 3267 2267 3324 hodie
2291 3278 2487 3339 quanta
2509 3284 2607 3324 vos
2631 3269 2999 3326 benedictione
3029 3270 3326 3328 cumulandi
3354 3273 3488 3340 sitis,

1904 3371 2106 3434 quanto
2136 3360 2210 3414 illi
2249 3361 2445 3415 damno
2469 3359 2780 3414 mulctandi.
2822 3359 2955 3414 Nam
2982 3375 3078 3414 vos
3102 3360 3314 3431 quidem
3347 3376 3493 3415 mar-

1909 3464 2081 3527 tyrum
2125 3452 2370 3508 mercede
2395 3460 2642 3522 percepta
2669 3451 2953 3506 discedetis
2983 3468 2996 3504 :
3023 3451 3099 3505 illi
3129 3466 3255 3506 vero
3277 3460 3497 3522 prater-

1905 3563 2064 3619 quam
2093 3546 2234 3617 quod
2255 3546 2404 3600 lucro
2430 3545 2532 3599 isto
2551 3545 2920 3614 privabantur,
2941 3543 3048 3598 alio
3070 3558 3281 3613 quoque
3299 3543 3498 3598 damno

1904 3641 2204 3696 afﬁcientur
2227 3681 2244 3706 ,
2274 3638 2414 3708 quod
2452 3653 2518 3693 ex
2549 3636 2786 3691 futilibus
2829 3635 3264 3706 occupationibus
3301 3633 3496 3689 multas

1905 3731 2323 3788 sollicitudinum
2386 3728 2575 3784 sordes
2640 3726 2976 3782 contrahent.
3040 3725 3497 3792 Quemadmodum

1905 3824 2046 3879 enim
2070 3822 2115 3876 is
2140 3821 2239 3886 Qui
2257 3819 2434 3890 recipit
2454 3818 2748 3889 prophetam
2771 3818 2825 3870 in
2846 3809 3047 3869 nomine
3066 3814 3343 3884 prophetae,
3367 3829 3497 3868 mer-

1904 3917 2072 3972 cedem
2105 3913 2360 3985 prophette
2395 3911 2644 3981 accipiet;
2687 3918 2732 3962 et
2775 3909 2862 3976 qui
2878 3909 3077 3977 justum
3104 3907 3279 3978 recipit
3323 3907 3377 3960 in
3405 3924 3500 3960 nu-

1907 4011 2042 4064 mine
2057 4008 2188 4079 justi
2207 4047 2223 4074 ,
2252 4004 2528 4059 mercedem
2561 4002 2694 4073 justi
2730 4000 2942 4071 accipiet
2969 3998 2989 4068 (
3010 3997 3198 4052 Matth.
3229 3999 3315 4054 10.
3343 3997 3404 4054 41
3433 3998 3496 4069 ):

1905 4105 1985 4156 sic
2013 4110 2067 4155 et
2092 4100 2136 4152 is
2165 4099 2254 4168 qui
2299 4106 2587 4166 martyrem
2631 4093 2818 4159 recipit
2846 4093 2902 4146 iu
2943 4091 3158 4145 nomine
3201 4091 3450 4162 martyris
3477 4131 3496 4152 ,

1906 4190 2209 4246 mercedem
2228 4185 2473 4257 martyris
2500 4181 2742 4251 accipiet.
2762 4180 2897 4235 Tum
2919 4195 3045 4234 vero
3073 4179 3194 4249 quis
3208 4188 3499 4250 martyrem

1907 4283 2136 4352 recipit,
2171 4296 2290 4336 cum
2319 4279 2385 4333 ad
2415 4277 2530 4346 ejus
2559 4274 2870 4330 memoriam
2895 4273 3180 4338 convenit,
3209 4287 3329 4326 cum
3375 4271 3492 4340 ejus

1907 4375 2256 4433 certaminum
2285 4369 2604 4426 narrationis
2638 4367 2698 4421 ﬁt
2735 4367 3020 4436 particeps,
3055 4380 3176 4418 cum
3207 4362 3344 4418 facta
3383 4362 3498 4418 col-

1895 4473 2234 4531 ~laudat,cum
2252 4467 2474 4519 virtutes
2500 4464 2754 4524 imitatur,
2774 4475 2894 4514 cum
2926 4457 3066 4526 apud
3093 4466 3320 4513 caeteros
3351 4472 3495 4526 prte-

1899 4563 2053 4620 .clara
2071 4559 2211 4614 illius
2229 4556 2458 4612 facinora
2479 4553 2744 4623 praedicat.
2771 4552 2896 4606 limo
2912 4557 3200 4619 martyrum
3221 4547 3498 4617 hospitalia

1901 4661 2034 4719 sunt
2062 4653 2200 4704 dona
2224 4664 2240 4714 ;
2268 4647 2346 4702 sic
2372 4647 2501 4699 istos
2522 4651 2736 4698 sanctos
2751 4641 2870 4712 quis
2890 4639 3130 4710 suscipit,
3153 4638 3297 4694 sicut
3325 4645 3380 4692 et
3397 4652 3495 4692 vos

1909 4746 2089 4814 utique
2105 4740 2365 4796 hodierno
2390 4737 2477 4792 die
2504 4734 2725 4790 fecistis.

1979 4839 2034 4894 2.
2066 4834 2371 4906 Martyrium
2396 4839 2467 4884 est
2495 4828 2804 4898 Baptismus.
2833 4854 2907 4867 —
2932 4824 3058 4880 Heri
3101 4823 3278 4892 itaque
3309 4821 3490 4876 Domi-

1913 4947 2014 4988 nus
2053 4928 2267 5000 quidem
2309 4931 2492 4979 noster
2536 4935 2670 4989 aqua
2716 4919 3011 4987 baptizatus
3052 4924 3134 4970 est
3173 4915 3285 4985 (a),
3338 4911 3495 4965 hodie
3559 4977 3563 4982 ‘

1901 5037 2046 5078 .vero
2089 5033 2274 5076 servus
2315 5013 2571 5084 sanguine
2597 5011 2892 5079 baptizatur
2927 5025 2940 5060 :
2971 5007 3224 5060 hesterno
3266 5003 3352 5057 die
3383 5001 3496 5054 cmli

1913 5121 2084 5185 porta:
2135 5116 2260 5164 sunt
2307 5112 2581 5168 reseratae,
2635 5101 2795 5155 hodie
2839 5098 3124 5152 inferorum
3169 5103 3336 5162 portze
3379 5100 3498 5143 sunt

1917 5204 2261 5263 conculcata.
2293 5198 2476 5267 Neque
2505 5193 2777 5250 miremini
2801 5232 2817 5257 ,
2847 5188 2990 5260 quod
3017 5187 3334 5255 baptismum
3364 5198 3500 5236 mar-

1921 5297 2114 5370 tyrium
2146 5290 2492 5360 nuncuparim
2525 5305 2538 5340 :
2571 5300 2692 5340 nam
2723 5293 2778 5339 et
2806 5283 2891 5337 hic
2919 5280 3148 5350 Spiritus
3175 5291 3293 5330 cum
3339 5275 3502 5327 multa

1915 5366 2129 5448 advolat
2152 5388 2413 5446 ubertate,
2435 5397 2500 5437 ac
2527 5387 2865 5451 peccatorum
2895 5371 3114 5428 abolitio
3142 5377 3197 5422 et
3223 5367 3414 5420 animm
3445 5366 3504 5419 tit

1922 5481 2164 5554 purgatio
2189 5477 2429 5548 quaedam
2461 5472 2716 5528 mirabilis
2741 5484 2805 5523 ac
2834 5464 3091 5535 stupenda
3122 5479 3135 5515 :
3163 5471 3217 5516 et
3245 5457 3500 5530 quemad-

1921 5550 2138 5630 modum
2171 5571 2227 5634 ii,
2260 5569 2349 5638 qui
2379 5565 2738 5636 baptizantur,
2765 5558 2949 5628 aquis,
2981 5555 3051 5608 ita
3077 5553 3165 5623 qui
3193 5550 3507 5621 martyrium

1987 5711 2003 5741 ι
2037 5703 2176 5756 savii.
2203 5704 2252 5765 in
2269 5713 2446 5765 marg.,
2469 5695 2552 5762 qui
2574 5695 2625 5746 in
2646 5691 2774 5744 mari
2794 5697 2839 5744 et
2860 5688 2913 5741 in
2935 5700 3054 5753 rupe
3078 5699 3244 5739 secure
3268 5684 3496 5748 consistit,

1923 5763 2336 5837 Menedemi!-

1990 5832 2063 5895 (α)
2095 5820 2460 5892 Epiphaniorum
2481 5820 2662 5872 festum
2681 5825 2936 5868 memorat.
