  <div class='ocr_page' id='page_1' title='image "/cluster/home/n/w/nwhite01/storage/ocr_20150623/50/mdp.39015066055818/119.png"; bbox 0 0 3884 6294; ppageno 0'>
   <div class='ocr_carea' id='block_1_1' title="bbox 471 425 576 486">
    <p class='ocr_par' dir='ltr' id='par_1_1' title="bbox 471 425 576 486">
     <span class='ocr_line' id='line_1_1' title="bbox 471 425 576 486; baseline -0.019 0"><span class='ocrx_word' id='word_1_1' title='bbox 471 425 576 486; x_wconf 72' lang='lat'><strong>823</strong></span> 
     </span>
    </p>
   </div>
   <div class='ocr_carea' id='block_1_2' title="bbox 475 537 2056 613">
    <p class='ocr_par' dir='ltr' id='par_1_2' title="bbox 475 537 2056 613">
     <span class='ocr_line' id='line_1_2' title="bbox 475 537 2056 613; baseline -0.003 -16"><span class='ocrx_word' id='word_1_2' title='bbox 475 545 768 613; x_wconf 80' lang='lat' dir='ltr'><strong>patiuntur,</strong></span> <span class='ocrx_word' id='word_1_3' title='bbox 815 542 1030 612; x_wconf 90' lang='lat' dir='ltr'><strong>proprio</strong></span> <span class='ocrx_word' id='word_1_4' title='bbox 1063 544 1318 612; x_wconf 88' lang='lat' dir='ltr'><strong>sanguine</strong></span> <span class='ocrx_word' id='word_1_5' title='bbox 1344 540 1671 602; x_wconf 91' lang='lat' dir='ltr'><strong>abluuntur;</strong></span> <span class='ocrx_word' id='word_1_6' title='bbox 1702 537 1840 605; x_wconf 91' lang='lat' dir='ltr'><strong>quod</strong></span> <span class='ocrx_word' id='word_1_7' title='bbox 1873 538 2056 608; x_wconf 77' lang='lat' dir='ltr'><strong>utique</strong></span> 
     </span>
    </p>
   </div>
   <div class='ocr_carea' id='block_1_3' title="bbox 471 632 2054 702">
    <p class='ocr_par' dir='ltr' id='par_1_3' title="bbox 471 632 2054 702">
     <span class='ocr_line' id='line_1_3' title="bbox 471 632 2054 702; baseline -0.002 -12"><span class='ocrx_word' id='word_1_8' title='bbox 471 645 530 690; x_wconf 89' lang='lat' dir='ltr'><strong>et</strong></span> <span class='ocrx_word' id='word_1_9' title='bbox 557 637 608 690; x_wconf 92' lang='lat' dir='ltr'><strong>in</strong></span> <span class='ocrx_word' id='word_1_10' title='bbox 642 636 746 690; x_wconf 89' lang='lat' dir='ltr'><strong>isto</strong></span> <span class='ocrx_word' id='word_1_11' title='bbox 773 635 969 690; x_wconf 96' lang='lat' dir='ltr'><strong>evenit.</strong></span> <span class='ocrx_word' id='word_1_12' title='bbox 1003 633 1198 689; x_wconf 77' lang='lat' dir='ltr'><strong>Verum</strong></span> <span class='ocrx_word' id='word_1_13' title='bbox 1240 643 1523 702; x_wconf 78' lang='lat' dir='ltr'><strong>antequam</strong></span> <span class='ocrx_word' id='word_1_14' title='bbox 1563 633 1630 687; x_wconf 90' lang='lat' dir='ltr'><strong>de</strong></span> <span class='ocrx_word' id='word_1_15' title='bbox 1666 632 1844 697; x_wconf 69' lang='lat' dir='ltr'><strong>aede,</strong></span> <span class='ocrx_word' id='word_1_16' title='bbox 1875 646 2054 700; x_wconf 72' lang='lat' dir='ltr'><strong>aperte</strong></span> 
     </span>
    </p>
   </div>
   <div class='ocr_carea' id='block_1_4' title="bbox 473 723 2049 796">
    <p class='ocr_par' dir='ltr' id='par_1_4' title="bbox 473 723 2049 796">
     <span class='ocr_line' id='line_1_4' title="bbox 473 723 2049 796; baseline -0.003 -14"><span class='ocrx_word' id='word_1_17' title='bbox 473 730 701 796; x_wconf 85' lang='lat' dir='ltr'><strong>pretium</strong></span> <span class='ocrx_word' id='word_1_18' title='bbox 743 736 826 781; x_wconf 90' lang='lat' dir='ltr'><strong>est</strong></span> <span class='ocrx_word' id='word_1_19' title='bbox 856 735 914 780; x_wconf 90' lang='lat' dir='ltr'><strong>ut</strong></span> <span class='ocrx_word' id='word_1_20' title='bbox 957 726 1024 781; x_wconf 90' lang='lat' dir='ltr'><strong>de</strong></span> <span class='ocrx_word' id='word_1_21' title='bbox 1065 725 1260 781; x_wconf 88' lang='lat' dir='ltr'><strong>diaboli</strong></span> <span class='ocrx_word' id='word_1_22' title='bbox 1305 725 1535 780; x_wconf 85' lang='lat' dir='ltr'><strong>versutia</strong></span> <span class='ocrx_word' id='word_1_23' title='bbox 1562 726 1724 780; x_wconf 88' lang='lat' dir='ltr'><strong>verba</strong></span> <span class='ocrx_word' id='word_1_24' title='bbox 1773 723 2049 779; x_wconf 78' lang='lat' dir='ltr'><strong>faciamus.</strong></span> 
     </span>
    </p>
   </div>
   <div class='ocr_carea' id='block_1_5' title="bbox 474 815 2054 888">
    <p class='ocr_par' dir='ltr' id='par_1_5' title="bbox 474 815 2054 888">
     <span class='ocr_line' id='line_1_5' title="bbox 474 815 2054 888; baseline -0.003 -14"><span class='ocrx_word' id='word_1_25' title='bbox 474 820 604 874; x_wconf 83' lang='lat' dir='ltr'><strong>Nam</strong></span> <span class='ocrx_word' id='word_1_26' title='bbox 625 836 746 874; x_wconf 91' lang='lat' dir='ltr'><strong>cum</strong></span> <span class='ocrx_word' id='word_1_27' title='bbox 771 835 928 874; x_wconf 91' lang='lat' dir='ltr'><strong>omne</strong></span> <span class='ocrx_word' id='word_1_28' title='bbox 964 819 1342 888; x_wconf 82' lang='lat' dir='ltr'><strong>suppliciorum</strong></span> <span class='ocrx_word' id='word_1_29' title='bbox 1377 832 1440 871; x_wconf 89' lang='lat' dir='ltr'><strong>ac</strong></span> <span class='ocrx_word' id='word_1_30' title='bbox 1482 832 1757 886; x_wconf 71' lang='lat' dir='ltr'><strong>ptenarum</strong></span> <span class='ocrx_word' id='word_1_31' title='bbox 1796 829 1962 887; x_wconf 89' lang='lat' dir='ltr'><strong>genus</strong></span> <span class='ocrx_word' id='word_1_32' title='bbox 1985 815 2054 869; x_wconf 93' lang='lat' dir='ltr'><strong>ab</strong></span> 
     </span>
    </p>
   </div>
   <div class='ocr_carea' id='block_1_6' title="bbox 472 908 2055 976">
    <p class='ocr_par' dir='ltr' id='par_1_6' title="bbox 472 908 2055 976">
     <span class='ocr_line' id='line_1_6' title="bbox 472 908 2055 976; baseline -0.003 -11"><span class='ocrx_word' id='word_1_33' title='bbox 472 926 538 965; x_wconf 88' lang='lat' dir='ltr'><strong>eo</strong></span> <span class='ocrx_word' id='word_1_34' title='bbox 567 912 796 965; x_wconf 86' lang='lat' dir='ltr'><strong>derisum</strong></span> <span class='ocrx_word' id='word_1_35' title='bbox 824 910 1292 972; x_wconf 89' lang='lat' dir='ltr'><strong>animadverteret,</strong></span> <span class='ocrx_word' id='word_1_36' title='bbox 1321 924 1382 962; x_wconf 90' lang='lat' dir='ltr'><strong>ac</strong></span> <span class='ocrx_word' id='word_1_37' title='bbox 1409 923 1468 962; x_wconf 86' lang='lat' dir='ltr'><strong>se</strong></span> <span class='ocrx_word' id='word_1_38' title='bbox 1494 923 1664 976; x_wconf 89' lang='lat' dir='ltr'><strong>neque</strong></span> <span class='ocrx_word' id='word_1_39' title='bbox 1693 921 1916 962; x_wconf 90' lang='lat' dir='ltr'><strong>accensa</strong></span> <span class='ocrx_word' id='word_1_40' title='bbox 1948 908 2055 960; x_wconf 88' lang='lat' dir='ltr'><strong>for-</strong></span> 
     </span>
    </p>
   </div>
   <div class='ocr_carea' id='block_1_7' title="bbox 472 1000 2053 1072">
    <p class='ocr_par' dir='ltr' id='par_1_7' title="bbox 472 1000 2053 1072">
     <span class='ocr_line' id='line_1_7' title="bbox 472 1000 2053 1072; baseline -0.002 -17"><span class='ocrx_word' id='word_1_41' title='bbox 472 1017 623 1065; x_wconf 87' lang='lat' dir='ltr'><strong>nace,</strong></span> <span class='ocrx_word' id='word_1_42' title='bbox 656 1017 827 1072; x_wconf 86' lang='lat' dir='ltr'><strong>neque</strong></span> <span class='ocrx_word' id='word_1_43' title='bbox 858 1001 1107 1055; x_wconf 76' lang='lat' dir='ltr'><strong>barathro</strong></span> <span class='ocrx_word' id='word_1_44' title='bbox 1131 1000 1355 1063; x_wconf 85' lang='lat' dir='ltr'><strong>effosso,</strong></span> <span class='ocrx_word' id='word_1_45' title='bbox 1387 1015 1557 1069; x_wconf 91' lang='lat' dir='ltr'><strong>neque</strong></span> <span class='ocrx_word' id='word_1_46' title='bbox 1583 1011 1696 1053; x_wconf 88' lang='lat' dir='ltr'><strong>rota</strong></span> <span class='ocrx_word' id='word_1_47' title='bbox 1723 1007 1926 1069; x_wconf 91' lang='lat' dir='ltr'><strong>parata,</strong></span> <span class='ocrx_word' id='word_1_48' title='bbox 1953 1013 2053 1053; x_wconf 89' lang='lat' dir='ltr'><strong>ne-</strong></span> 
     </span>
    </p>
   </div>
   <div class='ocr_carea' id='block_1_8' title="bbox 469 1090 2054 1163">
    <p class='ocr_par' dir='ltr' id='par_1_8' title="bbox 469 1090 2054 1163">
     <span class='ocr_line' id='line_1_8' title="bbox 469 1090 2054 1163; baseline -0.003 -16"><span class='ocrx_word' id='word_1_49' title='bbox 469 1110 574 1163; x_wconf 88' lang='lat' dir='ltr'><strong>que</strong></span> <span class='ocrx_word' id='word_1_50' title='bbox 602 1109 721 1147; x_wconf 90' lang='lat' dir='ltr'><strong>cum</strong></span> <span class='ocrx_word' id='word_1_51' title='bbox 755 1094 804 1146; x_wconf 93' lang='lat' dir='ltr'><strong>in</strong></span> <span class='ocrx_word' id='word_1_52' title='bbox 837 1093 1117 1162; x_wconf 91' lang='lat' dir='ltr'><strong>equuleum</strong></span> <span class='ocrx_word' id='word_1_53' title='bbox 1145 1093 1462 1156; x_wconf 80' lang='lat' dir='ltr'><strong>sustulisset,</strong></span> <span class='ocrx_word' id='word_1_54' title='bbox 1494 1106 1666 1162; x_wconf 92' lang='lat' dir='ltr'><strong>neque</strong></span> <span class='ocrx_word' id='word_1_55' title='bbox 1693 1106 1814 1144; x_wconf 92' lang='lat' dir='ltr'><strong>cum</strong></span> <span class='ocrx_word' id='word_1_56' title='bbox 1844 1090 1897 1144; x_wconf 93' lang='lat' dir='ltr'><strong>in</strong></span> <span class='ocrx_word' id='word_1_57' title='bbox 1919 1105 2054 1160; x_wconf 75' lang='lat' dir='ltr'><strong>prte-</strong></span> 
     </span>
    </p>
   </div>
   <div class='ocr_carea' id='block_1_9' title="bbox 470 1180 2053 1253">
    <p class='ocr_par' dir='ltr' id='par_1_9' title="bbox 470 1180 2053 1253">
     <span class='ocr_line' id='line_1_9' title="bbox 470 1180 2053 1253; baseline -0.004 -13"><span class='ocrx_word' id='word_1_58' title='bbox 470 1186 648 1253; x_wconf 89' lang='lat' dir='ltr'><strong>cipitia</strong></span> <span class='ocrx_word' id='word_1_59' title='bbox 680 1185 1010 1253; x_wconf 80' lang='lat' dir='ltr'><strong>projecisset,</strong></span> <span class='ocrx_word' id='word_1_60' title='bbox 1041 1198 1211 1252; x_wconf 87' lang='lat' dir='ltr'><strong>neque</strong></span> <span class='ocrx_word' id='word_1_61' title='bbox 1233 1198 1352 1236; x_wconf 91' lang='lat' dir='ltr'><strong>cum</strong></span> <span class='ocrx_word' id='word_1_62' title='bbox 1375 1182 1620 1236; x_wconf 73' lang='lat' dir='ltr'><strong>dentibus</strong></span> <span class='ocrx_word' id='word_1_63' title='bbox 1651 1180 1879 1236; x_wconf 88' lang='lat' dir='ltr'><strong>ferarum</strong></span> <span class='ocrx_word' id='word_1_64' title='bbox 1908 1181 2053 1248; x_wconf 88' lang='lat' dir='ltr'><strong>obje-</strong></span> 
     </span>
    </p>
   </div>
   <div class='ocr_carea' id='block_1_10' title="bbox 469 1273 2054 1346">
    <p class='ocr_par' dir='ltr' id='par_1_10' title="bbox 469 1273 2054 1346">
     <span class='ocr_line' id='line_1_10' title="bbox 469 1273 2054 1346; baseline -0.001 -16"><span class='ocrx_word' id='word_1_65' title='bbox 469 1277 666 1341; x_wconf 76' lang='lat' dir='ltr'><strong>cisset,</strong></span> <span class='ocrx_word' id='word_1_66' title='bbox 693 1278 860 1330; x_wconf 87' lang='lat' dir='ltr'><strong>sancti</strong></span> <span class='ocrx_word' id='word_1_67' title='bbox 894 1275 1285 1346; x_wconf 89' lang='lat' dir='ltr'><strong>philos0phiam</strong></span> <span class='ocrx_word' id='word_1_68' title='bbox 1315 1289 1569 1344; x_wconf 90' lang='lat' dir='ltr'><strong>superare</strong></span> <span class='ocrx_word' id='word_1_69' title='bbox 1606 1275 1841 1344; x_wconf 87' lang='lat' dir='ltr'><strong>p0tuisse</strong></span> <span class='ocrx_word' id='word_1_70' title='bbox 1869 1291 1882 1326; x_wconf 93' lang='lat'><strong>:</strong></span> <span class='ocrx_word' id='word_1_71' title='bbox 1910 1273 2054 1328; x_wconf 88' lang='lat' dir='ltr'><strong>aliud</strong></span> 
     </span>
    </p>
   </div>
   <div class='ocr_carea' id='block_1_11' title="bbox 469 1367 2050 1437">
    <p class='ocr_par' dir='ltr' id='par_1_11' title="bbox 469 1367 2050 1437">
     <span class='ocr_line' id='line_1_11' title="bbox 469 1367 2050 1437; baseline -0.003 -15"><span class='ocrx_word' id='word_1_72' title='bbox 469 1369 714 1424; x_wconf 85' lang='lat' dir='ltr'><strong>acerbius</strong></span> <span class='ocrx_word' id='word_1_73' title='bbox 751 1384 918 1437; x_wconf 88' lang='lat' dir='ltr'><strong>genus</strong></span> <span class='ocrx_word' id='word_1_74' title='bbox 954 1368 1305 1437; x_wconf 89' lang='lat' dir='ltr'><strong>excogitavit,</strong></span> <span class='ocrx_word' id='word_1_75' title='bbox 1341 1381 1689 1436; x_wconf 74' lang='lat' dir='ltr'><strong>quzerensqne</strong></span> <span class='ocrx_word' id='word_1_76' title='bbox 1717 1367 2050 1433; x_wconf 85' lang='lat' dir='ltr'><strong>circumibat,</strong></span> 
     </span>
    </p>
   </div>
   <div class='ocr_carea' id='block_1_12' title="bbox 467 1456 2050 1527">
    <p class='ocr_par' dir='ltr' id='par_1_12' title="bbox 467 1456 2050 1527">
     <span class='ocr_line' id='line_1_12' title="bbox 467 1456 2050 1527; baseline -0.002 -14"><span class='ocrx_word' id='word_1_77' title='bbox 467 1467 528 1513; x_wconf 86' lang='lat' dir='ltr'><strong>ut</strong></span> <span class='ocrx_word' id='word_1_78' title='bbox 551 1459 864 1527; x_wconf 82' lang='lat' dir='ltr'><strong>supplicium</strong></span> <span class='ocrx_word' id='word_1_79' title='bbox 895 1459 1190 1521; x_wconf 88' lang='lat' dir='ltr'><strong>inveniret,</strong></span> <span class='ocrx_word' id='word_1_80' title='bbox 1219 1456 1358 1526; x_wconf 88' lang='lat' dir='ltr'><strong>quod</strong></span> <span class='ocrx_word' id='word_1_81' title='bbox 1387 1457 1541 1510; x_wconf 88' lang='lat' dir='ltr'><strong>simul</strong></span> <span class='ocrx_word' id='word_1_82' title='bbox 1567 1467 1622 1510; x_wconf 91' lang='lat' dir='ltr'><strong>et</strong></span> <span class='ocrx_word' id='word_1_83' title='bbox 1648 1457 2050 1511; x_wconf 88' lang='lat' dir='ltr'><strong>acerbissimum</strong></span> 
     </span>
    </p>
   </div>
   <div class='ocr_carea' id='block_1_13' title="bbox 466 1548 2051 1620">
    <p class='ocr_par' dir='ltr' id='par_1_13' title="bbox 466 1548 2051 1620">
     <span class='ocr_line' id='line_1_13' title="bbox 466 1548 2051 1620; baseline 0 -16"><span class='ocrx_word' id='word_1_84' title='bbox 466 1559 611 1605; x_wconf 85' lang='lat' dir='ltr'><strong>esset</strong></span> <span class='ocrx_word' id='word_1_85' title='bbox 661 1559 713 1604; x_wconf 92' lang='lat' dir='ltr'><strong>et</strong></span> <span class='ocrx_word' id='word_1_86' title='bbox 767 1548 1153 1620; x_wconf 87' lang='lat' dir='ltr'><strong>longissimum.</strong></span> <span class='ocrx_word' id='word_1_87' title='bbox 1203 1549 1465 1614; x_wconf 86' lang='lat' dir='ltr'><strong>Quoniam</strong></span> <span class='ocrx_word' id='word_1_88' title='bbox 1517 1550 1659 1603; x_wconf 90' lang='lat' dir='ltr'><strong>enim</strong></span> <span class='ocrx_word' id='word_1_89' title='bbox 1707 1564 1784 1604; x_wconf 76' lang='lat' dir='ltr'><strong>eae</strong></span> <span class='ocrx_word' id='word_1_90' title='bbox 1835 1550 2051 1618; x_wconf 83' lang='lat' dir='ltr'><strong>quidem</strong></span> 
     </span>
    </p>
   </div>
   <div class='ocr_carea' id='block_1_14' title="bbox 469 1639 2053 1710">
    <p class='ocr_par' dir='ltr' id='par_1_14' title="bbox 469 1639 2053 1710">
     <span class='ocr_line' id='line_1_14' title="bbox 469 1639 2053 1710; baseline 0 -16"><span class='ocrx_word' id='word_1_91' title='bbox 469 1655 678 1710; x_wconf 64' lang='lat' dir='ltr'><strong>ptume,</strong></span> <span class='ocrx_word' id='word_1_92' title='bbox 706 1657 826 1709; x_wconf 79' lang='lat' dir='ltr'><strong>quze</strong></span> <span class='ocrx_word' id='word_1_93' title='bbox 865 1650 988 1695; x_wconf 91' lang='lat' dir='ltr'><strong>sunt</strong></span> <span class='ocrx_word' id='word_1_94' title='bbox 1035 1641 1414 1706; x_wconf 88' lang='lat' dir='ltr'><strong>intolerabiles,</strong></span> <span class='ocrx_word' id='word_1_95' title='bbox 1461 1639 1562 1694; x_wconf 90' lang='lat' dir='ltr'><strong>hoc</strong></span> <span class='ocrx_word' id='word_1_96' title='bbox 1590 1639 1856 1706; x_wconf 89' lang='lat' dir='ltr'><strong>afferunt,</strong></span> <span class='ocrx_word' id='word_1_97' title='bbox 1901 1649 1958 1694; x_wconf 91' lang='lat' dir='ltr'><strong>ut</strong></span> <span class='ocrx_word' id='word_1_98' title='bbox 1989 1641 2053 1706; x_wconf 79' lang='lat' dir='ltr'><strong>iis</strong></span> 
     </span>
    </p>
   </div>
   <div class='ocr_carea' id='block_1_15' title="bbox 465 1731 2051 1802">
    <p class='ocr_par' dir='ltr' id='par_1_15' title="bbox 465 1731 2051 1802">
     <span class='ocr_line' id='line_1_15' title="bbox 465 1731 2051 1802; baseline 0.001 -16"><span class='ocrx_word' id='word_1_99' title='bbox 465 1732 732 1802; x_wconf 82' lang='lat' dir='ltr'><strong>ocyssime</strong></span> <span class='ocrx_word' id='word_1_100' title='bbox 757 1731 1076 1796; x_wconf 86' lang='lat' dir='ltr'><strong>liberemur;</strong></span> <span class='ocrx_word' id='word_1_101' title='bbox 1104 1747 1222 1802; x_wconf 68' lang='lat' dir='ltr'><strong>qua:</strong></span> <span class='ocrx_word' id='word_1_102' title='bbox 1241 1746 1370 1786; x_wconf 92' lang='lat' dir='ltr'><strong>vero</strong></span> <span class='ocrx_word' id='word_1_103' title='bbox 1395 1732 1660 1801; x_wconf 79' lang='lat' dir='ltr'><strong>longiores</strong></span> <span class='ocrx_word' id='word_1_104' title='bbox 1686 1742 1828 1794; x_wconf 89' lang='lat' dir='ltr'><strong>sunt,</strong></span> <span class='ocrx_word' id='word_1_105' title='bbox 1854 1732 2051 1802; x_wconf 88' lang='lat' dir='ltr'><strong>aliquid</strong></span> 
     </span>
    </p>
   </div>
   <div class='ocr_carea' id='block_1_16' title="bbox 467 1821 2049 1892">
    <p class='ocr_par' dir='ltr' id='par_1_16' title="bbox 467 1821 2049 1892">
     <span class='ocr_line' id='line_1_16' title="bbox 467 1821 2049 1892; baseline 0.001 -17"><span class='ocrx_word' id='word_1_106' title='bbox 467 1821 786 1876; x_wconf 82' lang='lat' dir='ltr'><strong>subtrahunt</strong></span> <span class='ocrx_word' id='word_1_107' title='bbox 829 1822 896 1876; x_wconf 90' lang='lat' dir='ltr'><strong>de</strong></span> <span class='ocrx_word' id='word_1_108' title='bbox 923 1822 1150 1876; x_wconf 88' lang='lat' dir='ltr'><strong>dolore:</strong></span> <span class='ocrx_word' id='word_1_109' title='bbox 1181 1824 1417 1892; x_wconf 89' lang='lat' dir='ltr'><strong>reperire</strong></span> <span class='ocrx_word' id='word_1_110' title='bbox 1461 1836 1669 1892; x_wconf 69' lang='lat' dir='ltr'><strong>pmnam</strong></span> <span class='ocrx_word' id='word_1_111' title='bbox 1717 1822 1954 1891; x_wconf 90' lang='lat' dir='ltr'><strong>studuit,</strong></span> <span class='ocrx_word' id='word_1_112' title='bbox 1997 1824 2049 1878; x_wconf 92' lang='lat' dir='ltr'><strong>in</strong></span> 
     </span>
    </p>
   </div>
   <div class='ocr_carea' id='block_1_17' title="bbox 467 1915 2050 1984">
    <p class='ocr_par' dir='ltr' id='par_1_17' title="bbox 467 1915 2050 1984">
     <span class='ocr_line' id='line_1_17' title="bbox 467 1915 2050 1984; baseline 0.003 -18"><span class='ocrx_word' id='word_1_113' title='bbox 467 1929 570 1984; x_wconf 91' lang='lat' dir='ltr'><strong>qua</strong></span> <span class='ocrx_word' id='word_1_114' title='bbox 613 1925 894 1984; x_wconf 88' lang='lat' dir='ltr'><strong>utrumque</strong></span> <span class='ocrx_word' id='word_1_115' title='bbox 924 1915 1078 1968; x_wconf 87' lang='lat' dir='ltr'><strong>simul</strong></span> <span class='ocrx_word' id='word_1_116' title='bbox 1111 1925 1287 1980; x_wconf 90' lang='lat' dir='ltr'><strong>esset,</strong></span> <span class='ocrx_word' id='word_1_117' title='bbox 1329 1923 1381 1969; x_wconf 89' lang='lat' dir='ltr'><strong>et</strong></span> <span class='ocrx_word' id='word_1_118' title='bbox 1409 1915 1726 1969; x_wconf 88' lang='lat' dir='ltr'><strong>diuturnitas</strong></span> <span class='ocrx_word' id='word_1_119' title='bbox 1765 1925 1818 1969; x_wconf 92' lang='lat' dir='ltr'><strong>et</strong></span> <span class='ocrx_word' id='word_1_120' title='bbox 1856 1917 2050 1970; x_wconf 89' lang='lat' dir='ltr'><strong>intole-</strong></span> 
     </span>
    </p>
   </div>
   <div class='ocr_carea' id='block_1_18' title="bbox 468 2006 2047 2072">
    <p class='ocr_par' dir='ltr' id='par_1_18' title="bbox 468 2006 2047 2072">
     <span class='ocr_line' id='line_1_18' title="bbox 468 2006 2047 2072; baseline 0.002 -13"><span class='ocrx_word' id='word_1_121' title='bbox 468 2006 647 2060; x_wconf 88' lang='lat' dir='ltr'><strong>rabilis</strong></span> <span class='ocrx_word' id='word_1_122' title='bbox 703 2007 900 2061; x_wconf 89' lang='lat' dir='ltr'><strong>doloris</strong></span> <span class='ocrx_word' id='word_1_123' title='bbox 957 2021 1242 2072; x_wconf 80' lang='lat' dir='ltr'><strong>excessus,</strong></span> <span class='ocrx_word' id='word_1_124' title='bbox 1290 2017 1347 2061; x_wconf 87' lang='grc' dir='ltr'><strong>ιιι</strong></span> <span class='ocrx_word' id='word_1_125' title='bbox 1398 2022 1519 2062; x_wconf 91' lang='lat' dir='ltr'><strong>cum</strong></span> <span class='ocrx_word' id='word_1_126' title='bbox 1561 2009 1891 2062; x_wconf 85' lang='lat' dir='ltr'><strong>vehementia</strong></span> <span class='ocrx_word' id='word_1_127' title='bbox 1939 2018 2047 2063; x_wconf 93' lang='lat' dir='ltr'><strong>tum</strong></span> 
     </span>
    </p>
   </div>
   <div class='ocr_carea' id='block_1_19' title="bbox 462 2095 2048 2169">
    <p class='ocr_par' dir='ltr' id='par_1_19' title="bbox 462 2095 2048 2169">
     <span class='ocr_line' id='line_1_19' title="bbox 462 2095 2048 2169; baseline 0.002 -20"><span class='ocrx_word' id='word_1_128' title='bbox 462 2095 786 2152; x_wconf 84' lang='lat' dir='ltr'><strong>diuturnitas</strong></span> <span class='ocrx_word' id='word_1_129' title='bbox 823 2099 1079 2169; x_wconf 88' lang='lat' dir='ltr'><strong>temporis</strong></span> <span class='ocrx_word' id='word_1_130' title='bbox 1115 2099 1350 2152; x_wconf 91' lang='lat' dir='ltr'><strong>animum</strong></span> <span class='ocrx_word' id='word_1_131' title='bbox 1392 2098 1508 2168; x_wconf 89' lang='lat' dir='ltr'><strong>ejus</strong></span> <span class='ocrx_word' id='word_1_132' title='bbox 1551 2107 1881 2154; x_wconf 88' lang='lat' dir='ltr'><strong>constantem</strong></span> <span class='ocrx_word' id='word_1_133' title='bbox 1912 2100 2048 2169; x_wconf 88' lang='lat' dir='ltr'><strong>deji-</strong></span> 
     </span>
    </p>
   </div>
   <div class='ocr_carea' id='block_1_20' title="bbox 459 2199 626 2244">
    <p class='ocr_par' dir='ltr' id='par_1_20' title="bbox 459 2199 626 2244">
     <span class='ocr_line' id='line_1_20' title="bbox 459 2199 626 2244; baseline 0 -1"><span class='ocrx_word' id='word_1_134' title='bbox 459 2199 626 2244; x_wconf 89' lang='lat' dir='ltr'><strong>ceret.</strong></span> 
     </span>
    </p>
   </div>
   <div class='ocr_carea' id='block_1_21' title="bbox 535 2280 2049 2353">
    <p class='ocr_par' dir='ltr' id='par_1_21' title="bbox 535 2280 2049 2353">
     <span class='ocr_line' id='line_1_21' title="bbox 535 2280 2049 2353; baseline 0 -19"><span class='ocrx_word' id='word_1_135' title='bbox 535 2280 698 2336; x_wconf 82' lang='lat' dir='ltr'><strong>Fame</strong></span> <span class='ocrx_word' id='word_1_136' title='bbox 743 2291 1000 2348; x_wconf 84' lang='lat' dir='ltr'><strong>torquetur</strong></span> <span class='ocrx_word' id='word_1_137' title='bbox 1047 2281 1344 2346; x_wconf 78' lang='lat' dir='ltr'><strong>Lucianus,‘</strong></span> <span class='ocrx_word' id='word_1_138' title='bbox 1395 2282 1676 2353; x_wconf 79' lang='lat' dir='ltr'><strong>idolothyta</strong></span> <span class='ocrx_word' id='word_1_139' title='bbox 1722 2284 1932 2352; x_wconf 77' lang='lat' dir='ltr'><strong>respuit.</strong></span> <span class='ocrx_word' id='word_1_140' title='bbox 1977 2313 2049 2323; x_wconf 94' lang='lat'><strong>—</strong></span> 
     </span>
    </p>
   </div>
   <div class='ocr_carea' id='block_1_22' title="bbox 461 2373 2048 2444">
    <p class='ocr_par' dir='ltr' id='par_1_22' title="bbox 461 2373 2048 2444">
     <span class='ocr_line' id='line_1_22' title="bbox 461 2373 2048 2444; baseline 0.001 -16"><span class='ocrx_word' id='word_1_141' title='bbox 461 2373 600 2440; x_wconf 77' lang='lat' dir='ltr'><strong>Quid</strong></span> <span class='ocrx_word' id='word_1_142' title='bbox 626 2390 753 2444; x_wconf 85' lang='lat' dir='ltr'><strong>ergo</strong></span> <span class='ocrx_word' id='word_1_143' title='bbox 781 2375 948 2429; x_wconf 80' lang='lat' dir='ltr'><strong>facit?</strong></span> <span class='ocrx_word' id='word_1_144' title='bbox 973 2374 1122 2429; x_wconf 90' lang='lat' dir='ltr'><strong>Fami</strong></span> <span class='ocrx_word' id='word_1_145' title='bbox 1157 2386 1402 2430; x_wconf 91' lang='lat' dir='ltr'><strong>sanctum</strong></span> <span class='ocrx_word' id='word_1_146' title='bbox 1443 2376 1584 2428; x_wconf 89' lang='lat' dir='ltr'><strong>hunc</strong></span> <span class='ocrx_word' id='word_1_147' title='bbox 1611 2377 1850 2444; x_wconf 80' lang='lat' dir='ltr'><strong>exponit.</strong></span> <span class='ocrx_word' id='word_1_148' title='bbox 1897 2377 1966 2430; x_wconf 83' lang='lat' dir='ltr'><strong>At</strong></span> <span class='ocrx_word' id='word_1_149' title='bbox 1991 2383 2048 2430; x_wconf 90' lang='lat' dir='ltr'><strong>tu</strong></span> 
     </span>
    </p>
   </div>
   <div class='ocr_carea' id='block_1_23' title="bbox 463 2467 2050 2538">
    <p class='ocr_par' dir='ltr' id='par_1_23' title="bbox 463 2467 2050 2538">
     <span class='ocr_line' id='line_1_23' title="bbox 463 2467 2050 2538; baseline 0.003 -17"><span class='ocrx_word' id='word_1_150' title='bbox 463 2483 585 2521; x_wconf 91' lang='lat' dir='ltr'><strong>cum</strong></span> <span class='ocrx_word' id='word_1_151' title='bbox 634 2467 701 2520; x_wconf 90' lang='lat' dir='ltr'><strong>de</strong></span> <span class='ocrx_word' id='word_1_152' title='bbox 746 2467 884 2521; x_wconf 89' lang='lat' dir='ltr'><strong>fame</strong></span> <span class='ocrx_word' id='word_1_153' title='bbox 927 2468 1100 2533; x_wconf 92' lang='lat' dir='ltr'><strong>audis,</strong></span> <span class='ocrx_word' id='word_1_154' title='bbox 1139 2483 1206 2522; x_wconf 89' lang='lat' dir='ltr'><strong>ne</strong></span> <span class='ocrx_word' id='word_1_155' title='bbox 1234 2468 1373 2538; x_wconf 92' lang='lat' dir='ltr'><strong>quod</strong></span> <span class='ocrx_word' id='word_1_156' title='bbox 1417 2469 1612 2522; x_wconf 93' lang='lat' dir='ltr'><strong>dictum</strong></span> <span class='ocrx_word' id='word_1_157' title='bbox 1645 2477 1728 2523; x_wconf 90' lang='lat' dir='ltr'><strong>est</strong></span> <span class='ocrx_word' id='word_1_158' title='bbox 1762 2471 2050 2524; x_wconf 88' lang='lat' dir='ltr'><strong>oscitanter</strong></span> 
     </span>
    </p>
   </div>
   <div class='ocr_carea' id='block_1_24' title="bbox 460 2559 2044 2628">
    <p class='ocr_par' dir='ltr' id='par_1_24' title="bbox 460 2559 2044 2628">
     <span class='ocr_line' id='line_1_24' title="bbox 460 2559 2044 2628; baseline 0.002 -16"><span class='ocrx_word' id='word_1_159' title='bbox 460 2566 751 2628; x_wconf 72' lang='lat' dir='ltr'><strong>prmtereas</strong></span> <span class='ocrx_word' id='word_1_160' title='bbox 784 2576 797 2612; x_wconf 89' lang='lat'><strong>:</strong></span> <span class='ocrx_word' id='word_1_161' title='bbox 830 2566 910 2612; x_wconf 91' lang='lat' dir='ltr'><strong>est</strong></span> <span class='ocrx_word' id='word_1_162' title='bbox 935 2559 1079 2612; x_wconf 92' lang='lat' dir='ltr'><strong>enim</strong></span> <span class='ocrx_word' id='word_1_163' title='bbox 1121 2559 1210 2612; x_wconf 89' lang='lat' dir='ltr'><strong>illa</strong></span> <span class='ocrx_word' id='word_1_164' title='bbox 1242 2575 1388 2612; x_wconf 92' lang='lat' dir='ltr'><strong>mors</strong></span> <span class='ocrx_word' id='word_1_165' title='bbox 1415 2561 1656 2613; x_wconf 91' lang='lat' dir='ltr'><strong>omnium</strong></span> <span class='ocrx_word' id='word_1_166' title='bbox 1682 2561 2044 2627; x_wconf 90' lang='lat' dir='ltr'><strong>acerbissima,</strong></span> 
     </span>
    </p>
   </div>
   <div class='ocr_carea' id='block_1_25' title="bbox 461 2649 2048 2722">
    <p class='ocr_par' dir='ltr' id='par_1_25' title="bbox 461 2649 2048 2722">
     <span class='ocr_line' id='line_1_25' title="bbox 461 2649 2048 2722; baseline 0.003 -18"><span class='ocrx_word' id='word_1_167' title='bbox 461 2649 604 2721; x_wconf 84' lang='lat' dir='ltr'><strong>quod</strong></span> <span class='ocrx_word' id='word_1_168' title='bbox 635 2650 742 2716; x_wconf 90' lang='lat' dir='ltr'><strong>illi,</strong></span> <span class='ocrx_word' id='word_1_169' title='bbox 774 2651 862 2722; x_wconf 89' lang='lat' dir='ltr'><strong>qui</strong></span> <span class='ocrx_word' id='word_1_170' title='bbox 902 2660 1026 2705; x_wconf 91' lang='lat' dir='ltr'><strong>sunt</strong></span> <span class='ocrx_word' id='word_1_171' title='bbox 1051 2651 1288 2721; x_wconf 85' lang='lat' dir='ltr'><strong>experti,</strong></span> <span class='ocrx_word' id='word_1_172' title='bbox 1322 2659 1582 2705; x_wconf 89' lang='lat' dir='ltr'><strong>testantur</strong></span> <span class='ocrx_word' id='word_1_173' title='bbox 1614 2669 1628 2705; x_wconf 89' lang='lat'><strong>:</strong></span> <span class='ocrx_word' id='word_1_174' title='bbox 1656 2653 1793 2706; x_wconf 91' lang='lat' dir='ltr'><strong>absit</strong></span> <span class='ocrx_word' id='word_1_175' title='bbox 1821 2654 1960 2708; x_wconf 92' lang='lat' dir='ltr'><strong>enim</strong></span> <span class='ocrx_word' id='word_1_176' title='bbox 1989 2663 2048 2708; x_wconf 90' lang='lat' dir='ltr'><strong>ut</strong></span> 
     </span>
    </p>
   </div>
   <div class='ocr_carea' id='block_1_26' title="bbox 461 2743 2047 2815">
    <p class='ocr_par' dir='ltr' id='par_1_26' title="bbox 461 2743 2047 2815">
     <span class='ocr_line' id='line_1_26' title="bbox 461 2743 2047 2815; baseline 0.001 -17"><span class='ocrx_word' id='word_1_177' title='bbox 461 2743 516 2798; x_wconf 79' lang='lat' dir='ltr'><strong>id</strong></span> <span class='ocrx_word' id='word_1_178' title='bbox 548 2759 644 2798; x_wconf 92' lang='lat' dir='ltr'><strong>nos</strong></span> <span class='ocrx_word' id='word_1_179' title='bbox 671 2745 1010 2814; x_wconf 79' lang='lat' dir='ltr'><strong>experiamur</strong></span> <span class='ocrx_word' id='word_1_180' title='bbox 1038 2764 1052 2798; x_wconf 91' lang='lat'><strong>:</strong></span> <span class='ocrx_word' id='word_1_181' title='bbox 1082 2754 1227 2799; x_wconf 89' lang='lat' dir='ltr'><strong>recte</strong></span> <span class='ocrx_word' id='word_1_182' title='bbox 1257 2759 1484 2815; x_wconf 86' lang='lat' dir='ltr'><strong>namque</strong></span> <span class='ocrx_word' id='word_1_183' title='bbox 1525 2759 1709 2799; x_wconf 83' lang='lat' dir='ltr'><strong>sumus</strong></span> <span class='ocrx_word' id='word_1_184' title='bbox 1747 2745 1958 2810; x_wconf 91' lang='lat' dir='ltr'><strong>edocti,</strong></span> <span class='ocrx_word' id='word_1_185' title='bbox 1989 2755 2047 2800; x_wconf 91' lang='lat' dir='ltr'><strong>ut</strong></span> 
     </span>
    </p>
   </div>
   <div class='ocr_carea' id='block_1_27' title="bbox 461 2832 2043 2909">
    <p class='ocr_par' dir='ltr' id='par_1_27' title="bbox 461 2832 2043 2909">
     <span class='ocr_line' id='line_1_27' title="bbox 461 2832 2043 2909; baseline 0.001 -17"><span class='ocrx_word' id='word_1_186' title='bbox 461 2853 696 2902; x_wconf 91' lang='lat' dir='ltr'><strong>oremus,</strong></span> <span class='ocrx_word' id='word_1_187' title='bbox 727 2853 795 2892; x_wconf 91' lang='lat' dir='ltr'><strong>ne</strong></span> <span class='ocrx_word' id='word_1_188' title='bbox 824 2837 875 2891; x_wconf 91' lang='lat' dir='ltr'><strong>in</strong></span> <span class='ocrx_word' id='word_1_189' title='bbox 907 2836 1250 2892; x_wconf 90' lang='lat' dir='ltr'><strong>tentationem</strong></span> <span class='ocrx_word' id='word_1_190' title='bbox 1274 2832 1535 2892; x_wconf 90' lang='lat' dir='ltr'><strong>intremus</strong></span> <span class='ocrx_word' id='word_1_191' title='bbox 1564 2836 1772 2909; x_wconf 80' lang='lat' dir='ltr'><strong>(Matth.</strong></span> <span class='ocrx_word' id='word_1_192' title='bbox 1799 2839 1890 2894; x_wconf 74' lang='lat'><strong>26.</strong></span> <span class='ocrx_word' id='word_1_193' title='bbox 1918 2839 2043 2909; x_wconf 76' lang='grc'><strong>41).</strong></span> 
     </span>
    </p>
   </div>
   <div class='ocr_carea' id='block_1_28' title="bbox 462 2929 2044 2999">
    <p class='ocr_par' dir='ltr' id='par_1_28' title="bbox 462 2929 2044 2999">
     <span class='ocr_line' id='line_1_28' title="bbox 462 2929 2044 2999; baseline 0.001 -15"><span class='ocrx_word' id='word_1_194' title='bbox 462 2929 677 2984; x_wconf 88' lang='lat' dir='ltr'><strong>Etenim</strong></span> <span class='ocrx_word' id='word_1_195' title='bbox 721 2941 988 2999; x_wconf 88' lang='lat' dir='ltr'><strong>tamquam</strong></span> <span class='ocrx_word' id='word_1_196' title='bbox 1019 2929 1310 2984; x_wconf 89' lang='lat' dir='ltr'><strong>visceribus</strong></span> <span class='ocrx_word' id='word_1_197' title='bbox 1356 2929 1498 2986; x_wconf 88' lang='lat' dir='ltr'><strong>intus</strong></span> <span class='ocrx_word' id='word_1_198' title='bbox 1549 2929 1782 2985; x_wconf 90' lang='lat' dir='ltr'><strong>insidens</strong></span> <span class='ocrx_word' id='word_1_199' title='bbox 1810 2931 2044 2986; x_wconf 79' lang='lat' dir='ltr'><strong>Carnifex</strong></span> 
     </span>
    </p>
   </div>
   <div class='ocr_carea' id='block_1_29' title="bbox 460 3019 2046 3091">
    <p class='ocr_par' dir='ltr' id='par_1_29' title="bbox 460 3019 2046 3091">
     <span class='ocr_line' id='line_1_29' title="bbox 460 3019 2046 3091; baseline 0.001 -17"><span class='ocrx_word' id='word_1_200' title='bbox 460 3021 722 3090; x_wconf 85' lang='lat' dir='ltr'><strong>quispiam</strong></span> <span class='ocrx_word' id='word_1_201' title='bbox 767 3021 945 3074; x_wconf 88' lang='lat' dir='ltr'><strong>omnia</strong></span> <span class='ocrx_word' id='word_1_202' title='bbox 977 3020 1213 3074; x_wconf 89' lang='lat' dir='ltr'><strong>membra</strong></span> <span class='ocrx_word' id='word_1_203' title='bbox 1239 3019 1496 3083; x_wconf 88' lang='lat' dir='ltr'><strong>dilaniat,</strong></span> <span class='ocrx_word' id='word_1_204' title='bbox 1527 3021 1714 3090; x_wconf 89' lang='lat' dir='ltr'><strong>quovis</strong></span> <span class='ocrx_word' id='word_1_205' title='bbox 1743 3021 1866 3091; x_wconf 90' lang='lat' dir='ltr'><strong>igne</strong></span> <span class='ocrx_word' id='word_1_206' title='bbox 1909 3020 2046 3076; x_wconf 89' lang='lat' dir='ltr'><strong>fera-</strong></span> 
     </span>
    </p>
   </div>
   <div class='ocr_carea' id='block_1_30' title="bbox 460 3111 2044 3184">
    <p class='ocr_par' dir='ltr' id='par_1_30' title="bbox 460 3111 2044 3184">
     <span class='ocr_line' id='line_1_30' title="bbox 460 3111 2044 3184; baseline 0 -18"><span class='ocrx_word' id='word_1_207' title='bbox 460 3129 566 3184; x_wconf 89' lang='lat' dir='ltr'><strong>que</strong></span> <span class='ocrx_word' id='word_1_208' title='bbox 589 3114 783 3167; x_wconf 67' lang='lat' dir='ltr'><strong>saevius</strong></span> <span class='ocrx_word' id='word_1_209' title='bbox 809 3127 1002 3181; x_wconf 90' lang='lat' dir='ltr'><strong>corpus</strong></span> <span class='ocrx_word' id='word_1_210' title='bbox 1027 3112 1172 3166; x_wconf 90' lang='lat' dir='ltr'><strong>omni</strong></span> <span class='ocrx_word' id='word_1_211' title='bbox 1199 3127 1264 3167; x_wconf 89' lang='lat' dir='ltr'><strong>ex</strong></span> <span class='ocrx_word' id='word_1_212' title='bbox 1295 3121 1442 3181; x_wconf 91' lang='lat' dir='ltr'><strong>parte</strong></span> <span class='ocrx_word' id='word_1_213' title='bbox 1469 3111 1704 3167; x_wconf 89' lang='lat' dir='ltr'><strong>corrodit</strong></span> <span class='ocrx_word' id='word_1_214' title='bbox 1727 3154 1741 3180; x_wconf 88' lang='lat'><strong>,</strong></span> <span class='ocrx_word' id='word_1_215' title='bbox 1782 3127 1844 3168; x_wconf 91' lang='lat' dir='ltr'><strong>ac</strong></span> <span class='ocrx_word' id='word_1_216' title='bbox 1870 3113 2044 3167; x_wconf 89' lang='lat' dir='ltr'><strong>conti-</strong></span> 
     </span>
    </p>
   </div>
   <div class='ocr_carea' id='block_1_31' title="bbox 459 3203 2046 3276">
    <p class='ocr_par' dir='ltr' id='par_1_31' title="bbox 459 3203 2046 3276">
     <span class='ocr_line' id='line_1_31' title="bbox 459 3203 2046 3276; baseline 0 -16"><span class='ocrx_word' id='word_1_217' title='bbox 459 3221 623 3260; x_wconf 89' lang='lat' dir='ltr'><strong>nuum</strong></span> <span class='ocrx_word' id='word_1_218' title='bbox 677 3215 730 3260; x_wconf 91' lang='lat' dir='ltr'><strong>et</strong></span> <span class='ocrx_word' id='word_1_219' title='bbox 779 3203 1200 3274; x_wconf 86' lang='lat' dir='ltr'><strong>inexplicabilem</strong></span> <span class='ocrx_word' id='word_1_220' title='bbox 1252 3204 1490 3259; x_wconf 87' lang='lat' dir='ltr'><strong>dolorem</strong></span> <span class='ocrx_word' id='word_1_221' title='bbox 1541 3205 1720 3259; x_wconf 90' lang='lat' dir='ltr'><strong>inurit.</strong></span> <span class='ocrx_word' id='word_1_222' title='bbox 1771 3207 1944 3276; x_wconf 83' lang='lat' dir='ltr'><strong>Atque</strong></span> <span class='ocrx_word' id='word_1_223' title='bbox 1989 3214 2046 3260; x_wconf 89' lang='lat' dir='ltr'><strong>ut.</strong></span> 
     </span>
    </p>
   </div>
   <div class='ocr_carea' id='block_1_32' title="bbox 459 3297 2046 3370">
    <p class='ocr_par' dir='ltr' id='par_1_32' title="bbox 459 3297 2046 3370">
     <span class='ocr_line' id='line_1_32' title="bbox 459 3297 2046 3370; baseline 0.002 -19"><span class='ocrx_word' id='word_1_224' title='bbox 459 3308 655 3370; x_wconf 89' lang='lat' dir='ltr'><strong>quanta</strong></span> <span class='ocrx_word' id='word_1_225' title='bbox 695 3313 785 3353; x_wconf 91' lang='lat' dir='ltr'><strong>res</strong></span> <span class='ocrx_word' id='word_1_226' title='bbox 813 3298 882 3352; x_wconf 92' lang='lat' dir='ltr'><strong>sit</strong></span> <span class='ocrx_word' id='word_1_227' title='bbox 929 3298 1094 3351; x_wconf 89' lang='lat' dir='ltr'><strong>fames</strong></span> <span class='ocrx_word' id='word_1_228' title='bbox 1135 3297 1417 3367; x_wconf 81' lang='lat' dir='ltr'><strong>intelligas,</strong></span> <span class='ocrx_word' id='word_1_229' title='bbox 1449 3297 1606 3350; x_wconf 89' lang='lat' dir='ltr'><strong>etiam</strong></span> <span class='ocrx_word' id='word_1_230' title='bbox 1651 3297 1848 3353; x_wconf 88' lang='lat' dir='ltr'><strong>liberos</strong></span> <span class='ocrx_word' id='word_1_231' title='bbox 1877 3314 2046 3368; x_wconf 76' lang='lat' dir='ltr'><strong>saepe-</strong></span> 
     </span>
    </p>
   </div>
   <div class='ocr_carea' id='block_1_33' title="bbox 464 3389 2044 3452">
    <p class='ocr_par' dir='ltr' id='par_1_33' title="bbox 464 3389 2044 3452">
     <span class='ocr_line' id='line_1_33' title="bbox 464 3389 2044 3452; baseline -0.001 -8"><span class='ocrx_word' id='word_1_232' title='bbox 464 3405 689 3444; x_wconf 90' lang='lat' dir='ltr'><strong>numero</strong></span> <span class='ocrx_word' id='word_1_233' title='bbox 727 3391 1051 3443; x_wconf 87' lang='lat' dir='ltr'><strong>devorarnnt</strong></span> <span class='ocrx_word' id='word_1_234' title='bbox 1088 3395 1288 3442; x_wconf 87' lang='lat' dir='ltr'><strong>matres</strong></span> <span class='ocrx_word' id='word_1_235' title='bbox 1309 3428 1323 3452; x_wconf 89' lang='lat'><strong>,</strong></span> <span class='ocrx_word' id='word_1_236' title='bbox 1364 3402 1484 3442; x_wconf 90' lang='lat' dir='ltr'><strong>cum</strong></span> <span class='ocrx_word' id='word_1_237' title='bbox 1515 3389 1665 3442; x_wconf 88' lang='lat' dir='ltr'><strong>istius</strong></span> <span class='ocrx_word' id='word_1_238' title='bbox 1693 3389 1817 3442; x_wconf 91' lang='lat' dir='ltr'><strong>mali</strong></span> <span class='ocrx_word' id='word_1_239' title='bbox 1845 3391 2044 3446; x_wconf 88' lang='lat' dir='ltr'><strong>violen-</strong></span> 
     </span>
    </p>
   </div>
   <div class='ocr_carea' id='block_1_34' title="bbox 460 3479 2042 3550">
    <p class='ocr_par' dir='ltr' id='par_1_34' title="bbox 460 3479 2042 3550">
     <span class='ocr_line' id='line_1_34' title="bbox 460 3479 2042 3550; baseline -0.002 -13"><span class='ocrx_word' id='word_1_240' title='bbox 460 3483 587 3537; x_wconf 89' lang='lat' dir='ltr'><strong>tiam</strong></span> <span class='ocrx_word' id='word_1_241' title='bbox 611 3482 752 3536; x_wconf 79' lang='lat' dir='ltr'><strong>ferre</strong></span> <span class='ocrx_word' id='word_1_242' title='bbox 773 3493 878 3534; x_wconf 93' lang='lat' dir='ltr'><strong>non</strong></span> <span class='ocrx_word' id='word_1_243' title='bbox 894 3487 1133 3550; x_wconf 90' lang='lat' dir='ltr'><strong>possent.</strong></span> <span class='ocrx_word' id='word_1_244' title='bbox 1155 3479 1218 3533; x_wconf 88' lang='lat' dir='ltr'><strong>Et</strong></span> <span class='ocrx_word' id='word_1_245' title='bbox 1238 3479 1374 3532; x_wconf 90' lang='lat' dir='ltr'><strong>hanc</strong></span> <span class='ocrx_word' id='word_1_246' title='bbox 1388 3479 1670 3548; x_wconf 80' lang='lat' dir='ltr'><strong>deplorans</strong></span> <span class='ocrx_word' id='word_1_247' title='bbox 1690 3481 2042 3534; x_wconf 81' lang='lat' dir='ltr'><strong>calamitatem</strong></span> 
     </span>
    </p>
   </div>
   <div class='ocr_carea' id='block_1_35' title="bbox 463 3569 2044 3643">
    <p class='ocr_par' dir='ltr' id='par_1_35' title="bbox 463 3569 2044 3643">
     <span class='ocr_line' id='line_1_35' title="bbox 463 3569 2044 3643; baseline 0 -17"><span class='ocrx_word' id='word_1_248' title='bbox 463 3573 718 3643; x_wconf 86' lang='lat' dir='ltr'><strong>propheta</strong></span> <span class='ocrx_word' id='word_1_249' title='bbox 771 3571 1019 3636; x_wconf 89' lang='lat' dir='ltr'><strong>dicebat,</strong></span> <span class='ocrx_word' id='word_1_250' title='bbox 1072 3569 1260 3624; x_wconf 79' lang='lat' dir='ltr'><strong>Manus</strong></span> <span class='ocrx_word' id='word_1_251' title='bbox 1323 3571 1588 3624; x_wconf 85' lang='lat' dir='ltr'><strong>mulierum</strong></span> <span class='ocrx_word' id='word_1_252' title='bbox 1644 3571 2044 3626; x_wconf 81' lang='lat' dir='ltr'><strong>misericordium</strong></span> 
     </span>
    </p>
   </div>
   <div class='ocr_carea' id='block_1_36' title="bbox 461 3658 2045 3732">
    <p class='ocr_par' dir='ltr' id='par_1_36' title="bbox 461 3658 2045 3732">
     <span class='ocr_line' id='line_1_36' title="bbox 461 3658 2045 3732; baseline 0 -14"><span class='ocrx_word' id='word_1_253' title='bbox 461 3672 701 3718; x_wconf 69' lang='lat' dir='ltr'><strong>texerunt</strong></span> <span class='ocrx_word' id='word_1_254' title='bbox 729 3662 860 3731; x_wconf 78' lang='lat' dir='ltr'><strong>filios</strong></span> <span class='ocrx_word' id='word_1_255' title='bbox 887 3677 1003 3714; x_wconf 85' lang='lat' dir='ltr'><strong>suos</strong></span> <span class='ocrx_word' id='word_1_256' title='bbox 1029 3661 1047 3731; x_wconf 95' lang='lat'><strong>(</strong></span> <span class='ocrx_word' id='word_1_257' title='bbox 1071 3658 1255 3714; x_wconf 79' lang='lat' dir='ltr'><strong>Tltren.</strong></span> <span class='ocrx_word' id='word_1_258' title='bbox 1283 3661 1336 3714; x_wconf 79' lang='grc'><strong>4.</strong></span> <span class='ocrx_word' id='word_1_259' title='bbox 1368 3660 1432 3715; x_wconf 77' lang='grc'><strong>10</strong></span> <span class='ocrx_word' id='word_1_260' title='bbox 1453 3661 1491 3729; x_wconf 91' lang='grc'><strong>).</strong></span> <span class='ocrx_word' id='word_1_261' title='bbox 1538 3660 1685 3727; x_wconf 86' lang='lat' dir='ltr'><strong>Quos</strong></span> <span class='ocrx_word' id='word_1_262' title='bbox 1727 3671 2045 3732; x_wconf 89' lang='lat' dir='ltr'><strong>pepererant</strong></span> 
     </span>
    </p>
   </div>
   <div class='ocr_carea' id='block_1_37' title="bbox 461 3751 2042 3824">
    <p class='ocr_par' dir='ltr' id='par_1_37' title="bbox 461 3751 2042 3824">
     <span class='ocr_line' id='line_1_37' title="bbox 461 3751 2042 3824; baseline -0.001 -13"><span class='ocrx_word' id='word_1_263' title='bbox 461 3755 836 3818; x_wconf 89' lang='lat' dir='ltr'><strong>comedebant,</strong></span> <span class='ocrx_word' id='word_1_264' title='bbox 864 3761 917 3806; x_wconf 91' lang='lat' dir='ltr'><strong>et</strong></span> <span class='ocrx_word' id='word_1_265' title='bbox 944 3762 1186 3806; x_wconf 91' lang='lat' dir='ltr'><strong>natorum</strong></span> <span class='ocrx_word' id='word_1_266' title='bbox 1218 3751 1495 3806; x_wconf 92' lang='lat' dir='ltr'><strong>infantium</strong></span> <span class='ocrx_word' id='word_1_267' title='bbox 1525 3763 1731 3818; x_wconf 89' lang='lat' dir='ltr'><strong>venter,</strong></span> <span class='ocrx_word' id='word_1_268' title='bbox 1761 3754 1847 3824; x_wconf 89' lang='lat' dir='ltr'><strong>qui</strong></span> <span class='ocrx_word' id='word_1_269' title='bbox 1879 3770 2042 3824; x_wconf 82' lang='lat' dir='ltr'><strong>pepe-</strong></span> 
     </span>
    </p>
   </div>
   <div class='ocr_carea' id='block_1_38' title="bbox 459 3842 2043 3916">
    <p class='ocr_par' dir='ltr' id='par_1_38' title="bbox 459 3842 2043 3916">
     <span class='ocr_line' id='line_1_38' title="bbox 459 3842 2043 3916; baseline -0.001 -15"><span class='ocrx_word' id='word_1_270' title='bbox 459 3856 639 3910; x_wconf 88' lang='lat' dir='ltr'><strong>rerat,</strong></span> <span class='ocrx_word' id='word_1_271' title='bbox 689 3844 992 3916; x_wconf 90' lang='lat' dir='ltr'><strong>sepulcrum</strong></span> <span class='ocrx_word' id='word_1_272' title='bbox 1059 3842 1426 3909; x_wconf 78' lang='lat' dir='ltr'><strong>efficiebatur,</strong></span> <span class='ocrx_word' id='word_1_273' title='bbox 1475 3851 1529 3898; x_wconf 89' lang='lat' dir='ltr'><strong>et</strong></span> <span class='ocrx_word' id='word_1_274' title='bbox 1581 3851 1821 3900; x_wconf 89' lang='lat' dir='ltr'><strong>naturam</strong></span> <span class='ocrx_word' id='word_1_275' title='bbox 1876 3845 2043 3900; x_wconf 88' lang='lat' dir='ltr'><strong>fames</strong></span> 
     </span>
    </p>
   </div>
   <div class='ocr_carea' id='block_1_39' title="bbox 461 3934 2042 4008">
    <p class='ocr_par' dir='ltr' id='par_1_39' title="bbox 461 3934 2042 4008">
     <span class='ocr_line' id='line_1_39' title="bbox 461 3934 2042 4008; baseline -0.002 -13"><span class='ocrx_word' id='word_1_276' title='bbox 461 3939 768 4008; x_wconf 85' lang='lat' dir='ltr'><strong>superavit;</strong></span> <span class='ocrx_word' id='word_1_277' title='bbox 801 3937 909 3990; x_wconf 90' lang='lat' dir='ltr'><strong>imo</strong></span> <span class='ocrx_word' id='word_1_278' title='bbox 936 3951 1063 3990; x_wconf 89' lang='lat' dir='ltr'><strong>vero</strong></span> <span class='ocrx_word' id='word_1_279' title='bbox 1109 3949 1214 3988; x_wconf 92' lang='lat' dir='ltr'><strong>non</strong></span> <span class='ocrx_word' id='word_1_280' title='bbox 1261 3943 1502 3987; x_wconf 91' lang='lat' dir='ltr'><strong>naturam</strong></span> <span class='ocrx_word' id='word_1_281' title='bbox 1533 3934 1691 3989; x_wconf 92' lang='lat' dir='ltr'><strong>modo</strong></span> <span class='ocrx_word' id='word_1_282' title='bbox 1712 3977 1726 4001; x_wconf 90' lang='lat'><strong>,</strong></span> <span class='ocrx_word' id='word_1_283' title='bbox 1757 3937 1850 3990; x_wconf 87' lang='lat' dir='ltr'><strong>sed</strong></span> <span class='ocrx_word' id='word_1_284' title='bbox 1881 3937 2042 3992; x_wconf 89' lang='lat' dir='ltr'><strong>etiam</strong></span> 
     </span>
    </p>
   </div>
   <div class='ocr_carea' id='block_1_40' title="bbox 461 4025 2042 4096">
    <p class='ocr_par' dir='ltr' id='par_1_40' title="bbox 461 4025 2042 4096">
     <span class='ocr_line' id='line_1_40' title="bbox 461 4025 2042 4096; baseline -0.002 -10"><span class='ocrx_word' id='word_1_285' title='bbox 461 4033 786 4086; x_wconf 86' lang='lat' dir='ltr'><strong>voluntatem</strong></span> <span class='ocrx_word' id='word_1_286' title='bbox 818 4047 830 4082; x_wconf 91' lang='lat'>:</span> <span class='ocrx_word' id='word_1_287' title='bbox 863 4037 918 4082; x_wconf 89' lang='lat' dir='ltr'><strong>at</strong></span> <span class='ocrx_word' id='word_1_288' title='bbox 963 4027 1120 4096; x_wconf 84' lang='lat' dir='ltr'><strong>hujus</strong></span> <span class='ocrx_word' id='word_1_289' title='bbox 1161 4025 1330 4082; x_wconf 89' lang='lat' dir='ltr'><strong>sancti</strong></span> <span class='ocrx_word' id='word_1_290' title='bbox 1377 4026 1785 4095; x_wconf 79' lang='lat' dir='ltr'><strong>generositatem</strong></span> <span class='ocrx_word' id='word_1_291' title='bbox 1825 4027 2042 4084; x_wconf 91' lang='lat' dir='ltr'><strong>minime</strong></span> 
     </span>
    </p>
   </div>
   <div class='ocr_carea' id='block_1_41' title="bbox 461 4115 2040 4192">
    <p class='ocr_par' dir='ltr' id='par_1_41' title="bbox 461 4115 2040 4192">
     <span class='ocr_line' id='line_1_41' title="bbox 461 4115 2040 4192; baseline -0.004 -12"><span class='ocrx_word' id='word_1_292' title='bbox 461 4122 747 4192; x_wconf 85' lang='lat' dir='ltr'><strong>superavit.</strong></span> <span class='ocrx_word' id='word_1_293' title='bbox 777 4120 906 4188; x_wconf 84' lang='lat' dir='ltr'><strong>Quis</strong></span> <span class='ocrx_word' id='word_1_294' title='bbox 931 4133 1094 4188; x_wconf 87' lang='lat' dir='ltr'><strong>ergo,</strong></span> <span class='ocrx_word' id='word_1_295' title='bbox 1135 4133 1255 4172; x_wconf 91' lang='lat' dir='ltr'><strong>cum</strong></span> <span class='ocrx_word' id='word_1_296' title='bbox 1289 4116 1402 4171; x_wconf 70' lang='lat' dir='ltr'><strong>hare</strong></span> <span class='ocrx_word' id='word_1_297' title='bbox 1429 4115 1685 4183; x_wconf 91' lang='lat' dir='ltr'><strong>audierit,</strong></span> <span class='ocrx_word' id='word_1_298' title='bbox 1717 4134 1822 4172; x_wconf 90' lang='lat' dir='ltr'><strong>non</strong></span> <span class='ocrx_word' id='word_1_299' title='bbox 1852 4120 2040 4174; x_wconf 86' lang='lat' dir='ltr'><strong>obstu-</strong></span> 
     </span>
    </p>
   </div>
   <div class='ocr_carea' id='block_1_42' title="bbox 461 4210 2040 4287">
    <p class='ocr_par' dir='ltr' id='par_1_42' title="bbox 461 4210 2040 4287">
     <span class='ocr_line' id='line_1_42' title="bbox 461 4210 2040 4287; baseline -0.001 -17"><span class='ocrx_word' id='word_1_300' title='bbox 461 4216 690 4287; x_wconf 81' lang='lat' dir='ltr'><strong>pescat?</strong></span> <span class='ocrx_word' id='word_1_301' title='bbox 737 4213 974 4268; x_wconf 86' lang='lat' dir='ltr'><strong>Tametsi</strong></span> <span class='ocrx_word' id='word_1_302' title='bbox 1021 4211 1146 4280; x_wconf 92' lang='lat' dir='ltr'><strong>quid</strong></span> <span class='ocrx_word' id='word_1_303' title='bbox 1198 4210 1464 4279; x_wconf 91' lang='lat' dir='ltr'><strong>potentius</strong></span> <span class='ocrx_word' id='word_1_304' title='bbox 1510 4219 1594 4265; x_wconf 90' lang='lat' dir='ltr'><strong>est</strong></span> <span class='ocrx_word' id='word_1_305' title='bbox 1635 4211 1872 4266; x_wconf 89' lang='lat' dir='ltr'><strong>natura?</strong></span> <span class='ocrx_word' id='word_1_306' title='bbox 1915 4214 2040 4282; x_wconf 92' lang='lat' dir='ltr'><strong>quid</strong></span> 
     </span>
    </p>
   </div>
   <div class='ocr_carea' id='block_1_43' title="bbox 461 4299 2040 4360">
    <p class='ocr_par' dir='ltr' id='par_1_43' title="bbox 461 4299 2040 4360">
     <span class='ocr_line' id='line_1_43' title="bbox 461 4299 2040 4360; baseline 0 0"><span class='ocrx_word' id='word_1_307' title='bbox 461 4316 643 4360; x_wconf 76' lang='lat' dir='ltr'><strong>contra</strong></span> <span class='ocrx_word' id='word_1_308' title='bbox 687 4304 960 4358; x_wconf 90' lang='lat' dir='ltr'><strong>voluntate</strong></span> <span class='ocrx_word' id='word_1_309' title='bbox 1006 4301 1352 4354; x_wconf 83' lang='lat' dir='ltr'><strong>mutabilius?</strong></span> <span class='ocrx_word' id='word_1_310' title='bbox 1397 4299 1592 4354; x_wconf 83' lang='lat' dir='ltr'><strong>Verum</strong></span> <span class='ocrx_word' id='word_1_311' title='bbox 1637 4310 1695 4355; x_wconf 92' lang='lat' dir='ltr'><strong>ut</strong></span> <span class='ocrx_word' id='word_1_312' title='bbox 1741 4302 1870 4356; x_wconf 92' lang='lat' dir='ltr'><strong>nihil</strong></span> <span class='ocrx_word' id='word_1_313' title='bbox 1920 4319 2040 4360; x_wconf 89' lang='lat' dir='ltr'><strong>esse</strong></span> 
     </span>
    </p>
   </div>
   <div class='ocr_carea' id='block_1_44' title="bbox 463 4390 2041 4464">
    <p class='ocr_par' dir='ltr' id='par_1_44' title="bbox 463 4390 2041 4464">
     <span class='ocr_line' id='line_1_44' title="bbox 463 4390 2041 4464; baseline 0 -13"><span class='ocrx_word' id='word_1_314' title='bbox 463 4397 555 4452; x_wconf 86' lang='lat' dir='ltr'><strong>Dei</strong></span> <span class='ocrx_word' id='word_1_315' title='bbox 600 4396 790 4450; x_wconf 89' lang='lat' dir='ltr'><strong>timore</strong></span> <span class='ocrx_word' id='word_1_316' title='bbox 832 4393 1057 4447; x_wconf 90' lang='lat' dir='ltr'><strong>validius</strong></span> <span class='ocrx_word' id='word_1_317' title='bbox 1101 4392 1260 4456; x_wconf 89' lang='lat' dir='ltr'><strong>scias,</strong></span> <span class='ocrx_word' id='word_1_318' title='bbox 1306 4390 1672 4460; x_wconf 82' lang='lat' dir='ltr'><strong>vehementius</strong></span> <span class='ocrx_word' id='word_1_319' title='bbox 1697 4395 1892 4464; x_wconf 90' lang='lat' dir='ltr'><strong>aliquid</strong></span> <span class='ocrx_word' id='word_1_320' title='bbox 1921 4411 2041 4452; x_wconf 90' lang='lat' dir='ltr'><strong>esse</strong></span> 
     </span>
    </p>
   </div>
   <div class='ocr_carea' id='block_1_45' title="bbox 459 4482 2041 4552">
    <p class='ocr_par' dir='ltr' id='par_1_45' title="bbox 459 4482 2041 4552">
     <span class='ocr_line' id='line_1_45' title="bbox 459 4482 2041 4552; baseline -0.002 -8"><span class='ocrx_word' id='word_1_321' title='bbox 459 4499 646 4544; x_wconf 85' lang='lat' dir='ltr'><strong>natura</strong></span> <span class='ocrx_word' id='word_1_322' title='bbox 674 4486 1000 4540; x_wconf 79' lang='lat' dir='ltr'><strong>voluntatem</strong></span> <span class='ocrx_word' id='word_1_323' title='bbox 1029 4482 1311 4551; x_wconf 88' lang='lat' dir='ltr'><strong>apparuit,</strong></span> <span class='ocrx_word' id='word_1_324' title='bbox 1347 4496 1516 4550; x_wconf 86' lang='lat' dir='ltr'><strong>eaque</strong></span> <span class='ocrx_word' id='word_1_325' title='bbox 1544 4493 1741 4539; x_wconf 90' lang='lat' dir='ltr'><strong>matres</strong></span> <span class='ocrx_word' id='word_1_326' title='bbox 1769 4486 1926 4552; x_wconf 88' lang='lat' dir='ltr'><strong>vicit,</strong></span> <span class='ocrx_word' id='word_1_327' title='bbox 1976 4503 2041 4542; x_wconf 92' lang='lat' dir='ltr'><strong>ac</strong></span> 
     </span>
    </p>
   </div>
   <div class='ocr_carea' id='block_1_46' title="bbox 459 4572 2038 4650">
    <p class='ocr_par' dir='ltr' id='par_1_46' title="bbox 459 4572 2038 4650">
     <span class='ocr_line' id='line_1_46' title="bbox 459 4572 2038 4650; baseline -0.001 -19"><span class='ocrx_word' id='word_1_328' title='bbox 459 4589 641 4650; x_wconf 86' lang='lat' dir='ltr'><strong>partus</strong></span> <span class='ocrx_word' id='word_1_329' title='bbox 671 4576 912 4631; x_wconf 90' lang='lat' dir='ltr'><strong>oblivisci</strong></span> <span class='ocrx_word' id='word_1_330' title='bbox 939 4573 1114 4642; x_wconf 91' lang='lat' dir='ltr'><strong>coegit</strong></span> <span class='ocrx_word' id='word_1_331' title='bbox 1141 4590 1155 4627; x_wconf 91' lang='lat'><strong>:</strong></span> <span class='ocrx_word' id='word_1_332' title='bbox 1189 4572 1330 4627; x_wconf 92' lang='lat' dir='ltr'><strong>hunc</strong></span> <span class='ocrx_word' id='word_1_333' title='bbox 1359 4587 1486 4627; x_wconf 90' lang='lat' dir='ltr'><strong>vero</strong></span> <span class='ocrx_word' id='word_1_334' title='bbox 1513 4584 1753 4629; x_wconf 90' lang='lat' dir='ltr'><strong>sanctum</strong></span> <span class='ocrx_word' id='word_1_335' title='bbox 1783 4579 2038 4646; x_wconf 90' lang='lat' dir='ltr'><strong>supplan-</strong></span> 
     </span>
    </p>
   </div>
   <div class='ocr_carea' id='block_1_47' title="bbox 456 4661 2034 4735">
    <p class='ocr_par' dir='ltr' id='par_1_47' title="bbox 456 4661 2034 4735">
     <span class='ocr_line' id='line_1_47' title="bbox 456 4661 2034 4735; baseline -0.001 -11"><span class='ocrx_word' id='word_1_336' title='bbox 456 4681 574 4724; x_wconf 87' lang='lat' dir='ltr'><strong>tare</strong></span> <span class='ocrx_word' id='word_1_337' title='bbox 597 4684 701 4722; x_wconf 93' lang='lat' dir='ltr'><strong>non</strong></span> <span class='ocrx_word' id='word_1_338' title='bbox 733 4665 920 4735; x_wconf 90' lang='lat' dir='ltr'><strong>potuit,</strong></span> <span class='ocrx_word' id='word_1_339' title='bbox 943 4677 1119 4734; x_wconf 88' lang='lat' dir='ltr'><strong>neque</strong></span> <span class='ocrx_word' id='word_1_340' title='bbox 1144 4661 1532 4732; x_wconf 86' lang='lat' dir='ltr'><strong>philosophiam</strong></span> <span class='ocrx_word' id='word_1_341' title='bbox 1553 4665 1868 4733; x_wconf 90' lang='lat' dir='ltr'><strong>supplicium</strong></span> <span class='ocrx_word' id='word_1_342' title='bbox 1893 4668 2034 4735; x_wconf 88' lang='lat' dir='ltr'><strong>vicit,</strong></span> 
     </span>
    </p>
   </div>
   <div class='ocr_carea' id='block_1_48' title="bbox 455 4753 2039 4828">
    <p class='ocr_par' dir='ltr' id='par_1_48' title="bbox 455 4753 2039 4828">
     <span class='ocr_line' id='line_1_48' title="bbox 455 4753 2039 4828; baseline -0.003 -14"><span class='ocrx_word' id='word_1_343' title='bbox 455 4773 631 4828; x_wconf 88' lang='lat' dir='ltr'><strong>neque</strong></span> <span class='ocrx_word' id='word_1_344' title='bbox 661 4755 1022 4810; x_wconf 79' lang='lat' dir='ltr'><strong>fortitudinem</strong></span> <span class='ocrx_word' id='word_1_345' title='bbox 1051 4767 1208 4824; x_wconf 59' lang='lat' dir='ltr'><strong>paena</strong></span> <span class='ocrx_word' id='word_1_346' title='bbox 1236 4753 1505 4822; x_wconf 88' lang='lat' dir='ltr'><strong>superavit</strong></span> <span class='ocrx_word' id='word_1_347' title='bbox 1537 4770 1551 4807; x_wconf 91' lang='lat'><strong>:</strong></span> <span class='ocrx_word' id='word_1_348' title='bbox 1581 4753 1674 4808; x_wconf 85' lang='lat' dir='ltr'><strong>sed</strong></span> <span class='ocrx_word' id='word_1_349' title='bbox 1705 4757 1891 4824; x_wconf 88' lang='lat' dir='ltr'><strong>quovis</strong></span> <span class='ocrx_word' id='word_1_350' title='bbox 1913 4757 2039 4812; x_wconf 86' lang='lat' dir='ltr'><strong>ada-</strong></span> 
     </span>
    </p>
   </div>
   <div class='ocr_carea' id='block_1_49' title="bbox 457 4845 2036 4918">
    <p class='ocr_par' dir='ltr' id='par_1_49' title="bbox 457 4845 2036 4918">
     <span class='ocr_line' id='line_1_49' title="bbox 457 4845 2036 4918; baseline 0 -14"><span class='ocrx_word' id='word_1_351' title='bbox 457 4859 640 4906; x_wconf 90' lang='lat' dir='ltr'><strong>mante</strong></span> <span class='ocrx_word' id='word_1_352' title='bbox 670 4848 872 4903; x_wconf 90' lang='lat' dir='ltr'><strong>firmior</strong></span> <span class='ocrx_word' id='word_1_353' title='bbox 899 4847 1282 4918; x_wconf 91' lang='lat' dir='ltr'><strong>permanebat,</strong></span> <span class='ocrx_word' id='word_1_354' title='bbox 1313 4859 1476 4915; x_wconf 87' lang='lat' dir='ltr'><strong>seque</strong></span> <span class='ocrx_word' id='word_1_355' title='bbox 1505 4845 1644 4901; x_wconf 90' lang='lat' dir='ltr'><strong>bona</strong></span> <span class='ocrx_word' id='word_1_356' title='bbox 1674 4862 1767 4918; x_wconf 88' lang='lat' dir='ltr'><strong>spe</strong></span> <span class='ocrx_word' id='word_1_357' title='bbox 1801 4848 2036 4905; x_wconf 83' lang='lat' dir='ltr'><strong>oblecta-</strong></span> 
     </span>
    </p>
   </div>
   <div class='ocr_carea' id='block_1_50' title="bbox 452 4939 2037 5008">
    <p class='ocr_par' dir='ltr' id='par_1_50' title="bbox 452 4939 2037 5008">
     <span class='ocr_line' id='line_1_50' title="bbox 452 4939 2037 5008; baseline 0.004 -17"><span class='ocrx_word' id='word_1_358' title='bbox 452 4945 591 5005; x_wconf 83' lang='lat' dir='ltr'><strong>bat;</strong></span> <span class='ocrx_word' id='word_1_359' title='bbox 631 4941 910 4995; x_wconf 90' lang='lat' dir='ltr'><strong>materiam</strong></span> <span class='ocrx_word' id='word_1_360' title='bbox 955 4952 1184 5008; x_wconf 78' lang='lat' dir='ltr'><strong>agonum</strong></span> <span class='ocrx_word' id='word_1_361' title='bbox 1237 4951 1297 4992; x_wconf 90' lang='lat' dir='ltr'><strong>se</strong></span> <span class='ocrx_word' id='word_1_362' title='bbox 1341 4947 1553 4990; x_wconf 89' lang='lat' dir='ltr'><strong>nactum</strong></span> <span class='ocrx_word' id='word_1_363' title='bbox 1597 4939 1952 5008; x_wconf 83' lang='lat' dir='ltr'><strong>gloriabatur,</strong></span> <span class='ocrx_word' id='word_1_364' title='bbox 1983 4954 2037 4997; x_wconf 92' lang='lat' dir='ltr'><strong>et</strong></span> 
     </span>
    </p>
   </div>
   <div class='ocr_carea' id='block_1_51' title="bbox 448 5029 2038 5103">
    <p class='ocr_par' dir='ltr' id='par_1_51' title="bbox 448 5029 2038 5103">
     <span class='ocr_line' id='line_1_51' title="bbox 448 5029 2038 5103; baseline -0.002 -12"><span class='ocrx_word' id='word_1_365' title='bbox 448 5053 511 5091; x_wconf 76' lang='lat' dir='ltr'><strong>cx</strong></span> <span class='ocrx_word' id='word_1_366' title='bbox 552 5033 899 5089; x_wconf 85' lang='lat' dir='ltr'><strong>certaminum</strong></span> <span class='ocrx_word' id='word_1_367' title='bbox 931 5031 1106 5085; x_wconf 88' lang='lat' dir='ltr'><strong>oblata</strong></span> <span class='ocrx_word' id='word_1_368' title='bbox 1150 5029 1428 5084; x_wconf 86' lang='lat' dir='ltr'><strong>occasione</strong></span> <span class='ocrx_word' id='word_1_369' title='bbox 1467 5032 1869 5096; x_wconf 88' lang='lat' dir='ltr'><strong>consolabatur,</strong></span> <span class='ocrx_word' id='word_1_370' title='bbox 1902 5050 2038 5103; x_wconf 71' lang='lat' dir='ltr'><strong>prte-</strong></span> 
     </span>
    </p>
   </div>
   <div class='ocr_carea' id='block_1_52' title="bbox 449 5120 2037 5196">
    <p class='ocr_par' dir='ltr' id='par_1_52' title="bbox 449 5120 2037 5196">
     <span class='ocr_line' id='line_1_52' title="bbox 449 5120 2037 5196; baseline -0.004 -14"><span class='ocrx_word' id='word_1_371' title='bbox 449 5127 640 5183; x_wconf 88' lang='lat' dir='ltr'><strong>sertim</strong></span> <span class='ocrx_word' id='word_1_372' title='bbox 687 5123 923 5194; x_wconf 89' lang='lat' dir='ltr'><strong>quotidie</strong></span> <span class='ocrx_word' id='word_1_373' title='bbox 966 5121 1184 5176; x_wconf 84' lang='lat' dir='ltr'><strong>Paulum</strong></span> <span class='ocrx_word' id='word_1_374' title='bbox 1215 5120 1478 5174; x_wconf 91' lang='lat' dir='ltr'><strong>dicentem</strong></span> <span class='ocrx_word' id='word_1_375' title='bbox 1505 5121 1725 5180; x_wconf 89' lang='lat' dir='ltr'><strong>audiens</strong></span> <span class='ocrx_word' id='word_1_376' title='bbox 1754 5141 1766 5175; x_wconf 89' lang='lat'><strong>:</strong></span> <span class='ocrx_word' id='word_1_377' title='bbox 1799 5123 1866 5178; x_wconf 82' lang='lat' dir='ltr'><strong>In</strong></span> <span class='ocrx_word' id='word_1_378' title='bbox 1902 5128 2037 5196; x_wconf 76' lang='lat' dir='ltr'><strong>fame</strong></span> 
     </span>
    </p>
   </div>
   <div class='ocr_carea' id='block_1_53' title="bbox 445 5211 2029 5286">
    <p class='ocr_par' dir='ltr' id='par_1_53' title="bbox 445 5211 2029 5286">
     <span class='ocr_line' id='line_1_53' title="bbox 445 5211 2029 5286; baseline -0.001 -12"><span class='ocrx_word' id='word_1_379' title='bbox 445 5228 494 5274; x_wconf 86' lang='lat' dir='ltr'><strong>et</strong></span> <span class='ocrx_word' id='word_1_380' title='bbox 525 5218 628 5286; x_wconf 89' lang='lat' dir='ltr'><strong>siti,</strong></span> <span class='ocrx_word' id='word_1_381' title='bbox 651 5219 705 5270; x_wconf 85' lang='lat' dir='ltr'><strong>in</strong></span> <span class='ocrx_word' id='word_1_382' title='bbox 726 5216 916 5286; x_wconf 76' lang='lat' dir='ltr'><strong>{rigore</strong></span> <span class='ocrx_word' id='word_1_383' title='bbox 937 5225 986 5268; x_wconf 82' lang='lat' dir='ltr'><strong>et</strong></span> <span class='ocrx_word' id='word_1_384' title='bbox 1006 5213 1232 5266; x_wconf 81' lang='lat' dir='ltr'><strong>nuditate</strong></span> <span class='ocrx_word' id='word_1_385' title='bbox 1251 5211 1328 5280; x_wconf 73' lang='lat'><strong>(2.</strong></span> <span class='ocrx_word' id='word_1_386' title='bbox 1349 5211 1466 5268; x_wconf 85' lang='lat' dir='ltr'><strong>Cor.</strong></span> <span class='ocrx_word' id='word_1_387' title='bbox 1486 5214 1573 5268; x_wconf 77' lang='lat' dir='ltr'><strong>ll.</strong></span> <span class='ocrx_word' id='word_1_388' title='bbox 1590 5215 1681 5284; x_wconf 75' lang='lat'><strong>‘27)</strong></span> <span class='ocrx_word' id='word_1_389' title='bbox 1707 5232 1719 5267; x_wconf 89' lang='lat'><strong>:</strong></span> <span class='ocrx_word' id='word_1_390' title='bbox 1748 5224 1801 5270; x_wconf 92' lang='lat' dir='ltr'><strong>et</strong></span> <span class='ocrx_word' id='word_1_391' title='bbox 1825 5233 2029 5282; x_wconf 90' lang='lat' dir='ltr'><strong>rursus,</strong></span> 
     </span>
    </p>
   </div>
   <div class='ocr_carea' id='block_1_54' title="bbox 449 5303 2035 5380">
    <p class='ocr_par' dir='ltr' id='par_1_54' title="bbox 449 5303 2035 5380">
     <span class='ocr_line' id='line_1_54' title="bbox 449 5303 2035 5380; baseline -0.001 -16"><span class='ocrx_word' id='word_1_392' title='bbox 449 5307 626 5380; x_wconf 86' lang='lat' dir='ltr'><strong>Usque</strong></span> <span class='ocrx_word' id='word_1_393' title='bbox 649 5308 702 5360; x_wconf 85' lang='lat' dir='ltr'><strong>in</strong></span> <span class='ocrx_word' id='word_1_394' title='bbox 732 5307 864 5359; x_wconf 84' lang='lat' dir='ltr'><strong>hanc</strong></span> <span class='ocrx_word' id='word_1_395' title='bbox 895 5304 1074 5357; x_wconf 84' lang='lat' dir='ltr'><strong>horam</strong></span> <span class='ocrx_word' id='word_1_396' title='bbox 1103 5311 1149 5355; x_wconf 82' lang='lat' dir='ltr'><strong>et</strong></span> <span class='ocrx_word' id='word_1_397' title='bbox 1175 5303 1453 5368; x_wconf 74' lang='lat' dir='ltr'><strong>esurimus,</strong></span> <span class='ocrx_word' id='word_1_398' title='bbox 1496 5313 1543 5357; x_wconf 88' lang='lat' dir='ltr'><strong>et</strong></span> <span class='ocrx_word' id='word_1_399' title='bbox 1578 5306 1773 5359; x_wconf 87' lang='lat' dir='ltr'><strong>sitimus</strong></span> <span class='ocrx_word' id='word_1_400' title='bbox 1792 5346 1808 5373; x_wconf 95' lang='lat'><strong>,</strong></span> <span class='ocrx_word' id='word_1_401' title='bbox 1839 5319 1885 5360; x_wconf 90' lang='lat' dir='ltr'><strong>et</strong></span> <span class='ocrx_word' id='word_1_402' title='bbox 1911 5310 2035 5363; x_wconf 85' lang='lat' dir='ltr'><strong>nudi</strong></span> 
     </span>
    </p>
   </div>
   <div class='ocr_carea' id='block_1_55' title="bbox 450 5392 2036 5468">
    <p class='ocr_par' dir='ltr' id='par_1_55' title="bbox 450 5392 2036 5468">
     <span class='ocr_line' id='line_1_55' title="bbox 450 5392 2036 5468; baseline 0 -14"><span class='ocrx_word' id='word_1_403' title='bbox 450 5415 626 5454; x_wconf 87' lang='lat' dir='ltr'><strong>sumus</strong></span> <span class='ocrx_word' id='word_1_404' title='bbox 649 5439 664 5464; x_wconf 92' lang='lat'><strong>,</strong></span> <span class='ocrx_word' id='word_1_405' title='bbox 704 5405 752 5450; x_wconf 90' lang='lat' dir='ltr'><strong>et</strong></span> <span class='ocrx_word' id='word_1_406' title='bbox 793 5394 1021 5465; x_wconf 76' lang='lat' dir='ltr'><strong>colaphis</strong></span> <span class='ocrx_word' id='word_1_407' title='bbox 1049 5392 1291 5446; x_wconf 66' lang='lat' dir='ltr'><strong>credimur</strong></span> <span class='ocrx_word' id='word_1_408' title='bbox 1314 5393 1400 5462; x_wconf 83' lang='grc'><strong>(1.</strong></span> <span class='ocrx_word' id='word_1_409' title='bbox 1424 5393 1539 5448; x_wconf 90' lang='lat' dir='ltr'><strong>Cor.</strong></span> <span class='ocrx_word' id='word_1_410' title='bbox 1567 5395 1619 5448; x_wconf 69' lang='grc'><strong>4.</strong></span> <span class='ocrx_word' id='word_1_411' title='bbox 1652 5397 1707 5450; x_wconf 84' lang='lat' dir='ltr'><strong>ll</strong></span> <span class='ocrx_word' id='word_1_412' title='bbox 1733 5396 1771 5468; x_wconf 93' lang='lat'><strong>).</strong></span> <span class='ocrx_word' id='word_1_413' title='bbox 1804 5397 2036 5454; x_wconf 84' lang='lat' dir='ltr'><strong>Noverat</strong></span> 
     </span>
    </p>
   </div>
   <div class='ocr_carea' id='block_1_56' title="bbox 453 5483 2033 5560">
    <p class='ocr_par' dir='ltr' id='par_1_56' title="bbox 453 5483 2033 5560">
     <span class='ocr_line' id='line_1_56' title="bbox 453 5483 2033 5560; baseline 0.003 -18"><span class='ocrx_word' id='word_1_414' title='bbox 453 5491 678 5560; x_wconf 88' lang='lat' dir='ltr'><strong>quippe,</strong></span> <span class='ocrx_word' id='word_1_415' title='bbox 717 5494 936 5542; x_wconf 90' lang='lat' dir='ltr'><strong>noverat</strong></span> <span class='ocrx_word' id='word_1_416' title='bbox 973 5483 1140 5554; x_wconf 92' lang='lat' dir='ltr'><strong>probe</strong></span> <span class='ocrx_word' id='word_1_417' title='bbox 1174 5483 1301 5538; x_wconf 92' lang='lat' dir='ltr'><strong>illud</strong></span> <span class='ocrx_word' id='word_1_418' title='bbox 1323 5525 1338 5550; x_wconf 90' lang='lat'><strong>,</strong></span> <span class='ocrx_word' id='word_1_419' title='bbox 1371 5483 1491 5540; x_wconf 84' lang='lat' dir='ltr'><strong>Non</strong></span> <span class='ocrx_word' id='word_1_420' title='bbox 1527 5487 1580 5541; x_wconf 84' lang='lat' dir='ltr'><strong>in</strong></span> <span class='ocrx_word' id='word_1_421' title='bbox 1618 5489 1726 5541; x_wconf 87' lang='lat' dir='ltr'><strong>solo</strong></span> <span class='ocrx_word' id='word_1_422' title='bbox 1753 5507 1882 5559; x_wconf 80' lang='lat' dir='ltr'><strong>pane</strong></span> <span class='ocrx_word' id='word_1_423' title='bbox 1909 5492 2033 5546; x_wconf 83' lang='lat' dir='ltr'><strong>vivet</strong></span> 
     </span>
    </p>
   </div>
   <div class='ocr_carea' id='block_1_57' title="bbox 449 5573 2033 5648">
    <p class='ocr_par' dir='ltr' id='par_1_57' title="bbox 449 5573 2033 5648">
     <span class='ocr_line' id='line_1_57' title="bbox 449 5573 2033 5648; baseline 0.001 -12"><span class='ocrx_word' id='word_1_424' title='bbox 449 5585 636 5648; x_wconf 79' lang='lat' dir='ltr'><strong>homo,</strong></span> <span class='ocrx_word' id='word_1_425' title='bbox 678 5579 767 5633; x_wconf 81' lang='lat' dir='ltr'><strong>sed</strong></span> <span class='ocrx_word' id='word_1_426' title='bbox 809 5579 863 5631; x_wconf 88' lang='lat' dir='ltr'><strong>in</strong></span> <span class='ocrx_word' id='word_1_427' title='bbox 907 5575 1045 5629; x_wconf 87' lang='lat' dir='ltr'><strong>omni</strong></span> <span class='ocrx_word' id='word_1_428' title='bbox 1084 5573 1231 5629; x_wconf 80' lang='lat' dir='ltr'><strong>verba</strong></span> <span class='ocrx_word' id='word_1_429' title='bbox 1261 5577 1398 5643; x_wconf 79' lang='lat' dir='ltr'><strong>quod</strong></span> <span class='ocrx_word' id='word_1_430' title='bbox 1442 5580 1662 5647; x_wconf 77' lang='lat' dir='ltr'><strong>procedit</strong></span> <span class='ocrx_word' id='word_1_431' title='bbox 1707 5580 1770 5635; x_wconf 78' lang='lat' dir='ltr'><strong>de</strong></span> <span class='ocrx_word' id='word_1_432' title='bbox 1807 5597 1894 5635; x_wconf 87' lang='lat' dir='ltr'><strong>ore</strong></span> <span class='ocrx_word' id='word_1_433' title='bbox 1935 5582 2033 5638; x_wconf 85' lang='lat' dir='ltr'><strong>Dei</strong></span> 
     </span>
    </p>
   </div>
   <div class='ocr_carea' id='block_1_58' title="bbox 445 5667 2034 5738">
    <p class='ocr_par' dir='ltr' id='par_1_58' title="bbox 445 5667 2034 5738">
     <span class='ocr_line' id='line_1_58' title="bbox 445 5667 2034 5738; baseline 0.002 -11"><span class='ocrx_word' id='word_1_434' title='bbox 445 5669 463 5727; x_wconf 84' lang='lat' dir='ltr'><strong>f</strong></span> <span class='ocrx_word' id='word_1_435' title='bbox 481 5671 670 5727; x_wconf 77' lang='lat' dir='ltr'><strong>Matth.</strong></span> <span class='ocrx_word' id='word_1_436' title='bbox 699 5671 751 5724; x_wconf 66' lang='grc' dir='ltr'><strong>ιι.</strong></span> <span class='ocrx_word' id='word_1_437' title='bbox 777 5669 852 5738; x_wconf 74' lang='grc'><strong>4).</strong></span> <span class='ocrx_word' id='word_1_438' title='bbox 886 5667 955 5724; x_wconf 88' lang='lat' dir='ltr'><strong>Ut</strong></span> <span class='ocrx_word' id='word_1_439' title='bbox 979 5675 1154 5721; x_wconf 89' lang='lat' dir='ltr'><strong>autem</strong></span> <span class='ocrx_word' id='word_1_440' title='bbox 1192 5667 1332 5722; x_wconf 91' lang='lat' dir='ltr'><strong>illum</strong></span> <span class='ocrx_word' id='word_1_441' title='bbox 1364 5669 1634 5738; x_wconf 86' lang='lat' dir='ltr'><strong>improbus</strong></span> <span class='ocrx_word' id='word_1_442' title='bbox 1662 5672 1870 5727; x_wconf 66' lang='lat' dir='ltr'><strong>dmmon</strong></span> <span class='ocrx_word' id='word_1_443' title='bbox 1899 5675 2034 5730; x_wconf 82' lang='lat' dir='ltr'><strong>vidit</strong></span> 
     </span>
    </p>
   </div>
   <div class='ocr_carea' id='block_1_59' title="bbox 447 5758 2028 5830">
    <p class='ocr_par' dir='ltr' id='par_1_59' title="bbox 447 5758 2028 5830">
     <span class='ocr_line' id='line_1_59' title="bbox 447 5758 2028 5830; baseline 0.001 -11"><span class='ocrx_word' id='word_1_444' title='bbox 447 5772 600 5819; x_wconf 86' lang='lat' dir='ltr'><strong>tanta</strong></span> <span class='ocrx_word' id='word_1_445' title='bbox 625 5761 701 5816; x_wconf 90' lang='lat' dir='ltr'><strong>rei</strong></span> <span class='ocrx_word' id='word_1_446' title='bbox 733 5761 1048 5815; x_wconf 88' lang='lat' dir='ltr'><strong>necessitate</strong></span> <span class='ocrx_word' id='word_1_447' title='bbox 1076 5773 1178 5813; x_wconf 93' lang='lat' dir='ltr'><strong>non</strong></span> <span class='ocrx_word' id='word_1_448' title='bbox 1205 5758 1392 5830; x_wconf 82' lang='lat' dir='ltr'><strong>frangi,</strong></span> <span class='ocrx_word' id='word_1_449' title='bbox 1414 5762 1709 5830; x_wconf 86' lang='lat' dir='ltr'><strong>graviorem</strong></span> <span class='ocrx_word' id='word_1_450' title='bbox 1737 5765 2028 5820; x_wconf 85' lang='lat' dir='ltr'><strong>cruciatum</strong></span> 
     </span>
    </p>
   </div>
   <div class='ocr_carea' id='block_1_60' title="bbox 444 5849 2024 5925">
    <p class='ocr_par' dir='ltr' id='par_1_60' title="bbox 444 5849 2024 5925">
     <span class='ocr_line' id='line_1_60' title="bbox 444 5849 2024 5925; baseline 0.004 -17"><span class='ocrx_word' id='word_1_451' title='bbox 444 5852 682 5914; x_wconf 81' lang='lat' dir='ltr'><strong>reddidit</strong></span> <span class='ocrx_word' id='word_1_452' title='bbox 713 5871 724 5905; x_wconf 91' lang='lat'>:</span> <span class='ocrx_word' id='word_1_453' title='bbox 754 5849 954 5908; x_wconf 82' lang='lat' dir='ltr'><strong>etenim</strong></span> <span class='ocrx_word' id='word_1_454' title='bbox 999 5852 1220 5923; x_wconf 89' lang='lat' dir='ltr'><strong>sumptis</strong></span> <span class='ocrx_word' id='word_1_455' title='bbox 1249 5853 1553 5925; x_wconf 88' lang='lat' dir='ltr'><strong>idolothytis</strong></span> <span class='ocrx_word' id='word_1_456' title='bbox 1573 5895 1587 5920; x_wconf 89' lang='lat'><strong>,</strong></span> <span class='ocrx_word' id='word_1_457' title='bbox 1619 5855 1801 5925; x_wconf 87' lang='lat' dir='ltr'><strong>eisque</strong></span> <span class='ocrx_word' id='word_1_458' title='bbox 1843 5873 2024 5914; x_wconf 89' lang='lat' dir='ltr'><strong>mensa</strong></span> 
     </span>
    </p>
   </div>
   <div class='ocr_carea' id='block_1_61' title="bbox 1160 421 3027 487">
    <p class='ocr_par' dir='ltr' id='par_1_61' title="bbox 1160 421 3027 487">
     <span class='ocr_line' id='line_1_61' title="bbox 1160 421 3027 487; baseline 0.001 -4"><span class='ocrx_word' id='word_1_459' title='bbox 1160 429 1218 483; x_wconf 89' lang='lat' dir='ltr'><strong>S.</strong></span> <span class='ocrx_word' id='word_1_460' title='bbox 1258 421 1546 485; x_wconf 76' lang='lat' dir='ltr'><strong>JOANNlS</strong></span> <span class='ocrx_word' id='word_1_461' title='bbox 1579 425 2068 486; x_wconf 76' lang='lat' dir='ltr'><strong>CHRYSOSTOMI</strong></span> <span class='ocrx_word' id='word_1_462' title='bbox 2117 428 2436 486; x_wconf 77' lang='lat' dir='ltr'><strong>ARCHIEP.</strong></span> <span class='ocrx_word' id='word_1_463' title='bbox 2477 431 3027 487; x_wconf 67' lang='lat' dir='ltr'><strong>CONSTANTINOP.</strong></span> 
     </span>
    </p>
   </div>
   <div class='ocr_carea' id='block_1_62' title="bbox 3647 431 3758 489">
    <p class='ocr_par' dir='ltr' id='par_1_62' title="bbox 3647 431 3758 489">
     <span class='ocr_line' id='line_1_62' title="bbox 3647 431 3758 489; baseline 0.018 -2"><span class='ocrx_word' id='word_1_464' title='bbox 3647 431 3758 489; x_wconf 65' lang='lat'><strong>52‘</strong></span> 
     </span>
    </p>
   </div>
   <div class='ocr_carea' id='block_1_63' title="bbox 2167 537 3768 616">
    <p class='ocr_par' dir='ltr' id='par_1_63' title="bbox 2167 537 3768 616">
     <span class='ocr_line' id='line_1_63' title="bbox 2167 537 3768 616; baseline 0.007 -26"><span class='ocrx_word' id='word_1_465' title='bbox 2167 537 2358 592; x_wconf 88' lang='lat' dir='ltr'><strong>referta</strong></span> <span class='ocrx_word' id='word_1_466' title='bbox 2380 579 2396 604; x_wconf 91' lang='lat'><strong>,</strong></span> <span class='ocrx_word' id='word_1_467' title='bbox 2425 547 2548 594; x_wconf 89' lang='lat' dir='ltr'><strong>ante</strong></span> <span class='ocrx_word' id='word_1_468' title='bbox 2571 550 2914 610; x_wconf 87' lang='lat' dir='ltr'><strong>conspectum</strong></span> <span class='ocrx_word' id='word_1_469' title='bbox 2947 543 3066 614; x_wconf 72' lang='lat' dir='ltr'><strong>ejus</strong></span> <span class='ocrx_word' id='word_1_470' title='bbox 3091 543 3344 600; x_wconf 82' lang='lat' dir='ltr'><strong>collocari</strong></span> <span class='ocrx_word' id='word_1_471' title='bbox 3373 561 3492 601; x_wconf 87' lang='lat' dir='ltr'><strong>eam</strong></span> <span class='ocrx_word' id='word_1_472' title='bbox 3521 550 3768 616; x_wconf 82' lang='lat' dir='ltr'><strong>curavit,</strong></span> 
     </span>
    </p>
   </div>
   <div class='ocr_carea' id='block_1_64' title="bbox 2163 627 3767 705">
    <p class='ocr_par' dir='ltr' id='par_1_64' title="bbox 2163 627 3767 705">
     <span class='ocr_line' id='line_1_64' title="bbox 2163 627 3767 705; baseline 0.008 -25"><span class='ocrx_word' id='word_1_473' title='bbox 2163 637 2219 681; x_wconf 90' lang='lat' dir='ltr'><strong>ut</strong></span> <span class='ocrx_word' id='word_1_474' title='bbox 2250 627 2478 682; x_wconf 85' lang='lat' dir='ltr'><strong>facultas</strong></span> <span class='ocrx_word' id='word_1_475' title='bbox 2509 631 2687 685; x_wconf 91' lang='lat' dir='ltr'><strong>utendi</strong></span> <span class='ocrx_word' id='word_1_476' title='bbox 2717 633 2878 686; x_wconf 86' lang='lat' dir='ltr'><strong>animi</strong></span> <span class='ocrx_word' id='word_1_477' title='bbox 2909 633 3071 688; x_wconf 88' lang='lat' dir='ltr'><strong>robur</strong></span> <span class='ocrx_word' id='word_1_478' title='bbox 3096 634 3426 705; x_wconf 87' lang='lat' dir='ltr'><strong>infringeret.</strong></span> <span class='ocrx_word' id='word_1_479' title='bbox 3462 635 3582 692; x_wconf 76' lang='lat' dir='ltr'><strong>Non</strong></span> <span class='ocrx_word' id='word_1_480' title='bbox 3611 639 3767 694; x_wconf 85' lang='lat' dir='ltr'><strong>enim</strong></span> 
     </span>
    </p>
   </div>
   <div class='ocr_carea' id='block_1_65' title="bbox 2163 718 3764 796">
    <p class='ocr_par' dir='ltr' id='par_1_65' title="bbox 2163 718 3764 796">
     <span class='ocr_line' id='line_1_65' title="bbox 2163 718 3764 796; baseline 0.008 -27"><span class='ocrx_word' id='word_1_481' title='bbox 2163 718 2298 772; x_wconf 90' lang='lat' dir='ltr'><strong>adeo</strong></span> <span class='ocrx_word' id='word_1_482' title='bbox 2325 719 2523 774; x_wconf 91' lang='lat' dir='ltr'><strong>irretiri</strong></span> <span class='ocrx_word' id='word_1_483' title='bbox 2550 721 2786 776; x_wconf 69' lang='lat' dir='ltr'><strong>solemus</strong></span> <span class='ocrx_word' id='word_1_484' title='bbox 2814 737 2936 777; x_wconf 91' lang='lat' dir='ltr'><strong>cum</strong></span> <span class='ocrx_word' id='word_1_485' title='bbox 2966 738 3056 780; x_wconf 85' lang='lat' dir='ltr'><strong>res</strong></span> <span class='ocrx_word' id='word_1_486' title='bbox 3084 739 3163 779; x_wconf 80' lang='lat' dir='ltr'><strong>eae</strong></span> <span class='ocrx_word' id='word_1_487' title='bbox 3183 767 3196 791; x_wconf 89' lang='lat'><strong>,</strong></span> <span class='ocrx_word' id='word_1_488' title='bbox 3232 725 3426 796; x_wconf 88' lang='lat' dir='ltr'><strong>quibus</strong></span> <span class='ocrx_word' id='word_1_489' title='bbox 3464 728 3764 796; x_wconf 88' lang='lat' dir='ltr'><strong>allicimur,</strong></span> 
     </span>
    </p>
   </div>
   <div class='ocr_carea' id='block_1_66' title="bbox 2163 817 3769 890">
    <p class='ocr_par' dir='ltr' id='par_1_66' title="bbox 2163 817 3769 890">
     <span class='ocr_line' id='line_1_66' title="bbox 2163 817 3769 890; baseline 0.006 -26"><span class='ocrx_word' id='word_1_490' title='bbox 2163 825 2270 865; x_wconf 91' lang='lat' dir='ltr'><strong>non</strong></span> <span class='ocrx_word' id='word_1_491' title='bbox 2307 820 2600 880; x_wconf 85' lang='lat' dir='ltr'><strong>apparent,</strong></span> <span class='ocrx_word' id='word_1_492' title='bbox 2633 828 2698 868; x_wconf 90' lang='lat' dir='ltr'><strong>ac</strong></span> <span class='ocrx_word' id='word_1_493' title='bbox 2721 829 2841 869; x_wconf 92' lang='lat' dir='ltr'><strong>cum</strong></span> <span class='ocrx_word' id='word_1_494' title='bbox 2871 817 3042 871; x_wconf 89' lang='lat' dir='ltr'><strong>oculis</strong></span> <span class='ocrx_word' id='word_1_495' title='bbox 3079 817 3466 883; x_wconf 85' lang='lat' dir='ltr'><strong>obversantur;</strong></span> <span class='ocrx_word' id='word_1_496' title='bbox 3511 821 3769 890; x_wconf 89' lang='lat' dir='ltr'><strong>quando-</strong></span> 
     </span>
    </p>
   </div>
   <div class='ocr_carea' id='block_1_67' title="bbox 2162 901 3763 980">
    <p class='ocr_par' dir='ltr' id='par_1_67' title="bbox 2162 901 3763 980">
     <span class='ocr_line' id='line_1_67' title="bbox 2162 901 3763 980; baseline 0.007 -25"><span class='ocrx_word' id='word_1_497' title='bbox 2162 901 2374 970; x_wconf 89' lang='lat' dir='ltr'><strong>quidem</strong></span> <span class='ocrx_word' id='word_1_498' title='bbox 2399 913 2454 958; x_wconf 93' lang='lat' dir='ltr'><strong>et</strong></span> <span class='ocrx_word' id='word_1_499' title='bbox 2479 905 2757 959; x_wconf 90' lang='lat' dir='ltr'><strong>mulierum</strong></span> <span class='ocrx_word' id='word_1_500' title='bbox 2783 907 3125 975; x_wconf 89' lang='lat' dir='ltr'><strong>cupiditatem</strong></span> <span class='ocrx_word' id='word_1_501' title='bbox 3155 909 3358 965; x_wconf 91' lang='lat' dir='ltr'><strong>facilius</strong></span> <span class='ocrx_word' id='word_1_502' title='bbox 3383 910 3502 980; x_wconf 91' lang='lat' dir='ltr'><strong>quis</strong></span> <span class='ocrx_word' id='word_1_503' title='bbox 3527 926 3763 980; x_wconf 83' lang='lat' dir='ltr'><strong>supera-</strong></span> 
     </span>
    </p>
   </div>
   <div class='ocr_carea' id='block_1_68' title="bbox 2162 995 3767 1071">
    <p class='ocr_par' dir='ltr' id='par_1_68' title="bbox 2162 995 3767 1071">
     <span class='ocr_line' id='line_1_68' title="bbox 2162 995 3767 1071; baseline 0.007 -25"><span class='ocrx_word' id='word_1_504' title='bbox 2162 995 2330 1058; x_wconf 88' lang='lat' dir='ltr'><strong>verit,</strong></span> <span class='ocrx_word' id='word_1_505' title='bbox 2361 995 2486 1049; x_wconf 93' lang='lat' dir='ltr'><strong>dum</strong></span> <span class='ocrx_word' id='word_1_506' title='bbox 2515 997 2791 1052; x_wconf 91' lang='lat' dir='ltr'><strong>mulierem</strong></span> <span class='ocrx_word' id='word_1_507' title='bbox 2838 998 3123 1053; x_wconf 89' lang='lat' dir='ltr'><strong>formosam</strong></span> <span class='ocrx_word' id='word_1_508' title='bbox 3168 1016 3274 1054; x_wconf 93' lang='lat' dir='ltr'><strong>non</strong></span> <span class='ocrx_word' id='word_1_509' title='bbox 3306 1000 3487 1066; x_wconf 90' lang='lat' dir='ltr'><strong>videt,</strong></span> <span class='ocrx_word' id='word_1_510' title='bbox 3520 1018 3685 1071; x_wconf 90' lang='lat' dir='ltr'><strong>quam</strong></span> <span class='ocrx_word' id='word_1_511' title='bbox 3714 1003 3767 1057; x_wconf 89' lang='lat' dir='ltr'><strong>si</strong></span> 
     </span>
    </p>
   </div>
   <div class='ocr_carea' id='block_1_69' title="bbox 2161 1088 3763 1158">
    <p class='ocr_par' dir='ltr' id='par_1_69' title="bbox 2161 1088 3763 1158">
     <span class='ocr_line' id='line_1_69' title="bbox 2161 1088 3763 1158; baseline 0.006 -18"><span class='ocrx_word' id='word_1_512' title='bbox 2161 1100 2305 1155; x_wconf 73' lang='lat' dir='ltr'><strong>sarpe</strong></span> <span class='ocrx_word' id='word_1_513' title='bbox 2334 1088 2514 1142; x_wconf 90' lang='lat' dir='ltr'><strong>oculos</strong></span> <span class='ocrx_word' id='word_1_514' title='bbox 2555 1089 2606 1142; x_wconf 91' lang='lat' dir='ltr'><strong>in</strong></span> <span class='ocrx_word' id='word_1_515' title='bbox 2634 1105 2750 1143; x_wconf 87' lang='lat' dir='ltr'><strong>eam</strong></span> <span class='ocrx_word' id='word_1_516' title='bbox 2796 1089 3056 1145; x_wconf 88' lang='lat' dir='ltr'><strong>intendat.</strong></span> <span class='ocrx_word' id='word_1_517' title='bbox 3087 1092 3464 1148; x_wconf 85' lang='lat' dir='ltr'><strong>Verumtamen</strong></span> <span class='ocrx_word' id='word_1_518' title='bbox 3492 1094 3591 1149; x_wconf 88' lang='lat' dir='ltr'><strong>has</strong></span> <span class='ocrx_word' id='word_1_519' title='bbox 3620 1111 3763 1158; x_wconf 82' lang='lat' dir='ltr'><strong>quo-</strong></span> 
     </span>
    </p>
   </div>
   <div class='ocr_carea' id='block_1_70' title="bbox 2159 1176 3763 1254">
    <p class='ocr_par' dir='ltr' id='par_1_70' title="bbox 2159 1176 3763 1254">
     <span class='ocr_line' id='line_1_70' title="bbox 2159 1176 3763 1254; baseline 0.006 -26"><span class='ocrx_word' id='word_1_520' title='bbox 2159 1191 2264 1244; x_wconf 90' lang='lat' dir='ltr'><strong>que</strong></span> <span class='ocrx_word' id='word_1_521' title='bbox 2291 1176 2510 1232; x_wconf 90' lang='lat' dir='ltr'><strong>insidias</strong></span> <span class='ocrx_word' id='word_1_522' title='bbox 2548 1179 2723 1247; x_wconf 92' lang='lat' dir='ltr'><strong>justus</strong></span> <span class='ocrx_word' id='word_1_523' title='bbox 2748 1180 2916 1245; x_wconf 89' lang='lat' dir='ltr'><strong>vicit,</strong></span> <span class='ocrx_word' id='word_1_524' title='bbox 2961 1181 3208 1251; x_wconf 86' lang='lat' dir='ltr'><strong>quodque</strong></span> <span class='ocrx_word' id='word_1_525' title='bbox 3238 1181 3605 1238; x_wconf 89' lang='lat' dir='ltr'><strong>fortitudinem</strong></span> <span class='ocrx_word' id='word_1_526' title='bbox 3638 1185 3763 1254; x_wconf 86' lang='lat' dir='ltr'><strong>ejus</strong></span> 
     </span>
    </p>
   </div>
   <div class='ocr_carea' id='block_1_71' title="bbox 2160 1267 3760 1346">
    <p class='ocr_par' dir='ltr' id='par_1_71' title="bbox 2160 1267 3760 1346">
     <span class='ocr_line' id='line_1_71' title="bbox 2160 1267 3760 1346; baseline 0.006 -25"><span class='ocrx_word' id='word_1_527' title='bbox 2160 1267 2402 1322; x_wconf 91' lang='lat' dir='ltr'><strong>diabolus</strong></span> <span class='ocrx_word' id='word_1_528' title='bbox 2449 1269 2796 1326; x_wconf 91' lang='lat' dir='ltr'><strong>infracturum</strong></span> <span class='ocrx_word' id='word_1_529' title='bbox 2846 1273 3100 1342; x_wconf 87' lang='lat' dir='ltr'><strong>putabat,</strong></span> <span class='ocrx_word' id='word_1_530' title='bbox 3151 1273 3253 1329; x_wconf 92' lang='lat' dir='ltr'><strong>hoc</strong></span> <span class='ocrx_word' id='word_1_531' title='bbox 3293 1291 3414 1329; x_wconf 92' lang='lat' dir='ltr'><strong>eum</strong></span> <span class='ocrx_word' id='word_1_532' title='bbox 3470 1278 3643 1346; x_wconf 85' lang='lat' dir='ltr'><strong>magis</strong></span> <span class='ocrx_word' id='word_1_533' title='bbox 3689 1278 3760 1331; x_wconf 90' lang='lat' dir='ltr'><strong>ad</strong></span> 
     </span>
    </p>
   </div>
   <div class='ocr_carea' id='block_1_72' title="bbox 2161 1360 3761 1423">
    <p class='ocr_par' dir='ltr' id='par_1_72' title="bbox 2161 1360 3761 1423">
     <span class='ocr_line' id='line_1_72' title="bbox 2161 1360 3761 1423; baseline 0.006 -11"><span class='ocrx_word' id='word_1_534' title='bbox 2161 1360 2450 1412; x_wconf 89' lang='lat' dir='ltr'><strong>certamina</strong></span> <span class='ocrx_word' id='word_1_535' title='bbox 2482 1362 2850 1416; x_wconf 88' lang='lat' dir='ltr'><strong>corroboravit</strong></span> <span class='ocrx_word' id='word_1_536' title='bbox 2878 1373 2931 1418; x_wconf 89' lang='lat' dir='ltr'><strong>et</strong></span> <span class='ocrx_word' id='word_1_537' title='bbox 2973 1365 3223 1420; x_wconf 90' lang='lat' dir='ltr'><strong>instruxit</strong></span> <span class='ocrx_word' id='word_1_538' title='bbox 3261 1383 3274 1420; x_wconf 92' lang='lat'>:</span> <span class='ocrx_word' id='word_1_539' title='bbox 3305 1383 3409 1420; x_wconf 89' lang='lat' dir='ltr'><strong>non</strong></span> <span class='ocrx_word' id='word_1_540' title='bbox 3450 1369 3596 1422; x_wconf 91' lang='lat' dir='ltr'><strong>enim</strong></span> <span class='ocrx_word' id='word_1_541' title='bbox 3640 1379 3761 1423; x_wconf 86' lang='lat' dir='ltr'><strong>tan-</strong></span> 
     </span>
    </p>
   </div>
   <div class='ocr_carea' id='block_1_73' title="bbox 2161 1449 3760 1525">
    <p class='ocr_par' dir='ltr' id='par_1_73' title="bbox 2161 1449 3760 1525">
     <span class='ocr_line' id='line_1_73' title="bbox 2161 1449 3760 1525; baseline 0.008 -23"><span class='ocrx_word' id='word_1_542' title='bbox 2161 1456 2271 1502; x_wconf 88' lang='lat' dir='ltr'><strong>ttun</strong></span> <span class='ocrx_word' id='word_1_543' title='bbox 2313 1449 2441 1503; x_wconf 89' lang='lat' dir='ltr'><strong>nihil</strong></span> <span class='ocrx_word' id='word_1_544' title='bbox 2473 1451 2541 1504; x_wconf 89' lang='lat' dir='ltr'><strong>ab</strong></span> <span class='ocrx_word' id='word_1_545' title='bbox 2586 1452 2999 1525; x_wconf 85' lang='lat' dir='ltr'><strong>idolothytorum</strong></span> <span class='ocrx_word' id='word_1_546' title='bbox 3031 1465 3247 1525; x_wconf 90' lang='lat' dir='ltr'><strong>aspectu</strong></span> <span class='ocrx_word' id='word_1_547' title='bbox 3295 1457 3627 1522; x_wconf 77' lang='lat' dir='ltr'><strong>laedebatur,</strong></span> <span class='ocrx_word' id='word_1_548' title='bbox 3660 1461 3760 1514; x_wconf 84' lang='lat' dir='ltr'><strong>sed</strong></span> 
     </span>
    </p>
   </div>
   <div class='ocr_carea' id='block_1_74' title="bbox 2159 1541 3759 1620">
    <p class='ocr_par' dir='ltr' id='par_1_74' title="bbox 2159 1541 3759 1620">
     <span class='ocr_line' id='line_1_74' title="bbox 2159 1541 3759 1620; baseline 0.008 -27"><span class='ocrx_word' id='word_1_549' title='bbox 2159 1555 2221 1593; x_wconf 88' lang='lat' dir='ltr'><strong>ea</strong></span> <span class='ocrx_word' id='word_1_550' title='bbox 2251 1541 2416 1609; x_wconf 89' lang='lat' dir='ltr'><strong>magis</strong></span> <span class='ocrx_word' id='word_1_551' title='bbox 2455 1541 2654 1597; x_wconf 90' lang='lat' dir='ltr'><strong>idcirco</strong></span> <span class='ocrx_word' id='word_1_552' title='bbox 2681 1543 3068 1600; x_wconf 88' lang='lat' dir='ltr'><strong>adversabatur</strong></span> <span class='ocrx_word' id='word_1_553' title='bbox 3109 1557 3162 1601; x_wconf 92' lang='lat' dir='ltr'><strong>et</strong></span> <span class='ocrx_word' id='word_1_554' title='bbox 3203 1547 3408 1602; x_wconf 90' lang='lat' dir='ltr'><strong>oderat.</strong></span> <span class='ocrx_word' id='word_1_555' title='bbox 3459 1550 3523 1604; x_wconf 90' lang='lat' dir='ltr'><strong>Et</strong></span> <span class='ocrx_word' id='word_1_556' title='bbox 3559 1566 3759 1620; x_wconf 79' lang='lat' dir='ltr'><strong>quein-</strong></span> 
     </span>
    </p>
   </div>
   <div class='ocr_carea' id='block_1_75' title="bbox 2159 1629 3755 1712">
    <p class='ocr_par' dir='ltr' id='par_1_75' title="bbox 2159 1629 3755 1712">
     <span class='ocr_line' id='line_1_75' title="bbox 2159 1629 3755 1712; baseline 0.009 -29"><span class='ocrx_word' id='word_1_557' title='bbox 2159 1629 2445 1686; x_wconf 79' lang='lat' dir='ltr'><strong>admodum</strong></span> <span class='ocrx_word' id='word_1_558' title='bbox 2467 1648 2590 1703; x_wconf 80' lang='lat' dir='ltr'><strong>erga</strong></span> <span class='ocrx_word' id='word_1_559' title='bbox 2620 1635 2861 1691; x_wconf 92' lang='lat' dir='ltr'><strong>inimicos</strong></span> <span class='ocrx_word' id='word_1_560' title='bbox 2881 1638 3161 1703; x_wconf 89' lang='lat' dir='ltr'><strong>afficimur,</strong></span> <span class='ocrx_word' id='word_1_561' title='bbox 3183 1655 3318 1710; x_wconf 84' lang='lat' dir='ltr'><strong>quos</strong></span> <span class='ocrx_word' id='word_1_562' title='bbox 3338 1642 3460 1711; x_wconf 92' lang='lat' dir='ltr'><strong>quia</strong></span> <span class='ocrx_word' id='word_1_563' title='bbox 3484 1643 3755 1712; x_wconf 87' lang='lat' dir='ltr'><strong>videmus,</strong></span> 
     </span>
    </p>
   </div>
   <div class='ocr_carea' id='block_1_76' title="bbox 2160 1724 3755 1799">
    <p class='ocr_par' dir='ltr' id='par_1_76' title="bbox 2160 1724 3755 1799">
     <span class='ocr_line' id='line_1_76' title="bbox 2160 1724 3755 1799; baseline 0.009 -25"><span class='ocrx_word' id='word_1_564' title='bbox 2160 1730 2308 1776; x_wconf 88' lang='lat' dir='ltr'><strong>tanto</strong></span> <span class='ocrx_word' id='word_1_565' title='bbox 2351 1737 2445 1777; x_wconf 91' lang='lat' dir='ltr'><strong>eos</strong></span> <span class='ocrx_word' id='word_1_566' title='bbox 2489 1724 2614 1778; x_wconf 91' lang='lat' dir='ltr'><strong>odio</strong></span> <span class='ocrx_word' id='word_1_567' title='bbox 2659 1726 2846 1796; x_wconf 90' lang='lat' dir='ltr'><strong>majori</strong></span> <span class='ocrx_word' id='word_1_568' title='bbox 2895 1730 3268 1799; x_wconf 90' lang='lat' dir='ltr'><strong>prosequimur</strong></span> <span class='ocrx_word' id='word_1_569' title='bbox 3294 1741 3348 1786; x_wconf 92' lang='lat' dir='ltr'><strong>et</strong></span> <span class='ocrx_word' id='word_1_570' title='bbox 3385 1747 3755 1790; x_wconf 88' lang='lat' dir='ltr'><strong>aversamur:</strong></span> 
     </span>
    </p>
   </div>
   <div class='ocr_carea' id='block_1_77' title="bbox 2157 1815 3759 1890">
    <p class='ocr_par' dir='ltr' id='par_1_77' title="bbox 2157 1815 3759 1890">
     <span class='ocr_line' id='line_1_77' title="bbox 2157 1815 3759 1890; baseline 0.011 -24"><span class='ocrx_word' id='word_1_571' title='bbox 2157 1815 2234 1868; x_wconf 91' lang='lat' dir='ltr'><strong>sic</strong></span> <span class='ocrx_word' id='word_1_572' title='bbox 2263 1823 2318 1870; x_wconf 91' lang='lat' dir='ltr'><strong>et</strong></span> <span class='ocrx_word' id='word_1_573' title='bbox 2345 1815 2434 1870; x_wconf 92' lang='lat' dir='ltr'><strong>ille</strong></span> <span class='ocrx_word' id='word_1_574' title='bbox 2463 1825 2587 1872; x_wconf 90' lang='lat' dir='ltr'><strong>tunc</strong></span> <span class='ocrx_word' id='word_1_575' title='bbox 2611 1833 2734 1889; x_wconf 87' lang='lat' dir='ltr'><strong>erga</strong></span> <span class='ocrx_word' id='word_1_576' title='bbox 2779 1822 3041 1890; x_wconf 90' lang='lat' dir='ltr'><strong>impuram</strong></span> <span class='ocrx_word' id='word_1_577' title='bbox 3072 1823 3215 1878; x_wconf 88' lang='lat' dir='ltr'><strong>illam</strong></span> <span class='ocrx_word' id='word_1_578' title='bbox 3249 1824 3518 1880; x_wconf 91' lang='lat' dir='ltr'><strong>victimam</strong></span> <span class='ocrx_word' id='word_1_579' title='bbox 3551 1827 3759 1884; x_wconf 80' lang='lat' dir='ltr'><strong>afficie-</strong></span> 
     </span>
    </p>
   </div>
   <div class='ocr_carea' id='block_1_78' title="bbox 2158 1907 3757 1990">
    <p class='ocr_par' dir='ltr' id='par_1_78' title="bbox 2158 1907 3757 1990">
     <span class='ocr_line' id='line_1_78' title="bbox 2158 1907 3757 1990; baseline 0.009 -29"><span class='ocrx_word' id='word_1_580' title='bbox 2158 1907 2351 1972; x_wconf 89' lang='lat' dir='ltr'><strong>batur;</strong></span> <span class='ocrx_word' id='word_1_581' title='bbox 2399 1924 2465 1964; x_wconf 89' lang='lat' dir='ltr'><strong>eo</strong></span> <span class='ocrx_word' id='word_1_582' title='bbox 2515 1912 2682 1980; x_wconf 86' lang='lat' dir='ltr'><strong>magis</strong></span> <span class='ocrx_word' id='word_1_583' title='bbox 2725 1911 3091 1968; x_wconf 89' lang='lat' dir='ltr'><strong>detestabatur</strong></span> <span class='ocrx_word' id='word_1_584' title='bbox 3135 1931 3198 1970; x_wconf 91' lang='lat' dir='ltr'><strong>ac</strong></span> <span class='ocrx_word' id='word_1_585' title='bbox 3237 1915 3563 1987; x_wconf 84' lang='lat' dir='ltr'><strong>refugiebat,</strong></span> <span class='ocrx_word' id='word_1_586' title='bbox 3609 1921 3757 1990; x_wconf 91' lang='lat' dir='ltr'><strong>quod</strong></span> 
     </span>
    </p>
   </div>
   <div class='ocr_carea' id='block_1_79' title="bbox 2156 1997 3756 2079">
    <p class='ocr_par' dir='ltr' id='par_1_79' title="bbox 2156 1997 3756 2079">
     <span class='ocr_line' id='line_1_79' title="bbox 2156 1997 3756 2079; baseline 0.011 -31"><span class='ocrx_word' id='word_1_587' title='bbox 2156 1997 2406 2064; x_wconf 89' lang='lat' dir='ltr'><strong>videbat,</strong></span> <span class='ocrx_word' id='word_1_588' title='bbox 2457 2009 2511 2054; x_wconf 91' lang='lat' dir='ltr'><strong>et</strong></span> <span class='ocrx_word' id='word_1_589' title='bbox 2561 2002 2924 2070; x_wconf 88' lang='lat' dir='ltr'><strong>appositorum</strong></span> <span class='ocrx_word' id='word_1_590' title='bbox 2977 2005 3218 2060; x_wconf 91' lang='lat' dir='ltr'><strong>ciborum</strong></span> <span class='ocrx_word' id='word_1_591' title='bbox 3277 2018 3524 2076; x_wconf 86' lang='lat' dir='ltr'><strong>aspectus</strong></span> <span class='ocrx_word' id='word_1_592' title='bbox 3574 2011 3756 2079; x_wconf 79' lang='lat' dir='ltr'><strong>majus</strong></span> 
     </span>
    </p>
   </div>
   <div class='ocr_carea' id='block_1_80' title="bbox 2155 2089 3756 2174">
    <p class='ocr_par' dir='ltr' id='par_1_80' title="bbox 2155 2089 3756 2174">
     <span class='ocr_line' id='line_1_80' title="bbox 2155 2089 3756 2174; baseline 0.011 -32"><span class='ocrx_word' id='word_1_593' title='bbox 2155 2089 2335 2143; x_wconf 90' lang='lat' dir='ltr'><strong>odium</strong></span> <span class='ocrx_word' id='word_1_594' title='bbox 2363 2091 2415 2144; x_wconf 93' lang='lat' dir='ltr'><strong>in</strong></span> <span class='ocrx_word' id='word_1_595' title='bbox 2457 2107 2524 2146; x_wconf 85' lang='lat' dir='ltr'><strong>eo</strong></span> <span class='ocrx_word' id='word_1_596' title='bbox 2554 2102 2711 2162; x_wconf 88' lang='lat' dir='ltr'><strong>atque</strong></span> <span class='ocrx_word' id='word_1_597' title='bbox 2753 2096 3141 2151; x_wconf 89' lang='lat' dir='ltr'><strong>aversationem</strong></span> <span class='ocrx_word' id='word_1_598' title='bbox 3174 2100 3438 2154; x_wconf 80' lang='lat' dir='ltr'><strong>excitabat</strong></span> <span class='ocrx_word' id='word_1_599' title='bbox 3471 2119 3486 2156; x_wconf 91' lang='lat'><strong>:</strong></span> <span class='ocrx_word' id='word_1_600' title='bbox 3513 2103 3756 2174; x_wconf 91' lang='lat' dir='ltr'><strong>dumque</strong></span> 
     </span>
    </p>
   </div>
   <div class='ocr_carea' id='block_1_81' title="bbox 2155 2182 3752 2263">
    <p class='ocr_par' dir='ltr' id='par_1_81' title="bbox 2155 2182 3752 2263">
     <span class='ocr_line' id='line_1_81' title="bbox 2155 2182 3752 2263; baseline 0.009 -27"><span class='ocrx_word' id='word_1_601' title='bbox 2155 2182 2299 2236; x_wconf 81' lang='lat' dir='ltr'><strong>intus</strong></span> <span class='ocrx_word' id='word_1_602' title='bbox 2325 2200 2512 2254; x_wconf 87' lang='lat' dir='ltr'><strong>magna</strong></span> <span class='ocrx_word' id='word_1_603' title='bbox 2545 2186 2694 2240; x_wconf 90' lang='lat' dir='ltr'><strong>illum</strong></span> <span class='ocrx_word' id='word_1_604' title='bbox 2726 2202 2857 2242; x_wconf 86' lang='lat' dir='ltr'><strong>voce</strong></span> <span class='ocrx_word' id='word_1_605' title='bbox 2880 2188 3190 2243; x_wconf 89' lang='lat' dir='ltr'><strong>sollicitaret</strong></span> <span class='ocrx_word' id='word_1_606' title='bbox 3217 2189 3404 2258; x_wconf 87' lang='lat' dir='ltr'><strong>fames,</strong></span> <span class='ocrx_word' id='word_1_607' title='bbox 3429 2203 3482 2247; x_wconf 85' lang='lat' dir='ltr'><strong>et</strong></span> <span class='ocrx_word' id='word_1_608' title='bbox 3503 2197 3752 2263; x_wconf 84' lang='lat' dir='ltr'><strong>apposita</strong></span> 
     </span>
    </p>
   </div>
   <div class='ocr_carea' id='block_1_82' title="bbox 2154 2273 3749 2358">
    <p class='ocr_par' dir='ltr' id='par_1_82' title="bbox 2154 2273 3749 2358">
     <span class='ocr_line' id='line_1_82' title="bbox 2154 2273 3749 2358; baseline 0.009 -30"><span class='ocrx_word' id='word_1_609' title='bbox 2154 2273 2434 2343; x_wconf 83' lang='lat' dir='ltr'><strong>degustare</strong></span> <span class='ocrx_word' id='word_1_610' title='bbox 2468 2277 2710 2345; x_wconf 89' lang='lat' dir='ltr'><strong>juberet,</strong></span> <span class='ocrx_word' id='word_1_611' title='bbox 2745 2288 2856 2333; x_wconf 92' lang='lat' dir='ltr'><strong>tum</strong></span> <span class='ocrx_word' id='word_1_612' title='bbox 2885 2281 2976 2334; x_wconf 89' lang='lat' dir='ltr'><strong>Dei</strong></span> <span class='ocrx_word' id='word_1_613' title='bbox 3019 2281 3178 2335; x_wconf 91' lang='lat' dir='ltr'><strong>timor</strong></span> <span class='ocrx_word' id='word_1_614' title='bbox 3205 2283 3324 2351; x_wconf 86' lang='lat' dir='ltr'><strong>ejus</strong></span> <span class='ocrx_word' id='word_1_615' title='bbox 3354 2301 3543 2340; x_wconf 89' lang='lat' dir='ltr'><strong>manus</strong></span> <span class='ocrx_word' id='word_1_616' title='bbox 3568 2291 3749 2358; x_wconf 74' lang='lat' dir='ltr'><strong>repri-</strong></span> 
     </span>
    </p>
   </div>
   <div class='ocr_carea' id='block_1_83' title="bbox 2155 2367 3744 2449">
    <p class='ocr_par' dir='ltr' id='par_1_83' title="bbox 2155 2367 3744 2449">
     <span class='ocr_line' id='line_1_83' title="bbox 2155 2367 3744 2449; baseline 0.009 -29"><span class='ocrx_word' id='word_1_617' title='bbox 2155 2367 2353 2432; x_wconf 90' lang='lat' dir='ltr'><strong>mebat,</strong></span> <span class='ocrx_word' id='word_1_618' title='bbox 2383 2379 2437 2422; x_wconf 89' lang='lat' dir='ltr'><strong>et</strong></span> <span class='ocrx_word' id='word_1_619' title='bbox 2466 2380 2522 2423; x_wconf 94' lang='lat' dir='ltr'><strong>ut</strong></span> <span class='ocrx_word' id='word_1_620' title='bbox 2553 2371 2716 2439; x_wconf 90' lang='lat' dir='ltr'><strong>ipsius</strong></span> <span class='ocrx_word' id='word_1_621' title='bbox 2749 2381 2952 2427; x_wconf 72' lang='lat' dir='ltr'><strong>natura:</strong></span> <span class='ocrx_word' id='word_1_622' title='bbox 2975 2374 3407 2441; x_wconf 88' lang='lat' dir='ltr'><strong>oblivisceretur,</strong></span> <span class='ocrx_word' id='word_1_623' title='bbox 3438 2379 3744 2449; x_wconf 82' lang='lat' dir='ltr'><strong>efficiebat;</strong></span> 
     </span>
    </p>
   </div>
   <div class='ocr_carea' id='block_1_84' title="bbox 2153 2457 3748 2529">
    <p class='ocr_par' dir='ltr' id='par_1_84' title="bbox 2153 2457 3748 2529">
     <span class='ocr_line' id='line_1_84' title="bbox 2153 2457 3748 2529; baseline 0.012 -18"><span class='ocrx_word' id='word_1_624' title='bbox 2153 2457 2384 2528; x_wconf 92' lang='lat' dir='ltr'><strong>dumque</strong></span> <span class='ocrx_word' id='word_1_625' title='bbox 2424 2461 2679 2528; x_wconf 88' lang='lat' dir='ltr'><strong>pollutam</strong></span> <span class='ocrx_word' id='word_1_626' title='bbox 2711 2473 2765 2517; x_wconf 92' lang='lat' dir='ltr'><strong>et</strong></span> <span class='ocrx_word' id='word_1_627' title='bbox 2805 2467 3183 2520; x_wconf 79' lang='lat' dir='ltr'><strong>exsecrandum</strong></span> <span class='ocrx_word' id='word_1_628' title='bbox 3217 2484 3456 2524; x_wconf 89' lang='lat' dir='ltr'><strong>mensam</strong></span> <span class='ocrx_word' id='word_1_629' title='bbox 3504 2472 3748 2529; x_wconf 87' lang='lat' dir='ltr'><strong>intuere-</strong></span> 
     </span>
    </p>
   </div>
   <div class='ocr_carea' id='block_1_85' title="bbox 2155 2552 3745 2638">
    <p class='ocr_par' dir='ltr' id='par_1_85' title="bbox 2155 2552 3745 2638">
     <span class='ocr_line' id='line_1_85' title="bbox 2155 2552 3745 2638; baseline 0.011 -36"><span class='ocrx_word' id='word_1_630' title='bbox 2155 2559 2238 2603; x_wconf 91' lang='lat' dir='ltr'><strong>tur</strong></span> <span class='ocrx_word' id='word_1_631' title='bbox 2257 2591 2272 2616; x_wconf 92' lang='lat'><strong>,</strong></span> <span class='ocrx_word' id='word_1_632' title='bbox 2303 2552 2520 2608; x_wconf 89' lang='lat' dir='ltr'><strong>alterius</strong></span> <span class='ocrx_word' id='word_1_633' title='bbox 2549 2570 2746 2608; x_wconf 68' lang='lat' dir='ltr'><strong>tuensm</strong></span> <span class='ocrx_word' id='word_1_634' title='bbox 2777 2558 3066 2613; x_wconf 74' lang='lat' dir='ltr'><strong>tremenda:</strong></span> <span class='ocrx_word' id='word_1_635' title='bbox 3096 2575 3158 2613; x_wconf 92' lang='lat' dir='ltr'><strong>ac</strong></span> <span class='ocrx_word' id='word_1_636' title='bbox 3186 2560 3388 2630; x_wconf 89' lang='lat' dir='ltr'><strong>Spiritu</strong></span> <span class='ocrx_word' id='word_1_637' title='bbox 3417 2564 3641 2632; x_wconf 70' lang='lat' dir='ltr'><strong>repleta:</strong></span> <span class='ocrx_word' id='word_1_638' title='bbox 3669 2566 3745 2638; x_wconf 84' lang='grc' dir='ltr'><strong>(α)</strong></span> 
     </span>
    </p>
   </div>
   <div class='ocr_carea' id='block_1_86' title="bbox 2152 2644 3748 2726">
    <p class='ocr_par' dir='ltr' id='par_1_86' title="bbox 2152 2644 3748 2726">
     <span class='ocr_line' id='line_1_86' title="bbox 2152 2644 3748 2726; baseline 0.01 -31"><span class='ocrx_word' id='word_1_639' title='bbox 2152 2644 2571 2712; x_wconf 88' lang='lat' dir='ltr'><strong>recordabatur,</strong></span> <span class='ocrx_word' id='word_1_640' title='bbox 2625 2648 2864 2718; x_wconf 88' lang='lat' dir='ltr'><strong>adeoque</strong></span> <span class='ocrx_word' id='word_1_641' title='bbox 2911 2650 3378 2718; x_wconf 88' lang='lat' dir='ltr'><strong>inflammabatur,</strong></span> <span class='ocrx_word' id='word_1_642' title='bbox 3433 2665 3489 2708; x_wconf 94' lang='lat' dir='ltr'><strong>ut</strong></span> <span class='ocrx_word' id='word_1_643' title='bbox 3538 2659 3748 2726; x_wconf 65' lang='lat' dir='ltr'><strong>quaevis</strong></span> 
     </span>
    </p>
   </div>
   <div class='ocr_carea' id='block_1_87' title="bbox 2151 2736 3744 2816">
    <p class='ocr_par' dir='ltr' id='par_1_87' title="bbox 2151 2736 3744 2816">
     <span class='ocr_line' id='line_1_87' title="bbox 2151 2736 3744 2816; baseline 0.009 -28"><span class='ocrx_word' id='word_1_644' title='bbox 2151 2736 2416 2790; x_wconf 90' lang='lat' dir='ltr'><strong>sustinere</strong></span> <span class='ocrx_word' id='word_1_645' title='bbox 2440 2751 2502 2792; x_wconf 92' lang='lat' dir='ltr'><strong>ac</strong></span> <span class='ocrx_word' id='word_1_646' title='bbox 2523 2738 2629 2806; x_wconf 90' lang='lat' dir='ltr'><strong>pati</strong></span> <span class='ocrx_word' id='word_1_647' title='bbox 2657 2747 2918 2794; x_wconf 88' lang='lat' dir='ltr'><strong>statueret</strong></span> <span class='ocrx_word' id='word_1_648' title='bbox 2945 2743 3138 2810; x_wconf 84' lang='lat' dir='ltr'><strong>potius,</strong></span> <span class='ocrx_word' id='word_1_649' title='bbox 3164 2759 3322 2813; x_wconf 90' lang='lat' dir='ltr'><strong>quam</strong></span> <span class='ocrx_word' id='word_1_650' title='bbox 3355 2745 3591 2816; x_wconf 89' lang='lat' dir='ltr'><strong>impuros</strong></span> <span class='ocrx_word' id='word_1_651' title='bbox 3620 2749 3744 2803; x_wconf 92' lang='lat' dir='ltr'><strong>illos</strong></span> 
     </span>
    </p>
   </div>
   <div class='ocr_carea' id='block_1_88' title="bbox 2151 2826 3745 2907">
    <p class='ocr_par' dir='ltr' id='par_1_88' title="bbox 2151 2826 3745 2907">
     <span class='ocr_line' id='line_1_88' title="bbox 2151 2826 3745 2907; baseline 0.009 -28"><span class='ocrx_word' id='word_1_652' title='bbox 2151 2826 2299 2881; x_wconf 92' lang='lat' dir='ltr'><strong>cibos</strong></span> <span class='ocrx_word' id='word_1_653' title='bbox 2323 2826 2627 2898; x_wconf 88' lang='lat' dir='ltr'><strong>degustare.</strong></span> <span class='ocrx_word' id='word_1_654' title='bbox 2663 2830 3062 2886; x_wconf 81' lang='lat' dir='ltr'><strong>Recordabatur</strong></span> <span class='ocrx_word' id='word_1_655' title='bbox 3087 2843 3142 2888; x_wconf 91' lang='lat' dir='ltr'><strong>et</strong></span> <span class='ocrx_word' id='word_1_656' title='bbox 3175 2834 3316 2889; x_wconf 93' lang='lat' dir='ltr'><strong>illius</strong></span> <span class='ocrx_word' id='word_1_657' title='bbox 3347 2837 3503 2891; x_wconf 91' lang='lat' dir='ltr'><strong>trium</strong></span> <span class='ocrx_word' id='word_1_658' title='bbox 3545 2853 3745 2907; x_wconf 52' lang='lat' dir='ltr'><strong>puero.</strong></span> 
     </span>
    </p>
   </div>
   <div class='ocr_carea' id='block_1_89' title="bbox 2150 2918 3745 3000">
    <p class='ocr_par' dir='ltr' id='par_1_89' title="bbox 2150 2918 3745 3000">
     <span class='ocr_line' id='line_1_89' title="bbox 2150 2918 3745 3000; baseline 0.008 -28"><span class='ocrx_word' id='word_1_659' title='bbox 2150 2933 2268 2972; x_wconf 90' lang='lat' dir='ltr'><strong>rum</strong></span> <span class='ocrx_word' id='word_1_660' title='bbox 2297 2934 2495 2973; x_wconf 69' lang='lat' dir='ltr'><strong>mensa:</strong></span> <span class='ocrx_word' id='word_1_661' title='bbox 2522 2918 2684 2990; x_wconf 87' lang='lat' dir='ltr'><strong>(Dan.</strong></span> <span class='ocrx_word' id='word_1_662' title='bbox 2713 2923 2764 2975; x_wconf 83' lang='grc'><strong>1.</strong></span> <span class='ocrx_word' id='word_1_663' title='bbox 2790 2921 2886 2992; x_wconf 90' lang='lat'><strong>8),</strong></span> <span class='ocrx_word' id='word_1_664' title='bbox 2919 2924 3008 2992; x_wconf 92' lang='lat' dir='ltr'><strong>qui</strong></span> <span class='ocrx_word' id='word_1_665' title='bbox 3038 2924 3264 2993; x_wconf 90' lang='lat' dir='ltr'><strong>juvenes</strong></span> <span class='ocrx_word' id='word_1_666' title='bbox 3293 2930 3454 2996; x_wconf 88' lang='lat' dir='ltr'><strong>capti,</strong></span> <span class='ocrx_word' id='word_1_667' title='bbox 3486 2930 3745 3000; x_wconf 90' lang='lat' dir='ltr'><strong>omnique</strong></span> 
     </span>
    </p>
   </div>
   <div class='ocr_carea' id='block_1_90' title="bbox 2151 3012 3743 3092">
    <p class='ocr_par' dir='ltr' id='par_1_90' title="bbox 2151 3012 3743 3092">
     <span class='ocr_line' id='line_1_90' title="bbox 2151 3012 3743 3092; baseline 0.011 -32"><span class='ocrx_word' id='word_1_668' title='bbox 2151 3012 2445 3080; x_wconf 88' lang='lat' dir='ltr'><strong>patrocinio</strong></span> <span class='ocrx_word' id='word_1_669' title='bbox 2465 3012 2727 3078; x_wconf 90' lang='lat' dir='ltr'><strong>destituti,</strong></span> <span class='ocrx_word' id='word_1_670' title='bbox 2751 3015 2805 3068; x_wconf 94' lang='lat' dir='ltr'><strong>in</strong></span> <span class='ocrx_word' id='word_1_671' title='bbox 2833 3024 2972 3070; x_wconf 89' lang='lat' dir='ltr'><strong>terra</strong></span> <span class='ocrx_word' id='word_1_672' title='bbox 2999 3017 3167 3070; x_wconf 88' lang='lat' dir='ltr'><strong>aliena</strong></span> <span class='ocrx_word' id='word_1_673' title='bbox 3189 3033 3254 3072; x_wconf 89' lang='lat' dir='ltr'><strong>ac</strong></span> <span class='ocrx_word' id='word_1_674' title='bbox 3276 3019 3434 3074; x_wconf 86' lang='lat' dir='ltr'><strong>barba</strong></span> <span class='ocrx_word' id='word_1_675' title='bbox 3445 3035 3497 3073; x_wconf 92' lang='lat' dir='ltr'><strong>ra</strong></span> <span class='ocrx_word' id='word_1_676' title='bbox 3520 3023 3743 3092; x_wconf 84' lang='lat' dir='ltr'><strong>regione</strong></span> 
     </span>
    </p>
   </div>
   <div class='ocr_carea' id='block_1_91' title="bbox 2149 3100 3744 3183">
    <p class='ocr_par' dir='ltr' id='par_1_91' title="bbox 2149 3100 3744 3183">
     <span class='ocr_line' id='line_1_91' title="bbox 2149 3100 3744 3183; baseline 0.01 -29"><span class='ocrx_word' id='word_1_677' title='bbox 2149 3110 2350 3156; x_wconf 83' lang='lat' dir='ltr'><strong>tantam</strong></span> <span class='ocrx_word' id='word_1_678' title='bbox 2391 3100 2778 3174; x_wconf 88' lang='lat' dir='ltr'><strong>philosophiam</strong></span> <span class='ocrx_word' id='word_1_679' title='bbox 2810 3107 3193 3175; x_wconf 89' lang='lat' dir='ltr'><strong>ostenderunt,</strong></span> <span class='ocrx_word' id='word_1_680' title='bbox 3227 3118 3280 3163; x_wconf 92' lang='lat' dir='ltr'><strong>ut</strong></span> <span class='ocrx_word' id='word_1_681' title='bbox 3307 3111 3372 3163; x_wconf 90' lang='lat' dir='ltr'><strong>ad</strong></span> <span class='ocrx_word' id='word_1_682' title='bbox 3404 3111 3544 3167; x_wconf 91' lang='lat' dir='ltr'><strong>hunc</strong></span> <span class='ocrx_word' id='word_1_683' title='bbox 3571 3130 3744 3183; x_wconf 83' lang='lat' dir='ltr'><strong>usque</strong></span> 
     </span>
    </p>
   </div>
   <div class='ocr_carea' id='block_1_92' title="bbox 2149 3194 3742 3276">
    <p class='ocr_par' dir='ltr' id='par_1_92' title="bbox 2149 3194 3742 3276">
     <span class='ocr_line' id='line_1_92' title="bbox 2149 3194 3742 3276; baseline 0.009 -27"><span class='ocrx_word' id='word_1_684' title='bbox 2149 3194 2294 3250; x_wconf 90' lang='lat' dir='ltr'><strong>diem</strong></span> <span class='ocrx_word' id='word_1_685' title='bbox 2323 3197 2556 3266; x_wconf 89' lang='lat' dir='ltr'><strong>ipsorum</strong></span> <span class='ocrx_word' id='word_1_686' title='bbox 2585 3197 2840 3252; x_wconf 89' lang='lat' dir='ltr'><strong>fortitudo</strong></span> <span class='ocrx_word' id='word_1_687' title='bbox 2867 3201 3193 3258; x_wconf 86' lang='lat' dir='ltr'><strong>celebretur.</strong></span> <span class='ocrx_word' id='word_1_688' title='bbox 3225 3205 3300 3257; x_wconf 82' lang='lat' dir='ltr'><strong>Ac</strong></span> <span class='ocrx_word' id='word_1_689' title='bbox 3325 3203 3493 3260; x_wconf 66' lang='lat' dir='ltr'><strong>Judtci</strong></span> <span class='ocrx_word' id='word_1_690' title='bbox 3520 3207 3742 3276; x_wconf 91' lang='lat' dir='ltr'><strong>quidem</strong></span> 
     </span>
    </p>
   </div>
   <div class='ocr_carea' id='block_1_93' title="bbox 2148 3286 3742 3366">
    <p class='ocr_par' dir='ltr' id='par_1_93' title="bbox 2148 3286 3742 3366">
     <span class='ocr_line' id='line_1_93' title="bbox 2148 3286 3742 3366; baseline 0.011 -26"><span class='ocrx_word' id='word_1_691' title='bbox 2148 3286 2276 3354; x_wconf 78' lang='lat' dir='ltr'><strong>dum</strong></span> <span class='ocrx_word' id='word_1_692' title='bbox 2306 3303 2456 3342; x_wconf 89' lang='lat' dir='ltr'><strong>suam</strong></span> <span class='ocrx_word' id='word_1_693' title='bbox 2479 3291 2640 3345; x_wconf 89' lang='lat' dir='ltr'><strong>etiam</strong></span> <span class='ocrx_word' id='word_1_694' title='bbox 2665 3293 2940 3361; x_wconf 87' lang='lat' dir='ltr'><strong>regionem</strong></span> <span class='ocrx_word' id='word_1_695' title='bbox 2965 3294 3286 3363; x_wconf 87' lang='lat' dir='ltr'><strong>obtinerent,</strong></span> <span class='ocrx_word' id='word_1_696' title='bbox 3316 3297 3458 3366; x_wconf 90' lang='lat' dir='ltr'><strong>impii</strong></span> <span class='ocrx_word' id='word_1_697' title='bbox 3488 3301 3538 3353; x_wconf 95' lang='lat' dir='ltr'><strong>in</strong></span> <span class='ocrx_word' id='word_1_698' title='bbox 3569 3301 3742 3358; x_wconf 86' lang='lat' dir='ltr'><strong>Deum</strong></span> 
     </span>
    </p>
   </div>
   <div class='ocr_carea' id='block_1_94' title="bbox 2148 3377 3745 3456">
    <p class='ocr_par' dir='ltr' id='par_1_94' title="bbox 2148 3377 3745 3456">
     <span class='ocr_line' id='line_1_94' title="bbox 2148 3377 3745 3456; baseline 0.009 -23"><span class='ocrx_word' id='word_1_699' title='bbox 2148 3377 2396 3447; x_wconf 90' lang='lat' dir='ltr'><strong>fuerunt,</strong></span> <span class='ocrx_word' id='word_1_700' title='bbox 2424 3390 2477 3434; x_wconf 90' lang='lat' dir='ltr'><strong>et</strong></span> <span class='ocrx_word' id='word_1_701' title='bbox 2506 3383 2630 3436; x_wconf 87' lang='lat' dir='ltr'><strong>dum</strong></span> <span class='ocrx_word' id='word_1_702' title='bbox 2663 3383 2714 3435; x_wconf 92' lang='lat' dir='ltr'><strong>in</strong></span> <span class='ocrx_word' id='word_1_703' title='bbox 2747 3385 2947 3452; x_wconf 89' lang='lat' dir='ltr'><strong>templo</strong></span> <span class='ocrx_word' id='word_1_704' title='bbox 2974 3397 3356 3456; x_wconf 85' lang='lat' dir='ltr'><strong>versarentur,</strong></span> <span class='ocrx_word' id='word_1_705' title='bbox 3389 3391 3526 3444; x_wconf 90' lang='lat' dir='ltr'><strong>idola</strong></span> <span class='ocrx_word' id='word_1_706' title='bbox 3555 3393 3745 3448; x_wconf 81' lang='lat' dir='ltr'><strong>colue-</strong></span> 
     </span>
    </p>
   </div>
   <div class='ocr_carea' id='block_1_95' title="bbox 2147 3470 3740 3552">
    <p class='ocr_par' dir='ltr' id='par_1_95' title="bbox 2147 3470 3740 3552">
     <span class='ocr_line' id='line_1_95' title="bbox 2147 3470 3740 3552; baseline 0.011 -29"><span class='ocrx_word' id='word_1_707' title='bbox 2147 3479 2272 3523; x_wconf 91' lang='lat' dir='ltr'><strong>runt</strong></span> <span class='ocrx_word' id='word_1_708' title='bbox 2301 3485 2314 3522; x_wconf 88' lang='lat'><strong>:</strong></span> <span class='ocrx_word' id='word_1_709' title='bbox 2342 3478 2397 3523; x_wconf 90' lang='lat' dir='ltr'><strong>at</strong></span> <span class='ocrx_word' id='word_1_710' title='bbox 2424 3470 2498 3524; x_wconf 90' lang='lat' dir='ltr'><strong>illi</strong></span> <span class='ocrx_word' id='word_1_711' title='bbox 2524 3471 2747 3540; x_wconf 90' lang='lat' dir='ltr'><strong>juvenes</strong></span> <span class='ocrx_word' id='word_1_712' title='bbox 2786 3474 2836 3527; x_wconf 91' lang='lat' dir='ltr'><strong>in</strong></span> <span class='ocrx_word' id='word_1_713' title='bbox 2866 3475 3194 3531; x_wconf 90' lang='lat' dir='ltr'><strong>barbaricam</strong></span> <span class='ocrx_word' id='word_1_714' title='bbox 3229 3490 3424 3534; x_wconf 86' lang='lat' dir='ltr'><strong>terram</strong></span> <span class='ocrx_word' id='word_1_715' title='bbox 3470 3484 3740 3552; x_wconf 87' lang='lat' dir='ltr'><strong>translati,</strong></span> 
     </span>
    </p>
   </div>
   <div class='ocr_carea' id='block_1_96' title="bbox 2149 3559 3744 3645">
    <p class='ocr_par' dir='ltr' id='par_1_96' title="bbox 2149 3559 3744 3645">
     <span class='ocr_line' id='line_1_96' title="bbox 2149 3559 3744 3645; baseline 0.011 -33"><span class='ocrx_word' id='word_1_716' title='bbox 2149 3559 2236 3614; x_wconf 83' lang='lat' dir='ltr'><strong>tibi</strong></span> <span class='ocrx_word' id='word_1_717' title='bbox 2266 3560 2403 3615; x_wconf 90' lang='lat' dir='ltr'><strong>idola</strong></span> <span class='ocrx_word' id='word_1_718' title='bbox 2445 3563 2725 3634; x_wconf 83' lang='lat' dir='ltr'><strong>omnisque</strong></span> <span class='ocrx_word' id='word_1_719' title='bbox 2767 3566 3050 3635; x_wconf 90' lang='lat' dir='ltr'><strong>impietatis</strong></span> <span class='ocrx_word' id='word_1_720' title='bbox 3077 3572 3387 3626; x_wconf 83' lang='lat' dir='ltr'><strong>occasiones</strong></span> <span class='ocrx_word' id='word_1_721' title='bbox 3425 3586 3612 3638; x_wconf 89' lang='lat' dir='ltr'><strong>erant,</strong></span> <span class='ocrx_word' id='word_1_722' title='bbox 3646 3592 3744 3645; x_wconf 85' lang='lat' dir='ltr'><strong>pa-</strong></span> 
     </span>
    </p>
   </div>
   <div class='ocr_carea' id='block_1_97' title="bbox 2151 3653 3737 3736">
    <p class='ocr_par' dir='ltr' id='par_1_97' title="bbox 2151 3653 3737 3736">
     <span class='ocr_line' id='line_1_97' title="bbox 2151 3653 3737 3736; baseline 0.01 -32"><span class='ocrx_word' id='word_1_723' title='bbox 2151 3659 2330 3706; x_wconf 92' lang='lat' dir='ltr'><strong>ternos</strong></span> <span class='ocrx_word' id='word_1_724' title='bbox 2378 3653 2512 3707; x_wconf 92' lang='lat' dir='ltr'><strong>ritus</strong></span> <span class='ocrx_word' id='word_1_725' title='bbox 2550 3664 2810 3724; x_wconf 91' lang='lat' dir='ltr'><strong>perpetuo</strong></span> <span class='ocrx_word' id='word_1_726' title='bbox 2850 3659 3202 3714; x_wconf 92' lang='lat' dir='ltr'><strong>retinuerunt.</strong></span> <span class='ocrx_word' id='word_1_727' title='bbox 3248 3662 3300 3716; x_wconf 93' lang='lat' dir='ltr'><strong>Si</strong></span> <span class='ocrx_word' id='word_1_728' title='bbox 3345 3679 3473 3734; x_wconf 85' lang='lat' dir='ltr'><strong>ergo</strong></span> <span class='ocrx_word' id='word_1_729' title='bbox 3514 3669 3737 3736; x_wconf 82' lang='lat' dir='ltr'><strong>captivi,</strong></span> 
     </span>
    </p>
   </div>
   <div class='ocr_carea' id='block_1_98' title="bbox 2149 3743 3739 3825">
    <p class='ocr_par' dir='ltr' id='par_1_98' title="bbox 2149 3743 3739 3825">
     <span class='ocr_line' id='line_1_98' title="bbox 2149 3743 3739 3825; baseline 0.01 -29"><span class='ocrx_word' id='word_1_730' title='bbox 2149 3743 2319 3807; x_wconf 89' lang='lat' dir='ltr'><strong>servi,</strong></span> <span class='ocrx_word' id='word_1_731' title='bbox 2347 3758 2410 3798; x_wconf 92' lang='lat' dir='ltr'><strong>ac</strong></span> <span class='ocrx_word' id='word_1_732' title='bbox 2442 3745 2672 3813; x_wconf 90' lang='lat' dir='ltr'><strong>juvenes</strong></span> <span class='ocrx_word' id='word_1_733' title='bbox 2697 3757 2822 3802; x_wconf 89' lang='lat' dir='ltr'><strong>ante</strong></span> <span class='ocrx_word' id='word_1_734' title='bbox 2853 3749 3020 3818; x_wconf 83' lang='lat' dir='ltr'><strong>legem</strong></span> <span class='ocrx_word' id='word_1_735' title='bbox 3051 3753 3234 3820; x_wconf 71' lang='lat' dir='ltr'><strong>gratim</strong></span> <span class='ocrx_word' id='word_1_736' title='bbox 3266 3762 3465 3808; x_wconf 90' lang='lat' dir='ltr'><strong>tantam</strong></span> <span class='ocrx_word' id='word_1_737' title='bbox 3495 3758 3739 3825; x_wconf 81' lang='lat' dir='ltr'><strong>philoso-</strong></span> 
     </span>
    </p>
   </div>
   <div class='ocr_carea' id='block_1_99' title="bbox 2147 3834 3738 3910">
    <p class='ocr_par' dir='ltr' id='par_1_99' title="bbox 2147 3834 3738 3910">
     <span class='ocr_line' id='line_1_99' title="bbox 2147 3834 3738 3910; baseline 0.011 -23"><span class='ocrx_word' id='word_1_738' title='bbox 2147 3834 2326 3903; x_wconf 91' lang='lat' dir='ltr'><strong>phiam</strong></span> <span class='ocrx_word' id='word_1_739' title='bbox 2353 3852 2462 3906; x_wconf 77' lang='lat' dir='ltr'><strong>pra:</strong></span> <span class='ocrx_word' id='word_1_740' title='bbox 2489 3853 2546 3891; x_wconf 93' lang='lat' dir='ltr'><strong>se</strong></span> <span class='ocrx_word' id='word_1_741' title='bbox 2576 3839 2827 3904; x_wconf 91' lang='lat' dir='ltr'><strong>tulerunt,</strong></span> <span class='ocrx_word' id='word_1_742' title='bbox 2859 3841 3058 3910; x_wconf 88' lang='lat' dir='ltr'><strong>inquit,</strong></span> <span class='ocrx_word' id='word_1_743' title='bbox 3090 3860 3188 3910; x_wconf 87' lang='lat' dir='ltr'><strong>qua</strong></span> <span class='ocrx_word' id='word_1_744' title='bbox 3221 3846 3431 3900; x_wconf 84' lang='lat' dir='ltr'><strong>tandem</strong></span> <span class='ocrx_word' id='word_1_745' title='bbox 3461 3863 3559 3902; x_wconf 91' lang='lat' dir='ltr'><strong>nos</strong></span> <span class='ocrx_word' id='word_1_746' title='bbox 3581 3851 3738 3906; x_wconf 89' lang='lat' dir='ltr'><strong>venia</strong></span> 
     </span>
    </p>
   </div>
   <div class='ocr_carea' id='block_1_100' title="bbox 2147 3925 3737 4009">
    <p class='ocr_par' dir='ltr' id='par_1_100' title="bbox 2147 3925 3737 4009">
     <span class='ocr_line' id='line_1_100' title="bbox 2147 3925 3737 4009; baseline 0.01 -29"><span class='ocrx_word' id='word_1_747' title='bbox 2147 3925 2292 3995; x_wconf 88' lang='lat' dir='ltr'><strong>digni</strong></span> <span class='ocrx_word' id='word_1_748' title='bbox 2323 3927 2559 3995; x_wconf 81' lang='lat' dir='ltr'><strong>erimus,</strong></span> <span class='ocrx_word' id='word_1_749' title='bbox 2610 3928 2654 3982; x_wconf 87' lang='lat' dir='ltr'><strong>si</strong></span> <span class='ocrx_word' id='word_1_750' title='bbox 2687 3945 2754 3984; x_wconf 92' lang='lat' dir='ltr'><strong>ne</strong></span> <span class='ocrx_word' id='word_1_751' title='bbox 2799 3930 2865 3984; x_wconf 90' lang='lat' dir='ltr'><strong>ad</strong></span> <span class='ocrx_word' id='word_1_752' title='bbox 2910 3934 3151 3988; x_wconf 88' lang='lat' dir='ltr'><strong>eamdem</strong></span> <span class='ocrx_word' id='word_1_753' title='bbox 3196 3937 3409 4006; x_wconf 90' lang='lat' dir='ltr'><strong>quidem</strong></span> <span class='ocrx_word' id='word_1_754' title='bbox 3455 3949 3614 4009; x_wconf 89' lang='lat' dir='ltr'><strong>atque</strong></span> <span class='ocrx_word' id='word_1_755' title='bbox 3662 3942 3737 3996; x_wconf 90' lang='lat' dir='ltr'><strong>illi</strong></span> 
     </span>
    </p>
   </div>
   <div class='ocr_carea' id='block_1_101' title="bbox 2148 4017 3052 4088">
    <p class='ocr_par' dir='ltr' id='par_1_101' title="bbox 2148 4017 3052 4088">
     <span class='ocr_line' id='line_1_101' title="bbox 2148 4017 3052 4088; baseline 0.011 -18"><span class='ocrx_word' id='word_1_756' title='bbox 2148 4017 2397 4072; x_wconf 86' lang='lat' dir='ltr'><strong>virtutem</strong></span> <span class='ocrx_word' id='word_1_757' title='bbox 2429 4022 2711 4088; x_wconf 89' lang='lat' dir='ltr'><strong>pervenire</strong></span> <span class='ocrx_word' id='word_1_758' title='bbox 2740 4023 3052 4079; x_wconf 86' lang='lat' dir='ltr'><strong>valeamus?</strong></span> 
     </span>
    </p>
   </div>
   <div class='ocr_carea' id='block_1_102' title="bbox 2217 4111 3734 4188">
    <p class='ocr_par' dir='ltr' id='par_1_102' title="bbox 2217 4111 3734 4188">
     <span class='ocr_line' id='line_1_102' title="bbox 2217 4111 3734 4188; baseline 0.011 -24"><span class='ocrx_word' id='word_1_759' title='bbox 2217 4111 2271 4164; x_wconf 75' lang='grc' dir='ltr'><strong>ὅ.</strong></span> <span class='ocrx_word' id='word_1_760' title='bbox 2326 4111 2451 4166; x_wconf 66' lang='grc' dir='ltr'><strong>11.ρο</strong></span> <span class='ocrx_word' id='word_1_761' title='bbox 2492 4115 2668 4184; x_wconf 91' lang='lat' dir='ltr'><strong>itaque</strong></span> <span class='ocrx_word' id='word_1_762' title='bbox 2713 4131 2893 4170; x_wconf 86' lang='lat' dir='ltr'><strong>secum</strong></span> <span class='ocrx_word' id='word_1_763' title='bbox 2939 4130 3190 4188; x_wconf 91' lang='lat' dir='ltr'><strong>reputans</strong></span> <span class='ocrx_word' id='word_1_764' title='bbox 3231 4121 3426 4177; x_wconf 88' lang='lat' dir='ltr'><strong>diaboli</strong></span> <span class='ocrx_word' id='word_1_765' title='bbox 3474 4125 3734 4180; x_wconf 88' lang='lat' dir='ltr'><strong>malitiam</strong></span> 
     </span>
    </p>
   </div>
   <div class='ocr_carea' id='block_1_103' title="bbox 2147 4200 3734 4287">
    <p class='ocr_par' dir='ltr' id='par_1_103' title="bbox 2147 4200 3734 4287">
     <span class='ocr_line' id='line_1_103' title="bbox 2147 4200 3734 4287; baseline 0.011 -32"><span class='ocrx_word' id='word_1_766' title='bbox 2147 4200 2416 4268; x_wconf 88' lang='lat' dir='ltr'><strong>irridebat,</strong></span> <span class='ocrx_word' id='word_1_767' title='bbox 2447 4205 2791 4262; x_wconf 83' lang='lat' dir='ltr'><strong>calliditatem</strong></span> <span class='ocrx_word' id='word_1_768' title='bbox 2825 4213 3230 4278; x_wconf 90' lang='lat' dir='ltr'><strong>contemnebat;</strong></span> <span class='ocrx_word' id='word_1_769' title='bbox 3263 4229 3434 4284; x_wconf 90' lang='lat' dir='ltr'><strong>neque</strong></span> <span class='ocrx_word' id='word_1_770' title='bbox 3468 4217 3534 4269; x_wconf 90' lang='lat' dir='ltr'><strong>ad</strong></span> <span class='ocrx_word' id='word_1_771' title='bbox 3576 4219 3734 4287; x_wconf 91' lang='lat' dir='ltr'><strong>quid-</strong></span> 
     </span>
    </p>
   </div>
   <div class='ocr_carea' id='block_1_104' title="bbox 2145 4303 3731 4379">
    <p class='ocr_par' dir='ltr' id='par_1_104' title="bbox 2145 4303 3731 4379">
     <span class='ocr_line' id='line_1_104' title="bbox 2145 4303 3731 4379; baseline 0.011 -33"><span class='ocrx_word' id='word_1_772' title='bbox 2145 4310 2303 4364; x_wconf 89' lang='lat' dir='ltr'><strong>quam</strong></span> <span class='ocrx_word' id='word_1_773' title='bbox 2331 4311 2550 4363; x_wconf 90' lang='lat' dir='ltr'><strong>eorum,</strong></span> <span class='ocrx_word' id='word_1_774' title='bbox 2593 4315 2710 4369; x_wconf 79' lang='lat' dir='ltr'><strong>qua:</strong></span> <span class='ocrx_word' id='word_1_775' title='bbox 2755 4312 3032 4366; x_wconf 85' lang='lat' dir='ltr'><strong>cerneret,</strong></span> <span class='ocrx_word' id='word_1_776' title='bbox 3077 4303 3404 4359; x_wconf 85' lang='lat' dir='ltr'><strong>flectebatur.</strong></span> <span class='ocrx_word' id='word_1_777' title='bbox 3443 4307 3731 4379; x_wconf 88' lang='lat' dir='ltr'><strong>Postquam</strong></span> 
     </span>
    </p>
   </div>
   <div class='ocr_carea' id='block_1_105' title="bbox 2145 4387 3724 4463">
    <p class='ocr_par' dir='ltr' id='par_1_105' title="bbox 2145 4387 3724 4463">
     <span class='ocr_line' id='line_1_105' title="bbox 2145 4387 3724 4463; baseline 0.011 -26"><span class='ocrx_word' id='word_1_778' title='bbox 2145 4396 2321 4438; x_wconf 89' lang='lat' dir='ltr'><strong>autem</strong></span> <span class='ocrx_word' id='word_1_779' title='bbox 2351 4401 2408 4441; x_wconf 92' lang='lat' dir='ltr'><strong>se</strong></span> <span class='ocrx_word' id='word_1_780' title='bbox 2435 4387 2563 4441; x_wconf 89' lang='lat' dir='ltr'><strong>nihil</strong></span> <span class='ocrx_word' id='word_1_781' title='bbox 2598 4388 2854 4457; x_wconf 88' lang='lat' dir='ltr'><strong>proficere</strong></span> <span class='ocrx_word' id='word_1_782' title='bbox 2883 4392 3174 4448; x_wconf 87' lang='lat' dir='ltr'><strong>sceleratus</strong></span> <span class='ocrx_word' id='word_1_783' title='bbox 3205 4396 3291 4448; x_wconf 91' lang='lat' dir='ltr'><strong>ille</strong></span> <span class='ocrx_word' id='word_1_784' title='bbox 3318 4397 3476 4463; x_wconf 92' lang='lat' dir='ltr'><strong>vidit,</strong></span> <span class='ocrx_word' id='word_1_785' title='bbox 3524 4401 3590 4454; x_wconf 91' lang='lat' dir='ltr'><strong>ad</strong></span> <span class='ocrx_word' id='word_1_786' title='bbox 3634 4403 3724 4456; x_wconf 83' lang='lat' dir='ltr'><strong>tri-</strong></span> 
     </span>
    </p>
   </div>
   <div class='ocr_carea' id='block_1_106' title="bbox 2147 4473 3731 4547">
    <p class='ocr_par' dir='ltr' id='par_1_106' title="bbox 2147 4473 3731 4547">
     <span class='ocr_line' id='line_1_106' title="bbox 2147 4473 3731 4547; baseline 0.013 -20"><span class='ocrx_word' id='word_1_787' title='bbox 2147 4473 2308 4530; x_wconf 88' lang='lat' dir='ltr'><strong>bunal</strong></span> <span class='ocrx_word' id='word_1_788' title='bbox 2337 4491 2458 4530; x_wconf 90' lang='lat' dir='ltr'><strong>eum</strong></span> <span class='ocrx_word' id='word_1_789' title='bbox 2488 4493 2672 4533; x_wconf 90' lang='lat' dir='ltr'><strong>rursus</strong></span> <span class='ocrx_word' id='word_1_790' title='bbox 2700 4480 2944 4547; x_wconf 91' lang='lat' dir='ltr'><strong>deducit,</strong></span> <span class='ocrx_word' id='word_1_791' title='bbox 2975 4493 3027 4537; x_wconf 90' lang='lat' dir='ltr'><strong>et</strong></span> <span class='ocrx_word' id='word_1_792' title='bbox 3057 4487 3334 4540; x_wconf 82' lang='lat' dir='ltr'><strong>tormentis</strong></span> <span class='ocrx_word' id='word_1_793' title='bbox 3363 4489 3594 4545; x_wconf 90' lang='lat' dir='ltr'><strong>admotis</strong></span> <span class='ocrx_word' id='word_1_794' title='bbox 3621 4492 3731 4547; x_wconf 88' lang='lat' dir='ltr'><strong>fre-</strong></span> 
     </span>
    </p>
   </div>
   <div class='ocr_carea' id='block_1_107' title="bbox 2144 4570 3732 4654">
    <p class='ocr_par' dir='ltr' id='par_1_107' title="bbox 2144 4570 3732 4654">
     <span class='ocr_line' id='line_1_107' title="bbox 2144 4570 3732 4654; baseline 0.014 -36"><span class='ocrx_word' id='word_1_795' title='bbox 2144 4577 2371 4635; x_wconf 90' lang='lat' dir='ltr'><strong>quenter</strong></span> <span class='ocrx_word' id='word_1_796' title='bbox 2417 4570 2779 4640; x_wconf 87' lang='lat' dir='ltr'><strong>interrogabat</strong></span> <span class='ocrx_word' id='word_1_797' title='bbox 2819 4590 2834 4627; x_wconf 88' lang='lat'><strong>:</strong></span> <span class='ocrx_word' id='word_1_798' title='bbox 2869 4575 2957 4629; x_wconf 92' lang='lat' dir='ltr'><strong>ille</strong></span> <span class='ocrx_word' id='word_1_799' title='bbox 3006 4592 3135 4631; x_wconf 91' lang='lat' dir='ltr'><strong>vero</strong></span> <span class='ocrx_word' id='word_1_800' title='bbox 3186 4579 3250 4632; x_wconf 89' lang='lat' dir='ltr'><strong>ad</strong></span> <span class='ocrx_word' id='word_1_801' title='bbox 3302 4596 3732 4654; x_wconf 89' lang='lat' dir='ltr'><strong>unamquamque</strong></span> 
     </span>
    </p>
   </div>
   <div class='ocr_carea' id='block_1_108' title="bbox 2145 4659 3732 4740">
    <p class='ocr_par' dir='ltr' id='par_1_108' title="bbox 2145 4659 3732 4740">
     <span class='ocr_line' id='line_1_108' title="bbox 2145 4659 3732 4740; baseline 0.013 -28"><span class='ocrx_word' id='word_1_802' title='bbox 2145 4659 2614 4731; x_wconf 90' lang='lat' dir='ltr'><strong>interrogationem</strong></span> <span class='ocrx_word' id='word_1_803' title='bbox 2677 4676 2878 4721; x_wconf 90' lang='lat' dir='ltr'><strong>tantum</strong></span> <span class='ocrx_word' id='word_1_804' title='bbox 2950 4671 3345 4740; x_wconf 84' lang='lat' dir='ltr'><strong>respondebat,</strong></span> <span class='ocrx_word' id='word_1_805' title='bbox 3397 4673 3732 4732; x_wconf 88' lang='lat' dir='ltr'><strong>Christianus</strong></span> 
     </span>
    </p>
   </div>
   <div class='ocr_carea' id='block_1_109' title="bbox 2143 4754 3732 4834">
    <p class='ocr_par' dir='ltr' id='par_1_109' title="bbox 2143 4754 3732 4834">
     <span class='ocr_line' id='line_1_109' title="bbox 2143 4754 3732 4834; baseline 0.013 -30"><span class='ocrx_word' id='word_1_806' title='bbox 2143 4765 2296 4818; x_wconf 90' lang='lat' dir='ltr'><strong>sum,</strong></span> <span class='ocrx_word' id='word_1_807' title='bbox 2345 4768 2408 4808; x_wconf 88' lang='lat' dir='ltr'><strong>ac</strong></span> <span class='ocrx_word' id='word_1_808' title='bbox 2449 4754 2656 4811; x_wconf 89' lang='lat' dir='ltr'><strong>dicente</strong></span> <span class='ocrx_word' id='word_1_809' title='bbox 2700 4767 2920 4823; x_wconf 90' lang='lat' dir='ltr'><strong>tortore,</strong></span> <span class='ocrx_word' id='word_1_810' title='bbox 2962 4760 3200 4828; x_wconf 90' lang='lat' dir='ltr'><strong>Quanam</strong></span> <span class='ocrx_word' id='word_1_811' title='bbox 3244 4778 3308 4818; x_wconf 90' lang='lat' dir='ltr'><strong>ex</strong></span> <span class='ocrx_word' id='word_1_812' title='bbox 3355 4767 3524 4834; x_wconf 90' lang='lat' dir='ltr'><strong>patria</strong></span> <span class='ocrx_word' id='word_1_813' title='bbox 3578 4782 3732 4825; x_wconf 91' lang='lat' dir='ltr'><strong>ortus</strong></span> 
     </span>
    </p>
   </div>
   <div class='ocr_carea' id='block_1_110' title="bbox 2142 4843 3731 4930">
    <p class='ocr_par' dir='ltr' id='par_1_110' title="bbox 2142 4843 3731 4930">
     <span class='ocr_line' id='line_1_110' title="bbox 2142 4843 3731 4930; baseline 0.015 -34"><span class='ocrx_word' id='word_1_814' title='bbox 2142 4844 2239 4897; x_wconf 86' lang='lat' dir='ltr'><strong>es?</strong></span> <span class='ocrx_word' id='word_1_815' title='bbox 2283 4843 2617 4904; x_wconf 88' lang='lat' dir='ltr'><strong>Christianus</strong></span> <span class='ocrx_word' id='word_1_816' title='bbox 2666 4866 2818 4918; x_wconf 89' lang='lat' dir='ltr'><strong>sum,</strong></span> <span class='ocrx_word' id='word_1_817' title='bbox 2867 4855 2976 4919; x_wconf 90' lang='lat' dir='ltr'><strong>ait;</strong></span> <span class='ocrx_word' id='word_1_818' title='bbox 3007 4853 3175 4922; x_wconf 87' lang='lat' dir='ltr'><strong>Quam</strong></span> <span class='ocrx_word' id='word_1_819' title='bbox 3221 4869 3388 4913; x_wconf 90' lang='lat' dir='ltr'><strong>artem</strong></span> <span class='ocrx_word' id='word_1_820' title='bbox 3420 4861 3731 4930; x_wconf 78' lang='lat' dir='ltr'><strong>profiteris?</strong></span> 
     </span>
    </p>
   </div>
   <div class='ocr_carea' id='block_1_111' title="bbox 2142 4933 3733 5015">
    <p class='ocr_par' dir='ltr' id='par_1_111' title="bbox 2142 4933 3733 5015">
     <span class='ocr_line' id='line_1_111' title="bbox 2142 4933 3733 5015; baseline 0.013 -27"><span class='ocrx_word' id='word_1_821' title='bbox 2142 4933 2478 4992; x_wconf 89' lang='lat' dir='ltr'><strong>Christianus</strong></span> <span class='ocrx_word' id='word_1_822' title='bbox 2520 4954 2674 5006; x_wconf 92' lang='lat' dir='ltr'><strong>sum;</strong></span> <span class='ocrx_word' id='word_1_823' title='bbox 2706 4943 2908 5009; x_wconf 87' lang='lat' dir='ltr'><strong>Quibus</strong></span> <span class='ocrx_word' id='word_1_824' title='bbox 2949 4949 3255 5015; x_wconf 90' lang='lat' dir='ltr'><strong>parentibus</strong></span> <span class='ocrx_word' id='word_1_825' title='bbox 3299 4961 3455 5006; x_wconf 89' lang='lat' dir='ltr'><strong>natus</strong></span> <span class='ocrx_word' id='word_1_826' title='bbox 3497 4953 3599 5008; x_wconf 84' lang='lat' dir='ltr'><strong>es?</strong></span> <span class='ocrx_word' id='word_1_827' title='bbox 3645 4955 3733 5009; x_wconf 89' lang='lat' dir='ltr'><strong>ille</strong></span> 
     </span>
    </p>
   </div>
   <div class='ocr_carea' id='block_1_112' title="bbox 2141 5025 3732 5098">
    <p class='ocr_par' dir='ltr' id='par_1_112' title="bbox 2141 5025 3732 5098">
     <span class='ocr_line' id='line_1_112' title="bbox 2141 5025 3732 5098; baseline 0.012 -20"><span class='ocrx_word' id='word_1_828' title='bbox 2141 5039 2270 5079; x_wconf 84' lang='lat' dir='ltr'><strong>vero</strong></span> <span class='ocrx_word' id='word_1_829' title='bbox 2293 5025 2361 5080; x_wconf 90' lang='lat' dir='ltr'><strong>ad</strong></span> <span class='ocrx_word' id='word_1_830' title='bbox 2388 5030 2564 5082; x_wconf 87' lang='lat' dir='ltr'><strong>omnia</strong></span> <span class='ocrx_word' id='word_1_831' title='bbox 2593 5030 2818 5096; x_wconf 88' lang='lat' dir='ltr'><strong>dicebat,</strong></span> <span class='ocrx_word' id='word_1_832' title='bbox 2845 5031 3176 5091; x_wconf 79' lang='lat' dir='ltr'><strong>Christianus</strong></span> <span class='ocrx_word' id='word_1_833' title='bbox 3205 5054 3320 5092; x_wconf 92' lang='lat' dir='ltr'><strong>sum</strong></span> <span class='ocrx_word' id='word_1_834' title='bbox 3352 5058 3364 5092; x_wconf 91' lang='lat'>:</span> <span class='ocrx_word' id='word_1_835' title='bbox 3401 5041 3500 5094; x_wconf 84' lang='lat' dir='ltr'><strong>hoc</strong></span> <span class='ocrx_word' id='word_1_836' title='bbox 3525 5059 3634 5096; x_wconf 89' lang='lat' dir='ltr'><strong>uno</strong></span> <span class='ocrx_word' id='word_1_837' title='bbox 3670 5059 3732 5098; x_wconf 93' lang='lat' dir='ltr'><strong>ac</strong></span> 
     </span>
    </p>
   </div>
   <div class='ocr_carea' id='block_1_113' title="bbox 2142 5115 3732 5195">
    <p class='ocr_par' dir='ltr' id='par_1_113' title="bbox 2142 5115 3732 5195">
     <span class='ocr_line' id='line_1_113' title="bbox 2142 5115 3732 5195; baseline 0.013 -27"><span class='ocrx_word' id='word_1_838' title='bbox 2142 5115 2370 5184; x_wconf 91' lang='lat' dir='ltr'><strong>simplici</strong></span> <span class='ocrx_word' id='word_1_839' title='bbox 2399 5118 2562 5173; x_wconf 88' lang='lat' dir='ltr'><strong>verbo</strong></span> <span class='ocrx_word' id='word_1_840' title='bbox 2591 5119 2788 5174; x_wconf 91' lang='lat' dir='ltr'><strong>diaboli</strong></span> <span class='ocrx_word' id='word_1_841' title='bbox 2822 5134 2982 5192; x_wconf 88' lang='lat' dir='ltr'><strong>caput</strong></span> <span class='ocrx_word' id='word_1_842' title='bbox 3011 5130 3344 5195; x_wconf 91' lang='lat' dir='ltr'><strong>percutiens,</strong></span> <span class='ocrx_word' id='word_1_843' title='bbox 3369 5141 3422 5184; x_wconf 92' lang='lat' dir='ltr'><strong>et</strong></span> <span class='ocrx_word' id='word_1_844' title='bbox 3449 5132 3523 5185; x_wconf 89' lang='lat' dir='ltr'><strong>illi</strong></span> <span class='ocrx_word' id='word_1_845' title='bbox 3551 5138 3732 5188; x_wconf 86' lang='lat' dir='ltr'><strong>conti-</strong></span> 
     </span>
    </p>
   </div>
   <div class='ocr_carea' id='block_1_114' title="bbox 2147 5206 3728 5294">
    <p class='ocr_par' dir='ltr' id='par_1_114' title="bbox 2147 5206 3728 5294">
     <span class='ocr_line' id='line_1_114' title="bbox 2147 5206 3728 5294; baseline 0.013 -37"><span class='ocrx_word' id='word_1_846' title='bbox 2147 5220 2251 5260; x_wconf 86' lang='lat' dir='ltr'><strong>nua</strong></span> <span class='ocrx_word' id='word_1_847' title='bbox 2280 5206 2485 5276; x_wconf 88' lang='lat' dir='ltr'><strong>sibique</strong></span> <span class='ocrx_word' id='word_1_848' title='bbox 2505 5210 2841 5266; x_wconf 88' lang='lat' dir='ltr'><strong>succedentia</strong></span> <span class='ocrx_word' id='word_1_849' title='bbox 2870 5215 3085 5270; x_wconf 91' lang='lat' dir='ltr'><strong>vulnera</strong></span> <span class='ocrx_word' id='word_1_850' title='bbox 3115 5217 3376 5288; x_wconf 90' lang='lat' dir='ltr'><strong>infligens.</strong></span> <span class='ocrx_word' id='word_1_851' title='bbox 3393 5221 3728 5294; x_wconf 77' lang='lat' dir='ltr'><strong>Quamquam</strong></span> 
     </span>
    </p>
   </div>
   <div class='ocr_carea' id='block_1_115' title="bbox 2141 5297 3729 5383">
    <p class='ocr_par' dir='ltr' id='par_1_115' title="bbox 2141 5297 3729 5383">
     <span class='ocr_line' id='line_1_115' title="bbox 2141 5297 3729 5383; baseline 0.014 -33"><span class='ocrx_word' id='word_1_852' title='bbox 2141 5297 2230 5353; x_wconf 90' lang='lat' dir='ltr'><strong>ille</strong></span> <span class='ocrx_word' id='word_1_853' title='bbox 2274 5300 2488 5368; x_wconf 88' lang='lat' dir='ltr'><strong>quidem</strong></span> <span class='ocrx_word' id='word_1_854' title='bbox 2539 5305 2774 5358; x_wconf 83' lang='lat' dir='ltr'><strong>externis</strong></span> <span class='ocrx_word' id='word_1_855' title='bbox 2821 5305 3054 5363; x_wconf 91' lang='lat' dir='ltr'><strong>imbutus</strong></span> <span class='ocrx_word' id='word_1_856' title='bbox 3097 5309 3267 5364; x_wconf 88' lang='lat' dir='ltr'><strong>fuerat</strong></span> <span class='ocrx_word' id='word_1_857' title='bbox 3309 5311 3628 5383; x_wconf 87' lang='lat' dir='ltr'><strong>disciplinis,</strong></span> <span class='ocrx_word' id='word_1_858' title='bbox 3679 5330 3729 5372; x_wconf 89' lang='lat' dir='ltr'><strong>at</strong></span> 
     </span>
    </p>
   </div>
   <div class='ocr_carea' id='block_1_116' title="bbox 2147 5389 3731 5467">
    <p class='ocr_par' dir='ltr' id='par_1_116' title="bbox 2147 5389 3731 5467">
     <span class='ocr_line' id='line_1_116' title="bbox 2147 5389 3731 5467; baseline 0.015 -25"><span class='ocrx_word' id='word_1_859' title='bbox 2147 5389 2310 5458; x_wconf 89' lang='lat' dir='ltr'><strong>probe</strong></span> <span class='ocrx_word' id='word_1_860' title='bbox 2352 5403 2571 5447; x_wconf 90' lang='lat' dir='ltr'><strong>noverat</strong></span> <span class='ocrx_word' id='word_1_861' title='bbox 2623 5395 2674 5448; x_wconf 93' lang='lat' dir='ltr'><strong>in</strong></span> <span class='ocrx_word' id='word_1_862' title='bbox 2719 5396 2979 5464; x_wconf 89' lang='lat' dir='ltr'><strong>ejusmodi</strong></span> <span class='ocrx_word' id='word_1_863' title='bbox 3025 5405 3406 5460; x_wconf 88' lang='lat' dir='ltr'><strong>certaminibus</strong></span> <span class='ocrx_word' id='word_1_864' title='bbox 3455 5424 3563 5463; x_wconf 94' lang='lat' dir='ltr'><strong>non</strong></span> <span class='ocrx_word' id='word_1_865' title='bbox 3612 5428 3731 5467; x_wconf 89' lang='lat' dir='ltr'><strong>esse</strong></span> 
     </span>
    </p>
   </div>
   <div class='ocr_carea' id='block_1_117' title="bbox 2147 5482 3728 5565">
    <p class='ocr_par' dir='ltr' id='par_1_117' title="bbox 2147 5482 3728 5565">
     <span class='ocr_line' id='line_1_117' title="bbox 2147 5482 3728 5565; baseline 0.015 -33"><span class='ocrx_word' id='word_1_866' title='bbox 2147 5496 2281 5551; x_wconf 91' lang='lat' dir='ltr'><strong>opus</strong></span> <span class='ocrx_word' id='word_1_867' title='bbox 2307 5482 2625 5552; x_wconf 90' lang='lat' dir='ltr'><strong>eloquentia,</strong></span> <span class='ocrx_word' id='word_1_868' title='bbox 2653 5486 2747 5541; x_wconf 89' lang='lat' dir='ltr'><strong>sed</strong></span> <span class='ocrx_word' id='word_1_869' title='bbox 2779 5488 2908 5556; x_wconf 87' lang='lat' dir='ltr'><strong>fide;</strong></span> <span class='ocrx_word' id='word_1_870' title='bbox 2948 5507 3052 5546; x_wconf 81' lang='lat' dir='ltr'><strong>non</strong></span> <span class='ocrx_word' id='word_1_871' title='bbox 3080 5493 3288 5549; x_wconf 88' lang='lat' dir='ltr'><strong>dicendi</strong></span> <span class='ocrx_word' id='word_1_872' title='bbox 3324 5495 3571 5554; x_wconf 81' lang='lat' dir='ltr'><strong>facultate</strong></span> <span class='ocrx_word' id='word_1_873' title='bbox 3591 5543 3606 5565; x_wconf 95' lang='lat'><strong>,</strong></span> <span class='ocrx_word' id='word_1_874' title='bbox 3637 5503 3728 5556; x_wconf 78' lang='lat' dir='ltr'><strong>sed</strong></span> 
     </span>
    </p>
   </div>
   <div class='ocr_carea' id='block_1_118' title="bbox 2139 5575 3727 5658">
    <p class='ocr_par' dir='ltr' id='par_1_118' title="bbox 2139 5575 3727 5658">
     <span class='ocr_line' id='line_1_118' title="bbox 2139 5575 3727 5658; baseline 0.015 -32"><span class='ocrx_word' id='word_1_875' title='bbox 2139 5575 2312 5628; x_wconf 89' lang='lat' dir='ltr'><strong>anima</strong></span> <span class='ocrx_word' id='word_1_876' title='bbox 2336 5575 2429 5630; x_wconf 85' lang='lat' dir='ltr'><strong>Dei</strong></span> <span class='ocrx_word' id='word_1_877' title='bbox 2457 5592 2639 5634; x_wconf 86' lang='lat' dir='ltr'><strong>amore</strong></span> <span class='ocrx_word' id='word_1_878' title='bbox 2669 5596 2943 5637; x_wconf 87' lang='lat' dir='ltr'><strong>succensa.</strong></span> <span class='ocrx_word' id='word_1_879' title='bbox 2973 5585 3166 5642; x_wconf 87' lang='lat' dir='ltr'><strong>Uutun.</strong></span> <span class='ocrx_word' id='word_1_880' title='bbox 3197 5589 3386 5658; x_wconf 89' lang='lat' dir='ltr'><strong>inquit,</strong></span> <span class='ocrx_word' id='word_1_881' title='bbox 3418 5592 3641 5648; x_wconf 90' lang='lat' dir='ltr'><strong>verbum</strong></span> <span class='ocrx_word' id='word_1_882' title='bbox 3665 5598 3727 5650; x_wconf 90' lang='lat' dir='ltr'><strong>ad</strong></span> 
     </span>
    </p>
   </div>
   <div class='ocr_carea' id='block_1_119' title="bbox 2137 5667 3726 5746">
    <p class='ocr_par' dir='ltr' id='par_1_119' title="bbox 2137 5667 3726 5746">
     <span class='ocr_line' id='line_1_119' title="bbox 2137 5667 3726 5746; baseline 0.015 -29"><span class='ocrx_word' id='word_1_883' title='bbox 2137 5680 2351 5720; x_wconf 91' lang='lat' dir='ltr'><strong>omnem</strong></span> <span class='ocrx_word' id='word_1_884' title='bbox 2379 5667 2573 5723; x_wconf 91' lang='lat' dir='ltr'><strong>diaboli</strong></span> <span class='ocrx_word' id='word_1_885' title='bbox 2605 5681 2828 5726; x_wconf 90' lang='lat' dir='ltr'><strong>turmam</strong></span> <span class='ocrx_word' id='word_1_886' title='bbox 2857 5675 2910 5728; x_wconf 92' lang='lat' dir='ltr'><strong>in</strong></span> <span class='ocrx_word' id='word_1_887' title='bbox 2954 5675 3128 5746; x_wconf 84' lang='lat' dir='ltr'><strong>fugam</strong></span> <span class='ocrx_word' id='word_1_888' title='bbox 3160 5681 3466 5736; x_wconf 87' lang='lat' dir='ltr'><strong>vertendam</strong></span> <span class='ocrx_word' id='word_1_889' title='bbox 3511 5686 3726 5741; x_wconf 80' lang='lat' dir='ltr'><strong>sufﬁcit.</strong></span> 
     </span>
    </p>
   </div>
   <div class='ocr_carea' id='block_1_120' title="bbox 2139 5758 3719 5838">
    <p class='ocr_par' dir='ltr' id='par_1_120' title="bbox 2139 5758 3719 5838">
     <span class='ocr_line' id='line_1_120' title="bbox 2139 5758 3719 5838; baseline 0.013 -26"><span class='ocrx_word' id='word_1_890' title='bbox 2139 5758 2219 5814; x_wconf 80' lang='lat' dir='ltr'><strong>Ac</strong></span> <span class='ocrx_word' id='word_1_891' title='bbox 2246 5759 2457 5815; x_wconf 89' lang='lat' dir='ltr'><strong>videtur</strong></span> <span class='ocrx_word' id='word_1_892' title='bbox 2481 5763 2692 5833; x_wconf 86' lang='lat' dir='ltr'><strong>quidem</strong></span> <span class='ocrx_word' id='word_1_893' title='bbox 2725 5767 2810 5832; x_wconf 88' lang='lat' dir='ltr'><strong>iis,</strong></span> <span class='ocrx_word' id='word_1_894' title='bbox 2841 5769 2930 5838; x_wconf 91' lang='lat' dir='ltr'><strong>qui</strong></span> <span class='ocrx_word' id='word_1_895' title='bbox 2964 5786 3075 5824; x_wconf 90' lang='lat' dir='ltr'><strong>rem</strong></span> <span class='ocrx_word' id='word_1_896' title='bbox 3105 5785 3352 5830; x_wconf 90' lang='lat' dir='ltr'><strong>accurate</strong></span> <span class='ocrx_word' id='word_1_897' title='bbox 3381 5790 3492 5832; x_wconf 85' lang='lat' dir='ltr'><strong>non</strong></span> <span class='ocrx_word' id='word_1_898' title='bbox 3519 5779 3719 5833; x_wconf 78' lang='lat' dir='ltr'><strong>exarui-</strong></span> 
     </span>
    </p>
   </div>
   <div class='ocr_carea' id='block_1_121' title="bbox 2205 5872 3013 5944">
    <p class='ocr_par' dir='ltr' id='par_1_121' title="bbox 2205 5872 3013 5944">
     <span class='ocr_line' id='line_1_121' title="bbox 2205 5872 3013 5944; baseline 0.015 -24"><span class='ocrx_word' id='word_1_899' title='bbox 2205 5872 2279 5936; x_wconf 90' lang='lat' dir='ltr'><strong>(a)</strong></span> <span class='ocrx_word' id='word_1_900' title='bbox 2309 5882 2499 5925; x_wconf 78' lang='lat' dir='ltr'><strong>sacrum</strong></span> <span class='ocrx_word' id='word_1_901' title='bbox 2519 5876 2821 5944; x_wconf 84' lang='lat' dir='ltr'><strong>intelligebat</strong></span> <span class='ocrx_word' id='word_1_902' title='bbox 2844 5880 3013 5932; x_wconf 78' lang='lat' dir='ltr'><strong>altare.</strong></span> 
     </span>
    </p>
   </div>
  </div>
