3876 6286
106 249 253 307 5‘25

105 374 296 428 nant,
325 362 502 417 minus
524 375 849 417 conveniens
877 375 996 415 esse
1026 358 1337 428 responsio;
1385 358 1479 412 sed
1520 358 1565 411 si
1614 358 1733 425 quis

105 457 400 511 attentius
424 470 541 509 eam
571 453 895 517 consideret,
925 467 989 505 ex
1029 449 1128 503 hac
1168 464 1380 518 quoque
1418 448 1735 518 sapientiam

107 546 399 618 martyris
426 544 839 599 animadvertet.
869 541 971 609 Qui
999 542 1139 596 enim
1163 582 1177 605 ,
1205 538 1539 594 Christianus
1576 554 1691 593 sum
1716 578 1732 603 ,

104 638 312 704 dixit,
342 646 394 691 et
424 636 646 706 patriam
695 644 749 687 et
790 649 957 703 genus
996 642 1051 687 et
1092 632 1221 686 artis
1260 628 1653 699 professionem
1682 636 1738 682 et

109 728 324 781 omnia
370 726 680 781 declaravit.
728 725 844 791 Quo
885 724 1099 778 tandem
1148 722 1337 793 pacto?
1382 721 1495 790 Ego
1539 721 1733 775 dicam.

108 818 482 873 Christianus
507 818 692 871 urbem
724 817 775 869 in
812 825 953 869 terra
984 829 1091 868 non
1124 813 1304 879 habet,
1328 814 1421 867 sed
1442 811 1735 866 Jerusalem

110 927 261 980 quae
284 925 498 965 sursum
529 918 628 964 est.
658 908 765 962 Illa
793 909 950 971 enim,
982 907 1171 976 inquit,
1194 922 1306 977 qua:
1329 921 1528 959 sursum
1550 914 1619 957 est
1646 902 1740 956 Je-

110 1001 385 1065 rusalem,
420 998 573 1052 libera
602 1008 675 1052 est
705 1013 724 1051 :
747 1013 859 1065 qua,
886 1007 956 1050 est
986 1006 1144 1049 mater
1172 1006 1345 1049 nostra
1372 992 1514 1063 (Gal.
1536 994 1590 1048 4.
1614 993 1733 1062 26).

116 1086 456 1143 Christiano
484 1097 695 1143 terrena
727 1088 867 1141 nulla
904 1095 986 1141 est
1029 1087 1163 1141 artis
1202 1084 1493 1155 professio,
1534 1084 1626 1138 sed
1669 1084 1737 1137 ad

112 1194 431 1250 supernam
462 1179 923 1233 conversationem
952 1180 1074 1231 vita:
1102 1179 1351 1246 pertinet.
1372 1175 1561 1229 Nostra
1584 1176 1735 1241 enim,

115 1271 335 1340 inquit,
355 1275 661 1325 conversatio
683 1272 734 1322 in
760 1271 896 1324 uelis
912 1280 981 1323 est
1002 1268 1257 1342 (Philipp.
1275 1270 1328 1323 5.
1346 1268 1459 1338 20).
1483 1267 1739 1322 Christia-

116 1379 244 1417 nus
282 1372 544 1433 cognatos
575 1362 733 1417 habet
769 1370 984 1415 sanctos
1023 1376 1209 1415 omnes
1238 1376 1299 1414 ac
1327 1360 1468 1413 cives
1502 1378 1512 1412 :
1548 1358 1737 1414 Sumus

116 1456 297 1515 enim,
331 1453 519 1521 inquit,
542 1454 670 1506 cives
690 1464 1001 1519 sanctorum,
1034 1461 1079 1505 et
1108 1452 1365 1505 domestici
1399 1450 1494 1504 Dei
1520 1449 1732 1522 (Ep/tes.

117 1544 183 1597 2.
224 1545 323 1615 19)
357 1564 369 1598 :
400 1546 575 1614 itaque
601 1560 708 1599 uno
736 1546 899 1599 verbo
928 1555 981 1599 et
1005 1548 1125 1614 quis
1146 1553 1307 1608 esset,
1337 1553 1390 1598 et
1417 1543 1575 1606 unde,
1595 1552 1649 1597 et
1669 1559 1733 1597 ex

122 1637 343 1705 quibus
364 1676 377 1699 ,
404 1645 457 1689 et
484 1636 607 1704 quid
637 1651 794 1705 agere
821 1635 1053 1700 soleret,
1083 1634 1416 1689 exactissime
1444 1634 1651 1695 docuit,
1681 1643 1736 1688 et

124 1730 304 1781 vitam
337 1744 456 1780 cum
489 1728 590 1781 hac
613 1742 745 1783 voce
775 1728 980 1792 ﬁnivit,
1016 1728 1247 1796 abiitque
1270 1728 1470 1780 salvum
1496 1726 1732 1781 referens

119 1822 363 1876 Christo
390 1822 713 1891 depositum,
738 1834 800 1873 ac
826 1821 1050 1889 posteris
1070 1836 1136 1875 ex
1167 1820 1250 1884 iis,
1276 1836 1393 1889 qua
1420 1833 1606 1888 passus
1626 1827 1729 1885 est,

122 1912 567 1966 cohortationem
595 1910 829 1980 reliquit,
855 1910 1193 1972 utinsistant,
1219 1909 1455 1978 nihilque
1476 1908 1577 1963 nisi
1601 1924 1732 1977 pec-

122 2011 319 2054 catum
345 2011 398 2055 et
427 2002 759 2070 negationem
791 2010 992 2054 tantum
1022 2000 1394 2054 reformident.

210 2092 436 2145 Moralis
479 2091 1011 2146 abeuntia—Hice
1050 2092 1225 2159 itaque
1264 2106 1361 2144 nos
1404 2090 1564 2145 etiam
1604 2104 1726 2143 cum

127 2184 472 2245 noverimus,
502 2182 647 2250 pacis
676 2170 918 2250 tempore
946 2180 1151 2235 bellicis
1181 2183 1232 2234 in
1273 2180 1430 2234 rebus
1457 2196 1551 2234 nos
1576 2195 1735 2235 exen-

128 2287 394 2337 eeamus,
424 2282 483 2326 ut
516 2288 635 2327 cum
665 2272 790 2327 belli
818 2282 1025 2341 tempus
1050 2272 1355 2337 advenerit,
1388 2271 1591 2325 illustre
1630 2285 1727 2324 nos

128 2378 357 2432 quoque
384 2372 636 2432 tropaeum
667 2363 950 2433 erigamus.
979 2362 1196 2417 Famem
1240 2363 1558 2431 contempsit
1598 2362 1721 2416 ille:

128 2454 363 2511 delicias
399 2467 456 2512 et
491 2472 590 2512 nos
617 2468 1038 2523 contemnamus,
1067 2472 1132 2512 ac
1169 2456 1367 2513 ventris
1392 2455 1724 2527 tyrannidem

1313 252 1383 309 1N
1410 252 1466 308 S.
1504 248 1855 307 LUC!ANUM
1884 242 2293 305 MARTYREM.

3328 240 3430 294 5‘26

1841 368 2163 425 evertamus,
2194 366 2252 412 ut
2272 373 2317 412 sn
2345 366 2553 427 tempus
2574 357 2840 424 advenlat,
2873 356 3013 428 quod
3045 367 3243 412 tantam
3279 355 3426 409 forn—

1840 450 2079 505 tudinem
2107 466 2137 503 a
2165 450 2317 505 nobis
2361 459 2638 520 reposcat,
2670 451 2722 504 in
2757 450 3056 504 minoribus
3084 461 3239 503 antea
3271 447 3431 502 rebus

1840 540 2148 608 exercitati,
2177 541 2418 610 przeclari
2451 542 2507 595 in
2538 551 2828 595 scatnmate
2866 556 3289 611 compareamus.
3320 536 3429 592 Co-

1840 647 1954 685 ram
1995 632 2321 701 principibus
2366 632 2456 686 ille
2492 646 2555 687 ac
2584 632 2801 701 regibus
2829 632 2998 686 libere
3025 633 3271 702 loquutus
3295 640 3377 687 est
3408 648 3425 690 :

1841 722 1945 778 hoc
1970 738 2068 777 nos
2090 723 2341 777 faciamus
2365 737 2505 777 nunc
2530 738 2741 793 quoque
2769 739 2782 775 :
2813 736 2877 776 ac
2904 723 2947 776 si
2973 724 3025 775 in
3046 723 3422 793 Opulentorum

1840 822 1894 868 et
1922 814 2205 869 illustrium
2245 814 2572 883 Paganorum
2624 814 2976 869 conventibus
3014 813 3422 879 consideamus,

1841 903 1999 958 ﬁdem
2041 920 2161 959 cum
2207 904 2397 959 ﬁducia
2440 904 2806 974 proﬁteamur,
2847 904 3164 959 irrideamus
3210 905 3424 958 illorum

1840 1011 2069 1051 errores.
2096 997 2248 1065 Quod
2275 998 2320 1051 si
2349 1013 2436 1052 res
2459 997 2672 1067 quidem
2717 1013 2842 1052 suas
2889 997 3167 1068 magnifice
3193 996 3421 1065 eﬂ'erre,

1841 1099 2051 1143 nostras
2070 1099 2246 1143 autem
2279 1090 2579 1159 deprimere
2607 1089 3000 1159 aggrediantur,
3031 1104 3099 1144 ne
3130 1098 3419 1153 taceamus,

1840 1194 1975 1234 neve
2003 1179 2195 1234 leniter
2219 1180 2453 1236 feramus
2481 1196 2494 1233 :
2526 1180 2621 1235 sed
2648 1181 2881 1250 ipsorum
2911 1180 3289 1250 turpitudinem
3318 1180 3417 1234 de-

1840 1278 2110 1341 tegentes,
2148 1273 2311 1326 multa
2354 1288 2475 1326 cum
2504 1273 2764 1341 sapientia
2806 1272 3102 1342 ﬁduciaque
3123 1287 3209 1326 res
3233 1287 3420 1327 omnes

1838 1362 2259 1417 Christianorum
2279 1363 2525 1418 laudibus
2550 1362 2868 1426 evebamus;
2893 1372 2947 1417 et
2971 1362 3417 1433 quemadmodum

1840 1453 2133 1523 Imperator
2162 1456 2213 1508 in
2243 1456 2417 1525 capite
2443 1456 2717 1521 diadema,
2757 1457 2833 1509 sic
2858 1464 2913 1509 et
2944 1470 3042 1508 nos
3068 1456 3261 1524 ubique
3286 1469 3417 1507 con-

1837 1546 2122 1603 fessionem
2154 1547 2276 1602 ﬁdei
2306 1547 2759 1602 circumferamus.
2787 1547 2903 1602 Non
2939 1548 3083 1601 enim
3108 1547 3256 1599 illum
3282 1544 3418 1599 adeo

1835 1652 2056 1705 corona,
2083 1647 2140 1698 ut
2166 1655 2262 1694 nos
2283 1638 2414 1694 ﬁdes
2432 1638 2651 1708 ejusque
2671 1638 2937 1693 confessio
2961 1637 3095 1691 solet
3116 1651 3414 1691 exornare:

1835 1748 1943 1786 non
1970 1732 2148 1786 verbis
2177 1739 2380 1785 tantum
2401 1772 2416 1796 ,
2449 1730 2543 1785 sed
2573 1731 2733 1784 etiam
2761 1729 2917 1783 rebus
2946 1729 3075 1797 ipsis
3096 1727 3146 1781 id
3168 1740 3416 1797 agamus,

1832 1832 1888 1878 et
1908 1824 2069 1878 vitam
2089 1822 2425 1878 confessione
2452 1822 2662 1891 dignam
2686 1822 2738 1874 in
2766 1820 3010 1895 omnibus
3032 1818 3376 1873 exhibeamus
3398 1835 3412 1871 :

1832 1928 1900 1967 ne
1928 1914 2172 1983 dogmata
2200 1927 2418 1981 Operum
2445 1912 2785 1981 improbitate
2812 1911 3213 1974 dedccoremus,
3243 1909 3334 1962 sed
3360 1908 3412 1961 in

1831 2004 2083 2058 omnibus
2110 2004 2393 2058 Dominum
2435 2012 2679 2058 nostrum
2722 2002 3081 2073 gloriﬁcantes
3109 2015 3229 2054 cum
3258 2000 3415 2067 hujus

1830 2095 2033 2161 saeculi,
2059 2104 2167 2147 tum
2196 2094 2339 2149 illius
2364 2095 2567 2149 honore
2588 2094 2853 2164 potiamur
2882 2110 2893 2145 :
2925 2108 3083 2162 quem
3106 2106 3203 2144 nos
3225 2104 3413 2144 omnes

1831 2185 2034 2238 utinam
2080 2199 2493 2253 consequamur.
2536 2185 2704 2254 gratia
2752 2193 2807 2238 et
2848 2183 3174 2251 benignitate
3202 2180 3413 2235 Domini

1832 2275 2000 2331 nostri
2020 2274 2144 2329 Jesu
2165 2274 2384 2342 Christi,
2410 2290 2503 2345 per
2522 2290 2680 2344 quem
2702 2282 2755 2328 et
2778 2289 2899 2328 cum
2927 2288 3032 2342 quo
3053 2272 3194 2327 Patri
3220 2270 3410 2341 gloria,

1831 2366 2114 2434 imperium
2146 2375 2199 2420 et
2226 2365 2418 2432 honor,
2443 2379 2543 2419 una
2571 2380 2691 2419 cum
2720 2375 2908 2420 sancto
2937 2379 3002 2418 ac
3034 2361 3246 2418 viviﬁco
3288 2360 3409 2430 Spi-

1828 2454 1954 2523 ritu,
1982 2470 2124 2512 nunc
2155 2464 2211 2511 et
2234 2470 2466 2526 semper,
2488 2464 2543 2512 et
2562 2456 2618 2511 in
2640 2455 2832 2511 saecula
2860 2454 3197 2511 sazculorum.
3219 2452 3411 2507 Amen.
