3884 6294
465 290 566 347 5'27
1161 284 1224 340 S.
1263 280 1550 340 JOANNIS
1586 276 2081 340 CllRYSOSTOMl
2121 273 2446 332 ARCIIIEP.
2485 270 3050 332 CONSTANTINOP.
3637 267 3749 325 598

469 482 1264 515 ειη-μ..ηέ».--
1281 483 1294 487 -
1311 481 1399 488 η-
1471 473 2364 499 .-.τ-...ρη--α--η
2389 469 2858 497 -.γ-...ηψ-
2883 466 3172 476 ..κ-η..
3217 465 3715 491 mm,

1238 686 1320 748 IN
1360 681 1557 744 DUOS
1599 678 2011 742 SERMONES
2048 677 2127 737 IN
2172 676 2523 737 SANCTUM
2560 673 2919 734 BABYLAM

542 833 774 889 Homilia
806 834 860 888 in
891 832 948 887 S.
979 833 1256 904 Babylam,
1294 845 1457 901 quam
1483 829 1716 899 primam
1752 827 2020 888 locamus,
2076 833 2200 893 post
2225 822 2441 876 tertiam
2472 821 2538 876 de
2575 819 2787 874 Lazaro
2821 819 3004 873 habita
3040 829 3124 874 est
3160 832 3175 869 :
3208 833 3330 871 nam
3386 817 3492 871 sub
3519 815 3745 870 initium

465 943 680 1002 quartae
712 946 935 986 causam
964 931 1122 985 alfert
1145 929 1570 998 Chrysostomus
1592 939 1691 978 cur
1723 921 2076 976 homiliarum
2109 918 2162 971 in
2186 917 2454 972 Lazarum
2487 931 2711 970 cursum
2759 913 3130 981 interceperit,
3173 909 3258 963 his
3290 910 3474 964 verbis
3503 927 3518 964 :
3547 907 3744 962 Verum

469 1041 573 1078 non
599 1024 1014 1077 existimavimus
1040 1037 1149 1075 esse
1175 1030 1347 1073 tutum
1378 1017 1442 1071 Β.
1468 1015 1689 1086 Babylte
1715 1024 1764 1068 et
1790 1014 1926 1082 biga:
1960 1009 2060 1065 SS.
2091 1008 2420 1080 Martyrum,
2456 1009 2548 1078 qui
2581 1017 2695 1076 post
2723 1005 2879 1060 illum
2909 1013 3274 1066 occurrerunt,
3300 1002 3571 1072 praclara
3594 1008 3746 1070 gesta

468 1116 737 1184 praeterire
769 1131 788 1170 :
825 1114 1024 1183 quibus
1065 1117 1329 1166 consonat
1361 1107 1661 1162 Coucionis
1691 1107 1745 1160 in
1793 1105 1853 1158 S.
1884 1103 2145 1172 Babylam
2184 1099 2494 1166 exordium,
2547 1097 2794 1152 Volebam
2829 1097 3068 1167 equidem
3089 1094 3341 1149 hodierno
3388 1094 3475 1146 die
3505 1094 3747 1146 debitum

468 1214 701 1277 reddere,
725 1210 865 1280 quod
899 1224 1064 1277 nuper
1083 1207 1245 1269 vobis,
1276 1220 1393 1257 cum
1417 1203 1500 1255 hic
1525 1217 1713 1263 essem,
1747 1198 1989 1269 promisi.
2029 1194 2131 1250 Sed
2159 1195 2284 1264 quid
2311 1193 2556 1264 faciam?
2607 1191 2673 1245 Β.
2704 1190 2942 1262 Babglas
2977 1191 3326 1244 interveniens
3361 1190 3638 1256 apparuit,
3695 1199 3745 1240 et

463 1305 537 1359 ad
569 1305 795 1373 seipsum
829 1317 920 1354 nos
951 1300 1170 1354 vocavit.
1209 1297 1352 1366 Biga‘.
1381 1305 1561 1352 autem
1604 1294 1935 1348 Sanctorum
1987 1290 2080 1360 qui
2113 1298 2237 1358 post
2266 1287 2324 1342 S.
2355 1285 2616 1356 Babylam
2663 1283 3024 1339 Homiliarum
3081 1283 3134 1336 itt
3186 1281 3455 1334 Lazarum
3505 1295 3734 1334 cursum

468 1399 826 1469 intercepere,
852 1405 978 1452 sunt
1001 1394 1102 1448 SS.
1134 1392 1462 1448 Juventinus
1491 1398 1545 1442 et
1575 1387 1904 1442 Maximinus
1954 1384 2241 1454 Martyres,
2269 1395 2505 1452 quorum
2537 1378 2774 1433 l‘lomilia
2800 1379 2881 1434 sic
2921 1378 3112 1446 incipit
3142 1396 3155 1430 :
3190 1375 3372 1445 Nuper
3402 1374 3467 1428 Β.
3501 1373 3740 1446 Babylo:

466 1509 587 1546 cum
619 1492 785 1545 tribus
813 1492 987 1559 pueris
1025 1504 1117 1542 nos
1147 1487 1231 1540 hic
1263 1485 1637 1556 congregabat,
1679 1481 1832 1535 hodie
1864 1497 1965 1550 par
1992 1478 2095 1534 SS.
2151 1477 2390 1531 Militum
2417 1477 2472 1528 in
2511 1477 2626 1529 acie
2656 1475 2946 1528 exercitum
2972 1471 3176 1527 Christi
3218 1472 3514 1524 constituit.
3545 1469 3739 1538 Nuper

471 1583 732 1654 quadriga
759 1581 1083 1653 Martyrum,
1115 1579 1266 1633 hodie
1293 1579 1435 1648 biga.
1469 1575 1672 1647 Nuper,
1704 1576 1901 1645 inquit,
1945 1574 2157 1646 πρῴην,
2202 1587 2312 1626 non
2347 1579 2554 1635 autem,
2589 1569 2722 1632 heri,
2757 1578 2817 1622 ut
2845 1568 2914 1623 ab
2945 1567 3242 1636 lnterprcte
3275 1565 3532 1634 deceptus
3570 1564 3740 1618 Tille—

471 1681 718 1735 moutius
748 1678 952 1749 posuit.
989 1675 1274 1747 Negotium
1306 1674 1576 1729 facessere
1603 1673 1819 1728 videtur
1849 1671 1921 1737 id,
1947 1669 2176 1740 quodin
2234 1679 2513 1738 postremo
2536 1665 2765 1720 exordio
2811 1664 2966 1729 dicit,
3003 1661 3187 1730 Nuper
3211 1661 3276 1715 Β.
3324 1659 3560 1732 Babylas
3618 1676 3738 1712 cum

473 1772 643 1824 tribus
673 1771 851 1839 pueris
883 1787 975 1823 nos
1002 1769 1084 1823 hic
1109 1765 1479 1838 congregabat.
1509 1767 1568 1820 In
1595 1766 1697 1820 hac
1721 1763 1921 1834 quippe
1941 1761 2174 1817 Homilia
2216 1776 2283 1814 ne
2328 1759 2434 1830 γρῦ
2470 1759 2690 1828 quidem
2719 1757 2788 1812 de
2826 1757 3003 1812 tribus
3027 1757 3212 1825 pueris
3260 1754 3476 1824 legitur.
3512 1751 3745 1815 Verum,

473 1874 536 1917 ut
567 1864 722 1916 initio
755 1861 992 1915 bomilia:
1019 1860 1240 1922 dicitur,
1273 1876 1379 1913 non
1415 1857 1842 1929 Cbrysostomus
1867 1856 2044 1919 solus,
2073 1856 2168 1910 sed
2219 1868 2346 1908 cum
2372 1853 2463 1906 alii
2495 1854 2762 1914 seniores,
2798 1861 2912 1904 tum
2972 1849 3275 1920 Episcopus
3301 1847 3417 1917 ipse
3438 1845 3744 1900 Flavianus

469 1956 663 2012 eodem
693 1955 779 2009 die
802 1954 1108 2009 concionati
1145 1963 1273 2008 sunt
1301 1968 1316 2005 ε
1346 1951 1474 2006 Hac
1507 1960 1556 2005 et
1585 1951 1698 2004 alia
1727 1950 2012 2019 ejusmodi,
2051 1948 2250 2018 inquit,
2296 1945 2590 2000 senioribus
2621 1941 3086 1997 commemoranda
3129 1939 3457 2003 doctoribus,
3488 1949 3540 1991 et
3593 1952 3741 1988 com-

472 2049 623 2101 muni
651 2049 793 2117 patri
823 2057 1004 2102 nostra
1028 2048 1379 2117 relinquemus
1411 2063 1430 2100 :
1465 2061 1546 2099 res
1579 2044 1718 2098 enim
1742 2042 2066 2110 antiquiores
2122 2038 2378 2110 prazclare
2404 2038 2547 2092 vobis
2581 2054 2616 2090 a
2669 2036 2878 2090 senibus
2915 2041 3136 2101 possunt
3170 2031 3428 2084 narrari:
3452 2045 3571 2098 qua:
3623 2043 3748 2082 vero

473 2154 578 2191 non
606 2140 682 2191 ita
710 2140 914 2206 pridem
941 2155 1004 2192 ac
1025 2149 1208 2192 nostra
1237 2147 1392 2192 (etate
1422 2145 1544 2190 sunt
1569 2145 1736 2206 gesta,
1766 2133 1910 2187 vobis
1945 2133 2156 2201 juvenis
2184 2147 2276 2200 ego
2328 2129 2579 2194 narrabo,
2613 2143 2730 2198 qua:
2765 2126 3016 2180 nimirum
3042 2134 3163 2194 post
3191 2124 3417 2182 obitum,
3443 2130 3561 2191 post
3586 2135 3742 2175 exse-

472 2229 627 2300 quias
660 2229 943 2320 Martyris,
958 2247 1020 2284 ac
1041 2232 1168 2284 dum
1186 2231 1242 2283 in
1270 2230 1522 2285 suburbio
1551 2235 1866 2290 moraretur,
1895 2225 2222 2279 acciderunt.
2272 2222 2401 2279 Haec
2447 2221 2553 2278 sibi
2587 2221 2895 2276 enarranda
2930 2221 3216 2290 proposuit
3280 2220 3741 2289 Cbrysostomns.

476 2332 673 2377 caetera
697 2310 975 2378 communi
1017 2325 1157 2393 patri
1185 2334 1239 2379 et
1259 2323 1566 2379 senioribus
1589 2321 2073 2377 commemoranda
2120 2320 2361 2390 reliquit.
2402 2317 2820 2384 Verisimileque
2840 2325 2944 2378 eSI,
2968 2315 3208 2386 aliquem
3229 2329 3292 2368 ex
3330 2314 3436 2366 illis
3463 2312 3530 2367 de
3553 2310 3736 2366 tribus

477 2417 666 2488 pueris
695 2418 856 2472 verba
884 2418 1099 2473 fecisse.
1126 2417 1328 2472 Eodem
1365 2418 1528 2486 igitur
1567 2431 1712 2471 anno
1745 2415 1928 2469 habita
1949 2424 2033 2470 est
2057 2416 2173 2471 haec
2213 2415 2458 2478 homilia,
2493 2428 2602 2484 quo
2628 2413 2864 2467 ltomilizc
2895 2413 2947 2466 in
2986 2413 3278 2473 Lazarum,
3316 2409 3526 2464 scilicet
3549 2423 3746 2462 mense

477 2509 744 2565 Januario
771 2526 784 2562 :
810 2518 863 2564 et
883 2510 1101 2580 quidem
1129 2510 1200 2564 2i
1235 2510 1481 2579 ejusdem
1519 2507 1742 2573 mensis,
1782 2516 1842 2562 ut
1874 2507 2106 2572 videtur,
2142 2521 2252 2578 qua
2280 2506 2370 2562 die
2395 2505 2779 2576 Martyrologia
2808 2506 2992 2559 omnia
3029 2503 3229 2560 festum
3257 2502 3314 2558 S.
3349 2502 3567 2572 Babyla:
3594 2502 3744 2555 indi-

482 2609 632 2655 cant.
664 2598 769 2665 Qui
798 2615 925 2655 vero
955 2599 1117 2655 fuerit
1143 2615 1321 2654 annus
1344 2599 1452 2664 ille,
1488 2614 1597 2654 non
1627 2599 1700 2653 ita
1727 2597 1883 2653 facile
1910 2607 1996 2653 est.
2034 2597 2459 2668 deprehendere.
2487 2595 2871 2653 'l‘illemontius
2894 2612 3098 2651 annum
3145 2597 3388 2667 assignat
3424 2598 3530 2652 387
3569 2611 3582 2646 ε
3621 2597 3747 2665 ejus

485 2692 759 2748 calculum
799 2676 1166 2755 excussimus,
1196 2691 1598 2760 levissimisque
1625 2690 1954 2759 conjecturis
1977 2691 2172 2746 fultum
2197 2704 2321 2745 esse
2343 2689 2696 2758 probavimus
2728 2689 2782 2743 in
2811 2687 3020 2742 Μοιιίιο
3045 2688 3114 2742 ad
3145 2687 3438 2743 Homiliam
3464 2689 3517 2742 in
3542 2689 3758 2745 Kalen-

487 2783 610 2845 das.
635 2797 756 2851 quae
782 2781 1076 2837 Homiliam
1109 2781 1339 2852 primam
1368 2782 1435 2836 de
1468 2780 1678 2854 Lazaro
1711 2795 1822 2836 uno
1851 2779 1942 2834 die
1974 2779 2275 2850 praecessit.
2303 2779 2384 2834 lbi
2433 2779 2556 2834 vide
2587 2779 2684 2846 sis,
2715 2793 2928 2834 necnon
2952 2778 3008 2834 in
3037 2777 3243 2834 Monito
3277 2779 3344 2834 ad
3377 2778 3648 2837 Homilias
3685 2783 3757 2837 de

485 2875 720 2931 Lazaro.
2197 2895 2201 2898 ·

585 2990 834 3046 llomilite
876 2993 929 3045 in
973 2990 1030 3045 S.
1066 2990 1322 3060 Babylam
1355 2987 1740 3060 subiungimus
1791 2987 1989 3042 librum
2025 2987 2174 3041 illum
2205 2989 2501 3058 prolixum,
2558 2989 2644 3044 cui
2680 2989 2888 3053 titulus,
2925 2987 2988 3042 In
3037 2987 3098 3044 S.
3133 2987 3415 3062 Babylam,
3460 2999 3511 3044 et
3561 3003 3750 3047 contra

496 3085 776 3139 Iulianum
805 3095 957 3155 atque
983 3083 1212 3140 Gentiles
1257 3099 1275 3138 .'
1305 3083 1570 3137 Savilium
1626 3089 1681 3136 et
1732 3079 2064 3134 Frontonem
2112 3079 2368 3136 Ducaeum
2403 3082 2593 3142 secuti.
2632 3081 2727 3150 qui
2781 3081 3034 3136 similiter
3070 3082 3214 3136 hunc
3248 3083 3446 3136 librum
3481 3093 3604 3152 post
3637 3083 3758 3138 lio-

500 3177 706 3232 mi'liam
748 3176 1082 3230 locaverunt.
1124 3175 1347 3228 Librum
1383 3189 1644 3228 vocamus
1682 3188 1694 3224 :
1733 3188 1911 3243 neque
1957 3173 2102 3228 enim
2133 3173 2516 3228 existimamus
2540 3188 2661 3228 esse
2700 3173 3024 3228 concionem
3079 3173 3130 3227 in
3167 3183 3314 3228 cwlu
3366 3175 3552 3244 populi
3596 3174 3759 3230 habi-

493 3279 644 3335 tam;
681 3284 805 3322 nam
835 3277 996 3322 tantm
1022 3268 1344 3337 prolixitatis
1378 3268 1576 3322 librum
1609 3271 1734 3338 quis
1763 3284 1873 3322 una
1929 3267 2049 3321 vice
2081 3256 2496 3336 pronuntiatum
2549 3265 2777 3321 credat?
2827 3265 2981 3321 Adde
3019 3282 3128 3320 non
3188 3266 3470 3321 terminari
3511 3268 3762 3322 clausula

493 3362 611 3425 illa,
640 3378 746 3432 qua
778 3361 831 3414 in
867 3361 1093 3430 gloriam
1117 3358 1400 3414 Trinitatis
1430 3361 1721 3416 conciones
1750 3345 1880 3414 suas
1906 3373 2099 3415 omnes
2130 3358 2333 3413 claudit
2353 3357 2803 3429 Chrysostomus.
2833 3359 2915 3412 Ad
2942 3359 3056 3414 haec
3083 3368 3264 3413 autent
3299 3375 3450 3412 num.
3478 3360 3547 3413 14
3571 3360 3706 3415 dicit
3742 3380 3758 3416 :

495 3453 626 3509 Ideo
656 3455 792 3508 enim
827 3455 953 3507 vivis
976 3453 1263 3506 etiamnum
1299 3451 1516 3507 testibus
1545 3453 1656 3508 [nec
1691 3455 1884 3519 scribo,
1911 3468 2035 3522 qua:
2063 3467 2198 3506 sane
2243 3451 2408 3506 verba
2447 3468 2553 3505 nott
2612 3451 2864 3506 videntur
2898 3449 3051 3524 [550]
3088 3468 3208 3507 esse
3259 3454 3644 3510 concionantis
3701 3456 3755 3508 in

495 3559 646 3603 coetu
677 3546 883 3617 p0puli.
916 3546 1005 3609 At,
1035 3545 1267 3614 inquies,
1307 3561 1416 3600 non
1447 3548 1632 3615 paucis
1659 3547 1712 3600 in
1743 3548 1878 3602 locis
1922 3549 2191 3605 quosdam
2224 3561 2324 3600 ceu
2360 3556 2657 3614 praesentes
2685 3528 3002 3615 alloquitur.
3047 3545 3238 3615 ld.ego
3271 3546 3467 3611 fateor,
3499 3549 3596 3604 sed
3627 3566 3759 3604 ora-

498 3639 642 3694 torio
667 3653 818 3692 more
854 3646 904 3691 et
941 3637 1296 3692 declamantis
1316 3638 1424 3693 ritu
1448 3653 1547 3694 ceu
1580 3648 1876 3708 praesentes
1913 3640 2182 3709 quosdam
2219 3639 2548 3706 compellat:
2581 3653 2707 3692 nam
2741 3639 2918 3694 oratio
2948 3649 3060 3692 tota
3101 3639 3552 3694 declamationem
3585 3645 3761 3711 tropis

500 3733 798 3804 tigni-isque
821 3732 1212 3788 redundantem
1239 3734 1419 3801 sapit;
1445 3733 1530 3788 vel
1563 3734 1730 3788 etiam
1766 3734 1913 3790 hunc
1965 3750 2062 3791 seu
2093 3735 2293 3789 librum
2329 3749 2426 3790 seu
2472 3735 2780 3789 orationem
2809 3735 2978 3791 texuit
3004 3733 3198 3789 amicis
3219 3745 3275 3789 et
3305 3736 3360 3790 in
3385 3738 3632 3792 conclavi
3676 3757 3764 3796 re-

497 3827 800 3882 citandam.

541 3942 806 4035 ‘Tempus
837 3959 944 4011 quo
979 3945 1095 3999 haec
1125 3943 1345 4014 scripsit
1367 3943 1794 4015 Cltrysostomus
1817 3960 2011 4000 eruere
2058 3946 2184 4000 licet
2206 3963 2274 4001 ex
2305 3947 2425 4017 ejus
2448 3948 2628 4002 verbis
2676 3965 2828 4003 num.
2857 3950 2948 4016 2i,
2986 3950 3078 4004 ubi
3111 3951 3243 4007 dicit
3285 3953 3398 4022 jam
3433 3954 3758 4023 vigesimum

498 4052 698 4090 annum
727 4038 836 4108 agi.
859 4055 925 4092 ex
961 4053 1071 4108 quo
1107 4037 1358 4093 Julianus
1385 4037 1647 4108 Apostata
1678 4039 1936 4108 templum
1967 4037 2482 4110 Jerosolymitanum
2533 4040 2839 4098 instaurare
2876 4053 3112 4100 conatus
3145 4053 3230 4100 est
3261 4060 3276 4097 :
3329 4045 3381 4100 id
3416 4037 3547 4102 vero
3584 4056 3761 4102 tenta-

499 4128 848 4185 vitJulianus
879 4147 1024 4186 anno
1058 4131 1260 4187 Christi
1288 4131 1416 4196 562,
1465 4133 1609 4187 unde
1634 4142 1894 4202 sequatur
1931 4149 2076 4188 anno
2106 4133 2210 4188 582
2267 4135 2413 4190 hunc
2459 4136 2748 4205 scripsisse
2784 4137 3004 4194 librum.
3051 4138 3109 4193 Si
3137 4155 3407 4194 annorum
3462 4156 3756 4196 numerum

498 4233 752 4277 accurate
777 4224 1022 4278 retulerit
1053 4222 1503 4293 Chrysostomus,
1539 4226 1704 4282 stabit
1746 4226 2006 4281 calculus.
2040 4224 2241 4281 Verum
2276 4227 2415 4282 solet
2438 4227 2527 4282 ille
2553 4243 2660 4283 non
2691 4237 2844 4284 tanto
2869 4231 3130 4301 scrupulo
3157 4232 3256 4287 has
3279 4248 3392 4287 suae
3427 4233 3596 4287 etiam
3629 4243 3761 4287 ata-

499 4314 570 4368 tis
597 4324 754 4368 notas
785 4330 1057 4384 apponere
1089 4333 1104 4370 :
1140 4318 1340 4370 etenim
1376 4316 1605 4372 Homilia
1633 4319 1703 4372 lll
1734 4319 1801 4374 de
1832 4319 2398 4389 lncomprehensibili,
2432 4337 2593 4391 quam
2645 4332 2888 4378 vertente
2908 4339 3054 4379 anno
3085 4325 3190 4380 586
3215 4304 3522 4382 certissime
3546 4326 3758 4394 habuit,

505 4420 682 4460 annos
714 4408 841 4460 item
872 4408 1062 4478 viginti
1099 4421 1352 4466 numerat
1384 4428 1414 4467 a
1463 4423 1705 4483 tempore
1741 4412 1943 4469 Juliaui
2001 4416 2308 4486 Apostatm;
2370 4433 2494 4473 cum
2537 4427 2718 4474 autem
2778 4419 2868 4475 ille
2911 4436 3056 4476 anno
3094 4421 3200 4477 565
3254 4437 3426 4477 caesus
3459 4423 3551 4486 sit,
3587 4437 3761 4476 annos

501 4500 694 4552 saltem
735 4499 922 4568 viginti
951 4510 1188 4569 quatuor
1215 4504 1398 4559 dicere
1422 4505 1613 4560 debuit
1654 4524 1667 4559 :
1704 4521 1809 4560 non
1848 4509 1993 4561 enim
2031 4524 2059 4561 a
2091 4525 2222 4564 nece
2247 4510 2388 4579 ejus,
2429 4511 2522 4565 sed
2559 4527 2588 4566 a
2622 4521 2822 4567 tentata
2853 4514 3037 4582 templi
3066 4513 3512 4583 Jerosolymitaui
3551 4514 3763 4568 instau-

501 4592 733 4655 ratione,
765 4592 928 4646 etiam
953 4592 1048 4657 ibi,
1074 4594 1342 4652 calculum
1370 4596 1572 4652 ducere
1601 4596 1834 4650 videtur.
1870 4595 2005 4654 Vide
2048 4599 2318 4656 Monitum
2357 4603 2411 4656 in
2469 4601 2732 4660 llomilias
2757 4606 2823 4660 de
2854 4605 3424 4674 lncomprehensibili,
3460 4606 3552 4663 ubi
3590 4607 3755 4660 aliuut

503 4682 632 4737 huic
663 4683 894 4737 similem
919 4684 1402 4742 anachrouismum
1431 4689 1812 4745 observamus.
1839 4693 2024 4762 Itaque
2074 4693 2178 4749 etsi
2233 4694 2378 4749 clare
2422 4694 2690 4750 calculqu
2720 4707 2887 4767 ponat
2941 4697 3391 4769 Chrysostomus,
3425 4713 3532 4754 non
3586 4713 3760 4768 usque

517 4993 3034 5020 Μ

991 5209 1149 5290 DE
1201 5209 1644 5297 SANCTO
1693 5216 2624 5306 HIEROMARTYRE
2681 5209 2767 5292 (α)
2809 5217 3266 5302 BABYLA.

596 5411 647 5467 l.
667 5409 916 5467 Volebam
937 5409 1180 5482 equidem
1200 5410 1458 5468 hodierno
1471 5414 1558 5470 die
1575 5415 1807 5472 debitum
1835 5417 2080 5484 reddere,
2185 5421 2326 5490 quod
2354 5435 2522 5487 nuper
2548 5419 2719 5484 vobis,
2753 5435 2872 5473 cum
2901 5418 2985 5474 hic
3005 5433 3202 5484 essem,
3233 5420 3451 5487 promisi
3479 5437 3492 5473 :
3518 5420 3610 5474 sed
3637 5421 3757 5491 quid

516 5602 529 5613 .
579 5543 786 5613 (“LV-0x
806 5545 902 5602 ma‘
927 5543 1290 5613 hicmmmym
1312 5550 1531 5613 {amcis
1560 5551 1702 5600 medii
1726 5552 1814 5599 mi
1839 5549 1978 5600 mmo
1996 5551 2083 5601 ω.
2187 5510 2418 5612 faciam?
2445 5509 2636 5564 Beatus
2660 5509 2887 5613 Bab-ylas
2923 5511 3286 5613 interveniens
3311 5512 3577 5580 apparuit,
3606 5522 3658 5565 et
3689 5511 3751 5613 ad

506 5598 646 5662 jccla'
665 5606 770 5655 fuit.
796 5598 984 5656 Non'est
1007 5608 1155 5666 enim.
1179 5598 1230 5660 ut
1252 5598 1446 5670 quidem
1465 5598 1702 5673 existimo,
1731 5598 1870 5674 prisci
1882 5598 2040 5663 usus?

2219 5603 2430 5671 cipeum
2471 5617 2569 5658 nos
2594 5605 2834 5670 vocavit;
2866 5618 2970 5660 non
3013 5602 3155 5674 quod
3199 5617 3382 5657 vocem
3420 5603 3647 5669 miserit,
3668 5598 3753 5656 sed
