3884 6294
167 267 285 324 527
456 246 461 249 ’
856 322 859 327 _
1263 268 1347 323 DE
1392 266 1450 323 s.
1494 267 2045 339 IllEROMAllTYttE
2086 267 2377 323 morm.
2468 334 2471 335 ν
3337 277 3442 333 ωε

2842 478 3426 504 ...υ-τετε,

1642 478 1871 499 m

1591 676 1847 737 ADMON
1855 677 2027 737 lTIO.

158 824 300 880 adeo
326 833 536 880 certum
563 833 666 891 est,
704 842 773 881 an
806 816 936 883 hu’ie
968 816 1180 884 calculo
1208 822 1462 885 standum
1492 830 1582 887 sit.
1638 829 1693 885 ld
1721 847 1889 886 unum
1920 844 2214 901 possumus
2241 830 2361 885 sine
2403 830 2644 900 periculo
2669 830 2871 896 dicere,
2911 845 3056 885 anno
3081 829 3297 884 circiter
3327 827 3434 882 382

162 917 315 970 hunc
342 916 542 971 librum
574 933 604 972 a
631 916 1027 990 Chrysostomo
1061 920 1324 990 scriptum
1361 919 1548 986 fuisse,
1594 937 1773 992 neque
1803 930 1982 977 tamen
2009 936 2313 991 repugnare
2353 921 2398 976 si
2430 922 2512 976 vel
2535 921 2722 990 paucis
2756 930 2902 987 ante,
2945 914 3029 974 vel
3064 918 3274 988 ’paueis
3305 930 3440 986 post

162 1008 328 1063 annis
354 1009 505 1064 illum
535 1010 787 1066 ediderit.
823 1009 1197 1078 Hermantids,
1223 1013 1319 1083 qui
1343 1021 1498 1083 putat
1529 1014 1676 1068 hunc
1709 1013 1910 1069 librum
1942 1027 2064 1069 esse
2089 1014 2407 1069 concion’en‘i
2453 1014 2520 1067 ad
2551 1013 2733 1084 populi
2787 1020 2989 1067 emtum
3019 1010 3285 1077 habitam,
3315 1007 3435 1063 vult

158 1117 281 1155 eam
312 1103 369 1156 in
396 1119 601 1158 annum
631 1104 736 1159 586
768 1122 890 1162 cum
918 1106 1227 1162 tardissime
1250 1104 1486 1162 conferri
1525 1124 1538 1159 :
1570 1106 1697 1176 quia
1720 1119 1787 1160 eo
1819 1106 2055 1175 primum
2078 1121 2222 1161 anno
2248 1106 2528 1178 presbyter
2557 1105 2735 1162 factus
2766 1104 3192 1176 Chrysosmmus
3214 1103 3440 1181 concio-

160 1193 282 1248 nari
311 1196 482 1263 cmpit
508 1211 522 1248 :
554 1213 678 1251 nam
719 1197 840 1267 ipso
874 1197 1632 1269 testificanterrysostomo,
1667 1197 1872 1252 nullam
1915 1206 2062 1265 ante,
2094 1214 2258 1269 quam
2289 1200 2571 1269 presbyter
2592 1198 2758 1263 esset,
2786 1197 3106 1252 concionem
3135 1195 3422 1251 habuerat.

160 1289 392 1356 Verum,
418 1301 478 1347 ut
508 1307 671 1362 supra
692 1291 1029 1358 dicebamus,
1055 1291 1265 1348 nullum
1297 1306 1409 1362 prae
1442 1305 1500 1346 se
1527 1290 1630 1345 fert
1659 1291 1876 1362 signum
1938 1290 2025 1346 hic
2066 1291 2204 1347 liber
2235 1292 2515 1347 concionis
2548 1292 2614 1345 ad
2662 1290 2926 1361 populum
2979 1289 3198 1354 habitae,
3239 1296 3436 1358 estque

160 1391 331 1437 tanta:
368 1383 692 1452 prolixitatis
720 1390 781 1438 ut
808 1399 916 1438 non
939 1386 1181 1456 potuerit
1207 1401 1313 1440 una
1340 1385 1517 1441 solum
1577 1384 1693 1439 vice
1726 1384 1966 1439 recitari.
1992 1385 2074 1439 Ad
2108 1386 2223 1440 haec
2247 1399 2379 1439 vero
2413 1387 2538 1453 quis
2566 1384 2755 1438 credat
2784 1397 2909 1437 eum
2940 1381 3315 1451 longissimam
3362 1379 3433 1432 il-

160 1475 267 1530 lam
302 1480 575 1535 monodize
605 1479 819 1536 Libanii
844 1458 1249 1544 refutationem,
1287 1493 1411 1549 quae
1439 1477 1672 1533 mediam
1698 1475 1871 1533 ferme
1913 1485 2121 1548 partem
2150 1475 2272 1530 libri
2306 1483 2562 1546 occupat,
2595 1474 2648 1527 in
2695 1481 2840 1530 ccetu
2868 1471 3053 1545 populi
3086 1470 3378 1541 protulisse
3408 1467 3433 1520 ‘t

158 1566 441 1625 Ilactenus
468 1571 534 1625 de
566 1581 830 1643 tempore.

224 1687 630 1758 Argumentum
658 1687 783 1743 libri
809 1694 890 1743 est
926 1686 1153 1767 historia
1181 1685 1429 1758 martyrii
1454 1683 1510 1740 S.
1536 1685 1754 1758 Babyla:
1787 1684 2046 1756 Episcopi
2073 1685 2423 1753 Antiocheni,
2451 1672 2845 1741 declamatorio
2868 1698 3030 1767 more
3069 1683 3432 1767 narratatro-

154 1780 352 1851 pisque
375 1778 726 1848 redundans;
762 1780 816 1835 in
848 1761 1304 1851 qua'plerumque
1333 1779 1614 1835 veritatem
1638 1778 1936 1835 desideres.
1966 1779 2098 1834 Nam
2133 1790 2192 1834 ut
2223 1788 2433 1834 certum
2473 1778 2731 1835 existimo
2760 1776 2818 1832 S.
2856 1761 3116 1847 Babylam
3147 1789 3247 1845 pro
3268 1763 3434 1829 Chri—
3474 1768 3479 1773 ’

155 1890 242 1936 sto
268 1894 474 1936 caesum
507 1894 647 1946 esse,
673 1879 748 1934 ita
782 1893 954 1951 genus
977 1888 1034 1934 et
1066 1893 1291 1935 causam
1346 1877 1596 1949 martyrii
1624 1892 1690 1932 ex
1720 1877 1904 1947 populi
1957 1876 2181 1931 rumore
2217 1878 2423 1947 potius,
2453 1891 2616 1949 quam
2651 1890 2717 1930 ex
2762 1890 2890 1930 vera
2929 1888 3109 1930 rerum
3133 1874 3432 1953 gestarum

154 1974 386 2030 historia
418 1989 447 2027 a
470 1973 864 2044 Chrysostomo
892 1971 1128 2044 proferri
1153 1987 1260 2028 non
1300 1972 1530 2028 dubium
1556 1980 1660 2028 est.
1718 1971 1854 2027 Nam
1883 1972 2030 2041 quis,
2065 1985 2274 2042 quaeso,
2341 1969 2432 2025 ille
2467 1967 2633 2023 fuerit
2683 1966 3058 2051 Romanorum
3122 1965 3428 2035 Imperator

153 2070 527 2134 Christianus,
554 2068 649 2138 qui
687 2068 818 2123 inita
849 2082 975 2124 cum
1006 2082 1134 2139 rege
1158 2067 1392 2123 barbaro
1419 2081 1574 2137 pace,
1617 2068 1698 2133 fea
1727 2066 2067 2130 conditione,
2100 2074 2158 2119 ut
2212 2063 2384 2135 ﬁlium
2422 2064 2509 2127 ille
2532 2064 2638 2118 sibi
2665 2059 3010 2117 educandum
3038 2054 3296 2122 traderet,
3332 2072 3429 2112 ac-

153 2171 372 2231 ceptum
407 2176 508 2231 pro
534 2161 760 2231 pignore
787 2161 941 2232 pacis
964 2161 1135 2216 filium
1161 2159 1450 2217 confestim
1469 2160 1824 2232 iugulaverit,
1864 2175 2041 2230 eaque
2080 2159 2150 2214 de
2181 2174 2346 2214 causa
2374 2174 2404 2213 a
2433 2160 2592 2213 beato
2627 2156 2829 2227 Babyla
2878 2153 3125 2210 ecclesiae
3160 2153 3313 2208 aditu
3343 2152 3428 2207 in-

155 2256 453 2319 terclusus,
491 2254 741 2309 eumdem
776 2252 834 2308 S.
886 2253 1172 2325 praesulem
1209 2254 1265 2309 in
1309 2268 1586 2309 carcerem
1631 2253 1775 2309 trudi
1818 2261 1873 2309 et
1899 2252 2217 2307 obtruncari
2246 2250 2515 2320 jusserit?
2565 2248 2722 2304 Hunc
2752 2247 3145 2317 Imperatorem
3194 2244 3419 2315 quidam

151 2348 266 2403 sive
294 2349 628 2404 scholiastes
660 2349 774 2404 sive
802 2348 1061 2405 librarius
1084 2348 1218 2404 dicit
1254 2363 1377 2405 esse
1404 2346 1843 2404 Numerianum..
1876 2347 1998 2414 Quo
2030 2346 2161 2418 quid
2198 2345 2478 2417 ineptius?
2513 2344 2650 2399 Nam
2683 2342 2767 2399 vel
2800 2341 3179 2398 Christianum
3233 2339 3420 2397 dicere

151 2440 572 2506 Numerianum,
605 2441 689 2496 vel
720 2439 1125 2497 interfectorem
1159 2440 1446 2512 cujusdam
1491 2440 1636 2512 regis
1665 2440 2024 2496 barbarorum
2056 2438 2154 2495 ﬁlii
2194 2440 2249 2494 in
2292 2440 2446 2510 pacis
2471 2439 2670 2510 pignus
2717 2437 2822 2492 sibi
2854 2435 3060 2502 traditi,
3112 2449 3269 2506 aque
3301 2451 3427 2491 eum

152 2546 279 2587 vera
314 2532 549 2589 historia
580 2541 802 2604 pugnat.
836 2530 947 2587 Nec
971 2531 1147 2602 magis
1174 2532 1416 2587 creditur
1436 2530 1589 2588 Actis
1640 2531 1970 2602 quibusdam
2001 2545 2032 2586 a
2062 2529 2330 2587 Bollando
2366 2530 2528 2587 editis
2560 2530 2629 2585 ad
2665 2530 2737 2585 24
2767 2528 3040 2595 Januarii,
3065 2528 3160 2584 ubi
3214 2526 3424 2585 Nume-

150 2623 344 2678 rianus
366 2622 640 2677 idolorum
662 2621 842 2676 culter
872 2620 1149 2676 inducitur
1181 2620 1238 2676 S.
1277 2621 1532 2693 Babylam
1558 2629 1777 2677 tentans
1802 2622 1870 2676 ad
1907 2622 2244 2694 impietatem
2296 2634 2455 2679 suam
2486 2621 2720 2689 trahere,
2758 2621 3052 2692 ipsumque
3079 2635 3206 2676 eum
3239 2619 3425 2690 pueris

149 2716 481 2787 quibusdam
507 2712 754 2786 martyrii
787 2714 958 2785 gloria
987 2712 1229 2769 aliiciens
1257 2729 1271 2765 :
1307 2723 1429 2785 qua:
1460 2721 1610 2770 certe
1640 2728 1750 2768 non
1784 2723 2016 2785 possunt
2044 2715 2113 2771 ad
2170 2714 2431 2786 Babylam
2461 2722 2712 2770 nostrum
2749 2712 2965 2769 referri.
3017 2712 3156 2769 Hinc
3180 2713 3416 2784 quaestio

149 2811 329 2866 oritur
357 2823 427 2863 an
458 2809 642 2878 plures
673 2803 916 2875 ejusdem
942 2806 1187 2861 nominis
1222 2805 1351 2862 sint.-
1389 2807 1507 2874 Qua
1539 2805 1607 2862 de
1631 2821 1690 2862 re
1737 2806 1863 2863 vide
1889 2806 2216 2862 Bollandum
2247 2806 2301 2885 in
2331 2806 2486 2862 Actis
2515 2804 2617 2863 SS.
2649 2804 2902 2861 Januarii
2945 2807 3038 2862 2t.
3104 2805 3421 2875 Verisimile

150 2903 318 2972 igitur
347 2910 434 2957 est
464 2900 553 2955 hic
581 2899 967 2970 Imperatorem
998 2897 1310 2969 Philippum
1345 2898 1658 2962 memorari,
1719 2898 1814 2969 qui
1853 2898 2069 2968 imperii
2094 2898 2386 2954 invadendi
2410 2913 2576 2955 causa
2606 2914 2752 2955 caeso
2807 2900 3086 2958 Gordiano
3142 2902 3424 2972 Augusto,

146 3005 441 3066 postquam
479 3002 588 3049 tam
615 2994 804 3064 iniqua
832 2993 979 3049 caede
1008 2993 1120 3048 voti
1142 3008 1367 3063 compos
1399 2991 1576 3050 factus
1608 2992 1958 3050 Antiochiam
1982 3003 2230 3059 venerat,
2259 2990 2547 3049 Paschatis
2583 3002 2829 3064 tempore
2863 2995 2930 3049 ad
2969 2994 3258 3051 ecclesiam
3287 3010 3425 3065 prec

145 3104 273 3145 cum
324 3087 827 3161 mysteriorumque
858 3101 1089 3143 consors
1146 3085 1388 3152 futurus,
1430 3087 1741 3143 accedebat.
1779 3088 1902 3156 Quo
1952 3096 2260 3159 comperto,
2295 3087 2356 3143 S.
2381 3086 2610 3158 Babylas
2637 3086 2987 3143 accedentem
3023 3087 3411 3158 Imperatorem

146 3182 370 3252 repulit,
415 3180 663 3237 ecclesia:
691 3181 841 3236 aditu
871 3180 1172 3247 interdixit,
1204 3190 1255 3237 et
1278 3182 1664 3252 poenitentium
1692 3182 1816 3238 loco
1842 3197 1902 3240 se
1931 3183 2127 3239 sistere
2154 3181 2343 3253 jussit,
2401 3181 2576 3237 donec
2607 3181 2927 3252 pmnitentia
2953 3181 3142 3236 abluto
3169 3182 3425 3252 expiato-

146 3288 255 3343 que
287 3274 515 3339 scelere,
542 3274 637 3330 -ad
666 3272 1111 3329 communionem
1159 3274 1398 3330 fidelium
1428 3280 1615 3345 postea
1664 3274 2017 3345 reciperetur.
2054 3273 2206 3330 Hanc
2241 3290 2273 3331 a
2306 3274 2366 3330 S.
2418 3273 2656 3346 praesule
2691 3272 2968 3343 repulsam
3017 3282 3176 3343 grato
3227 3272 3415 3328 animo"

147 3369 507 3440 modesteque
532 3369 720 3424 tulisse
743 3367 1079 3440 Philippum,
1112 3377 1304 3423 narrat
1334 3367 1623 3432 Eusebius,
1662 3367 1902 3438 itemque
1928 3368 2313 3439 pmnitentium
2341 3368 2527 3424 locum
2560 3365 2784 3433 adiisse,
2815 3380 2880 3420 ac
2910 3373 3025 3421 tum
3059 3373 3426 3437 posteaquam

145 3462 355 3516 crimen
383 3461 684 3518 secundum
713 3462 967 3518 Ecclesiae
998 3469 1200 3518 statuta
1227 3459 1537 3528 confessus,
1588 3461 2023 3533 exhomologesi,
2060 3470 2120 3516 ut
2150 3462 2439 3530 vocabant,
2466 3461 2631 3528 facta,
2666 3462 3013 3532 deposuerat,
3041 3458 3095 3515 in
3122 3458 3428 3517 Eeclesiam

146 3554 454 3612 admissum
482 3556 672 3613 fuisse.
705 3557 820 3612 Sub
852 3557 967 3614 haec
992 3566 1172 3612 autem
1204 3557 1510 3628 imperante
1546 3556 1729 3626 Decio,
1765 3557 2208 3614 Christianorum
2246 3560 2425 3627 hoste,
2453 3558 2514 3615 Β.
2543 3558 2778 3630 Babylas
2808 3572 2908 3629 pro
2927 3558 3152 3615 Christo
3179 3558 3424 3615 cervices

144 3648 315 3705 dedit.
350 3648 510 3717 Quod
544 3649 610 3705 de
646 3650 971 3720 poenitentia
999 3651 1175 3720 deque
1200 3648 1624 3707 Cbristianismo
1653 3650 1887 3721 Philippi
1929 3650 1999 3706 ab
2030 3649 2270 3707 Eusebio
2305 3666 2415 3707 non
2441 3650 2597 3721 quasi
2624 3659 2857 3718 certum,
2884 3651 2978 3706 sed
3010 3666 3107 3707 ceu
3142 3667 3173 3706 a
3201 3651 3430 3721 quibus-

100 3778 103 3781 -
144 3741 271 3796 dam
305 3742 550 3797 auditum
580 3754 854 3809 narratur,
888 3757 919 3798 a
950 3743 1138 3799 multis
1166 3751 1392 3798 vocatur
1421 3743 1475 3797 in
1527 3742 1777 3798 dubium.
1808 3742 2088 3797 Adeantur
2120 3744 2177 3809 ii,
2220 3745 2311 3814 qui
2341 3760 2405 3799 ex
2437 3745 2690 3800 instituto
2724 3760 2836 3800 rem
2869 3744 3120 3814 pluribus
3148 3753 3423 3800 tractave-

144 3846 293 3891 runt.
330 3834 641 3891 Verisimile
662 3844 843 3892 autem
879 3843 981 3902 est,
1025 3836 1100 3890 uti
1135 3835 1405 3900 dicebam,
1436 3850 1503 3890 ex
1531 3835 1760 3891 historia
1808 3837 1900 3892 illa
1935 3838 2195 3893 Gordiani
2246 3854 2277 3893 a
2302 3838 2550 3908 Philippo
2580 3839 2706 3895 (εωεί
2741 3852 2995 3894 manasse
3047 3838 3218 3903 illam,
3256 3854 3424 3909 quam

142 3927 398 3997 superius
428 3943 496 3984 ex
529 3927 926 3999 Cbrysostomo
956 3928 1280 3995 retulimus;
1310 3928 1403 3984 sed
1437 3928 1508 3982 ita
1538 3929 1879 3998 deturpatam
1904 3928 2376 4001 deformatamque
2408 3930 2463 3984 in
2490 3931 2748 3986 omnibus
2773 3931 2890 3986 suis
2912 3929 3184 4001 partibus,
3222 3937 3283 3984 ut
3314 3929 3423 3983 alia

141 4021 364 4091 penitus
394 4035 518 4077 esse
550 4019 838 4090 videatur.

215 4143 401 4215 Longe
430 4144 651 4200 saniora
678 4155 805 4199 sunt
834 4159 956 4214 quae
988 4144 1054 4199 de
1095 4144 1341 4214 reliquiis
1372 4143 1429 4198 S.
1460 4144 1678 4217 Babylae
1711 4160 1777 4199 ex
1811 4142 2078 4201 suburbio
2113 4140 2365 4215 Daphnes
2397 4145 2450 4201 In
2486 4146 2674 4201 urbem
2704 4145 3057 4202 Antiochiam
3087 4145 3422 4218 Chrysosto-

141 4256 266 4297 mus
294 4248 561 4302 recenset,
593 4253 800 4293 necnon
830 4237 898 4294 de
932 4237 1135 4307 templo
1157 4238 1424 4307 Apollinis
1453 4239 1719 4295 divinitus
1751 4247 1897 4294 tacto
1925 4250 1981 4296 et
2001 4241 2312 4296 combusto.
2342 4239 2551 4297 Horum
2578 4241 2725 4296 enim
2761 4255 2868 4296 non
2904 4240 3022 4311 ipse
3050 4242 3215 4296 modo
3243 4237 3391 4312 Cbry
3418 4278 3424 4285 -

141 4344 423 4391 sostomus
442 4331 595 4405 [5251]
620 4334 869 4389 oculatus
910 4333 1060 4388 testis
1088 4341 1235 4395 erat;
1254 4332 1348 4387 sed
1373 4334 1537 4388 etiam
1577 4326 1769 4390 omnes
1792 4334 1913 4405 ejus
1947 4336 2248 4403 auditores,
2280 4352 2422 4407 quos
2449 4336 2503 4391 in
2531 4337 2758 4392 homilia
2786 4352 2887 4394 sua
2916 4336 3237 4409 alloquitur.
3272 4336 3422 4396 Illius

140 4427 288 4482 enim
323 4425 557 4498 prodiin
582 4439 708 4482 eum
736 4424 790 4480 in
822 4425 1044 4481 bomilia
1078 4435 1192 4480 tum
1225 4425 1281 4479 in
1316 4424 1456 4480 libro
1494 4426 1562 4482 de
1589 4424 1791 4498 Babyla
1823 4427 2155 4482 mentionem
2194 4427 2344 4483 facit.

209 4546 465 4602 Homiliae
501 4547 877 4618 interpretatio
934 4547 1126 4604 Latina
1154 4559 1238 4605 est
1267 4548 1560 4605 Frontonis
1609 4549 1815 4606 Ducaei.
1846 4549 1993 4606 Libri
2055 4567 2183 4608 vero
2231 4550 2286 4607 in
2318 4551 2581 4624 Babylam
2614 4561 2671 4609 et
2705 4559 2898 4607 contra
2927 4548 3206 4607 Iulianum
3232 4528 3418 4607 inter-

141 4640 502 4709 pretationem
539 4656 733 4696 novam
763 4642 1177 4707 adornavimus,
1208 4644 1337 4715 quia
1365 4642 1621 4700 Germani
1650 4644 1815 4700 Brixii
1858 4646 1970 4713 illa,
2004 4661 2128 4717 qua:
2166 4646 2220 4701 in
2252 4645 2406 4717 prius
2445 4647 2611 4702 editis
2639 4658 2778 4714 erat,
2803 4645 3165 4717 paraphrasin
3192 4644 3420 4699 omnino

143 4734 407 4803 sapiebat.

187 5039 3003 5069 WW

659 5200 833 5286 ΕΙΣ
888 5201 1114 5286 TON
1171 5200 1509 5286 AI‘ION
1563 5201 2192 5290 IEPOMAPTY

1374 5200 1509 5286 DN
1563 5201 2325 5290 IEPOMAPTYPA
2380 5205 2908 5295 ΒΑΒΥΑΑΝ.

217 5496 287 5550 α’.
308 5492 453 5564 Ἐγὼ
472 5492 891 5577 μὲνᾼὲβουλόμην
909 5493 1275 5549 ἁποδοῠναιτὸ
1294 5496 1450 5569 χρέος
1466 5501 1726 5570 τήμερον,
1838 5499 1888 5571 τε
1920 5499 2109 5564 ﬁdem;
2145 5501 2363 5566 Μεταξὺ
2397 5505 2586 5572 φανεὶς
2618 5507 2646 5558 ὁ
2681 5503 2947 5576 μακάριος
2978 5503 3243 5568 Βαϐύλας,
3275 5506 3410 5577 πρὸς

152 5578 181 5630 ὃ
213 5577 406 5649 πρώην
445 5573 680 5631 ἐνταῦθα
726 5577 1015 5649 γενόμενος
1059 5578 1371 5651 ὑπεσχόμην
1405 5581 1559 5654 ὑμῖν*
1596 5580 1731 5635 ἀλλὰ
1838 5582 2029 5638 ἑαυτὸν
2078 5584 2226 5654 ἡμᾶς
2273 5587 2554 5653 ἐκάλεσεν,
2585 5589 2645 5642 οὐ
2683 5573 2877 5658 ’φωνὴν
2921 5587 3098 5656 ἀφεὶς,
3153 5588 3289 5645 ἀλλὰ
3320 5573 3410 5665 -τῇ

478 5676 751 5732 I’ATBOL.
788 5673 906 5733 (In.
949 5673 1014 5733 L.
3036 5670 3100 5733 .8
