3876 6286
1133 103 1163 130 1

506 259 604 313 529

495 376 802 447 λαμπηδόνι
835 376 934 446 τῆς
983 373 1152 444 ὂψεως
1189 373 1521 446 ἐκστρέψας
1562 374 1730 444 ἡμᾶς.
1768 371 1859 442 Μὴ
1891 371 2070 424 τοίνυν

493 467 866 539 δυσχεράνητε
918 466 1056 536 πρὸς
1089 465 1185 535 τὴν
1235 465 1527 536 ὑπέρθεσιν
1563 463 1664 534 τῆς
1731 462 2070 522 ἀποδόσεωςο

499 561 719 622 πάντως
760 561 872 629 ὅσῳ
907 557 1107 611 πλείων
1133 557 1342 625 γίνεται
1365 558 1393 610 ό
1418 557 1628 627 χρόνος,
1658 554 1898 623 τοσούτῳ
1923 553 2018 606 καὶ¹
2046 554 2075 606 ό

499 651 656 714 τόκος
690 648 822 719 ὑμῖν
861 646 1100 713 αὒξεται.
1151 646 1306 700 Μετά
1356 647 1465 718 γάρ
1501 646 1662 698 τόκου
1707 643 1770 698 τὸ
1813 642 2076 715 ἀργύριον

500 740 656 793 τοῦτο
674 737 977 792 καταϐαλού
986 737 1125 808 μεθα
1145 753 1158 768 ·
1186 737 1374 806 ἐπειδὴ
1391 737 1486 789 καλ⁸
1507 738 1535 789 6
1556 734 2076 806 παρακαταθέμενος

500 833 633 885 αὐτὸ
655 829 928 899 Δεσπότης
953 827 1128 892 οὑτως
1155 827 1432 882 ἐκέλευσε.
1453 825 1794 899 Θαρροῦντες
1817 819 1908 878 οὐν
1935 821 2076 895 ὑπὲρ

497 921 607 995 τῶν
641 919 1090 990 δεδανεισμένων,
1135 919 1212 982 ῶς
1251 916 1471 972 καὶτοῦ
1501 915 1799 987 κεφαλαίου
1839 913 1935 969 καλ⁵
1975 914 2076 984 τῆς

496 1010 758 1082 ἐργασίας
812 1010 1082 1082 μενόντων
1129 1009 1280 1081 ὑμῖν,
1325 1008 1388 1062 τὸ
1432 1006 1788 1080 παρεμπεσὸν
1837 1007 2076 1076 σήμερον

505 1102 698 1173 κέρδος
745 1101 820 1173 μὴ
877 1101 1363 1173 παραδράμωμεν,
1407 1099 1543 1154 ἀλλά
1570 1097 2079 1169 κατατρυφήσωμεν

508 1192 618 1246 τῶν
650 1194 743 1246 τοῦ
777 1193 1050 1264 μακαρίου
1084 1191 1302 1245 Βαϐὑλα
1333 1189 1796 1263 κατορθωμάτων.

571 1329 760 1392 Ὅπως
793 1328 890 1398 μὲν
920 1323 1012 1382 οὐν
1040 1328 1142 1398 τῆς
1180 1326 1506 1399 Ἐκκλησίας
1537 1324 1775 1396 προέστη
1801 1323 1901 1395 τῆς
1945 1321 2078 1392 παρ’

503 1422 659 1490 ήμῖν.
683 1419 776 1475 καὶ
803 1419 899 1490 τὴν
917 1419 1067 1490 ἱερὸν
1093 1419 1297 1490 ταύτην
1315 1418 1540 1472 διέσωσε
1563 1415 1720 1480 ναῦν,
1747 1418 1806 1470 ἐν
1827 1413 2077 1485 χειμῶνι,

498 1513 593 1566 καὶ
632 1510 884 1574 κλύδωνι,
939 1510 1036 1564 καὶ
1088 1505 1318 1582 κύμασι,
1368 1509 1462 1562 καὶ
1501 1509 1632 1578 ὅσην
1686 1507 1822 1578 πρὸς
1861 1503 2081 1575 βασιλέα

501 1602 814 1676 παρρησίαν
853 1602 1183 1668 ἐπεδείξατο,
1221 1602 1318 1656 καί⁵
1366 1599 1488 1664 πῶς
1536 1598 1635 1671 τὴν
1669 1597 1846 1670 ψυχὴν
1885 1595 2079 1666 ἔθηκεν

502 1696 644 1768 ὑπὲρ
677 1696 786 1750 τῶν
822 1693 1134 1766 προϐάτων,
1164 1693 1257 1746 καὶ
1276 1693 1375 1764 τὴν
1410 1691 1685 1763 μακαρίαν
1726 1689 1940 1759 ἐκείνην
1972 1686 2081 1740 ἐδέ-

505 1789 632 1851 ξατο
671 1790 919 1860 σφαγήνο
961 1783 1156 1850 ταῦτα,
1187 1785 1282 1839 καὶ
1310 1783 1380 1838 τά
1412 1783 1662 1847 τοιαῦτα,
1697 1783 1810 1845 τοῖς
1848 1779 2082 1851 πρεσϐυ-

502 1879 685 1949 τέροις
709 1877 817 1931 τῶν
841 1875 1174 1930 διδασκάλων
1193 1875 1286 1927 καὶ
1316 1873 1394 1945 τῷ
1411 1871 1577 1944 κοινῷ
1595 1871 1762 1943 πατρί
1783 1867 1906 1942 [τῷ]
1924 1867 2081 1939 ἡμῶν

497 1971 790 2042 ἀφήσομεν
821 1970 1018 2023 εἰπεῖν.
1045 1968 1128 2022 Τά
1173 1966 1283 2039 γὰρ
1320 1965 1653 2038 ἀρχαιότερα
1682 1962 1790 2016 τῶν
1816 1959 2080 2033 πραγμά-

499 2078 609 2114 των
635 2062 684 2114 οἰ
710 2059 1085 2132 γεγηρακότες
1108 2059 1236 2129 ὑμῖν
1255 2057 1507 2111 δύνανται
1533 2053 1838 2126 διηγεῖσθαι
1866 2052 2044 2116 καλῶς
2062 2067 2078 2084 ο

493 2153 602 2206 ’ὅσα
632 2152 689 2206 δὲ
715 2151 911 2205 νεωστὶ
941 2151 1158 2220 γέγονε,
1181 2150 1279 2203 καὶ
1319 2149 1412 2203 ἐπὶ
1438 2149 1538 2218 τῆς
1560 2145 1779 2218 ἡλικίας
1804 2145 1904 2214 τῆς
1947 2145 2083 2214 ήμε-

499 2243 686 2315 τέρας,
714 2241 888 2296 ταῦτα
930 2242 960 2295 6
985 2239 1106 2304 νέος
1139 2237 1252 2308 ἐγὼ
1283 2238 1421 2310 πρὸς
1453 2237 1598 2307 ὑμᾶς
1629 2234 1984 2305 διηγήσομαι,
2013 2230 2084 2284 τὰ

503 2335 642 2407 μετά
667 2333 924 2404 τελευτὴν
944 2332 1113 2401 λέγω,
1143 2331 1212 2383 τά
1246 2329 1384 2401 μετά
1408 2327 1509 2399 τήν
1539 2326 1715 2397 ταφὴν
1747 2323 1843 2377 τοῦ
1879 2323 2084 2394 μάρτυ-

503 2445 618 2500 ρος,
647 2427 718 2480 τά
757 2426 920 2498 ἡνίκα
953 2426 1012 2477 ἐν
1053 2422 1130 2494 τῷ
1167 2420 1476 2494 προαστείῳ
1517 2417 1774 2491 διέτριϐε.
1815 2417 1926 2471 Καὶ
1965 2411 2083 2469 οἰδα

496 2520 627 2591 μὲν,
656 2519 738 2571 ὅτι
781 2517 1104 2586 γελάσονται
1141 2515 1241 2585 τὴν
1283 2512 1574 2582 ὑπόσχεσιν
1607 2509 1763 2582 ἡμῶν
1801 2507 2080 2577 Ἕλληνες,

490 2612 552 2664 εἰ
602 2609 742 2681 μετὰ
783 2608 1044 2678 τελευτὴν
1084 2606 1178 2662 καὶ
1224 2602 1401 2676 ταφὴν
1435 2602 1505 2657 τὰ
1545 2602 1638 2656 τοῦ
1685 2601 1950 2671 ταφέντος
1988 2597 2084 2651 καὶ

485 2698 843 2762 ’διαλυθέντος
871 2699 952 2762 εἰς
983 2697 1134 2751 κόνιν
1165 2691 1574 2764 ὑπισχνούμεθα
1603 2691 1783 2761 λέγειν
1809 2689 2081 2762 ἀνδραγα-

491 2792 755 2862 α’θήματα·
790 2791 851 2844 οὑ
887 2789 995 2861 μὴν
1037 2787 1127 2844 διὰ
1151 2787 1316 2841 τοῦτο
1348 2787 1666 2856 σιγήσομεν,
1701 2781 1838 2836 άλλά
1880 2781 1976 2834 καὶ
2013 2779 2082 2832 δι’

508 2883 644 2936 αὐτὸ
667 2881 828 2936 τοῦτο
859 2880 1096 2953 μάλιστα
1120 2877 1376 2950 ἐροῦμεν,
1407 2877 1495 2930 ἵνα
1522 2875 1583 2929 τὸ
1603 2872 1904 2947 παράδοξον
1926 2869 2084 2924 τοῦτο

488 2976 774 3043 θδείξαντες
814 2973 1052 3044 ἀληθῶς,
1083 2972 1174 3026 τὸν
1203 2970 1417 3040 γέλωτα
1454 2969 1534 3032 εἰς
1553 2969 1652 3038 τὴν
1678 2965 1900 3020 ἐκείνων
1927 2979 2084 3034 περι-

505 3067 794 3141 τρέψωμεν
835 3064 1098 3135 κεφαλήν.
1142 3060 1456 3134 ’Δνθρώπου
1494 3059 1589 3130 μὲν
1618 3059 1726 3130 γὰρ
1767 3054 1953 3119 ἁπλῶς
1981 3053 2083 3109 οὑκ

507 3162 574 3214 ἂν
619 3159 830 3227 γένοιτο
860 3154 1263 3226 κατορθώματα
1298 3151 1436 3224 μετά
1473 3150 1759 3221 τελευτήν·
1805 3149 2082 3220 μάρτυρος

488 3252 560 3306 δὲ
609 3250 803 3320 γένοιτ’
855 3248 922 3303 ἂν
966 3245 1141 3301 πολλά
1189 3246 1286 3300 καὶ
1337 3243 1570 3316 μεγάλα,
1604 3243 1702 3311 οὐχ
1739 3241 1825 3295 ἵνα
1872 3241 2084 3302 ἐκεῖνος

495 3339 886 3410 λαμπρότερος
920 3338 1144 3407 γένηται
1191 3334 1369 3404 (οὐδὲν
1391 3334 1500 3405 γὰρ
1526 3331 1676 3402 αὐτῷ
1701 3331 1782 3384 δεῖ
1805 3330 1903 3401 τῆς
1931 3328 2084 3400 παρά

507 3435 617 3488 τῶν
643 3432 851 3486 πολλῶν
880 3430 1082 3498 δόξης),
1101 3426 1214 3482 ἀλλ’
1246 3427 1335 3481 ἵνα
1363 3427 1428 3479 σύ
1463 3423 1640 3496 μάθῃς
1671 3424 1700 3474 6
1731 3422 1979 3485 ἄπιστος,
1999 3421 2082 3474 ὃτι

501 3529 738 3586 θάνατος
801 3522 1093 3594 μαρτύρων
1139 3519 1240 3573 οὐκ
1291 3517 1406 3570 ἐστι
1457 3516 1705 3581 θάνατος,
1753 3512 1888 3567 ἀλλά
1935 3510 2082 3583 ζωῆς

503 3619 776 3690 βελτίονος
791 3613 934 3685 ἀρχὴ
954 3611 1048 3666 καὶ
1074 3608 1347 3674 πολιτείας
1368 3605 1886 3678 πνευματικωτέρας
1898 3604 2082 3676 προοί-

515 3730 633 3786 μια,
678 3711 774 3766 καὶ
824 3707 1152 3780 μετάστασις
1203 3702 1311 3757 ἀπὸ
1352 3700 1460 3755 τῶν
1493 3700 1788 3755 ἐλαττόνων
1826 3698 1961 3768 πρὸς
2017 3697 2083 3752 τά

505 3804 722 3876 βελτίω.
748 3802 840 3873 Μὴ
857 3799 966 3871 γάρ
991 3798 1057 3870 δὴ
1077 3795 1236 3850 τοῦτο
1265 3794 1402 3867 ἴδῃς,
1418 3793 1499 3847 ὅτι
1522 3792 1726 3862 γυμνὸν
1748 3790 1841 3844 τοῦ
1877 3790 2082 3862 μάρτυ-

512 3916 603 3972 ρος
632 3897 693 3950 τὸ
725 3895 887 3965 σῶμα
917 3891 1202 3963 πρόκειται
1236 3887 1334 3959 τῆς
1368 3885 1606 3956 ψυχικῆς
1637 3883 1914 3955 ἐνεργείας
1948 3883 2080 3956 ἐρη-

509 4007 645 4062 μονο
675 3988 786 4043 ἀλλ’
823 3988 1000 4039 ἐκεῖνο
1034 3983 1249 4044 σκόπει,
1279 3981 1360 4033 ὅτι
1389 3979 1489 4048 τῆς
1515 3978 1691 4048 ψυχῆς
1721 3976 1891 4046 αὐτῆς
1917 3977 2079 4048 ἐτέρα

509 4081 898 4155 παρακάθηται
948 4075 1149 4149 μείζων
1195 4071 1344 4143 αὐτῷ
1391 4071 1640 4141 δύναμις,
1695 4070 1728 4139 ἡ
1777 4069 1872 4123 τοῦ
1923 4069 2078 4138 ἁγίου

506 4175 827 4244 Πνεὺματος
858 4167 1039 4240 χάρις,
1081 4165 1246 4219 πᾶσιν
1286 4161 1426 4244 ὑπερ
1449 4160 1544 4230 τῆς
1573 4159 1922 4220 ἀναστάσεως
1953 4160 2082 4210 ἀπο-

505 4235 964 4335 λογουμένῳ-δι’
1010 4250 1084 4309 ὧν
1137 4235 1551 4322 θαυματοποιεῖ.
1629 4247 1779 4321 [552]
1851 4249 1912 4301 Εἰ
1971 4249 2080 4319 γὰρ

511 4359 721 4430 νεκροῖς
744 4352 958 4422 σώμασι
976 4347 1070 4401 καὶ
1098 4341 1426 4397 διαλυθεῖσιν
1450 4340 1529 4402 εἰς
1557 4339 1708 4392 κόνιν
1733 4338 1951 4409 μείζονα
1972 4337 2080 4392 τῶν

511 4426 730 4514 ζώντων
777 4439 1030 4495 ἀπάντων
1061 4433 1289 4502 δύναμιν
1311 4432 1341 4482 6
1385 4426 1515 4491 Θεὸς
1551 4429 1867 4500 ἐχαρίσατο,
1901 4427 2081 4498 πολλῷ

514 4539 716 4612 μᾶλλον
738 4537 924 4598 αὐτοῖς
953 4532 1100 4604 ζωὴν
1143 4533 1417 4604 χαριεῖται
1439 4528 1633 4601 βελτίω
1661 4531 1763 4600 τῆς
1785 4528 2079 4600 προτέρας,

506 4632 606 4688 καὶ
646 4626 1065 4702 μακαριωτέραν
1109 4623 1252 4678 κατὰ
1277 4623 1370 4677 τὸν
1405 4621 1516 4675 τῶν
1556 4622 1836 4693 στεφάνων
1869 4623 2080 4694 καιρόν.

506 4726 645 4780 Τίνα
665 4719 758 4778 οὖν
789 4723 938 4774 ἐστιν
952 4718 1117 4772 αὑτοῦ
1137 4717 1203 4772 τὰ
1233 4714 1672 4787 κατορθώματα;
1706 4715 1869 4769 Ἀλλά
1900 4717 1976 4786 μὴ
1996 4717 2114 4787 ϐο..
2185 4711 2248 4746 στ

2105 4779 2152 4829 κ
2183 4752 2520 4850 τοῦπατρὸς
2541 4776 2633 4830 τὸν
2670 4771 3004 4843 ὑψηλότατον
3041 4766 3140 4837 τῆς
3165 4762 3320 4831 δόξης
3365 4757 3613 4825 κατέχων
3641 4752 3758 4850 066-

513 4815 812 4891 ρυϐηθῆτε,
846 4813 915 4867 ἂν
949 4811 1142 4882 μικρὸν
1168 4808 1426 4877 ἀνωτέρω
1451 4809 1544 4862 τὸν
1569 4808 1727 4876 λόγον
1763 4807 2080 4879 ἀγάγωμεν.

511 4909 620 4963 Καὶ
657 4906 768 4979 γὰρ
797 4906 846 4959 οἰ
871 4904 973 4968 τάς
1001 4903 1217 4967 εἰκόνας
1243 4901 1508 4969 ἐπιδεῖξαι
1544 4899 1858 4972 βουλόμενοι
1880 4900 2079 4968 καλῶς,

510 5000 710 5075 μικρὸν
725 4999 819 5052 τοῦ
840 4996 1165 5051 πινακίσκου
1183 4995 1309 5058 τοὺς
1332 4993 1636 5065 θεωμένους
1653 4993 2079 5064 ἀποστήσαντες,

505 5094 683 5156 οὑτως
712 5089 880 5154 αὑτὰς
913 5084 1336 5150 ἐκκαλύπτουσι,
1387 5085 1729 5158 σαφεστέραν
1757 5084 1837 5156 τῷ
1858 5086 2080 5158 διαστή-

510 5202 642 5258 ματι
680 5182 959 5245 ποιοῦντες
992 5178 1091 5250 τὴν
1119 5176 1242 5250 ὄψιν
1275 5178 1480 5244 αὐτοῖς.
1535 5180 1859 5252 Ἀνάσχεσθε
1904 5180 2082 5235 τοίνυν

505 5279 600 5330 καὶ
639 5277 798 5347 ὑμεῖς
837 5274 915 5337 εἰς
951 5270 1192 5324 τούπίσω
1233 5269 1325 5323 τὸν
1357 5270 1513 5340 λόγον
1543 5269 1877 5326 ἀνελκόντων
1903 5273 2079 5344 ἡμῶν.

587 5409 807 5479 Ἐπειδὴ
834 5408 941 5478 γὰρ
972 5406 1000 5459 6
1033 5405 1242 5468 πάντας
1274 5403 1503 5476 ἀσεϐείᾳ
1527 5407 1757 5477 νικήσας
1794 5406 2080 5474 Ἰουλιανὸς

505 5501 672 5574 ἀνέϐη
724 5501 816 5554 ἐπὶ
844 5502 936 5554 τὸν
967 5501 1157 5572 θρόνον
1202 5500 1295 5554 τὸν
1340 5499 1643 5572 βασιλικὸν,
1673 5503 1766 5556 καὶ
1802 5502 1912 5557 τῶν
1947 5506 2080 5578 σκή-

508 5610 693 5665 πτρων
722 5591 1014 5646 ἐπελάϐετο
1039 5593 1148 5647 τῶν
1184 5591 1543 5658 δεσππικῶν,
1577 5594 1778 5659 εὐθέως
1805 5595 1902 5649 καὶ
1937 5596 2080 5651 κατά

501 5685 600 5735 τοῦ
635 5685 992 5756 πεποιηκότος
1019 5686 1179 5742 αὑτὸν
1217 5687 1316 5753 τὰς
1342 5689 1530 5759 χεῖρας
1553 5688 1754 5761 ἀντῆρε
1792 5689 1949 5756 Θεοῦ,
1981 5689 2075 5745 καὶ

1197 262 1252 317 S.
1293 259 1580 319 JOANNIS
1617 261 2110 322 CHRYSOSTOMI
2146 262 2471 321 ARCHIEP.
2513 264 3066 326 CONSTANTINOP.

3640 255 3756 312 5‘50

2173 371 2266 425 τὸν
2289 371 2583 443 εὐεργέτην
2600 371 2856 441 ἠγνόησε,
2879 371 2972 424 καὶ
2993 368 3235 424 κάτωθεν
3250 367 3361 422 ἀπὸ
3371 368 3470 440 τῆς
3491 370 3595 442 γῆς
3613 373 3757 444 πρῆε

2171 463 2264 516 τὸν
2290 463 2516 534 οὐρανὸν
2548 462 2760 533 βλέπων
2801 462 3024 515 ὑλάκτει
3060 460 3202 514 κατά
3231 461 3357 524 τοὺς
3390 461 3756 531 μαινομένους

2171 555 2281 608 τῶν
2309 553 2509 614 κυνῶν,
2539 554 2588 607 οἳ
2611 553 2708 607 καὶ
2748 551 2858 605 τῶν
2890 551 2964 623 μὴ
2989 549 3322 622 τρεφόντων,
3356 549 3452 604 καὶ
3475 550 3586 604 τῶν
3620 567 3754 623 τρε-

2174 643 2382 714 φόντων
2427 643 2628 715 ὁμοίως
2676 641 3020 697 καταϐοῶσιο
3058 641 3258 712 μᾶλλον
3306 641 3363 694 δέ
3395 643 3492 694 καὶ
3523 641 3758 697 ἐκείνων

2173 735 2514 808 ἀγριωτέραν
2542 736 2718 806 ἐμάνη
2755 734 2972 805 μανίαν.
3015 734 3078 785 Ol
3115 732 3213 804 μὲν
3242 732 3350 803 γὰρ
3387 732 3484 785 καὶ
3514 734 3644 796 τοὺς
3679 733 3749 785 οἰ·

2175 827 2355 891 κείους
2393 827 2490 881 καὶ
2539 829 2667 890 τοὺς
2715 823 3028 897 ἀλλοτρίους
3069 823 3272 895 ὁμοίως
3311 823 3760 895 ἀποστρέφονται

2175 921 2270 974 καὶ
2296 919 2542 990 μισοῦσιν
2561 939 2572 950 ο
2601 912 2756 982 οὗτος
2774 918 2831 970 δὲ
2855 919 2982 980 τοὺς
3005 916 3102 987 μὲν
3125 915 3439 987 ἀλλοτρίους
3452 913 3555 985 τῆς
3584 913 3758 968 αὐτοῦ

2178 1007 2452 1077 σωτηρίας
2484 1005 2742 1076 δαίμονας
2773 1004 2976 1067 έσαινε,
3005 1003 3100 1055 καὶ
3131 1003 3294 1055 παντὶ
3311 1000 3614 1070 θεραπείας
3647 999 3776 1053 ἐθεα-

2181 1095 2386 1168 ράπευε
2415 1095 2636 1166 τρόπῳο
2669 1095 2760 1148 τὸν
2787 1094 2844 1147 δὲ
2883 1092 3201 1164 εὐεργέτην,
3246 1091 3338 1144 καὶ
3382 1089 3629 1160 σωτῆρα,
3665 1089 3758 1143 καὶ

2179 1187 2314 1259 μηδέ
2333 1183 2429 1238 τοῦ
2459 1183 2797 1253 Μονογενοῦς
2826 1183 3152 1252 φεισάμενον
3171 1180 3238 1233 δι’
3265 1179 3449 1244 αὐτὸν,
3473 1179 3769 1248 ἀπεστρά.

2177 1294 2274 1349 φη,
2302 1277 2397 1332 καὶ
2437 1276 2639 1347 ἐμίσει,
2673 1276 2768 1329 καὶ
2791 1274 2886 1327 τὸν
2912 1274 3144 1344 σταυρὸν
3171 1271 3404 1343 διέσυρε,
3437 1271 3704 1342 πρᾶγμα,
3731 1274 3759 1325 ὅ

2176 1372 2276 1441 τὴν
2305 1370 2632 1441 οἰκουμένην
2683 1371 2767 1423 ἐπ’
2796 1369 2919 1438 ὄψιν
2965 1365 3228 1439 κειμένην
3255 1367 3543 1437 ἀνέστησε,
3567 1367 3673 1419 καὶ
3704 1365 3764 1418 τὸ

2179 1465 2371 1529 σκότος
2418 1463 2684 1517 πάντοθεν
2721 1461 2992 1532 ἀπήλασε,
3046 1457 3279 1514 καὶτῶν
3329 1456 3565 1510 ἀκτίνων
3628 1457 3758 1525 ἡμῖν

2178 1557 2560 1628 λαμπρότερον
2598 1556 2860 1624 εἰσήγαγε
2905 1551 3042 1621 φῶς.
3074 1551 3182 1604 Καὶ
3213 1547 3333 1602 οὑδέ
3383 1547 3622 1601 ἐνταῦθα
3661 1548 3758 1616 τῆς

2184 1647 2383 1719 μανίας
2405 1646 2615 1709 ἵστατο,
2647 1642 2761 1696 ἀλλ’
2799 1645 2863 1696 ἐκ
2900 1641 3071 1712 μέσης
3097 1636 3510 1710 ἀναρπάσεσθαι
3550 1636 3660 1705 τῆς
3687 1637 3757 1687 οἰ-

2179 1741 2452 1812 κουμένης
2487 1740 2546 1794 τὸ
2575 1739 2686 1792 τῶν
2712 1737 3012 1790 Γαλιλαίων
3040 1733 3190 1797 ἔθνος
3229 1729 3600 1800 ἐπηγγέλλετο
3620 1745 3636 1758 °
3671 1727 3765 1780 καὶ

2178 1833 2286 1904 γὰρ
2323 1831 2494 1892 οὕτως
2527 1831 2674 1900 ἡμᾶς
2707 1826 2888 1882 εἰώθει
2929 1825 3136 1879 καλεῖν.
3173 1823 3366 1877 Καίτοι
3399 1823 3450 1873 εἰ
3479 1820 3544 1873 τὸ
3584 1820 3765 1889 ενομα

2147 1923 2288 1991 ὶτῶν
2328 1918 2669 1993 Χριστιανῶν
2703 1918 2872 1990 μύσος
2901 1913 3041 1971 εἶναι
3070 1912 3309 1986 ἐνόμιζε,
3336 1912 3431 1965 καὶ
3463 1909 3678 1979 πολλῆς
3706 1911 3766 1964 τὸ

2182 2016 2416 2087 πρᾶγμα
2440 2013 2632 2084 γέμειν
2659 2010 2944 2081 αἰσχύνης,
2971 2009 3114 2071 τινος
3155 2007 3342 2060 ’ένεκεν
3365 2004 3464 2056 οὐκ
3505 2001 3767 2056 ἐντεῦθεν

2180 2110 2349 2181 ἡμᾶς,
2401 2106 2515 2160 ἀλλ’
2551 2105 2777 2176 όνόματι
2827 2102 2964 2173 ξένῳ
3025 2097 3407 2169 καταισχύνειν
3454 2093 3765 2163 ἐπεθύμει;

2192 2203 2353 2256 Ἀλλά
2368 2203 2478 2272 γὰρ
2501 2200 2618 2272 ᾔδει
2645 2195 2854 2267 σαφῶς,
2876 2194 3036 2248 ὅτιτὸ
3053 2191 3335 2247 καλεῖσθαι
3364 2188 3472 2242 ἀπὸ
3491 2187 3593 2257 τῆς
3622 2185 3767 2256 πρὸς

2180 2297 2271 2350 τὸν
2302 2295 2534 2367 Χριστὸν
2557 2291 2906 2353 οἰκειώσεως,
2933 2288 3035 2340 οὐκ
3064 2282 3375 2357 ἀνθρώποις
3405 2281 3590 2351 μόνον,
3621 2277 3767 2331 ἀλλά

2180 2389 2273 2444 καὶ
2313 2387 2583 2457 ἀγγέλοις,
2615 2385 2711 2439 καὶ
2737 2385 2854 2446 ταῖς
2882 2380 3138 2449 ἀνωτέρω
3165 2376 3426 2446 δυνάμεσι
3463 2373 3640 2443 μέγας
3670 2371 3766 2423 κό-

2183 2500 2319 2555 σμος
2341 2480 2475 2536 ἐστί.
2506 2480 2606 2532 Διά
2626 2477 2785 2532 τοῦτο
2809 2475 2984 2529 πάντα
3009 2472 3200 2534 ἐκίνει,
3226 2469 3364 2522 ὥστε
3393 2466 3584 2520 τοῦτον
3608 2464 3767 2534 ἡμᾶς

2179 2575 2521 2646 ἀποσυλῖψαι
2551 2572 2643 2625 τὸν
2677 2569 2904 2640 κόσμον,
2933 2565 3028 2620 καὶ
3057 2559 3356 2617 καταλῦσαι
3383 2557 3444 2610 τὸ
3470 2558 3766 2646 κήρυγμα.

2195 2667 2356 2722 Ἀλλά
2411 2645 2569 2720 τοῦτο
2616 2662 2897 2733 ἀμήχανον
2941 2652 3032 2728 ἦν,
3081 2653 3233 2708 ἄθλιε
3273 2650 3371 2704 καὶ
3418 2645 3763 2715 ταλαίπωρε,

2181 2763 2373 2831 ὥσπερ
2402 2759 2680 2829 ἀμήχανον
2725 2749 2793 2824 ἦν
2834 2747 3186 2818 κατασκάψαι
3230 2744 3321 2799 τὸν
3359 2739 3618 2813 οὐρανὸν,
3669 2737 3764 2790 καὶ

2183 2852 2372 2907 σϐέσαι
2401 2851 2493 2904 τὸν
2521 2847 2696 2918 ἥλιον,
2724 2845 2817 2898 καὶ
2860 2842 2930 2898 τὰ
2971 2839 3201 2911 θεμέλια
3229 2836 3330 2906 τῆς
3357 2834 3460 2906 γῆς
3487 2833 3764 2885 διασεῖσαι

2182 2945 2278 3000 καὶ
2302 2942 2650 2999 καταϐαλεῖν.
2668 2938 2776 2993 Καὶ
2797 2937 2971 2991 ταῦτα
2991 2927 3444 3006 προανεφῶνησεν
3473 2926 3501 2978 6
3524 2921 3761 2994 Χριστὸς

2182 3037 2355 3101 οὑτως
2378 3033 2574 3089 εἰπών·
2625 3033 2688 3086 '0
2733 3027 2990 3099 οὐρανός
3027 3024 3128 3078 καὶ
3152 3025 3190 3091 ἡ
3223 3019 3302 3092 γῆ
3347 3016 3762 3087 παρελεύσον-

2182 3147 2276 3185 ται
2295 3145 2310 3160 ’
2333 3133 2387 3184 οἱ
2411 3129 2479 3182 δὲ
2503 3128 2671 3196 λόγοι
2696 3142 2815 3194 μου
2841 3124 2912 3177 οὐ
2937 3118 3024 3191 μὴ
3053 3115 3455 3186 παρέλθωσιν.
3499 3107 3645 3162 Ἀλλ’
3668 3106 3760 3196 οὐκ

2181 3220 2346 3293 ἀνέχῃ
2373 3219 2470 3274 τοῦ
2504 3194 2743 3286 Χριστοῦ
2780 3214 3032 3281 λέγοντος
3055 3227 3068 3239 ·
3096 3206 3290 3264 οὐκοῦν
3313 3204 3470 3273 δέχου
3516 3199 3622 3271 τὴν
3658 3194 3763 3250 ἀπὸ

2180 3288 2673 3383 τῶν-’πραγμάτων
2709 3308 2912 3376 φωνήν.
2957 3301 3098 3371 Ἐγὼ
3135 3297 3232 3371 μὲν
3259 3296 3366 3366 γὰρ
3400 3288 3762 3354 καταξιωθεὶς

2181 3381 2401 3469 εἰδέναι,
2432 3381 2647 3458 τίνποτέ
2681 3403 2828 3454 ἐστιν
2865 3396 3139 3465 ἀπόφασις
3165 3389 3327 3454 Θεοῦ,
3371 3386 3490 3447 πῶς
3517 3381 3762 3454 ἰσχυρὸν,

2182 3499 2275 3553 καὶ
2306 3497 2518 3569 ἄμαχον
2559 3493 2811 3565 πρᾶγμα,
2849 3489 2945 3542 καὶ
2984 3487 3085 3556 τῆς
3125 3483 3362 3554 φυσικῆς
3409 3474 3760 3569 ἀκολουθίας,

2181 3593 2276 3646 καὶ
2299 3566 2397 3662 τῆς
2424 3566 2534 3642 τῶν
2563 3584 2905 3657 πραγμάτων
2953 3578 3150 3648 πείρας
3191 3573 3409 3628 πάντων
3445 3566 3762 3630 ἀξιόπιστοι

2179 3656 2570 3756 τέρανψταὺτην
2597 3656 2736 3730 εἶναι
2767 3672 3107 3728 πεπίστευκα
3125 3683 3140 3698 θ
3166 3667 3229 3720 σὺ
3256 3664 3313 3717 δὲ
3335 3665 3362 3716 6
3391 3659 3571 3732 χαμαί
3600 3656 3761 3727 συρό-

2185 3749 2346 3848 μενος
2381 3773 2482 3836 ἐτι,
2528 3749 2622 3824 καὶ
2664 3767 2799 3840 πρὸς
2828 3760 3106 3832 λογισμῶν
3139 3753 3473 3825 ἐπτοημένος
3513 3749 3760 3812 ἐξέτασιν

2181 3841 2563 3936 ἀνθρωπίνων,
2591 3859 2747 3929 δέχου
2785 3854 2883 3926 τὴν
2912 3851 3019 3905 ἀπὸ
3048 3847 3156 3901 τῶν
3186 3841 3524 3936 πραγμάτων
3551 3852 3758 3908 μαρτυ-

2184 3934 2332 4030 ρίαν·
2374 3955 2526 4008 οὐδὲν
2553 3949 2838 4016 ἀντιλέγω,
2873 3942 2994 3998 οὐδὲ
3022 3934 3330 4010 φιλονεικῶ.

2255 4047 2404 4122 [535]
2435 4045 2501 4117 β’.
2537 4043 2602 4096 Τί
2622 4037 2714 4095 οὖν
2740 4038 2888 4106 λέγει
2907 4035 2976 4088 τὰ
2998 4033 3336 4104 πράγματα;
3369 4019 3536 4077 Εἶπεν
3564 4020 3596 4072 6
3628 4019 3758 4122 ξρι-

2182 4111 2325 4206 στδς,
2342 4111 2534 4195 ὅτι-τὸν
2556 4133 2782 4206 οὐρανὸν
2798 4129 2891 4183 καὶ
2911 4127 3009 4197 τὴν
3023 4124 3126 4193 γῆν
3146 4116 3441 4174 ἀπολέσθαι
3469 4111 3756 4206 εὐκολώτε-

2183 4203 2348 4309 ρον,ή
2375 4231 2484 4286 τῶν
2511 4203 2676 4282 αὐτοῦ
2699 4221 2976 4278 διαπεσεῖν
2997 4221 3121 4269 τίνα
3143 4212 3338 4279 λόγωνο
3355 4203 3759 4273 ἀντεφθέγξατο

2179 4294 2394 4390 τούτο-ις
2425 4325 2453 4377 ὁ
2505 4317 2780 4392 βασιλεὺς,
2833 4312 2930 4366 καὶ
2977 4306 3273 4379 ἠπείλησεν
3322 4302 3645 4392 ἀναιρήσειν
3694 4294 3758 4347 τά

2179 4387 2449 4489 δόγματα.
2487 4387 2599 4466 ὑοῦ
2633 4403 2727 4462 οὖν
2760 4407 2789 4458 6
2838 4399 3088 4473 βασιλεὺς
3125 4398 3156 4449 6
3199 4392 3372 4447 ταῦτα
3416 4387 3757 4458 ἀπειλήσαςς

2194 4478 2485 4570 ’Λπόλωλε,
2525 4503 2620 4557 καὶ
2653 4496 2994 4568 διέφθαρται,
3027 4491 3121 4544 καὶ
3170 4487 3264 4542 νῦν
3301 4486 3449 4538 ἐστιν
3498 4482 3578 4543 εἰς
3637 4478 3757 4550 ᾆδον

2181 4604 2282 4673 τὴν
2314 4595 2686 4668 ἀπαραίτητον
2717 4587 3001 4658 ἀναμένων
3042 4581 3286 4638 κόλασιν.
3331 4575 3441 4630 Ποῦ
3471 4575 3527 4628 δὲ
3565 4573 3599 4624 ὁ
3629 4573 3758 4673 Χρῗ

2249 4692 2328 4755 ὸς,
2359 4691 2388 4742 6
2412 4661 2595 4741 ἐκεῖνα
2619 4679 3073 4750 ἀποφηνάμενοςς
3117 4675 3205 4727 Ἐν
3227 4668 3495 4740 οὐρανοῖς,
3523 4667 3580 4717 ἐν

2181 4891 2292 4929 νον.
2341 4844 2451 4927 Ποῦ
2492 4867 2586 4921 τοῦ
2621 4863 2883 4938 βασιλέως
2917 4861 2987 4912 τά
3017 4858 3310 4928 βλάσφημα
3338 4853 3574 4938 ῥήματα,
3602 4846 3700 4898 καὶ

2181 4961 2479 5022 ἀκόλαστος
2517 4932 2767 5025 γλῶττα;
2813 4951 3003 5020 Τέφρα
3049 4945 3262 5015 γέγονε,
3310 4940 3403 4993 καὶ
3451 4937 3623 4999 κόνις,
3666 4932 3755 4998 καὶ

2182 5051 2478 5122 σκωλήκων
2497 5045 2693 5118 τροφή.
2726 5042 2838 5122 Ποῦ
2865 5039 2958 5093 τοῦ
2987 5033 3224 5110 Χριστοῦ
3241 5035 3274 5104 ὴ
3293 5031 3603 5100 ἀπόφασιςς
3637 5025 3754 5079 Ἀπ’

2181 5117 2362 5216 αὐτῆς-
2391 5141 2500 5195 τῶν
2527 5117 2868 5211 πραγμάτων
2895 5131 3100 5200 λάμπει
3131 5127 3229 5197 τῆς
3259 5121 3538 5193 ἀληθείας,
3563 5117 3754 5216 ὥσπερ

2181 5232 2289 5289 ἀπὸ
2308 5207 2320 5216 ’
2341 5229 2542 5299 στήλης
2578 5207 2790 5297 χρυσῆς
2826 5221 2926 5292 τῆς
2955 5216 3066 5272 τῶν
3114 5217 3289 5288 ἔργων
3317 5211 3595 5274 ἐκϐάσεως
3652 5207 3753 5262 ἀπ·

2179 5325 2584 5395 ἀστράπτουσα.
2601 5314 2792 5372 Καίτοι
2813 5313 2964 5366 οὐδὲν
2979 5310 3098 5362 τότε
3115 5304 3414 5378 παρέλιπεν
3431 5304 3460 5354 ό
3482 5299 3749 5371 βασιλεὺς,

2178 5389 2433 5486 τὸν-πρὸς
2457 5411 2606 5482 ἡμᾶς
2657 5406 2868 5480 μέλλων
2901 5401 3152 5473 αἴρεσθαι
3196 5396 3430 5466 πόλεμον
3452 5409 3467 5424 ο
3499 5391 3641 5445 ἀλλά
3666 5389 3752 5441 καὶ

2183 5483 2412 5580 μάντεις
2444 5501 2649 5566 ἐκάλει,
2686 5499 2779 5553 καὶ
2817 5496 3016 5567 γόητας
3054 5486 3385 5560 συνεκρότει,
3430 5483 3525 5538 καὶ
3574 5483 3748 5537 πάντα

2178 5575 2246 5670 ἦν
2277 5595 2545 5667 δαιμόνων
2575 5590 2746 5663 μεστά
2785 5589 2879 5643 καὶ
2910 5581 3238 5654 πνευμάτων
3267 5575 3542 5648 πονηρῶν.

2256 5663 2411 5751 Τίνες
2438 5682 2530 5741 οὐν
2561 5687 2614 5740 αἱ
2642 5685 2740 5747 τῆς
2783 5679 3079 5748 θεραπείας
3119 5671 3327 5742 ταύτης
3359 5667 3616 5742 ἀμοιϐαί;
3646 5663 3746 5721 υό-
