3876 6286
51 296 143 360 5‘29
1174 300 1263 358 DE
1301 301 1358 359 S.
1399 293 1943 357 ΙΙΙΕΒΟΜΑΠΤΥΒΕ
1983 298 2275 359 ΒΑΒΥΙΑ.
3228 286 3332 354 5πῦ

51 430 176 502 [μηκι
211 424 473 501 splendidi
516 424 627 480 oris
653 421 911 494 dignitate
949 434 1045 474 nos
1071 418 1137 474 ad
1182 433 1241 473 se
1274 418 1619 474 converterit.
1742 416 1880 482 tulit,
1910 416 2045 472 bene
2073 417 2318 471 meritum
2344 414 2411 469 de
2439 424 2501 470 se
2527 402 2804 487 ignoravit,
2832 421 2897 470 ac
2917 404 2985 470 de
3013 423 3151 469 terra
3185 411 3323 469 iure.

51 522 455 594 Neigiturmgre
477 516 680 579 feratis,
714 514 758 568 si
786 512 1010 568 reddere
1036 511 1380 566 diil‘eramus:
1409 511 1629 565 omnino
1734 507 1845 563 rius
1874 508 1927 562 in
1976 508 2161 562 caelum
2216 504 2532 575 respiciens,
2579 504 2889 560 rabidorum
2940 519 3091 559 more
3137 517 3328 558 canum

51 619 177 672 enim
214 620 413 686 quanto
440 607 770 679 protrahitur
801 618 1012 675 tempus
1036 604 1266 673 longius,
1297 612 1446 657 tanto
1474 604 1626 658 vobis
1732 597 2031 663 allatrabat,
2054 597 2141 667 qui
2177 596 2229 651 in
2256 596 2498 652 homines
2518 609 2551 651 a
2578 596 2767 666 quibus
2795 612 2901 650 non
2928 596 3164 662 aluntur,
3192 604 3246 649 et
3277 595 3327 648 iu

51 717 92 761 ιιι
119 708 292 762 {agnus
320 706 572 772 augetur:
593 714 713 753 nam
741 697 1020 768 pecuniam
1049 710 1168 749 cum
1185 694 1393 751 fanore
1420 694 1626 765 persol-
1731 702 1827 743 eos
1858 690 2058 758 pariter
2083 704 2111 741 a
2142 688 2336 758 quibus
2361 687 2600 752 aluntur,
2632 687 2921 743 clamorem
2948 688 3139 743 tollunt
3171 705 3184 742 :
3222 689 3330 772 iniu

51 811 221 851 vernus
247 764 512 863 (ιασῗιο.
537 789 667 860 23);
701 764 915 858 quando
941 786 1012 841 ita
1041 786 1296 841 Dominus
1332 764 1512 855 jussit,
1535 785 1626 855 qui
1730 796 1858 837 vero
1884 782 2093 836 smviori
2120 796 2277 851 quam
2310 781 2383 836 illi
2414 780 2594 836 furere
2617 780 2851 851 percitus
2897 784 3031 836 erat.
3076 780 3207 837 Nam
3253 764 3327 836 illi

51 900 229 946 nostrae
261 888 401 942 illam
429 882 550 938 lidei
574 880 867 937 commisit.
923 878 978 935 In
1019 886 1130 934 tuto
1160 890 1291 950 ergo
1314 892 1427 933 rem
1452 878 1626 933 credis
1728 875 1941 944 quidem
1991 878 2042 928 et
2085 874 2407 930 domesticos
2445 884 2500 930 et
2524 873 2726 929 alienos
2770 875 2971 946 pariter
3014 868 3329 930 aversantur

51 993 141 1036 tam
172 979 284 1034 fore
330 975 663 1032 conﬁdentes
688 1014 702 1037 ,
742 977 927 1041 utpote
955 982 1074 1026 cum
1120 983 1238 1023 sors
1266 968 1418 1024 vobis
1441 977 1495 1023 et
1537 968 1622 1023 lu-
1726 975 1781 1024 et
1809 968 2037 1023 oderunt
2068 985 2081 1020 :
2112 968 2198 1023 hic
2242 983 2368 1023 vero
2394 968 2726 1023 da-‘tnonibu‘s
2752 968 2818 1023 ab
2846 968 2963 1037 ejus
2989 967 3161 1023 salute
3197 966 3327 1022 alle-

51 1088 181 1129 crum
201 1071 421 1125 immota
448 1076 504 1123 et
529 1076 677 1121 certa
703 1072 997 1131 maneant,
1021 1061 1439 1133 interrcpentem
1462 1060 1623 1117 hodie
1727 1062 1810 1113 nis
1836 1058 2224 1124 biandiebatnr,
2255 1070 2414 1129 atque
2437 1059 2585 1114 enini
2612 1073 2706 1114 eos
2734 1059 2905 1114 cultus
2931 1070 3129 1129 genere
3173 1058 3322 1115 colei-

51 1175 294 1236 quznstum
320 1179 387 1217 ne
414 1160 907 1231 praetermittamus,
939 1156 1033 1213 sed
1061 1156 1334 1228 praeclaris
1361 1156 1622 1212 beatiiia-
1726 1149 1814 1204 bat
1847 1166 1860 1203 :
1894 1149 2030 1205 bene
2077 1156 2254 1204 autem
2280 1233 2287 1236 _
2311 1150 2379 1205 de
2435 1165 2495 1205 se
2547 1151 2835 1214 meritam.
2880 1151 2944 1205 n’c
2988 1153 3318 1207 servatorem

51 1233 167 1329 byire
196 1254 525 1310 facinoribus
555 1244 905 1306 obiectcmur.
1723 1255 1899 1308 suum,
1929 1242 2125 1312 quique
2177 1258 2245 1298 ne
2273 1233 2412 1297 Filio
2459 1242 2674 1311 quidem
2716 1254 2815 1297 suo
2846 1243 3118 1313 unigenito
3156 1242 3322 1313 ipsius

102 1348 320 1419 Babylas
358 1345 682 1400 Antiocheam
714 1340 939 1396 ecclesitc
965 1335 1271 1411 Episcopus.
1302 1369 1375 1381 —
1434 1339 1617 1394 Enim-
1721 1347 1880 1387 eausa
1907 1334 2162 1403 pepercit,
2191 1333 2538 1388 aversabatur
2556 1342 2609 1388 et
2633 1334 2836 1399 oderat,
2868 1343 3187 1405 crucemque
3221 1330 3320 1389 dc-

51 1455 155 1494 tero
181 1449 285 1509 quo
316 1444 467 1507 pacto
490 1431 774 1505 prtelcctus
816 1431 939 1486 huic
983 1430 1241 1487 Ecclesia:
1282 1442 1477 1485 nostra:
1507 1430 1616 1485 lue-
1725 1424 1953 1490 ridebat,
1980 1440 2094 1479 rem
2123 1440 2242 1494 quae
2273 1425 2536 1480 terrartim
2568 1425 2751 1479 orbem
2784 1429 3008 1494 pronum
3038 1424 3088 1480 in
3122 1420 3313 1480 facient

51 1531 121 1596 rit,
149 1538 200 1585 et
226 1530 277 1583 in
304 1527 492 1583 mediis
519 1524 787 1596 procellis,
814 1521 1239 1593 tempestatibus,
1263 1521 1617 1593 fluctibusque
1723 1517 2057 1587 provolutum
2108 1515 2301 1583 erexit,
2348 1526 2469 1586 qna:
2528 1516 2777 1571 tenebras
2813 1515 3164 1586 undequaque
3203 1515 3318 1571 dis-

51 1634 227 1674 sacram
256 1618 397 1673 hanc
437 1617 614 1671 navim
644 1614 913 1680 servarit,
956 1621 1312 1683 quantamque
1341 1611 1611 1679 ﬁduciam,
1719 1610 1903 1673 cussit,
1943 1619 1997 1665 et
2040 1608 2302 1664 Solaribus
2326 1608 2488 1662 radiis
2516 1606 2930 1677 splendidiorem
2963 1607 3136 1661 lucem
3164 1606 3315 1660 inve;

51 1726 145 1765 cum
172 1712 551 1780 Imperatorem
583 1707 965 1777 alloqueretur,
988 1720 1097 1776 prae
1118 1717 1175 1759 se
1203 1705 1402 1771 tulerit,
1428 1713 1483 1760 et
1506 1719 1613 1776 quo
1714 1702 1813 1758 xit.
1842 1702 2026 1774 Neque
2053 1717 2181 1758 vero
2206 1701 2311 1757 huc
2340 1711 2506 1772 usque
2535 1706 2737 1755 tantum
2762 1708 3073 1770 progreSsus
3093 1708 3177 1754 est
3196 1698 3316 1769 ejus

51 1810 178 1869 pacto
207 1814 304 1870 pro
333 1798 522 1855 ovibus
548 1798 780 1853 animam
802 1812 955 1852 suam
985 1797 1257 1867 posuerit,
1308 1812 1372 1850 ac
1400 1797 1609 1852 beatam
1717 1793 1884 1859 furor,
1907 1795 2000 1851 sed
2028 1810 2095 1850 ex
2138 1794 2268 1850 orbe
2314 1804 2572 1848 terrarum
2611 1794 3087 1849 ettcrminaturum
3103 1808 3188 1849 sse
3211 1794 3315 1849 (ἓαά

51 1888 164 1947 illam
191 1892 389 1948 czedem
416 1889 661 1957 subierit,
689 1888 804 1943 hzec
822 1897 877 1944 et
904 1887 1005 1942 alia
1027 1885 1288 1957 ejusmodi
1305 1886 1608 1943 senioribus
1715 1887 1973 1943 lilaeorum
2012 1887 2279 1942 nationem
2308 1886 2653 1955 pollicebatur
2676 1903 2689 1939 ε
2713 1885 2791 1940 sic
2812 1885 2955 1940 enim
2984 1899 3083 1940 nos
3119 1885 3308 1955 appela

51 1980 486 2038 commemoranda
529 1979 839 2035 doctoribus
866 1987 922 2034 et
956 1978 1226 2033 communi
1259 1978 1392 2049 patri
1423 1987 1608 2033 nostro
1714 1978 1825 2034 lare
1849 1978 2037 2034 solitus
2059 1986 2175 2033 erat
2201 1995 2215 2033 :
2247 1991 2567 2048 quamquam
2592 1977 2639 2032 si
2659 1976 3082 2032 Christianorum
3110 1991 3307 2032 nomen

51 2077 377 2142 relinquemus
410 2089 425 2127 :
466 2087 552 2129 res
591 2072 734 2127 enim
783 2071 1113 2141 antiquiores
1159 2070 1414 2140 praeclare
1456 2069 1607 2125 vobis
1711 2070 2124 2126 abominandum
2169 2085 2290 2126 esse
2312 2070 2689 2133 arbitrabatur,
2722 2085 2835 2124 rem
2875 2070 3059 2125 multa:
3096 2070 3307 2140 plenam

51 2181 67 2218 ι
114 2166 314 2221 senibus
359 2170 583 2234 possunt
630 2161 874 2228 narrari;
917 2176 1036 2233 quae
1077 2175 1204 2216 vero
1240 2176 1347 2215 non
1388 2161 1461 2215 ita
1495 2161 1605 2230 pri-
1681 2154 2038 2234 'ignominite,
2067 2177 2170 2233 qua
2196 2161 2262 2218 de
2286 2176 2444 2217 causa
2471 2174 2575 2216 non
2604 2160 2725 2216 inde
2755 2174 2873 2227 nos,
2913 2160 3005 2215 sed
3039 2161 3307 2231 peregrini

52 2258 139 2313 lem
163 2274 220 2313 ac
255 2269 439 2313 nostra
468 2263 625 2312 :etate
675 2265 798 2311 sunt
840 2264 1010 2326 gesta,
1054 2253 1206 2310 vobis
1246 2253 1461 2324 juvenis
1504 2269 1605 2325 ego
1709 2256 1940 2312 nominis
1986 2256 2129 2312 illius
2174 2255 2461 2325 ignominia
2491 2264 2677 2310 notare
2720 2254 3008 2325 cupiebat?
3054 2259 3124 2309 At
3161 2256 3304 2311 enim

51 2351 238 2404 narrabo
260 2387 276 2415 ,
305 2362 428 2420 quae
457 2347 707 2402 nimirum
743 2357 863 2416 post
888 2345 1091 2402 obitum
1117 2386 1133 2411 ,
1175 2353 1296 2415 post
1324 2346 1603 2416 exsequias
1709 2348 1875 2420 probe
1897 2355 2117 2404 noverat
2143 2363 2336 2403 nomen
2383 2346 2511 2402 illud
2541 2347 2680 2418 quod
2705 2345 3158 2417 necessitudinem
3206 2348 3307 2404 alia

52 2441 276 2511 nztrlyris,
301 2454 365 2494 ac
390 2438 517 2495 dum
545 2437 598 2492 in
629 2436 887 2493 suburbio
915 2444 1231 2501 moraretur,
1265 2436 1597 2491 acciderunt.
1706 2456 1865 2511 quam
1890 2454 2012 2495 cum
2031 2437 2248 2495 Christo
2291 2438 2556 2509 designat,
2590 2453 2697 2493 non
2725 2436 3035 2494 hominibus
3075 2442 3301 2502 tantum;

51 2530 101 2585 lc
118 2532 218 2585 scio
246 2530 495 2601 equidem
523 2528 660 2594 fore,
689 2538 746 2583 ut
773 2528 1093 2598 promissum
1116 2537 1357 2582 nostrum
1378 2526 1601 2597 gentiles
1705 2531 1799 2587 sed
1824 2538 1879 2586 et
1898 2530 2122 2602 angelis,
2150 2542 2207 2587 et
2231 2531 2596 2601 superioribus
2626 2530 2907 2587 virtutibus
2948 2546 3142 2602 magno
3179 2534 3302 2588 esse

52 2622 279 2683 irrideant.
311 2622 458 2693 quod
482 2630 601 2692 post
621 2620 823 2675 obitum
852 2628 906 2674 et
926 2610 1209 2688 exsequias
1235 2618 1371 2687 ejus,
1399 2616 1487 2688 qui
1511 2631 1599 2672 se-
1703 2632 2024 2679 ornamento
2052 2639 2066 2677 :
2099 2622 2221 2678 ideo
2269 2621 2470 2677 nullum
2501 2637 2609 2676 non
2642 2621 2872 2692 lapidem
2918 2624 3182 2689 movebat,
3245 2620 3303 2678 ut

51 2715 187 2781 pullus
228 2716 295 2770 sit
338 2724 396 2770 et
440 2714 491 2768 in
533 2714 769 2769 cinerem
812 2711 1144 2780 dissolutus,
1191 2726 1293 2766 nos
1341 2709 1595 2781 praeclara
1703 2712 1805 2769 hoc
1847 2728 1946 2769 nos
1987 2722 2305 2769 ornamento
2333 2713 2584 2783 spoliaret
2626 2728 2689 2769 ac
2724 2714 3153 2783 praedicationem
3190 2715 3300 2770 dis-

51 2805 236 2860 izicinora
276 2813 795 2861 commemoraturus
824 2804 1197 2873 promittamus
1229 2816 1377 2858 :non
1419 2812 1594 2857 tamen
1702 2807 1958 2863 solveret.
1995 2806 2379 2864 Verumtamen
2412 2807 2522 2862 ﬁeri
2553 2821 2659 2862 non
2711 2816 2919 2877 poterat
2964 2808 3112 2874 illud,
3143 2824 3176 2862 ο
3201 2810 3302 2863 ηιὶδ

52 2894 204 2951 idcirco
248 2896 585 2962 tacebitnus,
636 2894 731 2952 sed
780 2894 851 2949 ob
892 2897 993 2949 hoc
1035 2893 1207 2963 ipsum
1258 2894 1594 2963 potissimum
1701 2912 1788 2953 ser
1811 2906 1867 2954 ct
1898 2898 2241 2965 infortunate,
2289 2908 2346 2953 ut
2385 2912 2559 2969 neque
2602 2897 2719 2954 ﬁeri
2757 2908 2983 2968 poterat,
3009 2907 3067 2953 ut
3106 2899 3296 2954 czelunt

51 2991 166 3042 verba
189 2989 485 3055 faciemus,
523 2997 581 3042 ut
604 3002 725 3043 cum
757 3002 871 3041 rem
908 2986 1062 3040 istam
1088 2984 1387 3040 mirabilem
1409 2995 1593 3040 ostcn-
1699 2988 2208 3053 destrueres,solem
2222 2990 2609 3060 exstingueres,
2635 2997 2790 3044 terra:
2807 2989 3150 3045 fundamenta
3168 3004 3297 3046 cons

51 3078 236 3135 ierimus
254 3124 269 3148 ,
311 3082 481 3135 risum
509 3088 561 3135 et
593 3094 786 3135 sannas
809 3078 861 3132 in
894 3078 1103 3133 illorum
1131 3084 1290 3147 caput
1309 3087 1592 3133 converta-
1698 3094 1909 3137 cuteres
1934 3090 2092 3153 atque
2111 3092 2400 3147 everteres,
2432 3082 2591 3152 idque
2619 3081 2864 3151 praedixit
2896 3083 3023 3137 olim
3048 3083 3296 3139 Christus

51 3186 146 3228 nus.
185 3176 309 3230 Nam
347 3176 583 3231 hominis
621 3174 836 3245 quidem
876 3173 1108 3244 cujusvis
1136 3182 1283 3229 recte
1308 3171 1445 3228 facta
1474 3180 1593 3244 post
1697 3188 1821 3230 cum
1848 3173 1917 3229 ita
1939 3173 2074 3229 dixit
2108 3171 2339 3228 :thlum
2364 3182 2411 3228 et
2438 3183 2569 3226 terra
2594 3172 2875 3227 transibunt
2898 3189 2916 3237 ;
2939 3174 3085 3228 verba
3121 3185 3290 3229 autent

52 3276 223 3321 ttnrtem
268 3283 391 3323 esse
432 3275 743 3337 nequeunt,
786 3267 1035 3338 martyris
1076 3280 1207 3322 vero
1250 3273 1304 3320 et
1332 3266 1497 3320 multa
1537 3273 1594 3319 et
1698 3280 1809 3321 mea
1835 3282 1935 3322 non
1951 3265 2229 3320 transibunt
2255 3265 2273 3338 (
2297 3261 2481 3319 Matth.
2503 3265 2593 3320 24.
2623 3264 2750 3336 35).
2775 3264 2879 3321 Sed
2904 3265 3105 3321 Christi
3126 3266 3291 3321 verba

52 3374 187 3429 nagna
213 3377 329 3416 esse
362 3369 627 3430 possum:
660 3374 763 3413 non
793 3369 852 3413 ut
876 3359 966 3414 ille
987 3358 1080 3414 ﬁat
1108 3358 1391 3423 illustrior;
1417 3364 1591 3427 neque
1698 3360 1836 3417 ferre
1883 3377 1988 3417 non
2042 3370 2216 3432 potes,
2248 3374 2431 3414 vocem
2461 3359 2617 3429 igitur
2643 3357 2903 3414 factorum
2936 3358 3172 3428 ipsorum
3198 3359 3293 3413 ad-

51 3452 148 3505 anim
191 3453 275 3508 ille
319 3452 793 3508 commendatione
834 3450 1034 3521 indiget
1076 3449 1219 3519 Vulgi
1250 3467 1264 3504 :
1293 3449 1387 3505 sed
1436 3455 1493 3504 ut
1535 3459 1589 3503 tu
1697 3454 1868 3509 mitte.
1898 3453 2028 3509 Nam
2056 3469 2156 3524 ego
2199 3451 2439 3522 quidem,-
2468 3452 2553 3506 cui
2596 3451 2739 3507 scire
2766 3450 3027 3521 contingit
3056 3450 3182 3521 quid
3222 3445 3293 3505 sit

52 3541 194 3608 lisczts,
222 3543 475 3609 infidelis,
500 3552 725 3597 mortem
751 3551 1042 3613 martyrum
1068 3556 1175 3596 non
1197 3556 1317 3596 esse
1338 3551 1585 3605 mortem,
1694 3546 2024 3602 denuntiatio
2046 3544 2248 3611 divina,
2274 3558 2433 3614 quam
2456 3550 2647 3613 potens
2682 3550 2738 3598 et
2758 3542 2953 3597 invicta
2975 3557 3061 3597 res
3089 3541 3176 3597 illa
3198 3541 3287 3602 sit,

51 3632 109 3686 sed
131 3634 323 3689 initium
354 3635 481 3690 vitae
506 3634 764 3701 melioris,
816 3633 1087 3704 magisque
1125 3632 1415 3702 spiritualis
1454 3643 1588 3688 cen-
1695 3638 1812 3709 ipso
1833 3651 2036 3692 naturae
2060 3636 2248 3692 ordine
2284 3636 2648 3705 factorumque
2680 3633 2921 3689 omnium
2957 3631 3285 3703 experientia

51 3725 311 3780 lem-“iouis
354 3723 677 3794 prmludium
702 3767 716 3789 .
756 3732 918 3794 atque
943 3739 973 3778 α
1000 3723 1351 3778 deterioribus
1380 3723 1444 3777 ad
1476 3739 1591 3779 me-
1693 3733 1973 3788 certiorem
2027 3745 2091 3787 ac
2116 3731 2219 3786 ﬁde
2270 3730 2568 3803 digniorem
2624 3728 2770 3784 illam
2808 3742 2930 3783 esse
2975 3726 3178 3782 credo:
3230 3726 3287 3779 tu

54 3814 138 3869 iora
157 3817 696 3888 trausmigrationem.
722 3816 841 3871 Noli
874 3818 1015 3872 enim
1048 3816 1150 3871 hoc
1189 3825 1452 3886 spectare,
1482 3831 1583 3871 nu-
1694 3832 1821 3881 “vero
1846 3822 1935 3893 qui
1962 3823 2105 3878 humi
2129 3822 2303 3893 serpis
2326 3822 2518 3885 adhuc,
2548 3829 2602 3876 et
2629 3819 2978 3875 humanarum
3009 3817 3287 3886 cogitatio-t

51 3904 135 3963 ium
174 3914 421 3983 martyris
458 3924 651 3981 corpus
697 3911 889 3967 animm
932 3913 1243 3981 operatione
1271 3912 1584 3967 destitutum
1693 3932 1818 3972 num
1857 3914 2317 3986 disquisitionibus
2342 3927 2402 3969 es
2430 3913 2693 3978 addictus,
2723 3909 3087 3967 testimonium
3112 3907 3283 3963 facto-It

51 4009 127 4053 sse
150 4003 511 4072 propositum;
555 4002 649 4057 sed
682 4002 809 4057 illud
844 4003 1146 4067 considera,
1187 4004 1444 4074 majorem
1473 4006 1585 4076 ipsa
1692 4022 1809 4065 rum
1835 4007 2058 4063 admitte
2088 4023 2101 4061 :
2135 4005 2269 4062 nihil
2295 4005 2625 4073 contradico,
2652 4018 2758 4060 non
2780 3999 3068 4058 contendo.

51 4090 176 4144 mima
200 4092 451 4149 virtutem
474 4092 865 4164 illiquamdam
878 4094 1135 4161 assidere,
1161 4094 1388 4165 Spiritus
1415 4098 1585 4153 sancti
1762 4102 1818 4155 2.
1847 4099 1984 4167 Quid
2006 4114 2134 4171 ergo
2160 4113 2251 4154 res
2276 4102 2440 4169 gemas
2468 4096 2728 4153 narrant?
2756 4095 2899 4150 Dixit
2931 4092 3178 4148 Christus
3207 4090 3282 4147 la-

51 4180 244 4238 tirtutem
270 4220 286 4253 ,
330 4200 453 4256 qua}
500 4185 657 4240 editis
695 4201 724 4239 a
751 4201 810 4241 se
838 4186 1112 4242 miraculis
1142 4188 1390 4243 omnibus
1434 4199 1583 4259 spem
1692 4192 1849 4248 cilius
1886 4204 2030 4259 esse,
2058 4200 2117 4246 ut
2160 4188 2347 4245 caelum
2374 4196 2432 4243 et
2477 4192 2618 4243 terra
2668 4185 2994 4256 dispeream,
3036 4198 3194 4253 quam
3225 4191 3283 4238 ut

52 4282 200 4328 :t-rtam
228 4277 636 4331 resurrectionis
658 4277 773 4347 ejus
796 4275 939 4333 facit.
968 4276 1024 4332 Si
1050 4279 1192 4332 enim
1218 4283 1443 4335 mortuis
1466 4294 1585 4336 cor-
1692 4297 1855 4338 unum
1880 4280 2093 4351 aliquod
2120 4280 2401 4336 verborum
2419 4278 2534 4348 ejus
2555 4276 2836 4334 intercidat
2860 4274 3009 4347 (Luc.
3035 4274 3121 4330 16.
3147 4272 3237 4344 Π)
3261 4288 3278 4328 :

51 4365 215 4427 toribus
238 4376 289 4422 et
314 4367 366 4422 in
395 4367 667 4438 pulverem
695 4369 941 4425 resolutis
963 4369 1240 4439 majorem,
1263 4382 1421 4440 quam
1452 4371 1586 4428 vitis
1691 4375 2009 4432 contradixit
2048 4374 2131 4429 his
2162 4373 2475 4443 imperator,
2507 4376 2564 4427 et
2599 4369 2902 4427 Christiana
2940 4383 2999 4424 se
3028 4368 3278 4437 dogmata

52 4454 283 4523 minibus.
324 4458 581 4513 *ίτωῑθηι
620 4458 761 4513 Deus
805 4458 1028 4529 largitus
1049 4466 1169 4526 εει,
1219 4460 1388 4516 multo
1418 4462 1585 4532 magis
1691 4468 2165 4526 exterminatttrum
2217 4464 2574 4521 comminatus
2620 4471 2721 4519 est.
2786 4461 2884 4521 Ubi
2924 4475 3065 4516 nunc
3119 4459 3280 4530 igitur

51 4544 167 4599 titam
196 4546 295 4603 illis
317 4550 494 4620 priore
511 4550 772 4620 potiorem
794 4564 859 4606 ac
877 4549 1190 4619 feliciorem,
1218 4567 1323 4623 quo
1345 4562 1582 4624 tempore

1746 4573 1773 4617 il
1802 4562 1888 4617 ille
1917 4562 2004 4633 qui
2047 4561 2171 4616 talia
2214 4559 2570 4615 comminatus
2591 4556 2716 4613 est?
2746 4556 2911 4612 Periit
2947 4564 3000 4610 et
3028 4569 3061 4611 e
3099 4553 3277 4609 medio

52 4646 225 4694 pronas
252 4639 489 4707 dividet,
539 4641 814 4711 largietur.
865 4640 995 4710 ρυω
1035 4643 1249 4699 tandem
1280 4644 1441 4716 igitur
1469 4645 1586 4715 ejus
1689 4655 1931 4710 sublatus
1973 4663 2077 4722 est,
2104 4653 2319 4723 jamque
2345 4651 2484 4723 apud
2515 4649 2714 4705 inferos
2742 4647 3029 4705 iuevitabiii
3070 4644 3278 4716 suppli-

51 4736 134 4817 Μ
155 4740 291 4787 recte
313 4731 492 4787 fama?
522 4732 898 4788 vemmlame"
921 4735 1086 4791 ηοηῖθ
1107 4737 1330 4802 ίιπδπτῖι
1363 4738 1408 4792 εί
1427 4739 1586 4807 Paulo
1690 4747 1776 4802 cio
1797 4754 2092 4817 torquetur.
2124 4746 2225 4802 Ubi
2254 4760 2383 4801 vero
2405 4743 2652 4800 Christus
2679 4752 2783 4808 est,
2810 4754 2841 4795 ει
2877 4744 2985 4812 qu'o
3029 4740 3115 4796 illa
3153 4744 3281 4794 sunt

51 4816 167 4876 Illius
204 4836 505 4905 sermonem
543 4825 894 4882 duxerimus:
923 4843 1043 4883 nam
1075 4839 1130 4885 et
1170 4830 1259 4901 qui
1304 4842 1449 4888 recte
1487 4847 1584 4889 vo-
1690 4816 2032 4897 denuntiata?
2062 4840 2117 4897 lu
2162 4839 2330 4906 caelis,
2364 4839 2416 4893 in
2464 4838 2689 4893 dextera
2741 4835 2913 4892 Patris
2956 4833 3276 4890 altissimum

54 4920 127 4965 unt
158 4913 408 4987 imagines
435 4918 751 4988 spectandas
772 4934 1088 4990 proponere,
1114 4934 1233 4978 cum
1257 4928 1586 4993 spectatores
1691 4932 1872 5003 gloria:
1906 4932 2154 4987 thronum
2200 4931 2464 4986 obtinens.
2488 4928 2587 4985 Ubi
2610 4928 2768 4984 verba
2801 4927 3141 4997 Imperatoris
3158 4925 3277 4979 bla-

51 5003 270 5060 laululum
298 5022 326 5060 a
357 5009 535 5064 tabula
589 5009 843 5066 secedere
882 5010 1179 5081 jusserint,
1225 5014 1345 5069 illas
1388 5017 1585 5073 deinde
1654 5006 1932 5093 ‘splicma,
1962 5032 2015 5079 et
2045 5023 2390 5079 insolensilia
2446 5021 2667 5093 lingua?
2712 5019 2859 5077 Oinis
2901 5029 2957 5076 et
3001 5018 3194 5089 pulvis,
3223 5022 3280 5073 cl

51 5100 249 5163 'etegunt
270 5139 287 5164 ,
328 5106 387 5152 ut
416 5099 583 5171 ipsius
607 5100 871 5157 distantize
898 5102 1159 5161 beneﬁcio
1196 5106 1393 5161 clarius
1419 5109 1487 5162 ab
1508 5110 1586 5165 eis
1691 5116 1949 5171 vermium
1980 5116 2136 5170 cibus
2169 5114 2355 5169 evasitt
2386 5109 2487 5169 Ubi
2532 5112 2732 5168 Christi
2779 5108 3151 5168 denuntiatio?
3195 5110 3279 5162 Ah

51 5187 212 5242 mssint
248 5189 415 5245 videri
449 5209 464 5246 :
492 5193 733 5262 patimini
759 5205 887 5265 ergo
912 5208 1006 5251 vos
1030 5211 1244 5267 quoque
1289 5208 1582 5255 retrorsum

1747 5221 1803 5260 sa
1834 5207 2054 5261 veritate
2076 5212 2253 5261 rerum
2283 5214 2548 5276 gestarum
2576 5199 2769 5271 eiubet,
2792 5212 2856 5260 ac
2892 5210 3158 5272 tamqvam
3207 5200 3277 5259 tlh'

52 5283 297 5334 irationem
324 5295 424 5336 nos
451 5283 747 5340 retrahere.

1736 5315 1847 5355 :trea
1877 5299 2125 5354 columna
2149 5298 2373 5370 quadam
2399 5298 2467 5353 ab
2492 5303 2684 5354 eventu
2714 5298 2972 5353 laetorum
3004 5298 3267 5351 coruscat.

92 5366 270 5469 luliaui
307 5372 565 5469 apostolis
607 5376 660 5430 in
689 5375 1001 5434 Christianas
1040 5382 1284 5447 conatus;
1309 5380 1588 5441 Christiani
1690 5389 1924 5445 Tametsi
1955 5389 2084 5445 nihil
2114 5366 2182 5445 ab
2208 5390 2530 5459 lmperatore
2559 5395 2671 5444 tum
2713 5387 3130 5459 praetermissum
3170 5389 3272 5447 est,

51 5453 84 5508 Ib
108 5459 204 5527 ipso
225 5458 428 5519 (διιιίιωὶ
462 5468 806 5538 appellantur.
841 5502 912 5512 —
943 5472 1228 5544 Postquam
1259 5478 1399 5532 enim
1427 5481 1471 5533 is
1493 5480 1582 5550 qui
1690 5497 1797 5552 quo
1825 5496 1884 5538 se
1904 5482 1969 5537 ad
2001 5482 2198 5537 bellum
2230 5453 2383 5538 nobis
2405 5453 2740 5538 inferendum
2769 5453 3102 5550 compararet
3140 5493 3153 5530 :
3181 5472 3276 5531 sed

51 5555 222 5607 mactus
269 5554 539 5628 impietate
578 5561 862 5631 superavit,
906 5563 957 5618 in
1003 5562 1401 5635 imperatorium
1432 5570 1579 5625 thro-

1744 5574 2251 5644 .Vatesacccrscbat,
2269 5585 2322 5631 et
2345 5576 2759 5648 praestigiatorcs
2784 5570 3134 5638 convocabat,
3158 5586 3275 5627 omo

162 5647 396 5746 ascendit
419 5646 679 5719 Julianus,
710 5664 765 5709 et
812 5665 1081 5727 sceptrum
1129 5661 1354 5731 accepit,
1403 5663 1584 5720 conle-
1691 5669 1882 5738 niaque
1897 5667 2229 5737 dzemonibus
2253 5679 2305 5725 et
2324 5646 2857 5740 malignisspiritibus
2879 5661 3265 5722 redundabant.

51 5737 137 5785 “Im
161 5737 206 5791 in
233 5749 377 5810 eum,
409 5756 439 5795 a
469 5758 572 5815 quo
598 5755 805 5803 creatus
832 5746 1024 5819 fuerat,
1057 5750 1223 5807 Deum
1251 5766 1436 5810 manus
1466 5771 1582 5812 sus-
1765 5737 1950 5816 Fama
1974 5761 2182 5818 Iuliano
2221 5737 2497 5836 imperante
2521 5737 2849 5837 grai-issima;
2877 5758 3133 5834 Apollinis
3154 5771 3280 5830 quaat
