3884 6294
579 257 682 317 Si?!

582 374 688 429 τρια
715 374 778 428 de
827 373 1070 444 Reliquiis
1115 372 1177 427 S.
1219 371 1443 445 Babylw.
1475 374 1693 441 —Qua:
1739 372 1952 428 tandem
2002 374 2158 442 igitur

581 465 754 520 cultus
791 464 942 520 istius
971 465 1115 518 fuere
1159 464 1416 533 prtemia?
1441 463 1720 518 Civitatum
1759 464 2084 532 eversiones,
2107 475 2160 519 et

586 558 751 612 fames
773 557 960 627 quovis
982 571 1176 626 genere
1210 556 1366 611 famis
1404 556 1664 612 acerbior.
1697 555 1857 611 Scitis
1883 558 2025 612 enim
2053 559 2156 612 uti-

582 663 687 714 que
723 662 784 700 ac
812 646 1181 711 recordamini,
1233 661 1339 716 quo
1387 656 1544 715 pacto
1573 647 1849 702 venalibus
1883 648 2042 702 rebus
2065 649 2141 703 de

581 737 821 789 stitutum
843 735 1002 791 fuerit
1043 735 1239 804 forum,
1268 751 1332 792 ac
1357 738 1529 806 plena:
1560 740 1881 793 tumultuum
1908 740 2156 806 oflicinte,

576 843 696 881 cum
721 829 1077 899 unusquisque
1096 830 1235 899 quod
1268 830 1493 899 primum
1514 833 1852 896 occurrisset,
1876 833 2160 902 praeripere

575 917 925 974 contenderet
952 935 1014 975 ac
1047 920 1346 976 discedere.
1384 922 1490 979 Sed
1515 923 1640 993 quid
1675 938 1776 992 ego
1799 923 1994 979 famem
2013 925 2157 992 dico,

575 1009 805 1064 ctun'vel
833 1010 930 1080 ipsi
955 1011 1110 1080 aquis
1140 1011 1376 1067 destituti
1417 1013 1590 1070 fontes
1617 1025 1818 1082 essent,
1853 1018 2025 1072 fontes
2069 1017 2158 1086 qui

575 1102 726 1169 copia
757 1103 1076 1157 ﬂuentorum
1127 1103 1342 1158 flumina
1394 1107 1504 1174 ipsa
1550 1107 1908 1174 superabant?
1937 1108 2160 1174 Quando

574 1202 750 1246 autem
785 1193 838 1247 in
894 1193 1119 1249 fontium
1164 1196 1488 1251 mentionem
1547 1199 1852 1266 incidimus,
1885 1215 1983 1271 age
2008 1200 2158 1255 dein-

573 1299 700 1352 ceps
744 1284 810 1338 ad
848 1285 1096 1355 Daphnes
1122 1287 1432 1342 suburbium
1457 1290 1824 1356 ascendamus,
1857 1298 1913 1346 et
1963 1293 2159 1346 oratio-

573 1389 692 1429 nem
715 1376 781 1430 ad
807 1376 1052 1448 martyris
1076 1378 1330 1446 praeclara
1353 1378 1582 1433 facinora
1601 1381 1959 1437 traducamus.
1979 1384 2158 1437 Enim.

575 1483 704 1522 vero
751 1470 944 1537 probra
973 1478 1029 1524 et
1056 1471 1320 1526 dedecora
1366 1473 1638 1542 gentilium
1671 1475 1943 1546 divulgare
1970 1491 2158 1547 percu-

572 1560 716 1628 pitis,
747 1569 975 1617 attamen
1025 1563 1126 1618 hoc
1155 1573 1309 1634 pacto
1326 1567 1485 1620 etiam
1528 1567 1618 1621 illa
1648 1567 1701 1621 in
1728 1568 1956 1623 medium
1985 1569 2154 1624 addu-

569 1663 756 1706 cemus
789 1669 801 1705 :
844 1653 1104 1724 siquidem
1135 1657 1221 1710 ubi
1267 1667 1560 1728 martyrum
1601 1658 1661 1712 fit
1709 1660 1928 1725 mentio,
1955 1661 2061 1716 illic
2102 1671 2156 1717 et

571 1744 842 1809 gentilium
889 1746 1119 1801 dedecus
1159 1749 1460 1804 innotescit.
1500 1750 1597 1805 ll-ic
1651 1751 1813 1820 igitur
1864 1753 2155 1824 Imperator

571 1849 690 1888 cum
725 1837 996 1908 Daphnen
1046 1842 1390 1908 ascendisset,
1444 1843 1553 1898 illic
1583 1845 1880 1914 Apollinem
1912 1849 2154 1917 precibus

569 1924 819 1996 fatigabat
847 1970 862 1993 ,
904 1930 1253 2000 sollicitabat,
1290 1935 1638 2004 supplicabat,
1667 1946 1727 1992 ut
1753 1938 1855 1992 sibi
1901 1939 1968 1995 de
1994 1940 2154 1998 rebus

569 2018 758 2074 futuris
804 2023 1076 2093 quidpiam
1116 2027 1516 2082 vaticinaretur.
1560 2029 1697 2097 Quid
1750 2031 1910 2101 igitur
1930 2048 2152 2104 magnus

569 2112 656 2167 ille
684 2116 956 2184 gentilium
990 2125 1138 2173 vates
1167 2119 1338 2175 deus?
1387 2122 1574 2178 Mortui
1611 2140 1696 2180 me
1727 2125 2042 2196 impediunt,
2071 2129 2151 2182 iu-

567 2207 719 2274 quit,
749 2222 816 2262 ne
842 2209 1056 2280 loquar;
1093 2220 1148 2266 at
1175 2220 1230 2266 tu
1257 2216 1503 2283 capsulas
1545 2216 1763 2288 effringe
1782 2261 1798 2287 ,
1826 2235 1946 2276 ossa
1969 2221 2148 2286 effodi,

569 2306 808 2351 mortuos
851 2299 1100 2355 transfer.
1138 2302 1274 2367 Quid
1317 2305 1600 2360 scelestius
1630 2308 1712 2362 his
1739 2311 2003 2366 mandatis
2033 2313 2150 2368 fieri

569 2389 768 2455 possit?
801 2390 1044 2446 lnsolitas
1071 2393 1278 2448 daemon
1326 2397 1691 2466 sepulcrorum
1720 2402 2048 2469 spoliationis
2069 2404 2148 2458 lc-

567 2495 658 2549 ges
687 2481 910 2550 invehit,
941 2493 993 2539 et
1019 2500 1184 2540 novos
1213 2486 1459 2557 abigeudi
1499 2490 1734 2560 hostiites
1765 2493 1951 2548 modos
1992 2509 2150 2550 exco-

569 2574 719 2643 gitat.
775 2575 905 2644 Quis
959 2593 1208 2648 umquam
1257 2591 1497 2637 mortuos
1538 2583 1736 2652 ejeclos
1775 2585 2150 2656 audivittquis

565 2667 738 2720 anima
785 2669 1034 2725 destituta
1083 2686 1302 2741 corpora
1351 2673 1564 2730 sedibus
1611 2676 1736 2746 pelli
1793 2681 1942 2747 jussa
1996 2680 2144 2748 vidit,

565 2760 1011 2828 quemadmodum
1041 2763 1126 2818 hic
1174 2765 1476 2836 imperavit,
1519 2777 1897 2825 etcommunes
1945 2780 2148 2827 natura:

557 2851 708 2921 :leges
733 2851 972 2910 funditus
997 2855 1223 2909 evertit?
1252 2858 1386 2912 Sunt
1408 2859 1548 2913 enim
1594 2861 1730 2930 apud
1760 2863 2011 2920 mortales
2031 2879 2149 2920 om-

565 2958 661 2997 nes
692 2946 772 2998 hae
793 2945 937 3016 leges
962 2961 1292 3011 communes,
1322 2961 1376 3003 ut
1404 2952 1491 3019 qui
1513 2951 1618 3006 vita
1637 2952 1847 3010 functus
1872 2963 1974 3023 est,
2005 2970 2143 3014 terra

550 3034 842 3099 condatur,
892 3037 1174 3105 sepultura:
1219 3039 1476 3105 tradatur,
1525 3057 1588 3097 ac
1637 3044 1756 3098 sinu
1806 3062 2008 3116 magnae
2031 3064 2146 3103 orn-

562 3126 706 3178 niutn
732 3129 916 3181 matris
944 3129 1278 3186 obvolvatur.
1309 3135 1481 3200 Atque
1508 3133 1603 3189 has
1631 3151 1734 3190 non
1764 3137 2002 3206 Οτίιξουε,
2036 3155 2140 3195 non

564 3216 839 3284 barbarus,
862 3234 970 3272 non
999 3219 1192 3291 Scytha
1217 3263 1232 3287 ,
1268 3238 1364 3277 nec
1390 3225 1432 3278 si
1472 3227 1590 3294 quis
1615 3227 1718 3281 illis
1744 3228 2027 3286 immanior
2053 3247 2140 3286 rc-

562 3309 815 3376 periatur,
843 3327 1091 3381 umquam
1122 3313 1264 3384 leges
1288 3317 1573 3384 convulsit,
1602 3319 1696 3374 sed
1741 3332 2062 3378 reverentur
2090 3334 2144 3380 et

551 3399 846 3452 observant
874 3416 1080 3468 omnes,
1107 3405 1346 3476 adeoque
1392 3422 1555 3463 sacrae
1581 3421 1635 3465 et
1671 3412 1810 3482 apud
1833 3422 2022 3470 omnes
2047 3432 2143 3472 ve~

563 3491 837 3545 neratione
887 3504 1009 3548 sunt
1055 3496 1255 3565 dignze;
1296 3497 1504 3554 daemon
1534 3510 1712 3556 autent
1760 3505 1964 3561 sublata
1995 3507 2138 3562 larva

559 3583 860 3636 cmmuuuia
889 3593 1088 3641 natura:
1115 3587 1361 3654 dogmata
1393 3590 1564 3659 palam
1608 3605 1874 3664 Oppugnat
1903 3613 1918 3650 :
1959 3597 2124 3666 piacu-

561 3675 668 3728 lum
699 3676 861 3741 enim,
893 3677 1082 3746 inquit,
1123 3689 1248 3734 sunt
1269 3682 1481 3736 mortui.
1510 3683 1623 3738 Non
1652 3687 1844 3741 mortui
1883 3698 2006 3743 sunt
2029 3689 2108 3759 pi?

559 3766 758 3830 culum,
791 3769 1169 3826 Scelestissime
1196 3771 1427 3838 daemon,
1461 3774 1552 3829 sed
1578 3776 1821 3832 voluntas
1848 3794 2010 3849 prava
2050 3797 2139 3836 res

552 3859 912 3915 abominanda
943 3871 1043 3917 est.
1077 3864 1228 3930 Quod
1279 3866 1323 3920 si
1367 3865 1649 3923 dicendum
1691 3870 1760 3924 sit
1785 3871 2137 3928 admiratione

543 3952 771 4020 dignum
798 3953 1014 4025 aliquid,
1039 3956 1276 4012 vivorum
1296 3961 1470 4027 potius
1491 3962 1742 4032 nequitiae
1769 3964 1948 4034 plena,
1976 3981 2134 4035 quam

559 4055 883 4099 mortuorum
926 4047 1233 4104 detestanda
1270 4060 1394 4105 sunt
1427 4067 1651 4121 corpora
1679 4071 1697 4108 :
1723 4069 1844 4109 nam
1891 4057 1984 4112 illa
2016 4059 2135 4128 qui-

557 4135 678 4190 dem
727 4138 920 4192 animre
967 4139 1290 4195 famulantur
1333 4143 1604 4211 imperiis;
1639 4144 1754 4200 haec
1781 4161 1911 4201 vero
1941 4148 2136 4204 immo-

556 4226 675 4279 bilia
699 4227 912 4296 jaccut:
943 4229 1082 4298 quod
1111 4242 1288 4286 autem
1316 4233 1584 4289 immobile
1605 4244 1687 4289 cst
1711 4237 1962 4306 omnique
1975 4255 2136 4294 sensu

553 4319 885 4386 destitutum,
917 4321 984 4374 ab
1009 4323 1154 4376 omni
1182 4323 1551 4380 criminatione
1575 4326 1798 4382 liberum
1827 4344 1946 4386 esse
1973 4331 2131 4387 solet.

553 4412 880 4480 Quamquam
910 4413 1105 4482 alioqui
1133 4429 1200 4468 ne
1228 4415 1468 4469 vivorum
1485 4417 1696 4485 quidem
1725 4434 1949 4490 corpora
1980 4422 2132 4478 dixe-

553 4503 654 4556 rim
687 4517 785 4572 ego
812 4513 1000 4556 natura
1029 4518 1146 4558 esse
1165 4499 1540 4572 abominanda,
1573 4508 1666 4562 sed
1697 4509 1889 4580 ubique
1914 4527 2132 4582 pravam

553 4603 607 4646 et
655 4607 959 4662 perversam
1015 4594 1338 4650 voluntatem
1388 4599 1625 4652 omnium
1676 4601 2132 4660 criminationibus

552 4698 670 4737 esse
699 4685 1002 4738 obnoxiam.

628 4774 872 4843 Daphnes
899 4786 1143 4831 tentatum
1167 4780 1231 4834 ab
1254 4781 1490 4852 Apolline
1505 4792 1732 4854 stuprum
1758 4789 2043 4858 exprobrat.
2059 4821 2131 4832 -

553 4859 668 4912 Non
711 4874 906 4929 corpus
954 4874 1222 4920 mortuum
1263 4875 1348 4921 est
1373 4867 1670 4936 piaculum,
1716 4887 1748 4925 ο
1791 4873 2002 4943 Apollo,
2035 4876 2128 4931 scd

552 4952 781 5020 puellam
827 4962 973 5008 caste
1017 4955 1200 5012 vivere
1240 4959 1506 5015 volentem
1560 4965 1839 5036 persequi,
1885 4967 2129 5037 virginis-

548 5060 652 5113 que
675 5045 938 5115 pudicitiae
959 5055 1197 5118 stuprum
1219 5050 1430 5120 offerre,
1456 5063 1509 5109 et
1528 5055 1594 5110 ab
1613 5057 1902 5126 impudenti
1920 5061 2127 5118 actione

551 5135 829 5204 depulsum
878 5137 1078 5207 lugere.
1116 5138 1219 5195 hoc
1256 5145 1590 5200 accusatione
1619 5146 1832 5217 dignum
1863 5158 1918 5206 et.
1945 5165 2120 5219 poena.

546 5230 625 5282 Ac
657 5230 808 5283 multi
833 5230 1045 5299 quidem
1069 5232 1206 5301 apud
1241 5249 1338 5288 nos
1369 5235 1636 5298 mirabiles
1675 5241 1955 5311 magnique
1999 5257 2123 5312 pro-

549 5319 720 5388 pheta:
739 5323 1078 5388 exstiterunt,
1097 5324 1186 5393 qui
1208 5324 1273 5380 de
1296 5327 1452 5381 rebus
1486 5328 1672 5386 futuris
1687 5333 1953 5388 vaticinati
1975 5345 2120 5404 sunt,

545 5424 644 5464 nec
672 5411 878 5480 uspiam
909 5413 972 5466 iis
996 5428 1025 5467 a
1061 5415 1251 5483 quibus
1279 5415 1737 5488 interrogabantur
1767 5423 2118 5493 imperabant,

546 5513 604 5556 ut
655 5503 1026 5561 defunctorum
1082 5523 1202 5562 ossa
1257 5510 1560 5566 refodcrent
1593 5531 1605 5566 :
1640 5515 1765 5584 quin
1809 5517 1924 5586 ipse
1960 5520 2120 5575 etiam

547 5595 812 5662 Ezechiel,
850 5613 1017 5668 prope
1065 5599 1174 5671 ipsa
1216 5611 1362 5656 stans
1408 5618 1527 5658 ossa
1581 5605 1790 5677 (Ezeclt.
1826 5610 1969 5682 57),
2015 5627 2120 5668 non

542 5686 705 5742 llde
727 5689 853 5745 nihil
881 5693 947 5748 ab
970 5692 1070 5749 illis
1092 5694 1498 5768 impediebatur,
1529 5699 1619 5755 sed
1649 5709 1703 5757 et
1739 5716 1955 5760 carnem
1989 5705 2111 5773 illis,

1439 257 1506 313 ‘S.
1550 259 1783 315 JOANN.
1822 257 2288 316 CleSOSTOMI
2317 257 3171 315 ARCIHE‘P.CONSTANTINOP.
3760 262 3843 318 πὶ

2275 387 2489 434 nervos,
2543 372 2814 442 pellesque
2859 371 3225 436 circumdedit,
3253 385 3316 425 ac
3363 385 3549 426 rursus
3596 371 3665 428 ad
3704 373 3840 428 vitam

2269 466 2355 519 illa
2378 467 2661 520 revocavit.
2685 466 2902 534 Magnus
2923 477 3100 520 autem
3127 465 3333 534 Moyses
3356 480 3457 518 non
3475 465 3627 534 juxta
3658 476 3838 518 mortua

2267 559 2413 614 stetit
2458 574 2598 620 ossa,
2628 559 2720 612 sed
2766 559 2934 627 ipsum
2983 559 3243 628 integrum
3273 567 3538 612 mortuum
3584 557 3838 628 proferens

2267 649 2463 718 Joseph
2511 647 2704 718 (Exod.
2753 650 2839 703 l3.
2894 648 3033 718 l9),
3090 649 3159 702 ila
3202 647 3375 702 futura
3407 647 3768 718 prmdicebat:
3797 666 3842 702 ac

2267 741 2458 793 merito
2482 754 2629 793 sane.
2654 739 2785 793 Nam
2813 740 3020 793 illorum
3047 739 3264 810 quidem
3308 740 3471 794 verba
3499 738 3736 809 Spiritus
3763 740 3842 793 do-

2266 847 2391 885 num
2418 838 2570 885 erant
2594 846 2608 895 ;
2636 830 2826 884 borum
2852 840 3030 885 autem
3056 830 3216 885 verba
3252 829 3395 885 fraus
3424 839 3478 884 et
3498 830 3843 894 mendacium,

2264 920 2404 990 quod
2428 921 2570 975 nulla
2600 928 2773 990 potest
2801 922 3006 975 ratione
3034 921 3214 975 celari.
3243 920 3386 975 Nihil
3411 921 3553 976 enim
3575 920 3722 975 aliud
3749 920 3846 974 hare

2265 1012 2427 1066 fuisse
2453 1026 2608 1080 quam
2635 1011 2906 1065 obtentum
2936 1021 2990 1066 et
3034 1020 3372 1082 praetextum,
3416 1026 3481 1066 ac
3517 1010 3734 1066 beatum
3763 1011 3845 1064 Ba-

2263 1103 2440 1174 bylam
2469 1116 2594 1157 eum
2633 1101 3028 1169 reformidasse,
3062 1103 3192 1157 satis
3221 1101 3389 1172 liquet
3433 1117 3502 1158 ex
3528 1103 3616 1168 iis,
3645 1118 3762 1171 qua:
3789 1103 3842 1155 ab

2265 1195 2590 1264 lmperatore
2639 1203 2765 1250 sunt
2811 1205 2925 1251 acta
2976 1215 2990 1250 :
3035 1197 3293 1267 siquidem
3338 1196 3559 1267 reliquis
3613 1197 3840 1250 omnibus

2263 1287 2474 1341 omissis
2501 1287 2723 1342 mortuis
2742 1287 2913 1342 solum
2946 1287 3088 1342 illum
3111 1299 3400 1358 martyrem
3427 1289 3547 1344 loco
3590 1289 3834 1343 movebat.

2262 1375 2589 1448 Quamquam
2613 1380 2656 1432 si
2679 1378 2817 1448 quod
2848 1379 2992 1434 illum
3017 1379 3432 1445 abominaretur,
3461 1394 3525 1434 ac
3551 1397 3660 1435 non
3684 1383 3836 1450 potius

2264 1468 2492 1534 timeret,
2521 1468 2634 1523 hzec
2657 1471 2723 1524 ab
2753 1470 2843 1524 illo
2865 1471 3203 1540 gerebantur,
3227 1471 3486 1542 confringi
3517 1473 3774 1538 loculum,
3796 1475 3835 1526 in

2261 1574 2407 1614 mare
2431 1559 2688 1631 demergi,
2707 1561 2769 1614 'in
2793 1562 3132 1617 solitudinem
3162 1565 3456 1630 amandari,
3483 1566 3570 1620 vel
3601 1567 3706 1619 alio
3725 1582 3837 1635 quo-

2261 1650 2400 1718 piam
2449 1650 2758 1719 perditionis
2803 1667 2997 1722 genere
3044 1653 3207 1708 deleri
3247 1654 3542 1723 jubendu'm
3595 1656 3724 1720 fuit;
3756 1657 3838 1710 hoc

2260 1741 2400 1795 enim
2427 1741 2779 1797 abominantis
2810 1744 3012 1800 fuisset.
3042 1745 3116 1800 lta
3148 1746 3273 1800 fecit
3298 1746 3438 1801 Deus
3464 1762 3590 1802 cum
3621 1748 3691 1802 de
3718 1764 3835 1818 gen-

2262 1831 2390 1886 tium
2431 1833 2914 1890 abominatiouibus
2944 1836 3197 1892 llebracos
3240 1837 3545 1907 alloquutus
3591 1851 3696 1905 est,
3726 1855 3837 1893 cou-

2258 1921 2413 1994 fringi
2437 1934 2635 1980 statuas
2664 1926 2895 1996 ipsarum
2919 1927 3114 1997 jussit,
3145 1943 3251 1982 nou
3289 1928 3356 1983 ab
3384 1929 3660 1984 snburbiis
3687 1931 3738 1984 iu
3765 1947 3839 1984 ur-

2257 2015 2352 2071 bes
2382 2018 2586 2086 piacula
2611 2019 2904 2073 transferri.

2327 2107 2380 2161 5.
2413 2107 2662 2178 Apollinis
2684 2109 2925 2180 Daphnes
2952 2111 3192 2183 templum
3207 2112 3426 2182 fulmine
3445 2122 3662 2169 tactum.
3686 2145 3759 2154 —
3779 2118 3841 2170 Ac

2257 2198 2569 2254 movebatur
2613 2201 2828 2271 quidem
2882 2203 3000 2258 loco
3027 2214 3263 2273 martyr;
3293 2203 3502 2260 daemon
3555 2217 3745 2260 autem
3788 2221 3841 2260 nc

2257 2290 2333 2344 sic
2358 2291 2568 2360 quidem
2590 2294 2877 2348 securitate
2904 2293 3176 2349 fruebatur
3201 2334 3217 2360 ,
3251 2295 3346 2350 sed
3371 2296 3658 2350 confestim
3709 2299 3842 2353 didi-

2255 2381 2328 2434 cit
2350 2395 2469 2436 ossa
2496 2382 2707 2450 quidem
2731 2384 2976 2454 martyris
2993 2384 3109 2439 loco
3130 2387 3328 2440 moveri
3349 2401 3521 2456 posse,
3548 2403 3744 2442 manus
3756 2404 3842 2440 au-

2256 2483 2362 2527 tem
2401 2477 2648 2546 n'tartyris
2691 2477 2874 2530 evitari
2918 2492 3022 2532 non
3060 2492 3236 2546 posse.
3280 2477 3412 2532 Nam
3462 2481 3626 2534 simul
3669 2497 3734 2536 ac
3776 2482 3843 2536 lo-

2253 2565 2405 2620 culus
2456 2565 2522 2620 ad
2575 2567 2757 2622 urbem
2823 2578 3119 2636 protractus
3171 2578 3292 2636 est,
3339 2569 3405 2624 de
3455 2572 3595 2625 cmlo
3649 2571 3838 2626 fulmen

2255 2661 2306 2714 in
2342 2669 2529 2717 statuae
2573 2675 2728 2732 caput
2759 2665 3052 2720 immissum
3083 2676 3274 2722 cuncta
3314 2668 3628 2723 combussit.
3667 2671 3836 2724 Enim-

2255 2768 2386 2807 vero
2420 2755 2464 2807 si
2509 2754 2684 2809 minus
2727 2764 2902 2820 antea,
2953 2767 3062 2811 tum
3114 2760 3298 2814 saltem
3339 2760 3555 2828 impium
3611 2759 3836 2830 Impera.

2253 2852 2421 2901 torem
2466 2847 2618 2901 irasci
2657 2863 2750 2916 par
2783 2848 2900 2913 fuit,
2944 2863 2996 2905 et
3036 2852 3086 2903 in
3131 2852 3440 2920 martyrium
3477 2853 3734 2922 martyris
3771 2853 3836 2922 (a)

2253 2939 2384 2992 iram
2429 2938 2739 3006 effundere,
2790 2940 2884 2995 sed
2938 2956 3006 2995 ne
3061 2950 3170 2995 tum
3229 2942 3441 3013 quidem
3494 2957 3661 2998 ausus
3705 2944 3837 2998 fuit:

2254 3039 2430 3084 tantus
2459 3029 2604 3085 illum
2629 3034 2786 3086 titnor
2811 3042 3179 3102 occupaverat,
3228 3037 3354 3104 quin
3386 3037 3561 3105 potius
3591 3037 3721 3092 licet
3761 3040 3837 3092 in-

2251 3121 2497 3175 cendium
2539 3122 2743 3177 videret
2791 3124 3148 3192 intolerabile,
3198 3141 3520 3196 causamque
3573 3131 3744 3197 probe
3785 3129 3840 3182 il-

2250 3209 2352 3266 lius
2381 3220 2581 3278 nosset,
2613 3213 2824 3282 quietus
2867 3214 2982 3268 fuit.
3003 3213 3186 3284 Neque
3213 3231 3340 3270 vero
3383 3225 3584 3271 tantum
3623 3219 3727 3273 hoc
3749 3221 3836 3272 mi-

2249 3316 2368 3357 tum
2409 3305 2658 3374 estquod
2685 3308 2992 3377 martyrium
3019 3323 3124 3361 non
3169 3308 3446 3376 subvertit,
3479 3311 3573 3365 sed
3603 3312 3750 3381 quod
3778 3326 3835 3365 ue

2251 3401 2446 3447 tectum
2478 3395 2690 3464 quidem
2746 3397 2944 3465 templo
2993 3413 3180 3453 rursus
3227 3399 3498 3469 imponere
3533 3417 3700 3457 ausus
3737 3415 3830 3457 εει.

2247 3482 2476 3539 Noverat
2504 3486 2720 3556 quippe,
2747 3497 2968 3543 noverat
2993 3489 3284 3546 immissam
3310 3506 3432 3547 esse
3454 3494 3664 3549 cladem
3690 3511 3722 3548 a
3753 3512 3836 3548 nu-

2247 3577 2390 3632 mine
2408 3620 2424 3645 ,
2449 3593 2510 3634 ac
2533 3581 2959 3648 pertimescebat,
2987 3597 3054 3636 ne
3075 3583 3120 3637 si
3149 3584 3273 3654 quid
3297 3585 3517 3640 ulterius
3533 3591 3835 3658 excogitas-

2247 3676 2349 3734 set,
2380 3670 2554 3739 igncm
2585 3671 2732 3726 illum
2759 3673 2811 3727 in
2833 3689 2986 3728 suum
3005 3684 3163 3746 caput
3190 3688 3510 3733 accerseret.
3546 3679 3836 3750 Propterea

2243 3779 2466 3818 cernere
2514 3766 2770 3835 templum
2800 3767 3062 3836 Apollinis
3103 3769 3172 3823 ita
3199 3769 3494 3825 desolatum
3539 3774 3834 3828 su5tinuit:

2245 3871 2418 3926 neque
2445 3857 2548 3911 ulla
2580 3857 2681 3911 fuit
2713 3857 2816 3911 alia
2843 3873 3024 3924 causa,
3057 3860 3126 3914 ob
3153 3877 3310 3930 quam
3342 3863 3394 3916 id
3419 3864 3559 3933 quod
3580 3877 3836 3920 evenerat

2244 3948 2462 4003 minime
2488 3951 2784 4018 reparavit,
2819 3951 2919 4004 nisi
2947 3952 3092 4006 solus
3119 3954 3307 4022 timor,
3332 3956 3419 4024 qui
3463 3971 3582 4010 eum
3608 3958 3828 4012 invitum

2241 4039 2472 4107 quietem
2487 4055 2643 4109 agerc
2667 4043 2870 4111 coegit:
2891 4041 3047 4112 idque
3071 4057 3189 4097 cum
3216 4045 3377 4100 sciret
3399 4057 3650 4116 quantam
3677 4047 3827 4118 igno-

2245 4130 2464 4184 miniam
2487 4131 2716 4188 daemoni
2742 4133 3082 4204 relinqueret,
3105 4146 3358 4206 quantmn
3377 4139 3616 4209 martyrii
3641 4140 3823 4195 decus.

2241 4220 2394 4275 Stant
2424 4223 2566 4277 enim
2591 4223 2701 4292 jam
2732 4238 2829 4295 pro
2856 4224 3070 4295 tropaeis
3100 4227 3328 4296 parietes
3352 4268 3366 4291 ,
3397 4240 3452 4283 et
3481 4230 3601 4284 tuba
3630 4231 3827 4285 clario-

2240 4327 2354 4367 rem
2372 4329 2556 4369 vocem
2584 4314 2829 4382 mittunt;
2853 4330 2915 4370 ac
2940 4316 3186 4387 Daphnes
3212 4318 3418 4386 incolis,
3442 4320 3585 4376 urbis
3613 4322 3826 4388 incolis,

2239 4404 2323 4460 his
2351 4407 2440 4476 qui
2463 4423 2494 4461 e
2514 4406 2814 4479 longinquis
2843 4409 3150 4479 regionibus
3181 4412 3305 4486 illuc
3342 4415 3637 4481 ventitant,
3671 4416 3830 4488 hujus

2239 4497 2411 4553 :etatis
2436 4513 2499 4554 ac
2525 4508 2823 4570 temporum
2851 4499 3150 4558 futurorum
3195 4504 3498 4562 hominibus
3526 4508 3644 4576 ipso
3672 4525 3830 4579 aspe-

2237 4598 2326 4645 ctu
2355 4601 2545 4646 cuncta
2571 4601 2824 4658 narrant,
2866 4593 3060 4648 luctam
3082 4636 3098 4662 ,
3131 4610 3510 4666 congressum,
3543 4600 3825 4656 victoriam

2238 4684 2502 4754 martyris.
2527 4683 2657 4738 Nam
2683 4685 2772 4754 qui
2804 4685 2961 4756 longe
2986 4687 3205 4743 dissitus
3225 4697 3307 4743 est
3333 4705 3363 4742 a
3385 4690 3639 4746 suburbio
3659 4733 3675 4758 ,
3701 4709 3824 4747 cum

2237 4774 2554 4844 martyrium
2576 4773 2789 4843 quidem
2816 4775 2989 4830 loculo
3012 4777 3343 4846 destitutum,
3360 4780 3614 4848 templum
3643 4794 3825 4838 autent

2235 4865 2495 4934 Apollinis
2511 4875 2650 4922 tecto
2671 4867 2931 4937 privatum
2954 4870 3171 4925 intuitus
3196 4869 3368 4940 fuerit,
3391 4870 3599 4926 lhorum
3623 4875 3824 4928 utrius-

2237 4970 2342 5026 que
2368 4970 2581 5020 causam
2619 4958 2905 5014 verisimile
2939 4968 3020 5013 cst
3055 4959 3434 5029 qutesiturum;
3465 4976 3695 5032 cumque
3725 4965 3825 5018 de-

2232 5047 2354 5103 inde
2376 5056 2539 5102 totam
2570 5049 2844 5105 historiam
2873 5051 3136 5117 didicerit,
3167 5052 3245 5106 sic
3273 5053 3396 5108 inde
3422 5053 3813 5110 discessurum.

2231 5138 2508 5210 Ejusmodi
2529 5149 2652 5196 sunt
2673 5142 2926 5211 praeclara
2949 5144 3197 5215 martyris
3224 5155 3344 5212 post
3370 5144 3575 5200 obitum
3597 5147 3712 5217 ejus
3745 5149 3823 5200 fa-

2229 5231 2432 5286 cinora.
2462 5232 2815 5300 Quamobrem
2844 5245 3073 5288 vestram
3096 5249 3306 5305 quoque
3324 5235 3482 5290 laudo
3507 5239 3780 5292 civitatem
3803 5280 3817 5300 ,

2229 5323 2368 5393 quod
2395 5324 2616 5378 multum
2637 5339 2759 5393 erga
2787 5335 3026 5378 sanctum
3059 5326 3216 5379 istum
3243 5326 3475 5380 studium
3504 5329 3818 5384 exhibueri-

2230 5416 2317 5471 tis.
2346 5414 2476 5468 Nam
2505 5429 2611 5484 quo
2637 5424 2876 5484 tempore
2905 5415 3123 5484 Daphne
3149 5416 3514 5470 revertebatur
3532 5460 3546 5482 ,
3582 5428 3688 5473 tcta
3716 5438 3814 5473 no-

2229 5505 2311 5562 bis
2340 5506 2592 5561 civitasin
2615 5508 2752 5562 viam
2779 5506 2943 5560 effusa
2971 5516 3072 5571 est;
3095 5522 3254 5562 vacua
3281 5507 3496 5563 fuerunt
3522 5512 3652 5568 viris
3677 5511 3811 5570 fora.

2228 5614 2408 5655 vacua:
2432 5600 2641 5654 feminis
2664 5599 2835 5666 :edes,
2863 5598 3058 5655 deserti
3087 5615 3117 5654 a
3146 5600 3438 5670 virgtuihus
3460 5603 3708 5658 thalami:
3733 5607 3813 5661 sic

2291 5713 2365 5776 (α)
2399 5716 2666 5778 Martyrium
2684 5718 2905 5781 martyris
2930 5724 3005 5768 est
3031 5716 3236 5771 ecclesia
3258 5721 3497 5782 martyris.
