3884 6294
62 430 152 489 55!
1102 435 1188 490 DE
1220 438 1276 492 S.
1319 434 1893 521 [HEROMARTYRE’
1908 437 2193 495 BABYLA.

55 543 186 600 λεων
215 542 542 613 ἀνατροπαὶ,
579 541 677 596 καὶ
696 540 848 612 λιμὸς
885 539 1138 595 ἀπάντων
1171 542 1347 614 λιμῶν
1375 547 1403 598 6
1436 546 1628 618 πικρό-

55 659 234 706 τατος.
265 641 409 693 Ἰστε
432 639 537 711 γάρ
566 637 739 710 δήπου
771 638 864 691 καὶ
895 638 1199 709 μέμνησθε,
1231 639 1347 703 πῶς
1377 641 1507 712 κενὴ
1531 641 1630 712 μὲν

56 736 119 810 ἦν
139 738 315 792 ῶνίων
342 740 383 808 ἠ,
402 736 598 807 ἀγορά,
622 736 796 806 μεστά
814 736 873 790 δὲ
895 734 1142 806 θορύϐων
1169 735 1236 790 16
1269 737 1626 807 ἐργαστήρια,

57 835 285 890 ἑκάστου
331 831 764 903 φιλονεικοῦντος
794 831 857 885 τὸ
899 831 1068 901 φανὲν
1113 833 1485 904 προαρπάσαι,
1535 832 1628 885 καὶ

58 930 330 985 ἀπελθεῖν.
367 928 479 982 Καὶ
507 928 560 981 τί
583 925 726 996 λέγω
749 926 929 999 λιμὸν,
964 927 1097 980 ὅπου
1131 942 1197 995 γε
1219 928 1311 980 καὶ
1340 927 1500 980 αὐταὶ
1520 926 1629 979 τῶν

58 1026 264 1079 ὑδάτων
303 1023 720 1095 ἐπιλειπόμεναι
742 1025 796 1076 αί
828 1023 1023 1093 πηγαὶ,
1050 1022 1224 1094 πηγαὶ
1253 1022 1533 1092 ποταμοὺς
1560 1022 1625 1091 τῇ

56 1122 304 1192 δαψιλείᾳ
328 1120 423 1175 τοῦ
455 1121 726 1193 ῥεύματος
750 1119 1237 1192 ἀποκρύπτουσαι;
1278 1117 1420 1170 Ἀλλ’
1441 1115 1628 1187 ἐπειδὴ

56 1219 247 1289 πηγῶν
267 1217 566 1289 ἐμνήσθην,
597 1215 758 1288 δεῦρο
786 1214 971 1269 λοιπὸν
1003 1215 1095 1269 ἐπὶ
1119 1215 1218 1286 τὴν
1240 1213 1457 1283 Δάφνην
1478 1210 1630 1266 ἀνέλ-

58 1308 258 1378 θωμεν,
292 1306 387 1360 καὶ
419 1304 511 1358 τὸν
534 1304 692 1372 λόγον
732 1303 867 1375 πρὸς
898 1303 968 1358 16
1004 1303 1097 1356 τοῦ
1131 1303 1404 1375 μάρτυρος
1433 1316 1630 1369 κατορ-

57 1393 284 1463 θώματα
343 1391 745 1462 συνελάσωμεν.
804 1390 998 1444 Καίτοι
1050 1406 1114 1459 γε
1166 1389 1482 1459 ἐπιθυμεῖτε
1529 1387 1629 1451 τὰς

67 1479 382 1550 Ἑλληνικὰς
397 1476 768 1548 ἐκπομπεύειν
792 1476 931 1546 ἀσχη
941 1475 1176 1545 μοσύνας
1191 1474 1270 1529 ἐτι
1285 1491 1299 1505 ·
1320 1474 1433 1529 ἀλλ’
1455 1474 1626 1544 ὅμως,

60 1569 146 1620 καὶ
170 1567 345 1631 οὕτως
369 1566 531 1630 αὐτὸς
558 1565 656 1629 ὢν,
687 1564 991 1634 ἀπάγωμεν
1016 1575 1042 1604 ι
1062 1579 1077 1595 ·
1102 1562 1319 1626 πάντως
1334 1561 1463 1633 γὰρ,
1493 1561 1626 1614 ὅπου

63 1655 349 1726 μαρτύρων
384 1656 593 1725 μνήμη,
634 1655 754 1706 ἐκεῖ
779 1653 874 1707 καὶ
919 1651 1188 1722 Ἑλλήνων
1226 1649 1477 1725 αἰσχύνη.
1526 1642 1628 1702 Οὐ-

61 1761 144 1806 τος
170 1743 350 1797 τοίνυν
380 1744 408 1795 6
437 1740 691 1811 βασιλεὺς
713 1737 891 1793 ἀνιὼν
910 1740 991 1802 είς
1011 1738 1112 1808 τὴν
1141 1736 1380 1807 Δάφνην,
1419 1733 1629 1806 συχνῶς

61 1834 282 1903 ἠνώχλει
312 1830 405 1884 τὸν
451 1828 759 1884 Ἀπόλλωνα
789 1828 1063 1899 δεόμενος,
1096 1824 1372 1888 ίκετεύων,
1410 1825 1627 1879 ἀντιϐο-

62 1918 374 1983 λῶν,’ῶστε
428 1914 830 1987 μαντεύσασθαί
878 1932 929 1967 τι
975 1912 1105 1985 περὶ
1159 1911 1270 1965 τῶν
1327 1910 1628 1989 μελλόντων

60 2008 222 2078 αὐτῷ.
255 2007 321 2060 Τί
350 2002 445 2061 οῦν
471 2007 499 2059 ὁ
530 2005 741 2076 μάντις,
775 2005 804 2057 6
838 2004 1012 2075 μέγας
1037 2001 1149 2056 τῶν
1185 2001 1453 2071 Ἑλλήνων
1475 2000 1625 2064 θεόςς

63 2095 253 2167 Νεκροί
293 2112 360 2165 με
390 2092 659 2146 κωλύουσι
686 2089 1041 2161 φθέγγεσθαι,
1077 2088 1275 2160 φησιν’
1308 2087 1444 2142 ἀλλά
1464 2087 1630 2158 ἀνάρ-

64 2182 218 2252 ρηξον
243 2182 342 2244 τάς
362 2181 555 2252 θήκας,
580 2178 836 2250 ἀνόρυξον
857 2177 925 2230 τά
953 2176 1108 2240 ὀστᾶ,
1140 2175 1479 2247 μετάστησον
1503 2176 1630 2237 τοὺς

64 2269 302 2341 νεκρούς.
334 2267 400 2321 Τί
437 2268 642 2320 τούτων
672 2263 1028 2335 ἀνοσιώτερον
1059 2262 1255 2332 γένοιτ’
1285 2262 1352 2316 ἂν
1378 2262 1488 2315 τῶν
1511 2262 1631 2314 ἐπι-

64 2357 387 2427 ταγμάτων;
427 2352 624 2414 Ξένους
657 2353 686 2404 6
722 2350 934 2421 δαίμων
984 2350 1376 2421 τυμϐωρυχίας
1420 2350 1629 2418 εἰσάγει

62 2445 273 2513 νόμους,
335 2442 432 2496 καὶ
474 2440 696 2502 καινοὺς
746 2437 1068 2508 ξενηλασίας
1126 2438 1333 2490 ἐπινοεῖ
1373 2437 1625 2508 τρόπους.

62 2532 153 2594 Τίς
183 2531 380 2600 ήκουσε
405 2527 637 2599 νεκροὺς
660 2525 1046 2596 ἐλαυνομένους
1072 2523 1243 2591 ποτέ;
1271 2522 1353 2587 τίς
1385 2520 1491 2576 εἶδε
1523 2521 1633 2575 σώ-

63 2636 207 2688 ματα
251 2618 436 2687 ἀψυχα
494 2614 826 2685 κελευόμενα
882 2611 1331 2689 μετανίστασθαι,
1379 2610 1630 2682 καθάπερ

62 2702 210 2768 οὗτος
237 2706 523 2768 ἐπέταττε,
554 2702 683 2765 τούς
706 2702 918 2764 κοινοὺς
956 2699 1057 2769 τῆς
1087 2698 1301 2771 φύσεως
1324 2700 1387 2752 ἐκ
1416 2698 1630 2770 βάθρων

63 2793 376 2864 ἀνατρέπων
408 2791 647 2861 νόμουςξ
683 2788 871 2842 Κοινοὶ
890 2788 1001 2858 γάρ
1037 2789 1143 2840 είσι
1172 2787 1273 2857 τῆς
1310 2786 1525 2856 φύσεως
1552 2787 1642 2840 νέ-

68 2899 146 2952 μοι
196 2879 347 2950 παρὰ
396 2879 564 2931 πᾶσιν
601 2875 934 2947 ἀνθρώποις,
982 2872 1071 2928 τὸν
1117 2873 1421 2927 ἀπελθόντα
1448 2876 1513 2944 τῇ
1560 2877 1631 2945 γῇ

65 2969 160 3038 κρύ
170 2967 419 3030 πτεσθαι,
445 2965 541 3019 καὶ
566 2966 713 3036 ταφῇ
733 2962 1140 3034 παραδίδοσθαι,
1167 2962 1391 3026 καὶτοῖς
1411 2961 1633 3026 κόλποις

65 3057 155 3125 τῆς
190 3055 406 3109 πάντων
431 3054 640 3128 μητρὸς
659 3051 1111 3123 περιστέλλεσθαι
1138 3051 1263 3122 γῆς.
1288 3051 1400 3105 Καὶ
1412 3051 1633 3114 τούτους

63 3144 151 3213 οὐχ
210 3142 432 3212 Ἕλλην,
480 3143 540 3194 οὐ
591 3140 885 3212 βάρϐαρος,
935 3139 997 3192 οὐ
1046 3138 1280 3210 Σκύθης,
1321 3139 1421 3192 οὐκ
1463 3138 1519 3191 εί
1547 3156 1635 3202 τις

64 3232 282 3284 ἐκείνων
309 3229 647 3301 ἀγριώτερος
688 3227 909 3297 ἐκίνησε
936 3227 1063 3290 τούς
1096 3225 1300 3296 νόμους
1338 3225 1491 3290 ποτὲ,
1519 3224 1632 3278 ἀλλ’

63 3316 352 3382 αἰδοῦνται,
384 3317 479 3370 καὶ
507 3316 870 3386 φυλάττουσιν
897 3313 1156 3376 ἅπαντες,
1182 3312 1275 3365 καὶ
1296 3311 1469 3375 οὕτως
1494 3312 1632 3366 εἰσὶν

66 3407 216 3477 ἱεροὶ,
256 3406 352 3458 καὶ
388 3405 555 3457 πᾶσιν
593 3402 888 3473 αίδέσιμοι.
930 3400 1070 3454 Ἀλλ’
1105 3402 1133 3453 6
1178 3399 1388 3471 δαίμων
1419 3399 1633 3472 ἐπάρας

65 3494 114 3544 τὸ
138 3493 503 3562 προσωπεῖον,
530 3492 712 3560 γυμνῇ
744 3492 812 3560 τῇ
843 3488 1053 3559 κεφαλῇ
1084 3487 1220 3557 πρὸς
1248 3487 1317 3542 16
1351 3487 1505 3542 γοινά
1534 3488 1635 3558 τῆς

66 3580 272 3646 φύσεως
302 3579 519 3631 ἵσταται
545 3576 812 3647 δόγματα·
844 3575 1073 3647 Μίασμα
1102 3573 1234 3645 γὰρ,
1264 3576 1453 3646 φησὶν,
1496 3576 1633 3629 είσὶν

65 3668 105 3719 οἱ
132 3666 340 3738 νεκροί.
371 3666 485 3736 Οὐχ
514 3665 563 3718 οί
592 3665 780 3736 νεκροὶ⁵
824 3663 1059 3735 μίασμα,
1110 3664 1449 3735 πονηρότατε
1479 3662 1634 3737 [554]

66 3754 267 3825 δαῖμον,
301 3752 440 3807 ἀλλά
467 3751 791 3824 προαίρεσις
838 3750 1051 3821 πονηρά
1086 3749 1254 3821 μύσος
1282 3752 1453 3805 ἐστίν.
1487 3749 1549 3803 Ei
1578 3750 1635 3804 δέ

65 3845 157 3914 χρή
184 3859 239 3897 τι
270 3842 367 3895 καὶ
394 3840 711 3910 θαυμαστὸν
731 3841 928 3905 εἰπεῖν,
953 3839 1023 3893 τά
1050 3839 1158 3893 τῶν
1183 3839 1401 3905 ζώντων
1436 3840 1634 3911 μᾶλλον

67 3929 232 3998 μεστά
249 3928 468 3991 κακίας,
490 3926 524 3998 ἢ
543 3926 614 3980 16
632 3928 742 3981 τῶν
761 3925 1246 3997 τετελευτηκότων,
1269 3928 1378 3980 είσὶ
1405 3927 1636 3998 σώματα

67 4018 267 4090 μιαρά*
302 4016 372 4071 16
402 4017 503 4087 μὲν
528 4017 637 4088 γὰρ
665 4016 994 4070 διακονεῖται
1018 4017 1130 4078 τοῖς
1165 4016 1266 4085 τῆς
1290 4015 1471 4087 ψυχῆς
1516 4019 1635 4071 ἐπι·

63 4108 333 4176 τάγμασι·
366 4106 436 4158 τά
461 4104 517 4157 δέ
545 4107 754 4157 κεῖνται
789 4102 1023 4174 ἀκίνητα
1043 4119 1056 4131 ·
1094 4103 1155 4156 τὸ
1180 4103 1237 4156 δὲ
1265 4104 1519 4173 ἀκίνητον
1543 4104 1636 4158 καὶ⁹

62 4187 240 4264 πάσης
263 4188 573 4263 αἰσθήσεως
599 4189 698 4261 ἕρη
708 4207 827 4261 μον,
846 4190 942 4243 καὶ
967 4190 1300 4260 κατηγορίας
1331 4189 1398 4244 ἀν
1421 4191 1505 4261 εῐη
1528 4190 1633 4243 πά-

66 4299 155 4351 σης
176 4280 486 4353 ἐλεύθερον.
509 4278 655 4351 Πλὴν
677 4278 792 4333 ἀλλ’
817 4278 936 4331 οὐδὲ
957 4277 1025 4332 16
1050 4277 1161 4331 τῶν
1186 4276 1402 4341 ζώντων
1423 4275 1634 4348 εἴποιμι

65 4368 122 4422 ἀν
156 4369 335 4438 ἔγωγε
374 4366 604 4438 σώματα
628 4362 767 4419 εἶναι
796 4368 864 4437 τῇ
906 4365 1067 4434 φύσει
1103 4365 1297 4436 μιαρὰ,
1339 4363 1474 4418 ἀλλά
1501 4380 1637 4417 παν-

66 4455 217 4525 ταχοῦ
258 4456 362 4526 τὴν
401 4454 646 4526 πονηρὰν
681 4454 774 4508 καὶ
821 4453 1263 4524 διεστραμμένην
1314 4451 1636 4523 προαίρεσιν

65 4547 174 4607 ταῖς
196 4544 352 4614 παρά
378 4544 597 4599 πάντων
616 4541 975 4613 κατηγορίαις
997 4537 1135 4595 εἶναι
1161 4538 1484 4593 ὑπεύθυνον.

126 4636 241 4689 Οὐκ
265 4633 384 4686 ἔστι
410 4632 571 4703 σῶμα
596 4630 789 4701 νεκρὸν
831 4629 1073 4699 μίασμα,
1104 4626 1390 4692 Ἀπολλον,
1415 4625 1552 4681 ἀλλά
1574 4625 1635 4679 τδ

62 4724 225 4792 κόρην
250 4718 470 4774 διώκειν
496 4718 796 4788 σωφρονεῖν
824 4715 1174 4786 βουλομένην,
1206 4716 1301 4768 καὶ
1335 4714 1638 4786 σεμνότητα

63 4805 356 4879 διορύττειν
386 4805 681 4877 παρθένου,
730 4802 829 4858 καὶ
866 4804 966 4874 τῆς
989 4801 1346 4875 ἀναισχύντου
1382 4802 1636 4875 πράξεως

62 4894 401 4964 ἀποτυχόντα
427 4892 666 4963 θρηνεῖν,
695 4890 852 4945 τοῦτο
876 4892 971 4945 καὶ
993 4891 1331 4962 κατηγορίας
1358 4891 1452 4945 καὶ
1478 4890 1637 4946 κολά-

66 4995 197 5043 σεως
215 4978 388 5044 ἀξιον.
415 4977 610 5031 Πολλοὶ
630 4977 763 5046 γοῦν
784 4977 912 5050 παρ’
936 4979 1068 5048 ήμῖν
1089 4977 1337 5046 ἐγένοντο
1361 4977 1636 5048 προφῆται

64 5065 369 5136 θαυμαστοὶ
399 5066 495 5143 καῖ
519 5065 764 5136 μεγάλοι,
792 5066 888 5119 καὶ
919 5065 1091 5119 πολλὰ
1117 5066 1246 5136 περὶ
1273 5066 1383 5119 τῶν
1410 5064 1635 5136 μελλόν-

63 5168 166 5206 των
195 5152 576 5225 προειπόντες,
603 5151 699 5207 καὶ
725 5151 963 5223 οὐδαμοῦ
1006 5153 1131 5216 τούς
1154 5152 1476 5224 ἐρωτῶντας
1514 5154 1638 5206 ἐκέ-

64 5237 212 5294 λευον
236 5240 310 5292 τά
347 5239 459 5293 τῶν
505 5238 851 5293 ἀπελθόντων
890 5238 1205 5310 ἀνορύττειν
1252 5239 1419 5294 ὀστᾶ’
1463 5239 1579 5293 ἀλλ’
1608 5242 1636 5293 6

62 5326 159 5395 μὲν
211 5326 475 5399 ἰεζεκιὴλ
507 5327 689 5381 αὐτῶν
723 5326 832 5381 τῶν
857 5327 1030 5381 ὀστῶν
1066 5327 1293 5398 πλησίον
1334 5327 1526 5393 ἑστὼς,
1573 5330 1633 5382 οὐ

63 5413 221 5482 μόνον
247 5415 403 5468 οὐδὲν
429 5414 770 5478 ἐνεποδίζετο
796 5414 923 5486 παρ’
953 5414 1198 5480 ἐκείνων,
1215 5415 1353 5469 ἀλλά
1384 5417 1480 5471 καὶ
1502 5417 1635 5488 σάρ-

62 5516 158 5564 κας
185 5503 372 5566 αὐτοῖς
399 5502 497 5555 καὶ⁸
521 5501 689 5573 νεῦρα
706 5502 802 5555 καὶ
822 5501 1068 5573 δέρματα
1090 5502 1358 5572 περιθεὶς,
1383 5506 1464 5569 είς
1487 5505 1632 5577 ζωὴν

62 5585 406 5660 ἐπανήγαγεν
441 5588 582 5643 αὐτά
620 5589 800 5643 πάλιν.
852 5590 912 5642 '0
949 5588 1004 5641 δὲ
1056 5589 1233 5660 μέγας
1277 5591 1519 5663 Μωῦσῆς
1568 5593 1630 5647 οὐ

117 5725 140 5753 δ
178 5722 308 5789 Ἀλλξ
332 5721 464 5785 ὅμως
481 5722 562 5770 καὶ
589 5722 738 5778 οὕτως
759 5723 897 5779 αὐτὸς
917 5723 982 5770 ὢν
1006 5722 1278 5789 ἀπάγωμεν.
1300 5716 1461 5789 Hujus
1495 5730 1602 5789 peri

62 5794 228 5859 ςρςιες-
246 5785 394 5853 μιρω
437 5796 551 5831 esse
591 5797 790 5859 §ensum
814 5843 824 5851 θ
844 5792 994 5859 τροις.
1020 5793 1157 5859 ιιοίει
1184 5785 1393 5859 θοι-ἰή(
1419 5785 1624 5852 nefnpe.

63 5844 260 5895 ﬂianlsi
278 5856 368 5908 ego
390 5856 578 5906 quoque
596 5844 682 5894 hoc.
713 5844 921 5905 cupiam,
947 5847 1281 5898 abstineamus.
1310 5844 1439 5900 Κοιτ.

3197 438 3301 496 53⁸2

1735 548 1963 620 πλησίον
1987 550 2159 605 ὀστῶν
2188 551 2433 623 εἱστήκει
2454 548 2686 622 νεκρῶν,
2714 549 2829 605 ἀλλ’
2869 549 3027 604 αὐτὸν
3060 550 3179 606 ὅλον
3214 569 3300 606 νε·

1737 645 1867 717 κρὸν
1917 646 2306 719 ἐπιφερόμενος
2346 647 2439 701 τὸν
2496 649 2715 719 Ἰωσὴφ,
2757 647 2902 703 οὔτω
2929 647 2998 701 τὰ
3044 647 3302 719 μέλλοντα

1739 741 2005 813 προύλεγε
2030 761 2043 775 ι
2094 744 2188 797 καὶ
2221 743 2364 814 μάλα
2402 744 2646 808 εἰκότως.
2682 743 2765 797 T6
2804 748 2908 815 μὲν
2948 743 3050 815 γάρ
3081 745 3302 799 ἐκείνων

1735 837 1957 908 ῥήματα
2005 838 2318 910 Πνεύματος
2348 841 2506 909 ἁγίου
2536 840 2698 911 χάρις
2738 837 2838 912 ἦν·
2889 840 2955 893 τὰ
2992 840 3049 893 δὲ
3097 839 3303 893 τούτων

1735 934 1941 1005 ἀπάτη,
1968 938 2060 990 καὶ
2086 936 2283 1007 ψεῦδος
2313 938 2611 1010 οὐδαμόθεν
2642 936 3035 1008 συσκιασθῆναι
3072 937 3301 1008 δυνάμε-

1733 1047 1843 1085 νον.
1880 1032 2002 1085 Ὅτι
2036 1032 2144 1104 γάρ
2196 1034 2393 1105 σκῆψις
2435 1034 2624 1100 ταῦτα,
2659 1035 2754 1089 καὶ
2784 1034 3056 1105 πρόφασις
3089 1028 3178 1105 ἦν,
3210 1033 3307 1086 καὶ

1733 1125 1824 1180 τὸν
1854 1128 2125 1199 μακάριον
2155 1129 2412 1184 ἐδεδοίκει
2437 1129 2707 1198 Βαϐύλαν,
2735 1130 2893 1201 δῆλον
2917 1122 3064 1195 ἐξῶν
3092 1130 3121 1182 6
3152 1129 3300 1199 βασι-

1733 1221 1859 1287 λεὺς
1873 1223 2078 1295 ἔπραξε
2097 1243 2111 1257 ·
2125 1225 2253 1290 τούς
2276 1226 2384 1297 γάρ
2397 1226 2591 1291 ἄλλους
2617 1227 2862 1291 ἅπαντας
2876 1228 3102 1298 νεκροὺς
3117 1228 3301 1296 ἀφεὶς,

1735 1318 1942 1372 ἐκεῖνον
1970 1319 2061 1372 τὸν
2088 1320 2342 1392 μάρτυρα
2376 1322 2537 1394 μόνον
2567 1323 2757 1380 ἐκίνει.
2788 1322 2979 1377 Καίτοι
3010 1339 3073 1393 γε
3101 1324 3151 1376 εί
3183 1322 3303 1394 βδε-

1734 1410 2058 1485 λυττόμενος
2085 1418 2269 1485 αὐτὸν,
2299 1419 2436 1474 ἀλλά
2465 1421 2539 1492 μὴ
2563 1420 2898 1492 φοϐούμενος
2912 1420 3086 1475 ταῦτα
3108 1419 3303 1492 ἐπρατ-

1733 1524 1844 1575 τεν,
1873 1511 2040 1581 ἐχρῆν
2072 1513 2327 1571 κελεῦσαι
2362 1517 2712 1589 συντριϐῆναι
2752 1516 2852 1588 τὴν
2893 1517 3161 1589 λάρνακα,
3200 1533 3301 1571 κα-

1733 1608 2174 1678 ταποντισθῆναι,
2204 1612 2284 1674 είς
2326 1611 2562 1683 ἐρημίαν
2595 1612 2929 1684 ἀπαχθῆναι,
2978 1614 3149 1685 ἑτέρῳ
3198 1614 3305 1665 τινὶ

1734 1698 2009 1765 ἀπωλείας
2039 1702 2401 1775 ἀφανισθῆναι
2433 1707 2639 1779 τρόπῳ.
2663 1707 2835 1762 Τοῦτο
2863 1707 2972 1780 γὰρ
2988 1704 3056 1779 ῆν
3091 1707 3303 1778 βδελυτ-

1733 1793 1985 1865 τομένου.
2017 1795 2205 1861 Οὕτως
2232 1799 2260 1850 6
2297 1797 2429 1862 Θεὸς
2456 1800 2731 1870 ἐποίησεν,
2763 1800 2851 1853 ὅτε
2887 1798 3148 1870 περὶτῶν
3184 1797 3300 1869 βδες

1734 1883 2024 1954 λυγμάτων
2053 1886 2160 1941 τῶν
2188 1886 2359 1941 ἐθνῶν
2386 1891 2496 1952 τοῖς
2535 1889 2809 1961 Ἑϐραίοις
2847 1890 3147 1959 διελέγετοο
3180 1907 3305 1943 συν-

1734 1976 1985 2046 τριϐῆναι
2014 1976 2114 2041 τάς
2155 1979 2355 2049 στήλας
2384 1979 2565 2034 αὐτῶν
2598 1981 2906 2045 ἐκέλευσεν,
2938 1983 3039 2034 οὐκ
3068 1980 3175 2034 ἀπὸ
3199 1980 3312 2034 τῶν

1735 2070 2072 2139 προαστείων
2104 2071 2197 2123 ἐπὶ
2224 2072 2324 2135 τάς
2359 2071 2542 2136 πόλεις
2568 2072 2722 2141 ἄγειν
2745 2072 2812 2126 τά
2842 2073 3149 2143 μιάσμαται

1804 2159 1875 2229 γ’.
1903 2161 1959 2215 '0
1979 2162 2077 2233 μὲν
2099 2158 2193 2216 οῦν
2219 2163 2429 2234 μάρτυς
2454 2165 2703 2227 ἐκινεῖτο,
2720 2165 2747 2215 ό
2766 2163 2930 2217 δὲ’-δαί
2937 2180 3051 2235 μων
3071 2163 3191 2216 οὐδὲ
3212 2163 3306 2216 οὐ-

1732 2266 1841 2315 τως
1857 2251 2038 2316 ἀδείας
2055 2253 2344 2308 ἀπέλαυεν
2374 2255 2491 2309 ἀλλ’
2504 2255 2704 2319 εὐθέως
2720 2254 3040 2326 ἐμάνθανεν,
3059 2255 3141 2308 δτι
3172 2254 3306 2307 ὀστᾶ

1739 2344 1836 2414 μὲν
1864 2345 2142 2418 μάρτυρος
2182 2349 2539 2417 μετακινῆσαι
2575 2347 2797 2401 δυνατόν
2826 2348 2994 2410 ἐστιν,
3027 2349 3212 2419 χεῖρας
3242 2345 3299 2399 δὲ

1739 2435 2016 2509 μάρτυρος
2030 2437 2311 2507 διαφυγεῖν
2335 2440 2617 2495 ἀδύνατον.
2647 2438 2812 2510 Ὀμοῦ
2839 2428 2898 2493 τὲ
2914 2440 3023 2510 γὰρ
3046 2440 3078 2509 ἡ
3102 2438 3307 2509 λάρναξ

1735 2528 1828 2580 ἐπὶ
1853 2527 1951 2600 τὴν
1983 2528 2136 2583 πόλιν
2171 2530 2404 2598 εἵλκετο,
2433 2531 2528 2584 καὶ
2559 2531 2825 2603 κεραυνὸς
2854 2531 3061 2595 ἀνωθεν
3088 2531 3182 2584 ἐπὶ
3208 2530 3307 2602 τὴν

1738 2618 1977 2691 κεφαλὴν
1999 2620 2197 2691 ῆρχετο
2220 2619 2313 2675 τοῦ
2338 2619 2549 2686 ξοάνου,
2575 2624 2670 2676 καὶ
2686 2623 2754 2677 16
2778 2623 2957 2676 πάντα
2980 2621 3304 2691 κατέφλεγε.

1739 2711 1930 2766 Καίτοι
1958 2729 2041 2781 γε,
2077 2713 2125 2765 εί
2164 2714 2257 2768 καὶ
2296 2715 2371 2786 μὴ
2411 2714 2696 2785 πρότερον,
2720 2715 2840 2768 τότε
2875 2713 3005 2784 γοῦν
3054 2714 3199 2778 εἰκὸς
3238 2710 3308 2784 ἦν
3402 2780 3405 2783 Α

1738 2804 2058 2875 ὀργισθῆναι
2083 2806 2173 2860 τὸν
2200 2806 2368 2878 ἀσεϐῆ
2395 2806 2638 2876 βασιλέα,
2657 2808 2751 2862 καὶ
2776 2807 2876 2878 τὴν
2901 2808 3070 2881 ὀργὴν
3094 2808 3307 2876 ἀφεῖναι

1741 2897 1822 2959 είς
1887 2895 1949 2949 τὸ
2003 2896 2299 2969 μαρτύριον
2357 2897 2452 2951 τοῦ
2505 2899 2813 2971 μάρτυροςο
2846 2898 2962 2953 ἀλλ’
3012 2899 3132 2953 οὐδέ
3184 2890 3308 2952 τότε

1737 2989 2004 3061 ἐτόλμησε
2025 3009 2039 3024 ·
2070 2990 2321 3056 τοσοῦτος
2354 2992 2515 3047 αὐτὸν
2547 2995 2766 3063 κατεῖχε
2799 2993 2990 3062 φόϐος·
3024 2991 3162 3047 6116
3187 2993 3311 3045 καί-

1738 3099 1819 3136 τοι
1849 3084 1940 3137 τὸν
1966 3084 2293 3156 ἐμπρησμὸν
2328 3084 2470 3156 ὁρῶν
2496 3084 2769 3156 ἀφόρητον
2791 3083 2941 3145 ὄντα,
2972 3083 3068 3136 καὶ
3094 3082 3192 3153 τὴν
3220 3084 3307 3135 αί-

1738 3175 1860 3229 τίαν
1905 3174 2060 3239 εἰδὼς
2090 3175 2354 3247 ἀκριϐῶς,
2402 3176 2662 3248 ἡσύχαζε.
2695 3176 2799 3229 Καὶ
2831 3176 2892 3229 οὐ
2937 3173 3096 3228 τοῦτο
3148 3175 3308 3245 μόνον

1739 3267 1858 3320 ἐστὶ
1882 3266 1944 3319 τὸ
1975 3266 2305 3338 θαυμαστὸν,
2329 3269 2410 3322 ὅτι
2434 3268 2496 3322 τὸ
2528 3267 2824 3341 μαρτύριον
2854 3268 2915 3321 οὐ
2942 3266 3304 3337 κατέσκαψεν,

1739 3356 1854 3411 ἀλλ’
1879 3358 1961 3412 δτι
1988 3357 2120 3428 μηδέ
2141 3357 2240 3430 τὴν
2265 3358 2461 3430 στέγην
2496 3357 2762 3413 ἐπιθεῖναι
2793 3358 2953 3413 πάλιν
2975 3357 3052 3429 τῷ
3073 3355 3185 3427 ναῷ
3208 3357 3310 3410 οὐκ

1740 3438 2061 3521 ἐτόλμησεν.
2088 3449 2241 3535 ᾛδει
2261 3450 2390 3525 γάρ,
2413 3449 2528 3521 ᾔδει
2557 3449 2815 3523 θεήλατον
2838 3445 3004 3505 οὖσαν
3032 3449 3128 3521 τὴν
3156 3447 3308 3521 1555]

1741 3537 1972 3610 πληγὴν,
2005 3539 2100 3593 καὶ
2128 3538 2378 3594 ἐδεδοίκει
2425 3539 2497 3612 μὴ
2539 3540 2850 3612 περαιτέρω
2892 3557 2942 3594 τι
2985 3538 3309 3611 διανοηθεὶς,

1740 3631 1832 3685 ἐπὶ
1857 3630 1957 3704 τὴν
1986 3632 2190 3687 οἰκείαν
2217 3635 2392 3688 ἐκεῖνο
2425 3632 2632 3708 καλέσῃ
2667 3634 2727 3689 τὸ
2776 3633 2886 3704 πῦρ
2916 3633 3177 3703 κεφαλήν.
3212 3634 3321 3686 Διά

1739 3724 1897 3778 τοῦτο
1927 3726 2172 3797 ἠνείχετο
2225 3728 2305 3791 είς
2341 3729 2608 3799 τοσαύτην
2643 3727 2877 3799 ἐρημίαν
2915 3727 3311 3797 κατενεχθέντα

1739 3820 1831 3875 τὸν
1863 3820 1988 3874 ναὸν
2030 3820 2125 3874 τοῦ
2176 3822 2508 3887 Ἀπόλλωνος
2533 3821 2694 3893 ὁρῶν.
2727 3822 2862 3876 Οὐδὲ
2894 3822 3002 3892 γὰρ
3045 3821 3177 3890 άλλη
3227 3835 3336 3883 τις.

1738 3908 1808 3983 ἦν
1840 3911 2007 3977 αἰτία,
2036 3911 2101 3965 δι’
2127 3912 2193 3984 ἢν
2213 3913 2275 3965 οὐ
2304 3912 2583 3984 διώρθωσε
2611 3913 2671 3967 τὸ
2700 3914 3088 3991 γεγενημένον,
3121 3911 3237 3965 ἀλλ’
3275 3911 3309 3982 ἢ

1730 4004 1906 4073 φόϐος
1941 4005 2101 4076 μόνον
2121 4003 2186 4058 δι’
2211 4003 2271 4058 ὃν
2298 4003 2445 4058 ἄκων
2489 4004 2751 4075 ἡσύχαζε,
2793 4005 2888 4057 καὶ
2914 4002 3089 4057 ταῦτα
3130 4002 3309 4066 είδὼς,

1741 4096 1866 4150 ὅσον
1921 4096 2018 4167 μὲν
2059 4095 2258 4160 ὄνειδος
2298 4096 2618 4150 καταλείπει
2667 4095 2746 4166 τῷ
2799 4095 3036 4165 δαίμονι,
3081 4098 3205 4151 ὅσον
3252 4096 3331 4151 6b-

1743 4188 1946 4259 κόσμον
1977 4186 2054 4259 τῷ
2079 4187 2335 4258 μάρτυρι.
2372 4185 2480 4239 Καὶ
2497 4186 2605 4258 γάρ
2633 4185 2929 4257 ἑστήκασιν
2949 4187 3192 4256 οί-τοῖχοι
3214 4185 3317 4241 νῦν

1743 4280 1864 4334 ἀντὶ⁹
1906 4278 2204 4351 τροπαίων,
2254 4276 2555 4347 σάλπιγγος
2610 4276 2999 4348 λαμπροτέραν
3062 4275 3311 4344 ἀφιέντες

1743 4368 1945 4440 φωνὴν,
1972 4370 2086 4432 τοῖς
2115 4371 2172 4423 ἐν
2189 4371 2255 4440 τῇ
2286 4369 2489 4441 Δάφνῃ,
2517 4367 2630 4430 τοῖς
2665 4369 2723 4420 ἐν
2747 4368 2817 4438 τῇ
2839 4365 3012 4432 πόλει,
3043 4369 3155 4431 τοῖς
3178 4366 3310 4440 πόρ-

1745 4461 1917 4534 ρωθεν
1945 4460 2386 4532 ἀφικνουμένοις,
2419 4462 2533 4524 τοῖς
2574 4458 2816 4524 συνοῦσι,
2856 4461 2968 4523 τοῖς
3001 4455 3157 4522 αὖθις
3191 4460 3310 4512 ἐσο-

1746 4555 1927 4627 μένοις
1958 4552 2266 4626 ἀνθρώποις
2300 4555 2516 4609 ἅπαντα
2538 4552 2850 4623 διηγοῦνται
2877 4551 2967 4606 διὰ
2993 4551 3095 4623 τῆς
3111 4551 3308 4622 ὅψεως,

1740 4644 1839 4718 τὴν
1878 4644 2075 4717 πάλην,
2116 4645 2216 4716 τὴν
2252 4643 2592 4716 συμπλοκὴν,
2627 4643 2727 4715 τὴν
2765 4643 2921 4713 νίκην
2978 4642 3072 4696 τοῦ
3106 4641 3309 4714 μάρτυ-

1712 4801 1719 4807 ,
1746 4751 1855 4806 ρος.
1892 4734 1997 4787 Τὸν
2023 4733 2130 4806 γὰρ
2154 4731 2435 4806 πόρρωθεν
2456 4732 2824 4803 ἀφιστάμενον
2843 4732 2937 4786 τοῦ
2963 4732 3328 4804 προαστείου,

1744 4828 1839 4881 καὶ
1868 4826 1929 4879 τὸ
1973 4826 2071 4897 μὲν
2106 4826 2403 4897 μαρτύριον
2440 4824 2534 4878 τοῦ
2564 4825 2722 4894 ἁγίου
2752 4826 2851 4897 τῆς
2877 4824 3148 4896 λάρνακος
3183 4825 3313 4897 ἐρητ

1747 4935 1865 4990 μον,
1896 4918 1987 4971 τὸν
2017 4918 2073 4971 δὲ
2114 4918 2240 4972 ναὸν
2274 4918 2369 4971 τοῦ
2420 4918 2752 4982 ’Λπόλλωνος
2799 4918 2897 4989 τὴν
2956 4918 3155 4989 στέγην
3208 4920 3313 4986 ἀφ·

1741 5010 2264 5085 ῃρημένονόρῶντα,
2290 5010 2439 5081 εἰκὸς
2472 5010 2573 5081 τὴν
2605 5009 2784 5064 αἰτίαν
2809 5008 3012 5063 τούτων
3037 5009 3312 5079 ἑκατέρων

1742 5104 1960 5174 ζητεῖνο
2005 5100 2124 5157 εἶτα
2169 5105 2347 5189 πάσαν
2394 5102 2637 5172 μαθόντα
2671 5102 2797 5172 τὴν
2831 5101 3091 5173 ἱστορίαν,
3139 5100 3312 5162 οὓτως

1741 5195 1995 5250 ἀπελθεῖν
2020 5194 2247 5249 ἐκεῖθεν.
2275 5194 2513 5248 Τοιαῦτα
2527 5193 2620 5247 τοῦ
2643 5194 2918 5265 μάρτυρος
2941 5193 3009 5246 16
3036 5191 3310 5262 κατορθώ-

1745 5306 1911 5359 ματα,
1949 5286 2019 5341 16
2048 5285 2185 5358 μετά
2209 5283 2307 5357 τὴν
2349 5285 2624 5356 τελευτήν.
2656 5285 2747 5338 Διὸ
2772 5285 2867 5339 καὶ
2896 5284 2996 5355 τὴν
3039 5280 3311 5354 ὑμετέραν

1744 5378 2033 5452 μακαρίζω
2074 5378 2247 5439 πόλιν,
2285 5377 2367 5429 ὅτι
2402 5375 2602 5447 πολλὴν
2632 5376 2761 5445 περὶ
2793 5374 2884 5429 τὸν
2917 5375 3072 5443 ἀγιον
3121 5371 3311 5426 τοῦτον

1741 5472 2084 5538 ἐπεδείξασθε
2112 5470 2209 5542 τὴν
2259 5470 2513 5541 σπουδήν.
2559 5470 2667 5523 Καὶ
2698 5467 2806 5539 γάρ
2832 5468 2975 5531 τότε,
3002 5466 3161 5538 ἡνίκα
3204 5466 3311 5520 ἀπὸ

1740 5565 1838 5636 τῆς
1863 5565 2077 5634 Δάφνης
2110 5561 2359 5634 ἐπανῄει,
2386 5561 2655 5632 πᾶσαμέν
2680 5562 2813 5631 ἡμῖν
2847 5561 2879 5630 ἡ
2910 5558 3065 5620 πόλις
3102 5559 3183 5621 εἰς
3213 5558 3311 5626 τὴν

1739 5656 1854 5709 ὁδὸν
1879 5653 2132 5726 ἐξεχύθη,
2156 5652 2251 5706 καὶ
2269 5651 2425 5706 κεναὶ
2454 5650 2550 5720 μὲν
2581 5649 2637 5701 αἱ
2667 5647 2864 5719 ἀγοραὶ
2889 5645 3121 5717 ἀνδρῶν,
3156 5648 3312 5700 κεναὶ

1736 5748 1793 5801 δὲ
1826 5744 2101 5815 γυναικῶν.
2145 5739 2284 5813 ἦσαν
2316 5743 2371 5796 αἱ
2400 5740 2589 5803 οἰκίαι,
2621 5737 2816 5810 ἔρημοι
2844 5737 2900 5790 δὲ
2932 5736 3218 5808 παρθένων
3260 5741 3310 5793 οί

1738 5840 1985 5902 θάλαμοι.
2016 5837 2171 5892 Οὐτω
2195 5835 2285 5889 καὶ
2316 5831 2499 5901 ἡλικία
2543 5831 2711 5898 πᾶσα,
2746 5830 2837 5885 καὶ
2869 5828 3027 5899 φύσις
3064 5829 3299 5896 ἑκατέρα
