3884 6294
144 498 253 557 533

146 623 203 670 et
229 614 409 672 omnis
432 624 565 672 atas
593 658 609 683 ,
632 626 685 673 et
714 625 934 690 uterque
963 634 1122 676 sexus
1145 621 1464 679 exsilierunt
1486 640 1551 679 ex
1582 624 1734 692 urbe,

146 715 423 778 tamquam
459 717 661 779 patrem
687 724 751 765 ex
800 711 952 780 longa
984 712 1407 783 peregrinatione
1436 724 1555 784 post
1595 715 1736 769 mul-

149 806 263 852 tum
293 808 503 869 tempus
523 808 877 856 revertentem
905 803 1193 874 recepturi.
1217 803 1295 859 Ac
1314 819 1408 859 vos
1431 805 1643 875 quidem
1672 805 1737 861 il-

148 892 259 947 lum
285 892 474 948 eodem
505 893 621 948 zelo
645 908 1024 949 succensorum
1052 896 1211 951 εαξῑυί
1280 897 1585 954 reddidistis
1603 939 1618 966 ,
1644 899 1739 955 Dei

149 998 279 1038 vero
314 983 484 1055 gratia
510 994 765 1054 perpetuo
794 1000 1010 1041 manere
1056 985 1162 1043 illic
1192 1002 1298 1043 non
1343 989 1615 1059 permisit,
1647 990 1741 1045 sed

150 1092 339 1131 rursus
361 1076 510 1132 illum
537 1077 675 1131 ultra
704 1077 899 1133 flumen
932 1079 1006 1151 (α)
1035 1080 1335 1147 transtulit,
1355 1090 1411 1136 ut
1439 1083 1601 1136 multa
1628 1082 1741 1138 loca

151 1166 302 1221 suavi
324 1165 576 1238 martyris
598 1166 762 1222 odore
781 1170 1197 1239 complerentur.
1229 1169 1412 1240 Neque
1444 1186 1591 1239 vero,
1620 1187 1743 1228 cum

156 1255 261 1311 huc
286 1256 543 1325 venisset,
573 1258 720 1312 solus
747 1274 1027 1315 mansurus
1043 1260 1173 1329 fuit,
1192 1261 1284 1317 sed
1313 1262 1543 1318 vicinum
1564 1262 1746 1319 confe-

154 1352 280 1405 stim
310 1360 366 1407 et
390 1352 852 1418 contubernalem,
882 1352 1175 1424 iisdemque
1203 1355 1439 1410 moribus
1465 1355 1744 1425 praeditum

154 1445 385 1514 accepit.
410 1442 539 1498 Nam
567 1452 620 1500 et
640 1444 881 1513 ejusdem
923 1444 1249 1515 prmfectura:
1281 1448 1544 1517 particeps
1582 1450 1749 1504 factus

156 1545 261 1601 est,
289 1544 345 1590 et
373 1536 630 1606 aequalem
657 1536 909 1606 loquendi
937 1536 1235 1593 libertatem
1261 1538 1313 1593 in
1347 1553 1507 1595 causa
1532 1539 1749 1609 religio-

158 1626 245 1681 nis
274 1626 517 1682 exhibuit
548 1644 563 1680 :
596 1636 921 1698 quapropter
944 1637 997 1683 et
1023 1627 1162 1684 idem
1193 1644 1256 1684 ac
1284 1630 1397 1701 ipse
1419 1629 1749 1685 domicilium

159 1718 412 1785 obtinuit,
440 1735 546 1773 non
574 1717 790 1787 frustra,
819 1729 875 1775 ut
894 1720 1123 1787 videtur,
1149 1720 1238 1776 hic
1261 1722 1520 1778 mirabilis
1551 1732 1752 1793 marty-

161 1809 239 1863 ris
256 1809 511 1864 imitator.
533 1809 705 1864 Tanto
726 1809 868 1865 enim
890 1819 1129 1881 tempore
1154 1811 1259 1867 illic
1277 1810 1539 1867 laboravit
1561 1812 1626 1869 ad
1653 1812 1755 1868 lm-

164 1909 469 1968 peratorem
496 1899 682 1956 literas
711 1901 948 1973 mittens,
982 1901 1323 1972 magistratus
1371 1902 1748 1973 interpellans,

162 1999 220 2045 et
240 1992 484 2061 corporis
504 1992 859 2048 ministerium
888 1993 1107 2063 martyri
1134 1992 1402 2049 deferens.
1429 1994 1586 2051 Scitis
1610 1995 1754 2050 enim

164 2081 351 2151 utique
376 2098 439 2137 ac
466 2082 856 2149 recordamini,
901 2098 1006 2153 quo
1052 2091 1205 2154 pacto
1242 2084 1430 2140 testivo
1484 2094 1755 2154 tempore,

165 2171 294 2227 dum
327 2172 605 2228 meridiani
636 2173 764 2229 solis
794 2172 956 2228 radiis
1000 2174 1189 2229 caelum
1236 2175 1468 2240 arderet,
1499 2190 1619 2230 cum
1646 2176 1759 2232 suis

164 2264 535 2319 assessoribus
554 2264 775 2335 singulis
800 2264 988 2321 diebus
1005 2265 1129 2321 illuc
1147 2275 1412 2337 pergeret,
1437 2282 1540 2323 non
1565 2276 1625 2322 ut
1639 2284 1761 2338 spe.

166 2366 343 2413 ctarct
367 2358 564 2426 solum,
588 2357 681 2413 sed
712 2358 871 2414 etiam
900 2367 956 2413 ut
978 2359 1029 2412 in
1051 2374 1260 2428 eorum,
1282 2374 1401 2429 quae
1416 2360 1758 2429 gerebantur,

166 2450 504 2504 consnrtium
528 2450 751 2504 veniret.
783 2448 916 2504 Nam
948 2459 1001 2506 et
1024 2450 1227 2520 lapides
1248 2450 1444 2521 smpius
1473 2451 1676 2521 attigit,
1708 2463 1764 2507 et

236 2582 313 2645 (α)
344 2590 577 2633 Orontem
603 2582 830 2646 intelligit
854 2584 913 2634 ad
932 2597 1080 2648 quem
1104 2584 1302 2634 fluvium
1324 2586 1415 2635 sita
1439 2587 1696 2637 Antiochia.

954 504 1044 561 DE
1080 504 1141 562 S.
1220 505 1516 575 BABYLA,
1554 507 1827 567 CONTRA
1865 508 2201 567 JULIANUM
2241 508 2328 565 ET
2367 508 2726 567 GENTILES.

3318 511 3424 569 556

1842 623 2021 680 funem
2067 624 2263 691 traxit,
2309 632 2363 680 et
2390 624 2441 680 ei
2482 624 2572 696 qui
2600 632 2866 680 structura
2896 622 3069 694 aliqua
3118 622 3425 694 indigebat,

1843 724 1966 770 ante
2008 715 2153 785 ipsos
2200 715 2471 772 ministros
2496 715 2906 785 obtemperavit.
2937 714 3166 769 Noverat
3194 714 3424 791 quippe,

1844 816 2065 862 noverat
2085 818 2278 877 quanta
2307 808 2406 878 ipsi
2444 807 2634 862 horum
2674 822 2831 862 causa
2862 807 3077 879 praemia
3109 808 3428 862 reservanda

1844 907 2026 954 essent
2053 917 2066 954 :
2088 909 2247 970 atque
2275 897 2471 954 idcirco
2497 899 2550 954 in
2574 900 2829 969 obsequio
2853 899 3105 969 cultuque
3135 909 3439 970 martyrum.

1846 991 2261 1061 perseverabat,
2288 1005 2392 1045 non
2415 990 2710 1061 splendidis
2735 1001 2936 1045 tantum
2965 989 3200 1059 aedificiis
3225 999 3434 1044 struen-

1846 1082 1930 1138 dis
1950 1124 1965 1149 ,
1992 1091 2083 1137 aut
2108 1083 2377 1137 continuis
2410 1082 2554 1137 festis
2583 1081 2936 1146 celebrandis,
2960 1082 3051 1137 sed
3082 1081 3272 1153 potiori
3299 1096 3434 1151 qua-

1847 1173 1970 1228 dam
2002 1173 2082 1228 his
2120 1173 2366 1227 omnibus
2395 1173 2603 1228 ratione
2633 1190 2645 1226 :
2678 1189 2907 1244 quanam
2939 1173 3024 1228 illa
3055 1173 3266 1227 tandem
3293 1172 3323 1226 ?‘
3346 1171 3434 1226 νίτ-

1852 1275 1956 1319 tam
1983 1265 2220 1319 imitatur
2248 1264 2459 1319 illorum
2482 1306 2497 1330 ,
2529 1264 2891 1320 fortitudinem
2922 1266 3222 1331 tumulatur,
3255 1280 3318 1320 ac
3344 1278 3437 1334 per

1850 1356 2027 1410 omnia
2052 1356 2334 1425 imaginem
2368 1366 2658 1424 martyrum
2688 1373 2783 1426 pro
2803 1357 3002 1412 viribus
3026 1358 3079 1413 in
3106 1358 3284 1430 seipso
3306 1373 3439 1412 cou-

1851 1456 2049 1502 servat.
2078 1448 2213 1503 Vide
2244 1447 2385 1503 enim
2425 1464 2438 1500 :
2472 1458 2835 1518 exposuerunt
2864 1448 2935 1502 illi
2981 1463 3206 1519 corpora
3235 1459 3440 1503 macta-

1854 1539 2019 1605 tioui;
2047 1547 2101 1594 at
2127 1542 2214 1595 hic
2252 1538 2490 1594 membra
2538 1539 2715 1595 carnis
2750 1539 3128 1608 mortificavit,
3161 1556 3278 1611 qua:
3318 1550 3445 1596 sunt

1851 1644 2015 1700 super
2038 1639 2235 1685 terram
2270 1647 2283 1684 :
2307 1630 2615 1685 restiterunt
2642 1630 2717 1684 illi
2744 1629 2970 1685 flamma:
2998 1631 3133 1701 ignis
3152 1672 3167 1694 ,
3193 1631 3279 1685 hic
3298 1631 3443 1700 cupi-

1856 1721 2035 1776 ditatis
2062 1721 2330 1777 flammam
2355 1723 2602 1777 restinxit
2632 1740 2645 1776 :
2676 1732 2977 1793 pugnarunt
3008 1722 3083 1777 illi
3109 1738 3231 1777 cum
3269 1722 3446 1777 denti-

1855 1814 1954 1869 bus
1983 1813 2271 1869 bestiarum
2291 1854 2308 1881 ,
2355 1813 2451 1870 sed
2496 1822 2551 1869 et
2580 1813 2667 1869 hic
2694 1812 3038 1868 saevissimam
3067 1814 3118 1868 in
3150 1814 3302 1867 nobis
3328 1828 3449 1881 per-

1858 1905 2219 1961 turbationum
2279 1905 2411 1960 iram
2468 1904 2692 1960 sedavit.
2744 1905 2943 1961 llorum
3000 1906 3156 1977 igitur
3208 1905 3445 1959 omnium

1856 2011 2013 2053 causa
2040 1997 2151 2052 Deo
2174 1997 2371 2069 gratias
2396 2012 2613 2068 agamus
2630 2039 2647 2065 ,
2679 1997 2820 2069 quod
2842 2007 2888 2053 el
2916 2007 3178 2069 martyres
3206 1996 3356 2050 nobis
3379 1995 3446 2049 ita

1778 2148 1783 2151 ‘
1858 2104 2147 2161 generosos
2177 2090 2393 2160 largitus
2419 2090 2524 2156 sit,
2558 2099 2611 2145 et
2638 2090 2961 2162 martyribus
2987 2090 3175 2159 dignos
3207 2098 3450 2158 pastores

1858 2180 1926 2234 ad
1982 2179 2497 2234 consummationem
2554 2189 2897 2247 sanctorum,
2946 2180 2997 2234 in
3044 2178 3448 2233 aediﬁcationem

1861 2272 2102 2342 cerporis
2128 2272 2324 2328 Christi
2346 2271 2559 2344 (Ep/tes.
2588 2272 2775 2346 4.12),
2811 2289 2931 2329 cum
2954 2287 3059 2343 quo
3087 2273 3231 2328 Patri
3257 2271 3446 2341 gloria,

1865 2363 2059 2431 honor,
2097 2363 2417 2433 imperium,
2467 2380 2589 2420 cum
2636 2374 2825 2421 sancto
2872 2374 2925 2420 et
2973 2365 3179 2420 vivifico
3217 2363 3448 2433 Spiritu,

1864 2471 2004 2510 nunc
2032 2436 2087 2511 et
2111 2469 2346 2525 semper,
2376 2465 2431 2511 et
2460 2456 2511 2510 in
2536 2457 2729 2511 saacula
2755 2455 3095 2512 saeculorum.
3128 2458 3319 2510 Amen.

945 2796 1287 2879 LIBER
1339 2796 1461 2879 IN
1516 2793 2075 2879 SANCTUM
2124 2760 2687 2904 BABYLAM,

1061 2971 1309 3016 cou'rru
1352 2972 1697 3029 JULIANUM,
1743 2972 1825 3016 ET
1866 2972 2114 3020 comas
2156 2977 2460 3022 esurus
2491 2958 2602 3044 (a).

1610 3127 1880 3172 -—~oo

264 3244 319 3299 l.
349 3241 608 3298 Dominus
636 3248 821 3297 noster
848 3238 1004 3295 Jesus
1027 3236 1272 3295 Christus
1297 3238 1611 3309 supplicium
1641 3228 1782 3310 jam-

184 3333 299 3404 jam
345 3331 647 3398 subiturus,
699 3338 755 3386 et
796 3340 970 3386 morte
996 3328 1201 3383 vivifica
1251 3328 1573 3395 moriturus,
1626 3338 1783 3385 nocte

188 3425 285 3481 illa
316 3432 587 3495 postrema
607 3422 893 3491 discipulos
913 3420 1139 3477 seorsim
1159 3420 1387 3488 vocavit,
1413 3420 1646 3491 ipsisque
1673 3429 1783 3476 tum

190 3520 299 3573 alia
329 3518 494 3572 multa
525 3517 727 3571 monita
749 3515 929 3582 dedit,
963 3524 1072 3570 tum
1105 3514 1221 3569 hmc
1247 3514 1407 3569 etiam
1433 3514 1590 3569 verba
1623 3512 1781 3568 fecit:

192 3613 356 3667 Amen
378 3652 394 3676 ,
437 3626 582 3664 auten
621 3611 733 3663 dico
759 3608 925 3675 vobis,
948 3608 1034 3678 qui
1061 3608 1218 3662 credit
1250 3608 1302 3660 in
1329 3622 1437 3673 me,
1469 3622 1648 3675 opera,
1676 3620 1790 3674 qua:

194 3720 291 3774 ego
312 3704 448 3773 facio
467 3744 483 3767 ,
510 3711 556 3756 et
583 3703 691 3771 ipse
716 3701 897 3772 faciet,
922 3710 968 3753 et
993 3699 1191 3768 majora
1214 3698 1293 3753 his
1314 3697 1463 3767 faciet
1487 3694 1666 3766 (Joau.
1699 3696 1786 3750 M.

198 3796 317 3863 1‘2).
350 3794 509 3864 Atqui
540 3793 691 3847 multi
720 3792 806 3846 alii
855 3790 1090 3861 magistri
1116 3789 1399 3855 exstitere,
1430 3787 1516 3857 qui
1556 3786 1782 3857 discipu-

198 3888 285 3943 los
313 3887 616 3941 babucrunt
643 3894 696 3940 et
724 3883 976 3939 miracula
1002 3889 1396 3953 perpetrarunt,
1428 3888 1488 3934 ut
1511 3878 1682 3935 Graeci
1704 3878 1791 3947 ja-

198 3981 391 4035 etitant
418 3995 433 4045 ;
469 3988 704 4032 attamen
736 3974 915 4029 nullus
953 3988 1136 4028 eorum
1168 3986 1415 4042 umquam
1442 3970 1616 4025 simile
1639 3968 1794 4041 quid-

201 4073 347 4143 piam
375 4071 456 4125 vel
486 4069 721 4140 cogitare
746 4068 831 4123 vel
853 4067 1031 4122 dicere
1056 4080 1216 4120 ausus
1236 4072 1337 4121 est.
1361 4064 1541 4134 Neque
1572 4072 1794 4134 possunt

200 4163 494 4233 quidquam
521 4174 746 4226 eorum,
788 4158 886 4213 etsi
932 4155 1221 4212 admodum
1276 4155 1610 4224 impudentes
1651 4155 1792 4222 sint,

202 4256 604 4338 prmdictiouem
620 4265 991 4308 sermonemve
1010 4250 1237 4305 similem
1258 4263 1422 4319 penes
1438 4263 1495 4304 se
1512 4247 1792 4313 exhibere;

202 4348 304 4421 sed
355 4355 566 4419 spectra
615 4344 988 4401 defunctorum
1029 4349 1471 4410 mortuorumque
1514 4340 1795 4394 simulacra

203 4441 361 4497 multi
403 4455 589 4495 eorum
628 4437 812 4494 dicunt
839 4452 869 4491 a
901 4434 1144 4506 plurimis
1188 4433 1326 4503 apud
1372 4448 1429 4487 se
1472 4430 1796 4487 mirabilium

205 4531 569 4605 patratoribus
594 4528 841 4593 ostendi;
867 4542 1029 4583 voces
1054 4526 1181 4581 item
1207 4541 1238 4580 e
1263 4524 1520 4595 sepulcris
1542 4524 1606 4577 ad
1633 4538 1797 4592 quos-

202 4626 332 4680 dam
356 4622 582 4677 emissas
608 4621 851 4690 jactitant
883 4635 896 4671 z
920 4617 1062 4689 quod
1097 4625 1273 4670 autem
1304 4616 1422 4686 quis
1446 4632 1511 4669 ex
1538 4614 1686 4677 viris,
1708 4612 1799 4684 qui

202 4717 351 4786 apud
376 4732 434 4770 se
458 4715 707 4771 vixerunt
758 4721 814 4769 et
855 4711 1193 4767 admirationi
1224 4709 1385 4765 habiti
1424 4719 1582 4774 sunt,
1611 4719 1702 4762 aut
1731 4722 1799 4762 ex

206 4808 273 4862 iis
295 4821 431 4876 quos
460 4815 580 4876 post
609 4804 889 4860 decessum
921 4802 1053 4859 deos
1081 4808 1490 4872 reputaverunt,
1516 4800 1621 4856 tale
1642 4798 1799 4870 quid-

203 4898 353 4970 piam
382 4895 659 4966 discipulis
687 4894 881 4950 dixerit
905 4935 922 4962 ,
971 4893 1144 4948 nullus
1172 4908 1357 4948 eorum
1386 4890 1656 4946 afﬁrmare
1698 4905 1796 4943 au-

202 4990 354 5045 deat.
392 4989 619 5044 Causam
647 4995 824 5041 autem
843 5028 857 5052 ,
887 4986 931 5042 si
959 4985 1165 5054 placet,
1186 4984 1458 5055 aperiam;
1481 4998 1577 5038 cur
1596 4981 1801 5038 scilicet

203 5098 331 5138 eum
355 5090 548 5136 cmtera
573 5080 753 5135 omnia
786 5078 1122 5149 impudenter
1151 5075 1475 5143 effutierint,
1507 5085 1560 5131 et
1605 5074 1801 5146 perfri-

202 5184 292 5229 cta
336 5172 509 5228 fronte
540 5170 746 5227 mentiti
777 5170 913 5236 sint,
947 5168 1081 5224 nihil
1128 5166 1427 5238 hujusmodi
1470 5166 1801 5222 comminisci

201 5267 323 5322 ausi
353 5267 481 5321 sint.
514 5264 628 5319 Non
654 5265 797 5319 enim
827 5263 923 5318 abs
954 5278 1044 5327 re,
1076 5277 1249 5331 neque
1292 5260 1407 5315 sine
1444 5257 1670 5327 quadam
1712 5275 1802 5313 ra-

205 5360 357 5414 tione
376 5372 407 5411 a
440 5357 530 5411 tali
555 5364 860 5411 commento
889 5353 1230 5419 abstinuere;
1260 5350 1355 5407 sed
1384 5359 1560 5406 astute
1585 5349 1801 5420 conspi-

200 5450 314 5506 cati
347 5458 471 5504 sunt
497 5447 730 5518 pestiferi
762 5446 838 5501 illi
865 5446 1108 5500 homines
1129 5459 1282 5509 eum,
1311 5444 1399 5513 qui
1425 5443 1599 5497 fucum
1630 5440 1804 5496 facere

200 5542 372 5607 velit,
407 5548 660 5608 oportere
682 5536 975 5608 probabilia
1005 5536 1269 5606 quaedam,
1291 5542 1347 5588 et
1372 5532 1594 5586 fallacia:
1623 5530 1800 5601 plena,

197 5649 328 5704 quae
370 5631 528 5691 facile
556 5646 661 5685 non
686 5629 887 5698 possint
919 5626 1035 5681 falsi
1064 5624 1246 5696 argui,
1277 5624 1537 5693 proferre.
1565 5620 1695 5676 Nam
1750 5619 1803 5673 in

200 5741 360 5783 more
383 5733 469 5781 est
494 5732 554 5778 ut
574 5722 809 5794 piscibus
833 5721 1124 5790 avibusque
1149 5715 1514 5771 callidioribus
1543 5730 1649 5769 non
1677 5710 1805 5768 nudi

197 5875 885 6005 mizkmtttbmuswdices
918 5882 1064 5940 acgg.
1098 5874 1234 5936 i673,
1258 5870 1405 5933 25b5,
1432 5869 1571 5931 2H7,
1599 5874 1650 5921 et
1671 5868 1802 5920 Colb.

1887 3239 2031 3296 hami
2054 3250 2436 3313 proponantur,
2459 3241 2553 3297 sed
2584 3255 2706 3298 esca
2736 3242 3017 3311 Oblegente
3046 3238 3120 3294 illi
3159 3238 3465 3309 capiantur,

1887 3341 2047 3401 atque
2073 3332 2144 3388 ita
2162 3332 2376 3389 venatio
2402 3342 2625 3403 utraque
2653 3347 2907 3404 prospere
2924 3330 3077 3387 cedat
3097 3348 3110 3398 ;
3129 3330 3174 3385 si
3206 3346 3331 3385 vero
3346 3345 3473 3385 con-

1890 3423 2073 3493 spicua
2100 3424 2231 3480 retia
2258 3433 2471 3492 essent,
2505 3440 2676 3494 neque
2714 3425 2887 3495 pisces
2926 3438 3098 3493 neque
3140 3437 3266 3477 aves
3301 3420 3478 3476 irreti-

1892 3523 2079 3570 rentur
2107 3531 2386 3587 umquam,
2415 3517 2525 3571 imo
2551 3531 2680 3571 vero
2708 3531 2775 3571 ne
2819 3512 2898 3570 vel
2947 3514 3206 3569 tantillum
3251 3512 3477 3568 accede-

1894 3614 2048 3673 rent;
2076 3606 2170 3662 sed
2211 3615 2320 3664 tum
2352 3609 2582 3679 piscator
2600 3648 2615 3673 ,
2648 3614 2758 3662 tum
2783 3612 3005 3662 venator
3033 3604 3210 3662 vacuis
3236 3602 3478 3659 manibus

1895 3697 2154 3754 redirent.
2177 3699 2311 3767 Quia
2347 3701 2509 3772 igitur
2549 3700 2662 3755 illis
2688 3701 2739 3754 in
2770 3700 3043 3770 preposito
3085 3706 3200 3753 erat
3236 3694 3480 3751 homines

1897 3803 1994 3845 ceu
2020 3805 2214 3861 sagena
2236 3806 2430 3862 capere
2453 3834 2468 3860 ,
2500 3806 2606 3846 non
2636 3790 2829 3845 nudam
2852 3789 3111 3844 fallaciam
3137 3790 3187 3842 in
3212 3787 3371 3855 hujus
3405 3785 3480 3838 vi-

1898 3892 1968 3940 tm
1991 3884 2213 3955 pelagus
2251 3884 2541 3952 immisere,
2573 3884 2665 3940 sed
2693 3885 2755 3939 iis
2780 3882 3021 3939 confictis
3049 3896 3112 3934 ac
3136 3878 3443 3950 compositis
3463 3919 3479 3942 ,

1898 3976 2091 4047 quibus
2118 3985 2335 4046 possent
2364 3975 2810 4047 imprudentiorcs
2837 3988 3049 4043 capere,
3077 3971 3297 4026 ulterius
3328 3984 3482 4023 meu-

1899 4068 2053 4122 dacio
2082 4067 2327 4138 progredi
2352 4066 2792 4137 supersederunt,
2815 4064 2970 4121 veriti
3003 4080 3068 4119 ne
3103 4063 3237 4117 ultra
3268 4060 3483 4116 modum

1901 4160 2280 4230 procederent,
2314 4166 2735 4229 metuentesque,
2768 4173 2835 4213 ne
2860 4156 3212 4227 posteriorum
3243 4152 3484 4208 fraudum

1903 4250 2256 4325 immoderato
2275 4265 2374 4305 usu
2422 4250 2626 4319 priores
2664 4247 3055 4304 subverterent.
3083 4244 3214 4300 Nam
3242 4244 3289 4299 si
3318 4243 3484 4299 dixis-

1903 4353 2024 4400 sent
2066 4358 2285 4399 suorum
2333 4341 2637 4413 quempiam
2668 4355 2782 4397 rem
2822 4339 2984 4394 talem
3016 4336 3308 4408 pollicitum
3335 4351 3485 4401 esse,

1902 4436 2114 4506 qualem
2139 4435 2411 4505 discipulis
2437 4433 2694 4490 Servator
2715 4441 2897 4487 noster
2924 4428 3167 4501 promisit
3191 4470 3206 4495 ,
3235 4428 3393 4482 etiam
3424 4426 3489 4480 iis

1905 4544 2038 4599 quos
2067 4529 2388 4597 deceperant
2416 4542 2536 4583 sese
2583 4526 2839 4582 ridiculos
2886 4521 3274 4594 prmbuissent,
3308 4527 3490 4588 utpote

1907 4621 1995 4691 qui
2018 4635 2085 4674 ne
2110 4619 2416 4675 verisimilia
2442 4617 2656 4689 quidem
2687 4615 2897 4671 mentiri
2931 4623 3179 4685 possent:
3204 4612 3326 4666 talia
3347 4611 3490 4665 enim

1905 4712 2199 4784 prmdicere
2242 4722 2404 4782 atque
2457 4718 2713 4781 praestare
2737 4707 2804 4763 ad
2834 4707 3044 4763 beatam
3075 4705 3216 4760 illam
3242 4704 3491 4758 virtutem

1906 4806 2074 4861 solam
2102 4804 2353 4876 pertinet.

1981 4899 2236 4955 Humana
2279 4896 2553 4952 Gentilium
2606 4894 2838 4949 victimae.
2868 4922 2940 4933 —
2964 4889 3117 4958 Quod
3171 4889 3216 4944 si
3274 4898 3496 4959 potuere

1906 4991 2035 5048 olim
2061 4992 2335 5047 daemones
2366 4989 2431 5042 iis
2450 5029 2464 5053 ,
2503 5001 2638 5057 quos
2666 4986 3020 5055 acceperant,
3062 4980 3303 5036 nonnihil
3329 4979 3496 5050 phau-

1910 5086 2149 5141 tasmatis
2170 5082 2421 5139 exhibere
2443 5122 2459 5147 ,
2506 5080 2558 5135 id
2590 5089 2714 5134 tunc
2738 5077 2915 5133 evenit
2938 5116 2954 5141 ,
2982 5089 3102 5130 cum
3133 5071 3345 5127 luminis
3373 5070 3495 5123 fons

1909 5179 2067 5248 vulgo
2110 5175 2348 5231 nondum
2396 5173 2638 5244 cognitus
2682 5179 2844 5227 esset.
2899 5168 2990 5222 Illo
3030 5166 3225 5235 quippe
3257 5172 3497 5230 tempore

1909 5281 2020 5326 tum
2048 5286 2113 5326 ex
2142 5268 2260 5322 aliis
2282 5265 2522 5332 fallaciis,
2552 5273 2660 5319 tum
2685 5277 2749 5317 ex
2778 5258 2906 5331 ipsis
2927 5256 3201 5314 sacrificiis
3221 5261 3493 5307 ostensum

1908 5373 1991 5419 est
2015 5378 2075 5418 ea
2093 5404 2107 5426 ,
2140 5376 2259 5432 quae
2284 5358 2602 5431 gerebantur
2621 5398 2635 5422 ,
2662 5356 2963 5411 daemonum
3002 5363 3163 5419 opera
3194 5362 3332 5401 esse.
3361 5345 3494 5400 Nam

1911 5455 2053 5527 quod
2082 5454 2316 5507 lnnnauo
2336 5450 2594 5520 sanguine
2617 5462 2741 5502 aras
2768 5460 2891 5499 snas
2920 5441 3186 5498 cruentari
3209 5438 3492 5508 juberent,

1911 5558 1966 5602 ct
2001 5562 2032 5601 a
2062 5542 2435 5615 generantibus
2462 5541 2595 5596 tales
2620 5528 2719 5592 sibi
2753 5535 2923 5605 parari
2964 5530 3207 5585 victimas
3242 5527 3497 5597 praecipe-

1911 5647 2050 5700 rent.
2078 5636 2129 5691 id
2155 5650 2312 5704 quam
2335 5633 2553 5688 insaniae
2580 5628 2809 5699 speciem
2840 5641 2943 5680 non
2970 5618 3202 5677 obruat?
3227 5620 3326 5688 Qui
3353 5618 3495 5673 enim

1909 5727 2303 5788 calamitatibus
2359 5725 2559 5780 nostris
2615 5733 2905 5788 numquam
2957 5715 3219 5771 satiantur
3250 5753 3266 5780 ,
3324 5725 3498 5779 neque

1913 5827 2073 5883 ullum
2130 5822 2288 5877 finem
2332 5818 2684 5874 termimnnve
2729 5818 2932 5883 ponunt
2980 5808 3119 5863 bello
3171 5814 3356 5862 contra
3401 5818 3498 5856 nos

1915 5920 2143 5987 indicto,
2172 5914 2264 5974 sed
2292 5910 2577 5971 immortali
2611 5920 2819 5977 semper
2852 5904 2997 5961 rabie
3027 5901 3200 5971 ducti,
3230 5915 3289 5955 ac
3321 5896 3363 5951 si
3393 5906 3497 5947 non
