3884 6294
437 457 543 517 535

438 571 569 624 satis
594 570 665 626 sit
686 568 757 625 ad
774 584 954 625 eorum
979 569 1293 640 explendum
1314 573 1564 638 animum,
1590 575 1728 645 quod
1760 576 2009 632 mulieres

414 673 491 725 χιιι
522 663 723 732 parvuli
761 664 934 718 ovium
976 663 1238 735 boumque
1280 665 1395 719 loco
1428 666 1493 719 ad
1524 682 1643 721 aras
1670 682 1793 721 suas
1829 668 2006 723 immc-

440 750 645 817 lentur,
692 767 881 810 novam
931 752 1199 817 homicidii
1248 755 1576 824 iniquitatem
1620 757 2015 827 excogitarnnl.

446 842 842 913 inauditumque
895 845 1208 900 calamitatis
1262 845 1525 903 inclusere
1575 848 1813 903 modum.
1873 848 2016 914 Quos

441 933 581 997 enim
613 948 707 1001 par
724 944 842 988 erat
870 943 1262 1004 perempturum
1290 936 1463 992 credes
1486 937 1687 1008 lugere,
1709 938 1774 995 iis
1804 953 2021 1008 persua-

439 1034 559 1074 sere
603 1030 658 1075 ut
693 1021 758 1075 ad
805 1023 1050 1076 miseram
1094 1024 1235 1081 illam
1279 1024 1605 1083 subeundam
1657 1026 1856 1082 caidem
1900 1040 2021 1087 sese

442 1109 729 1176 offerrent;
761 1120 921 1182 utque
943 1129 1046 1167 non
1072 1113 1215 1184 leges
1238 1113 1396 1174 modo
1415 1115 1484 1169 ab
1509 1114 1809 1170 hominibus
1833 1116 2018 1186 positzn

442 1199 807 1268 violarentur,
866 1202 1010 1272 ipsas
1075 1218 1286 1273 quoque
1345 1213 1548 1261 naturae
1594 1205 1736 1275 leges
1786 1204 2023 1263 funditus

440 1291 858 1358 destruxerunt,
902 1292 1069 1362 ipsam
1119 1293 1399 1348 adversum
1418 1308 1489 1369 se
1517 1302 1756 1357 naturam
1794 1297 2022 1366 grassari

446 1392 694 1437 curantes
716 1421 732 1447 ,
775 1381 1121 1451 omniumque
1165 1383 1590 1438 scelestissimam
1617 1383 1814 1443 easdem
1844 1385 1897 1439 in
1928 1385 2023 1437 ho-

449 1470 650 1524 minum
682 1470 845 1526 vitam
866 1469 1218 1551 Iinducentes.
1240 1470 1421 1526 Nullos
1459 1472 1602 1527 enim
1641 1473 1882 1528 inimicos
1906 1487 2025 1542 per-

446 1559 573 1614 inde
619 1568 778 1631 atque
819 1570 1067 1630 parentes
1107 1571 1231 1619 tunc
1273 1561 1627 1627 formidabant
1668 1577 1856 1628 omnes
1898 1578 1913 1616 :
1960 1576 2025 1618 ac

451 1652 644 1721 quibus
670 1653 897 1710 maxime
936 1652 1206 1710 ﬁdendum
1236 1662 1383 1718 erat,
1425 1669 1519 1710 eos
1545 1658 1595 1710 in
1624 1656 1809 1726 primis
1831 1670 2021 1723 suSpe-

451 1755 566 1797 ctos
595 1743 860 1798 habebant
890 1752 943 1799 et
969 1744 1369 1800 aversabantur.
1399 1744 1670 1815 Siquidem
1697 1744 1884 1800 nefarii
1914 1744 2026 1799 dae-

452 1847 638 1888 mones
660 1874 676 1898 ,
706 1848 805 1905 per
832 1849 949 1902 qua:
989 1833 1127 1889 Deus
1155 1834 1270 1896 illos
1295 1833 1361 1893 ad
1394 1834 1549 1905 hujus
1578 1820 1759 1895 mundi
1785 1844 2029 1893 contem,

449 1923 739 1992 plationem
783 1923 1095 1993 induxerat,
1144 1939 1238 1994 per
1280 1924 1463 1979 eadem
1495 1925 1562 1980 ab
1589 1926 1850 1995 ejusmodi
1886 1926 2029 1981 dono

451 2012 682 2081 dejicere
719 2007 1053 2083 satagebant,
1096 2012 1221 2069 dum
1252 2029 1343 2069 eos
1371 2015 1458 2084 qui
1485 2016 1646 2079 vitam
1692 2014 2029 2073 ministrach

449 2111 602 2168 rant,
649 2103 835 2163 mortis
877 2113 1122 2159 auctores
1163 2106 1586 2173 constituerent,
1636 2106 1911 2173 declarare
1938 2123 2025 2163 vo-

452 2191 644 2259 lentes,
676 2193 804 2247 nihil
831 2208 924 2249 eos
950 2196 1176 2273 amplius
1204 2212 1267 2251 ex
1293 2197 1382 2255 Dei
1410 2197 1644 2265 bonitate
1671 2210 2030 2277 consequutus

456 2295 576 2338 esse
605 2303 618 2336 :
647 2295 703 2338 ut
729 2285 814 2355 qui
846 2300 949 2338 non
981 2285 1100 2339 aliis
1125 2301 1258 2355 opus
1285 2284 1541 2341 haborent
1567 2286 1995 2351 interfectoribus
2013 2330 2030 2356 ,

456 2388 613 2442 quam
641 2376 966 2443 parentibus.
1003 2375 1127 2430 [hec
1167 2378 1373 2431 etiamsi
1410 2392 1659 2449 magnum
1691 2380 1900 2450 aliquod
1933 2381 2034 2435 mi-

455 2465 696 2529 raculum
739 2466 1117 2536 subsequutum
1166 2465 1353 2523 fuisset
1402 2466 1492 2539 (ne
1535 2469 1706 2524 dfcam
1754 2480 2028 2526 ostensum

457 2554 657 2620 fuisse,
699 2570 812 2609 rem
844 2557 1084 2626 exiguam
1112 2570 1174 2611 ac
1203 2556 1350 2611 nihili
1397 2557 1689 2614 faciendam
1712 2599 1731 2628 ,
1768 2562 2034 2630 multaque

457 2648 667 2719 pienam
697 2645 899 2702 fallacia
951 2648 1141 2719 esse);
1191 2648 1284 2703 scd
1323 2649 1528 2705 etiamsi
1564 2664 1692 2706 vere
1733 2667 1918 2722 magna
1945 2669 2036 2723 pa-

457 2746 594 2793 trata
634 2735 890 2804 fuissent,
920 2752 982 2793 ea
1012 2753 1139 2794 sane
1164 2754 1281 2809 quae
1307 2738 1446 2805 dixi,
1489 2740 1553 2794 iis
1578 2742 1766 2798 saltem
1796 2744 1886 2818 qui
1925 2760 2031 2800 non

458 2838 640 2885 mente
677 2829 817 2898 capti
860 2838 1014 2897 sunt,
1044 2829 1408 2887 demonstrare
1436 2843 1680 2901 possunt,
1713 2835 1924 2904 quinam
1950 2851 2036 2892 es-

459 2929 580 2977 sent
606 2919 697 2989 qui
725 2919 844 2974 talia
872 2932 1110 2991 agerent,
1137 2936 1293 2991 quam
1322 2921 1587 2992 ﬂagitiosi,
1609 2940 1768 2994 quam
1797 2927 2032 2992 scelesti,

457 3011 545 3078 qui
584 3010 713 3065 nihil
745 3026 847 3064 non
872 3011 1181 3069 molirentur
1204 3012 1272 3068 ad
1300 3022 1534 3069 nostram
1563 3025 1839 3087 statusque
1868 3018 2034 3073 nostri

459 3102 881 3157 subversionem.

532 3192 589 3267 ᾖ
614 3191 841 3262 Christus
868 3195 1020 3260 etiam
1048 3192 1327 3251 Gentilibus
1352 3195 1482 3257 bona
1502 3197 1733 3252 contulit.
1751 3226 1818 3239 -—
1834 3198 1904 3252 At
1936 3198 2039 3253 Do-

464 3283 642 3339 minus
667 3293 848 3352 postcr
885 3284 1041 3351 .icsus
1084 3287 1216 3340 nihil
1259 3287 1365 3341 tale
1407 3287 1689 3357 imperavit
1729 3287 1912 3355 nobis;
1943 3289 2037 3345 sed

464 3374 723 3428 mirabilis
749 3389 871 3437 cum
905 3375 971 3435 sit
997 3374 1066 3429 ob
1096 3375 1334 3446 prodigia
1353 3417 1370 3442 ,
1414 3391 1514 3443 nec
1556 3377 1734 3435 minus
1761 3379 2040 3448 praeceptis

461 3480 620 3534 quam
651 3465 815 3535 signis
839 3465 1206 3530 admirandus,
1249 3467 1369 3536 jure
1386 3467 1461 3529 ab
1488 3468 1733 3532 omnibus
1759 3468 2038 3536 adoretur,

465 3572 527 3614 ac
553 3557 689 3611 Deus
705 3571 823 3611 esse
843 3556 1111 3612 credatur.
1141 3557 1287 3613 lianc
1307 3558 1448 3613 enim
1471 3559 1792 3629 impietatem
1814 3560 2041 3616 adventu

463 3655 579 3722 ipse
607 3668 705 3710 suo
729 3653 885 3708 solvit
908 3670 920 3707 :
943 3654 1187 3723 quodque
1214 3654 1509 3709 mirabilius
1532 3664 1635 3720 est,
1666 3669 1696 3709 a
1721 3654 1832 3709 fera
1862 3656 1953 3709 illa
1984 3664 2038 3710 et

469 3744 686 3798 immani
734 3743 1016 3815 tyrannide
1058 3759 1162 3798 non
1207 3758 1306 3799 nos
1352 3752 1576 3809 tantum,
1624 3746 1713 3815 qui
1757 3746 2042 3802 adoramus

466 3849 607 3899 cum,
637 3833 730 3889 sed
760 3834 917 3889 etiam
943 3847 1057 3901 eos,
1085 3834 1174 3904 qui
1202 3835 1373 3904 ipsum
1399 3834 1725 3904 blasphemis
1751 3835 1908 3891 dictis
1934 3837 2036 3890 im-

467 3933 687 3994 petunt,
738 3925 1217 3993 liheravit:neque
1260 3923 1401 3978 enim
1445 3923 1730 3980 Gentilium
1765 3928 2041 3995 quisquam

468 4016 601 4081 tales
630 4015 828 4069 hostias
867 4015 1195 4070 dannonibus
1227 4014 1338 4071 suis
1368 4014 1587 4086 posthac
1616 4017 1893 4073 immolare
1916 4033 2043 4073 coa-

469 4115 586 4175 etus
631 4115 713 4171 est
736 4124 749 4159 :
773 4115 915 4174 tanta
946 4120 1136 4174 nempe
1166 4120 1291 4160 usus
1334 4115 1416 4162 est
1456 4122 1580 4178 erga
1610 4122 1778 4178 genus
1802 4117 2043 4164 nostrum

471 4198 828 4274 benignitate;
858 4198 1164 4270 majoraque
1195 4199 1330 4253 bona
1368 4199 1505 4255 Deus
1533 4201 1759 4256 inimicis
1786 4200 1897 4256 suis
1919 4215 2046 4256 con-

470 4290 616 4357 tulit,
649 4307 806 4360 qnam
845 4291 983 4356 mala
1010 4289 1281 4362 daemones
1311 4291 1514 4345 amicis.
1549 4291 1827 4347 Da-mones
1854 4291 2047 4362 quippe

469 4397 592 4446 eos,
623 4381 711 4450 qui
750 4395 808 4435 se
847 4380 1082 4451 colerent,
1111 4389 1163 4441 et
1188 4379 1531 4447 honorarent,
1562 4381 1628 4435 ad
1660 4382 1907 4451 proprios
1931 4397 2047 4436 ma-

470 4471 695 4536 ctandos
734 4468 871 4533 filios
908 4477 1229 4543 coegerunt,
1272 4468 1517 4536 Christus
1549 4485 1677 4537 vero
1711 4471 2042 4527 adversarios

471 4577 598 4628 suos
619 4560 702 4613 his
722 4559 1000 4629 praeceptis
1025 4558 1219 4615 liberos
1242 4573 1361 4627 esse
1385 4560 1608 4627 curavit,
1634 4568 1689 4616 et
1713 4561 1862 4616 ferini
1884 4562 2040 4616 mitti-

471 4650 617 4721 sterii
646 4648 1027 4711 immunitatem
1046 4689 1060 4712 ,
1094 4656 1147 4702 et
1176 4663 1358 4722 pacem
1405 4649 1542 4721 hanc
1571 4650 1864 4721 mirabilem
1889 4693 1904 4716 ,
1937 4668 2042 4705 non

473 4740 584 4793 suis
611 4738 768 4791 modo
789 4737 1033 4803 contulit,
1055 4738 1147 4792 sed
1170 4749 1223 4793 et
1242 4739 1427 4792 alienis
1443 4741 1693 4810 prmstitit.
1719 4759 1732 4795 :
1760 4742 2044 4798 ostendens

474 4832 596 4903 illos
634 4840 887 4901 tyrannos
931 4835 1138 4901 generis
1187 4834 1350 4898 nostri
1396 4833 1577 4888 hostes
1613 4842 1669 4897 et
1710 4843 2044 4904 corruptores

473 4936 623 4977 esse:
672 4931 996 4991 quapr0pter
1022 4923 1179 4984 etiam
1210 4922 1293 4987 iis,
1325 4923 1411 4990 qui
1443 4922 1541 4977 sibi
1571 4922 1863 4993 haerebant,
1894 4938 2047 4994 quaSt

474 5013 665 5087 alienis
717 5010 1032 5077 utebantur,
1071 5013 1228 5077 alieni
1269 5013 1461 5083 quippe
1515 5027 1697 5068 revera
1741 5024 1914 5085 erant.
1956 5015 2049 5069 Ille

473 5118 601 5158 vero
642 5119 734 5173 rex
777 5111 986 5169 creator
1019 5110 1075 5169 et
1114 5112 1351 5169 servator
1381 5103 1540 5159 totius
1583 5104 1791 5173 generis
1832 5103 2052 5173 humani

473 5205 628 5267 erat;
678 5194 903 5268 ideoque
943 5194 1010 5249 ab
1052 5208 1111 5248 se
1139 5194 1323 5263 alienis
1348 5194 1495 5264 quasi
1526 5196 1753 5265 propriis
1796 5198 2048 5266 pepercit.

475 5287 683 5362 Etenim
713 5286 983 5359 proprium
1013 5285 1137 5357 ejus
1150 5286 1411 5353 opificium
1444 5294 1560 5352 erat
1591 5285 1816 5353 humana
1842 5300 2046 5354 natura,

473 5377 919 5449 quemadmodum
950 5376 1237 5453 discipulus
1262 5376 1377 5444 ejus
1405 5376 1477 5429 ait
1502 5395 1513 5429 :
1546 5374 1611 5429 In
1640 5377 1846 5448 propria
1886 5380 2048 5440 venit,

475 5478 520 5521 et
546 5470 627 5522 sui
654 5486 769 5523 eum
798 5486 896 5523 non
927 5478 1219 5539 receperunt
1246 5467 1422 5540 (Joan.
1460 5470 1507 5521 1.
1540 5468 1646 5539 Η).
1678 5469 1799 5538 Ejus
1823 5485 1947 5523 vero
1974 5480 2054 5523 to-

476 5571 582 5614 tam
623 5561 673 5614 in
715 5575 811 5614 nos
839 5560 1173 5615 clementiam
1223 5574 1474 5614 enarrare
1520 5574 1623 5613 non
1665 5569 1745 5615 est
1776 5561 2053 5630 pra‘scntis

478 5651 769 5719 temporis;
800 5651 893 5705 sed
934 5650 1139 5705 etiamsi
1165 5664 1260 5719 per
1286 5662 1473 5703 CllltCla
1502 5649 1690 5703 smeula
1720 5650 1785 5705 de
1816 5651 1903 5703 illa
1936 5650 2054 5719 quis

476 5741 804 5811 IOqueretur,
824 5741 1028 5794 etiamsi
1052 5751 1250 5794 tantam
1277 5740 1491 5795 haberet
1517 5741 1785 5812 virtutem,
1804 5750 2051 5811 quautam

480 5847 574 5898 par
597 5840 678 5885 est
708 5826 1046 5899 incorporeas
1085 5830 1198 5883 illas
1227 5830 1421 5885 habere
1454 5832 1671 5904 virtutes
1693 5874 1705 5895 ,
1741 5846 1806 5884 ne
1837 5831 1912 5884 sic
1941 5831 2057 5903 qui:

475 5920 596 5992 dem
627 5922 767 5977 illam
792 5936 887 5992 pro
911 5920 1161 5993 dignitate
1187 5931 1363 5993 posset
1386 5924 1640 5995 attingere
1681 5925 1844 5990 Quam
1877 5923 2048 5978 bonus

1137 459 1195 517 s.
1233 456 1508 523 JOANNIS
1543 462 2015 521 cunvsosrom
2050 465 2366 526 ARCltlEP.
2408 472 2938 536 consumma.
3021 449 3031 463 ’

2127 580 2266 672 enim
2299 583 2397 648 sit,
2430 585 2557 654 ipse-
2573 587 2716 643 solus
2755 593 2931 655 norit,
2963 594 3383 667 quamloquidetn
3414 603 3525 672 ipse
3552 608 3719 669 salus

2124 669 2196 724 ita
2228 672 2396 727 bonus
2424 684 2525 730 est.
2561 677 2689 734 Vide
2735 682 2892 750 igitur
2928 701 3047 755 quae
3083 690 3242 743 verba
3273 669 3546 761 discipulis
3576 714 3711 762 pio-

2124 762 2258 819 ferat
2287 786 2301 822 :
2333 767 2511 833 Amcn,
2535 785 2680 824 auten
2701 773 2812 827 dico
2838 774 2995 844 vobis,
3020 780 3107 850 qui
3125 782 3281 835 credit
3309 782 3363 838 in
3388 802 3485 850 me,
3518 804 3708 857 opera,

2122 874 2235 928 qua:
2253 875 2343 929 ego
2370 861 2522 929 facio,
2546 872 2591 918 et
2612 865 2719 935 ipse
2746 869 2916 937 faciet,
2949 881 2997 924 et
3023 871 3099 926 his
3128 876 3321 945 majora
3347 879 3495 947 faciet
3518 879 3709 950 (Joau.

2128 950 2213 1004 M.
2244 949 2358 1019 12).
2383 950 2565 1023 Neque
2590 957 2729 1017 enim
2763 967 2961 1024 tantum
2994 962 3095 1017 illis
3122 962 3336 1021 honoris
3365 949 3709 1037 contuliSset,

2126 1041 2227 1094 nisi
2265 1042 2521 1099 immensa
2567 1046 2803 1113 bonitate
2842 1051 3090 1118 praeditus
3123 1066 3284 1110 esset.
3315 1056 3463 1123 Quod
3499 1059 3550 1119 si
3584 1063 3715 1128 quis

2126 1128 2416 1187 dubitando
2439 1144 2642 1203 quaarat
2667 1151 2697 1189 a
2719 1137 2889 1203 nobis,
2910 1140 3122 1195 ubinam
3154 1142 3309 1198 finem
3334 1146 3575 1203 habuerit
3604 1150 3716 1204 hoc

2126 1223 2431 1290 oraculum,
2460 1234 2678 1295 accepto
2706 1226 2874 1296 libro,
2913 1230 2996 1284 cui
3040 1248 3230 1289 nomen
3263 1236 3390 1290 Acta
3431 1242 3715 1309 apostolo-

2128 1327 2243 1366 rum
2263 1354 2279 1381 ,
2306 1315 2394 1384 qui
2427 1330 2530 1370 non
2574 1318 2812 1375 omnium
2832 1361 2848 1388 ,
2879 1322 2973 1377 sed
3001 1324 3156 1379 unius
3183 1326 3264 1381 vel
3278 1328 3519 1399 Iduorum
3547 1342 3670 1388 acta
3695 1373 3715 1397 ,

2126 1417 2296 1473 eaque
2324 1420 2429 1460 non
2462 1407 2535 1462 ita
2565 1409 2730 1465 multa
2757 1413 3030 1478 continet,
3064 1414 3263 1470 videbit
3286 1429 3514 1489 aegrotos
3544 1422 3595 1475 in
3631 1424 3712 1476 le-

2127 1493 2284 1547 otulis
2306 1494 2705 1566 decumbeutes,
2735 1501 3055 1572 umbrasque
3082 1503 3356 1560 beatorum
3388 1509 3598 1565 illorum
3626 1512 3717 1575 vei

2128 1583 2248 1639 solo
2289 1591 2431 1639 tactu
2478 1586 2756 1643 sanitatem
2784 1590 3112 1659 restituisse;
3141 1596 3440 1666 multosque
3479 1598 3717 1654 furiosos

2131 1673 2277 1729 Pauli
2304 1683 2503 1733 tantum
2527 1680 2856 1737 vestimentis
2875 1684 2942 1738 ab
2968 1685 3198 1753 agitante
3228 1701 3287 1743 se
3311 1690 3555 1746 dmmone
3579 1693 3713 1748 libe-

2131 1778 2296 1831 ratos.
2320 1768 2470 1835 Quod
2502 1771 2546 1825 si
2573 1772 2691 1841 quis
2718 1772 2829 1828 haec
2855 1774 3026 1829 fucum
3053 1771 3172 1832 esse
3198 1778 3332 1834 dicat
3361 1794 3415 1835 et
3441 1792 3718 1852 portento-

2132 1872 2250 1911 rum
2280 1857 2530 1928 iigmenta
2560 1876 2665 1916 non
2692 1863 2985 1931 credibilia,
3018 1866 3100 1920 vel
3126 1882 3187 1922 ea
3215 1884 3331 1938 quae
3354 1887 3496 1925 nunc
3525 1874 3716 1928 viden-

2135 1957 2222 2001 tur
2249 1949 2379 2004 satis
2404 1958 2528 2005 sunt
2554 1951 2620 2005 ad
2648 1951 3015 2022 blaSphemum
3042 1956 3158 2025 ejus
3183 1974 3246 2014 os
3274 1960 3630 2017 obturandum
3662 1974 3719 2019 et

2132 2038 2579 2109 confundendum,
2607 2053 2661 2099 et
2684 2044 2752 2099 ad
2776 2045 3028 2105 eﬂ'renem
3048 2050 3168 2118 ejus
3199 2050 3426 2121 linguam
3458 2056 3721 2111 cohiben-

2133 2127 2280 2186 dam.
2307 2130 2457 2186 Nulla
2482 2133 2622 2189 enim
2645 2134 2697 2189 in
2720 2135 2849 2191 orbe
2875 2148 3058 2203 nostro
3086 2150 3166 2194 est
3194 2144 3360 2216 regio,
3393 2144 3534 2199 nulla
3555 2161 3716 2216 gens,

2135 2222 2277 2276 nulla
2305 2224 2465 2291 urbs,
2510 2225 2599 2281 ubi
2637 2225 2751 2282 haec
2778 2228 3031 2284 miracuta
3061 2246 3164 2285 non
3192 2234 3525 2290 celebrentur
3551 2253 3568 2289 :
3595 2254 3717 2307 quae

2135 2313 2315 2383 utique
2349 2314 2395 2369 si
2425 2313 2671 2385 figmenta
2696 2327 2873 2372 essent
2892 2359 2906 2384 ,
2936 2335 3042 2374 non
3080 2322 3417 2379 admirationi
3456 2326 3719 2381 habemur--

2138 2408 2241 2457 tur.
2269 2402 2433 2474 Cujus
2475 2406 2553 2461 rei
2597 2396 2955 2464 testimonium
2986 2422 3079 2466 vos
3124 2412 3222 2481 ipsi
3267 2414 3522 2470 exhibere
3558 2426 3719 2485 pote-

2136 2495 2271 2549 stis:
2302 2509 2409 2560 non
2439 2495 2579 2561 enim
2611 2496 2767 2553 fidem
2807 2499 3020 2555 aliunde
3048 2502 3278 2557 mutuari
3315 2519 3449 2572 opus
3489 2505 3721 2561 habebi-

2137 2600 2256 2642 mus
2277 2625 2293 2652 ,
2322 2600 2444 2641 eum
2472 2602 2568 2642 vos
2610 2588 2805 2649 inimici
2835 2592 2998 2645 nostri
3029 2607 3147 2648 eam
3178 2593 3542 2650 exhibueritis.
3572 2596 3714 2661 Cur,

2137 2691 2320 2746 quceso
2342 2719 2356 2744 ,
2388 2678 2725 2743 Zoroastrem
2779 2679 2857 2755 (α)
2886 2683 3031 2747 illum
3059 2694 3113 2739 et
3140 2685 3410 2741 Zamolxin
3449 2689 3603 2743 multi
3649 2706 3721 2751 ne

2138 2770 2354 2825 nomine
2382 2771 2594 2841 quidem
2622 2782 2854 2842 norunt,
2888 2776 2994 2830 imo
3022 2779 3231 2839 nonnisi
3260 2778 3543 2835 admodum
3565 2786 3723 2851 pauci

2140 2863 2371 2918 norunt?
2398 2879 2573 2920 nonne
2609 2866 2730 2937 quia
2773 2865 3019 2937 figmenta
3060 2881 3212 2927 erant
3257 2873 3465 2935 omnia,
3498 2889 3621 2943 qua:
3650 2875 3721 2930 de

2140 2954 2245 3009 illis
2273 2955 2627 3012 dicebantur?
2655 2958 2984 3030 Quamquam
3014 2971 3120 3015 tum
3164 2962 3265 3027 illi,
3295 2971 3403 3017 tum
3438 2965 3472 3019 ii
3499 2966 3589 3035 qui
3633 2967 3721 3023 illa

2139 3047 2530 3114 conﬁnxerunt,
2562 3047 2660 3102 viri
2689 3064 2878 3120 graves
2902 3050 3066 3106 fuisse
3102 3051 3372 3119 ferantur;
3402 3054 3475 3109 illi
3502 3056 3718 3125 quidem

2139 3138 2208 3194 ad
2238 3140 2529 3210 praastigias
2558 3141 2902 3199 iuveniendas
2931 3144 3362 3215 exercendasque
3381 3189 3397 3214 ,
3426 3147 3481 3201 hi
3503 3163 3631 3203 vero
3653 3148 3721 3203 ad

2141 3231 2472 3288 mendacium
2513 3235 2797 3291 verborum
2837 3235 2955 3292 fuco
2998 3236 3439 3309 adumbrandum.
3469 3239 3575 3295 Sed
3608 3240 3724 3297 haec

2142 3324 2334 3379 frustra
2364 3333 2417 3381 et
2460 3326 2723 3382 incassum
2780 3327 3121 3397 proferuntur
3148 3370 3164 3395 ,
3193 3330 3403 3399 quando
3433 3331 3609 3400 ipsum
3637 3348 3725 3388 ar—.

2140 3426 2449 3487 gumentum
2482 3434 2698 3488 pravum
2720 3429 2773 3474 et
2795 3420 2951 3474 fallax
2975 3435 3093 3476 esse
3118 3425 3475 3490 comperitur;
3508 3433 3567 3479 ut
3587 3439 3719 3478 eon-

2147 3516 2225 3562 tra
2256 3509 2467 3579 quando
2513 3519 2714 3566 certum
2749 3526 3035 3580 verumque
3056 3521 3138 3566 est
3160 3551 3176 3577 ,
3205 3511 3396 3566 frustra
3423 3515 3602 3567 omnia
3637 3529 3722 3568 ce-

2144 3599 2303 3666 dunt,
2333 3616 2451 3671 qua:
2480 3600 2547 3655 ad
2596 3601 2725 3656 illud
2775 3603 3119 3657 evertendam
3148 3603 3215 3658 ab
3258 3603 3486 3659 inimicis
3512 3606 3723 3675 excogi—

2145 3694 2322 3744 tantur
2348 3706 2362 3744 :
2391 3691 2628 3746 veritatis
2653 3692 2848 3762 quippe
2873 3692 3031 3747 robur
3051 3692 3198 3747 nullo
3222 3702 3341 3760 eget
3364 3694 3597 3759 auxilio;
3630 3696 3722 3750 sed

2145 3783 2351 3849 etiamsi
2377 3782 2636 3839 innumeri
2662 3784 2769 3839 sint
2796 3784 2885 3854 qui
2912 3784 3052 3838 illam
3077 3785 3413 3854 exstinguere
3436 3795 3716 3851 conentur,

2146 3891 2252 3930 non
2279 3876 2450 3930 solum
2481 3892 2585 3930 non
2615 3876 2905 3931 destruitur
2924 3918 2939 3943 ,
2981 3876 3072 3931 sed
3100 3876 3259 3931 etiam
3300 3877 3727 3947 impugnantium

2146 3983 2305 4040 Opera
2326 3969 2651 4040 splendidior
2668 3970 3048 4040 sublimiorque
3067 3969 3259 4035 evadit,
3280 3970 3504 4041 illosque
3522 3970 3719 4033 irridet,

2147 4061 2235 4131 qui
2269 4058 2462 4115 frustra
2491 4068 2607 4115 sese
2634 4060 2936 4126 excruciant
2959 4068 3014 4121 ct
3041 4060 3325 4114 insaniunt.

2220 4148 2294 4203 Re
2333 4167 2437 4215 um,
2472 4149 2906 4221 philosOpltorum,
2928 4153 3185 4212 rhetorum
3211 4160 3387 4209 contra
3415 4149 3725 4204 Christianos

2148 4250 2354 4293 conatus
2381 4241 2512 4293 vani.
2542 4270 2614 4279 —
2640 4239 2828 4304 Nostra
2851 4241 3044 4310 quippe
3070 4241 3155 4295 illa
3176 4281 3195 4309 ι
3219 4256 3335 4309 quae
3358 4255 3459 4299 vos
3481 4240 3723 4309 figmenta

2150 4344 2267 4384 csse
2290 4329 2488 4395 dicitis,
2520 4338 2573 4384 et
2601 4331 2805 4401 tyranni
2835 4341 2889 4385 et
2921 4344 3069 4403 reges
3093 4340 3145 4384 et
3174 4328 3400 4384 dicendo
3424 4330 3606 4384 invicti
3636 4346 3723 4386 so:

2150 4420 2374 4490 phistce;
2407 4421 2639 4490 itemque
2666 4418 2964 4489 philosophi
2991 4428 3046 4483 et
3070 4419 3479 4489 prmstigiatores
3504 4428 3561 4475 et
3589 4422 3724 4490 magi

2153 4523 2206 4570 et
2233 4513 2500 4568 diuinones
2534 4512 2806 4567 destruere
2833 4522 3119 4577 curarunt;
3148 4511 3211 4571 Et
3232 4512 3488 4577 inﬁrmata
3513 4521 3585 4565 est
3610 4528 3726 4565 con—

2154 4615 2231 4661 tra
2261 4606 2376 4660 illos
2406 4607 2579 4678 lingua
2604 4622 2774 4659 eorum
2799 4604 2818 4675 (
2845 4603 2991 4658 Psal.
3024 4604 3110 4658 65.
3143 4603 3219 4672 9),
3270 4603 3561 4657 sccuudmn
3606 4618 3728 4674 pro.

2153 4699 2423 4769 pheticum
2472 4696 2811 4761 sermonem,
2857 4704 2911 4749 et
2957 4694 3171 4764 Sagitta:
3216 4693 3540 4764 parvulorum
3583 4696 3728 4762 [αι-ιω

2102 4836 2109 4843 ,
2153 4799 2268 4843 sunt
2300 4789 2466 4859 plaga:
2494 4804 2665 4842 eorum
2690 4783 2850 4858 (Ibid.
2877 4799 2923 4837 υ.
2959 4783 3035 4855 8).
3063 4784 3233 4854 Reges
3262 4784 3455 4853 quippe
3493 4799 3558 4839 ex
3601 4785 3728 4836 insi-

2153 4881 2254 4936 diis
2278 4889 2461 4935 contra
2494 4892 2590 4932 nos
2616 4877 3059 4931 structisJantnm
3089 4875 3275 4929 lucrati
3306 4885 3451 4941 sunt,
3474 4887 3727 4942 quantum

2155 4974 2282 5028 satis
2308 4979 2422 5026 erat
2445 4969 2511 5024 ad
2538 4968 2692 5023 ferini
2719 4967 2881 5022 animi
2911 4967 3103 5021 fatuam
3132 4965 3269 5035 apud
3298 4980 3485 5019 onmcs
3512 4965 3612 5018 sibi
3641 4979 3729 5033 pa-

2155 5063 2371 5118 randam
2403 5078 2418 5116 :
2449 5060 2518 5114 ob
2545 5060 2678 5118 iram
2716 5059 2855 5113 enim
2883 5067 3066 5112 contra
3097 5066 3358 5126 martyres
3399 5064 3729 5123 susceptam,

2156 5157 2207 5209 in
2230 5168 2563 5208 communem
2596 5158 2833 5205 naturam
2867 5148 3199 5211 ferocientes,
3226 5160 3344 5199 sese
3371 5143 3730 5213 imprudentes

2155 5244 2420 5301 sexcentis
2461 5240 2762 5312 opprobriis
2800 5237 3060 5293 obnoxios
3102 5235 3463 5291 reddiderunt.
3493 5233 3733 5288 Philoso-

2160 5338 2243 5406 phi
2278 5344 2451 5399 autem
2479 5342 2532 5388 et
2560 5330 2699 5386 acuti
2738 5329 2980 5384 rhetores
3008 5327 3309 5397 Opinionem
3340 5340 3582 5394 magnam
3606 5365 3621 5390 ,
3645 5325 3728 5377 alii

2160 5427 2457 5496 probitatis,
2477 5423 2564 5478 alii
2590 5421 2907 5492 eloquentia:
2931 5419 3071 5488 apud
3100 5418 3291 5471 multos
3316 5416 3590 5481 habentes,
3618 5424 3732 5484 post

2159 5518 2495 5575 euanuissam
2525 5515 2805 5583 adversum
2836 5524 2934 5566 nos
2963 5525 3188 5580 pugnam
3232 5507 3435 5562 ridiculi
3463 5506 3637 5561 elfecti
3660 5547 3677 5570 ,
3711 5520 3736 5556 ί.

2164 5611 2339 5681 pueris
2381 5608 2669 5678 nugacibus
2711 5603 2842 5671 nihil
2864 5602 3076 5657 differre
3095 5599 3192 5653 visi
3230 5606 3375 5652 sunt.
3402 5599 3443 5651 Α
3474 5603 3553 5650 tot
3594 5595 3732 5649 enim

2225 5743 2296 5806 (ll)
2323 5749 2570 5793 Zoroaster
2589 5742 2787 5806 magicae
2810 5738 2927 5806 artis
2943 5737 3187 5806 inventor,
3207 5732 3413 5806 guirisitl
3436 5743 3503 5806 eq
3519 5728 3731 5806 die,

2160 5792 2420 5870 quonatus
2454 5812 2546 5861 est.
2571 5792 2695 5870 Vide
2721 5800 2917 5870 Plinium
2998 5797 3083 5870 .50,
3117 5809 3163 5870 ρ.
3207 5792 3247 5843 1⁷.
3276 5792 3729 5870 [mss-la:dediticiis-z

2162 5850 2252 5917 iiii.
2281 5850 2545 5926 'iR-Eizigféi'
2564 5850 2766 5912 Sintiam.
2805 5850 3325 5926 Zainol’xis‘i‘ythagura:
3341 5850 3632 5926 distulimus,
3655 5854 3738 5912 qui.

2167 5914 2253 5993 [ἰοὺ
2276 5914 2472 5980 531ωᾶἰο
2495 5941 2521 5977 a
2545 5926 2799 5976 't‘ht‘acibus
2820 5923 3009 5972 habitus
3034 5914 3123 5969 est.
3150 5916 3371 5975 ltet‘udut.
3401 5914 3484 5965 lib.
3514 5915 3562 5964 4.
