3884 6294
84 462 196 521 εδει

84 575 291 642 παῖδας
315 577 436 632 ἀντὶ
469 577 758 650 προϐάτων
792 581 885 634 καί¹
928 580 1065 652 βοῶν
1097 584 1176 646 εἰς
1211 582 1338 645 τοὺς
1383 578 1564 634 αὐτῶν
1596 594 1765 631 κατα-

88 666 432 735 σφάττεσθαι
454 666 690 737 βωμοὺς,
713 668 1012 739 ἐπενόησαν
1036 669 1194 739 ξένην
1213 668 1562 741 ἀνδροφονίας
1586 684 1765 738 παρα-

87 754 311 824 νομίαν,
343 756 438 809 καὶ
473 756 785 826 καινότερον
817 761 1104 829 συμφορᾶς
1149 758 1515 826 ἐπεισήγαγον
1541 756 1759 827 τρόπον.

88 841 202 905 Οὓς
248 841 360 913 γὰρ
412 841 518 896 ἔδει
556 843 773 897 πενθεῖν
827 845 925 908 τὰς
959 846 1068 898 τῶν
1122 844 1481 917 ἀνῃρημένων
1527 843 1762 912 σφαγάςν

91 929 324 994 τούτους
349 930 576 985 ἔπεισαν
604 933 684 994 εἰς
715 930 815 1003 τὴν
849 931 1039 985 ἀθλίαν
1060 932 1276 1002 ἐκείνην
1304 930 1614 1002 μιαιφονίαν
1640 948 1759 1001 προ-

92 1033 253 1085 αγειν
285 1018 505 1082 αὐτούς.
527 1020 638 1072 Καὶ
663 1019 750 1073 ἵνα
779 1021 852 1091 μὴ
882 1020 1043 1091 μόνον
1068 1023 1116 1073 οί
1143 1019 1292 1092 παρά
1321 1020 1431 1073 τῶν
1462 1017 1768 1089 ἀνθρώπων

90 1104 348 1169 τεθέντες
384 1106 757 1176 ἀτιμάζωνται
786 1108 962 1178 νόμοι,
1006 1108 1256 1171 καὶτοὺς
1291 1108 1393 1178 τῆς
1430 1105 1642 1174 φύσεως
1671 1105 1768 1156 αὐ-

88 1193 221 1255 τοὺς
248 1191 489 1262 θεσμοὺς
515 1195 579 1247 ἐκ
607 1194 821 1265 βάθρων
849 1196 1185 1258 ἀνέσπασαν,
1212 1196 1382 1265 αὐτὴν
1419 1194 1538 1247 καθ’
1567 1185 1797 1262 ἑαυτῆς

88 1279 592 1350 ἐκϐακχεύσαντες,
613 1282 708 1334 καὶ
730 1282 821 1334 τὸν
849 1281 1103 1335 ἁπάντων
1129 1281 1383 1350 ἐναγέστε
1392 1298 1481 1352 ρον
1510 1268 1666 1350 φόνον
1688 1281 1769 1342 εἰς

88 1370 182 1421 τὸν
206 1369 325 1423 τῶν
345 1369 648 1443 ἀνθρώπων
670 1372 980 1442 εἰσάγοντες
1002 1373 1134 1443 βίον.
1154 1373 1390 1437 Οὑδένας
1410 1373 1518 1444 γὰρ
1542 1371 1771 1444 ἐχθροὺς

88 1455 237 1509 οὕτω
269 1457 479 1525 λοιπὸν,
508 1459 584 1524 ὡς
614 1462 740 1524 τοὺς
776 1461 1173 1533 γεγεννηκότας
1204 1460 1441 1524 ἅπαντες
1483 1460 1689 1513 ἔδεισαν
1716 1472 1766 1526 ει,

90 1546 186 1598 καὶ
205 1542 292 1609 οἷς
324 1546 492 1616 ἐχρῆν
525 1546 758 1617 μάλιστα
786 1548 1000 1602 πάντων
1023 1548 1265 1620 θαρρεῖν,
1282 1548 1504 1611 τούτους
1537 1548 1769 1619 μάλιστα

92 1633 319 1688 πάντων
341 1634 409 1688 δι’
438 1634 672 1704 ὑποψίας
691 1629 834 1705 εἶχον
862 1636 958 1689 καὶ
982 1637 1402 1705 ἀπεστρέφοντο.
1422 1638 1485 1689 Οἱ
1505 1637 1611 1708 γὰρ
1637 1635 1768 1688 ἀλά-

96 1738 289 1792 στορες
340 1722 559 1786 ἐκεῖνοι,
595 1722 662 1775 δι’
693 1715 768 1775 ὧν
811 1725 841 1775 6
872 1723 1004 1786 Θεὸς
1042 1724 1238 1787 αὐτοὺς
1274 1724 1367 1776 ἐπὶ
1395 1722 1491 1794 τὴν
1536 1722 1769 1793 θεωρίαν

92 1809 249 1862 τοῦδε
276 1809 373 1862 τοῦ
402 1809 607 1880 κόσμου
650 1811 960 1882 παρήγαγε,
990 1811 1076 1864 διά
1108 1811 1311 1865 τούτων
1338 1812 1535 1875 αὐτοὺς
1567 1810 1770 1881 ταύτης

93 1896 354 1951 ἐκϐαλεῖν
390 1897 802 1968 ἐφιλονείκησαν
833 1898 933 1967 τῆς
980 1898 1208 1970 δωρεᾶς,
1238 1900 1365 1962 τοὺς
1406 1898 1544 1970 πρὸς
1565 1898 1624 1951 τὸ
1669 1897 1770 1968 ζῇν

96 1983 649 2055 ὑπηρετησαμένους,
687 1984 909 2047 τούτους
963 1986 1059 2038 καὶ
1106 1985 1200 2038 τοῦ
1230 1984 1460 2039 θανάτου
1501 1986 1772 2055 καταστή-

98 2087 292 2134 σαντες
333 2071 558 2138 αἰτίους,
609 2072 798 2141 ῶσπερ
826 2072 1090 2139 ἐπιδεῖξαι
1123 2071 1454 2144 βουλόμενοι,
1488 2075 1571 2126 ὅτι
1611 2072 1770 2125 πλέον

96 2158 248 2211 οὐδὲν
282 2157 469 2222 αὐτοῖς
500 2158 727 2227 γέγονεν
769 2160 833 2212 ἐκ
875 2159 975 2228 τῆς
1002 2158 1341 2230 ἀγαθότητος
1369 2158 1464 2211 τοῦ
1496 2158 1662 2212 Θεοῦ·
1708 2159 1773 2211 οὐ

97 2245 206 2316 γάρ
241 2246 447 2317 ἐτέρων
478 2247 758 2317 δεήσονται
790 2247 1040 2315 σφαγέων
1058 2248 1109 2313 b,
1139 2246 1277 2300 ἀλλά
1307 2246 1415 2299 τῶν
1447 2245 1785 2316 φυσαμένων-

97 2334 302 2393 αὐτῶν.
330 2333 515 2387 Ταῦτα
543 2338 592 2387 εἰ
640 2334 734 2387 καὶ
780 2335 964 2405 θαῦμά
998 2352 1052 2387 τι
1103 2333 1580 2406 παρηκολούθησεν
1608 2334 1770 2404 μέγα,

100 2410 172 2492 μὴ
195 2424 285 2476 ὅτι
316 2418 371 2475 εἰ
397 2439 499 2476 που
533 2440 585 2475 τι
616 2422 712 2475 καὶ
743 2422 955 2492 ἐδείχθη
994 2423 1186 2492 μικρὸν
1228 2423 1324 2476 καὶ
1369 2421 1581 2485 οὐδενὸς
1625 2419 1777 2486 ἀξιον

96 2506 282 2575 λόγου,
318 2508 413 2561 καὶ
441 2508 643 2578 πολλῆς
670 2509 839 2579 γέμον
862 2509 1078 2580 ἀπάτης
1108 2505 1196 2579 ἦν,
1227 2509 1343 2562 ἀλλ’
1373 2510 1421 2561 εἰ
1444 2508 1541 2562 καὶ
1564 2507 1773 2578 μεγάλα

94 2591 161 2667 ἦν
187 2595 264 2649 τά
292 2596 553 2667 γινόμενα
580 2596 775 2662 ταῦτα,
807 2596 951 2669 άπερ
972 2593 1275 2665 εἶπον,τοῖς
1304 2598 1377 2670 μὴ
1410 2597 1531 2651 λίαν
1554 2596 1774 2666 ἐξεστη-

94 2684 256 2738 κόσιν
308 2685 471 2738 ἱκανὰ
514 2683 707 2748 δεῖξαι,
746 2684 887 2748 τίνες
922 2681 1062 2756 ἦσαν
1098 2688 1148 2739 οἰ
1201 2686 1295 2739 καὶ
1323 2688 1506 2738 ἐκεῖνα
1542 2684 1771 2757 ἐργαζό-

100 2790 277 2840 μενοι,
316 2772 435 2836 πῶς
463 2770 614 2844 [558]
649 2775 836 2844 μιαροὶ
870 2773 963 2827 καὶ
1000 2773 1331 2844 παμμίαροι,
1358 2773 1454 2825 καὶ
1483 2772 1660 2826 πάντα
1685 2772 1770 2824 ἐπ’

99 2858 385 2930 ἀνατροπῇ
415 2869 438 2898 ε
473 2860 568 2913 καὶ
592 2859 691 2929 τῆς
722 2858 870 2929 ζωῆς
899 2860 993 2913 καὶ
1021 2860 1118 2930 τῆς
1150 2858 1533 2923 καταστάσεως
1560 2857 1775 2913 τεκταί-

98 2963 285 3009 νοντες
313 2947 414 3017 τῆς
446 2946 742 3017 ἡμετέρας.
1438 2952 1450 2963 ’

164 3034 238 3103 β’.
274 3033 415 3089 Ἀλλ’
442 3034 541 3104 οὐχ
572 3033 818 3106 όΚύριος
847 3034 1004 3105 ἡμῶν
1033 3032 1238 3105 Ἰησοῦς
1252 3033 1492 3087 τοιοῦτον
1507 3033 1659 3087 οὐδὲν
1677 3034 1777 3087 ἐπ-

99 3122 290 3187 έταξεν
318 3123 473 3193 ἡμῖν,
489 3121 629 3176 ἀλλά
652 3123 962 3193 θαυμαστὸς
982 3120 1058 3175 ὣν
1085 3122 1171 3175 διὰ
1201 3122 1269 3176 τά
1298 3122 1574 3191 τεράστια,
1591 3120 1679 3175 διὰ
1708 3119 1777 3174 τά

100 3212 504 3281 προστάγματα
536 3210 643 3264 τῶν
676 3210 970 3280 θαυμάτων
1012 3211 1109 3280 οὐχ
1144 3205 1328 3281 ἧττον,
1368 3209 1522 3281 παρὰ
1556 3209 1776 3263 πάντων

100 3301 162 3352 ἂν
202 3302 568 3370 προσκυνοῖτο
602 3298 826 3362 δικαίως
865 3300 958 3352 καί
990 3298 1298 3351 πιστεύοιτο
1325 3293 1461 3350 εἶναι
1486 3298 1637 3361 Θεός.
1664 3298 1777 3369 Τὴν

99 3387 203 3457 γὰρ
227 3386 584 3457 παρανομίαν
603 3385 805 3456 ταύτην
834 3386 996 3448 αὐτὸς
1024 3384 1192 3439 ἐλθὼν
1218 3385 1401 3438 ἔλυσεν
1435 3385 1530 3438 καὶ
1560 3384 1621 3437 τὸ
1647 3384 1769 3438 θαυ-

102 3473 464 3543 μαστότερον,
494 3472 576 3525 ὅτι
602 3472 704 3543 τῆς
736 3472 934 3542 ἀγρίας
965 3472 1057 3525 καὶ
1081 3471 1325 3542 ἀπηνοῦς
1356 3471 1686 3542 τυραννίδος,
1713 3472 1774 3524 ού

101 3566 222 3624 τοὺς
264 3558 708 3631 προσκυνοῦντας
747 3560 906 3615 αὑτὸν
941 3559 1099 3630 μόνον
1144 3561 1325 3629 ἡμᾶς,
1358 3559 1496 3613 ἀλλά
1528 3559 1622 3612 καὶ
1651 3559 1778 3622 τοὺς

106 3645 567 3717 βλασφημοῦντας
618 3647 780 3701 αὑτὸν
823 3646 1063 3709 ἐκείνους
1114 3640 1453 3716 ἀπήλλαξενο
1504 3646 1627 3699 οὐδὲ
1668 3645 1779 3716 γὰρ

113 3734 385 3806 Ἑλλήνων
422 3752 507 3798 τις
545 3735 624 3788 ἐτι
667 3733 919 3799 τοιαύτας
954 3735 1144 3797 θυσίας
1183 3737 1294 3798 τοῖς
1327 3733 1519 3788 ἑαυτοῦ
1559 3733 1777 3804 δαίμοσι

109 3825 408 3893 προσάγειν
452 3824 816 3894 ἠνάγκασται,
845 3823 1093 3893 Τοσαύτη
1123 3821 1259 3892 πρὸς
1302 3821 1363 3874 τὸ
1399 3822 1666 3892 ⁴ἡμέτερον
1691 3821 1778 3874 ἀεὶ

104 3912 489 3982 φιλανθρωπίᾳ
531 3911 792 3982 κέχρηται
827 3910 1004 3980 γένος,
1047 3911 1140 3963 καὶ
1172 3904 1248 3963 ὦν
1282 3912 1331 3963 οί
1373 3909 1626 3979 δαίμονες
1652 3911 1779 3972 τοὺς

104 4000 315 4063 ἑαυτῶν
346 4000 534 4067 φίλους
568 3999 895 4070 εἰργάσαντο
927 3997 1131 4060 κακῶν,
1169 3997 1388 4067 μείζονα
1426 3999 1455 4049 6
1493 3997 1627 4060 Θεὸς
1653 3996 1779 4060 τοὺς

109 4088 341 4157 ἐχθροὺς
372 4086 401 4125 ἀ
435 4086 688 4157 ἐποίησεν
729 4085 929 4153 ἀγαθά.
962 4086 1025 4138 Ol
1073 4084 1172 4153 μέν
1208 4085 1317 4155 γὰρ
1358 4083 1610 4153 δαίμονες
1653 4084 1779 4147 τοὺς

109 4175 517 4246 θεραπεύοντας
554 4175 749 4238 αὐτοὺς
769 4175 863 4229 καὶ⁸
898 4174 1188 4245 τιμῶντας,
1211 4174 1318 4228 τῶν
1337 4174 1553 4227 οἰκείων
1575 4173 1779 4227 παίδων

108 4263 367 4331 γενέσθαι
405 4265 650 4333 σφαγέας
683 4264 1031 4333 ¹ηνάγκασοιν·
1058 4264 1086 4316 6
1121 4262 1179 4315 δὲ
1215 4260 1450 4333 Χριστὸς
1487 4263 1614 4324 τοὺς
1641 4261 1781 4313 ἀπο-

108 4352 512 4422 στρεφομένους
530 4351 693 4405 αὐτὸν
713 4352 917 4405 τούτων
940 4351 1049 4404 τῶν
1075 4350 1460 4419 ἐπιταγμάτων
1484 4347 1783 4420 ἀπήλλαξε,

109 4440 201 4499 καὶ
236 4441 339 4510 τῆς
385 4438 681 4510 θηριώδους
712 4438 1053 4509 λειτουργίας
1099 4438 1197 4508 τὴν
1239 4436 1508 4500 ἀτέλειαν,
1543 4437 1639 4490 καὶ
1681 4436 1780 4507 τὴν

108 4526 431 4598 θαυμαστὴν
457 4527 661 4597 ταύτην
689 4527 931 4597 εἰρήνην,
954 4526 1053 4579 οὑκ
1082 4527 1162 4588 εἰς
1185 4527 1309 4589 τοὺς
1328 4525 1560 4589 οἰκείους
1587 4525 1781 4595 μόνους

114 4616 476 4678 συνέκλεισεν,
506 4614 642 4668 ἀλλά
680 4614 774 4669 καὶ
807 4615 887 4677 είς
916 4615 1040 4678 τοὺς
1062 4614 1374 4684 ἀλλοτρίους
1396 4612 1649 4684 ἐξήγαγε,
1675 4613 1783 4665 δει-

112 4707 240 4767 κνὺς
266 4705 348 4758 ὅτι
374 4705 571 4757 ἐκεῖνοι
596 4703 692 4773 μὲν
714 4702 966 4772 τύραννοί
995 4718 1140 4765 τινες
1180 4700 1389 4754 καὶτοῦ
1412 4701 1603 4768 γένους
1625 4698 1780 4770 ἡμῶν

106 4784 291 4864 ἐχθροὶ
318 4792 414 4846 καὶ
448 4792 723 4863 λυμεῶνές
746 4795 872 4855 εἰσι,
898 4791 964 4847 δι’
992 4792 1021 4844 ὃ
1057 4792 1151 4845 καὶ
1177 4793 1289 4854 τοῖς
1312 4789 1677 4860 ᾠκειωμένοις
1706 4787 1791 4851 ὡς

107 4880 410 4951 ἀλλοτρίοις
442 4881 768 4951 ἐκέχρηντο·
818 4880 914 4933 καὶ
943 4878 1051 4949 γὰρ
1094 4875 1235 4950 ἦσαν
1283 4877 1573 4948 ἀλλότριοι.
1616 4877 1675 4929 '0
1724 4875 1782 4929 δέ

108 4968 360 5034 βασιλεὺς
396 4968 492 5021 καὶ
524 4968 852 5039 δημιουργὸς
888 4968 983 5022 καὶ
1017 4966 1197 5037 σωτὴρ
1230 4964 1324 5018 τοῦ
1367 4965 1568 5027 παντὸς
1593 4963 1781 5031 γένους

106 5054 414 5127 ἀνθρώπιον
466 5056 628 5118 αὐτὸς
670 5052 772 5126 ἦν·
819 5056 898 5108 διὸ
932 5055 1025 5108 καὶ
1073 5053 1181 5107 τῶν
1230 5052 1675 5124 ἠλλοτριωμένων
1705 5051 1782 5114 ὡς

109 5141 253 5196 ἰδίων
284 5143 543 5211 ἐφείδετο.
574 5143 684 5196 Kal
728 5142 837 5214 γάρ
870 5138 938 5213 ἦν
984 5142 1114 5195 ἴδιον
1149 5140 1309 5212 ἔργον
1349 5139 1519 5195 ἀὑτοῦ
1559 5140 1707 5192 πάσα
1746 5142 1780 5211 ἡ

102 5230 215 5283 τῶν
249 5231 556 5302 ἀνθρώπων
593 5231 774 5300 φύσις,
809 5229 994 5294 καθὼς
1022 5231 1117 5283 καὶ
1150 5230 1178 5282 6
1212 5227 1460 5300 μαθητὴς
1480 5227 1645 5280 αὑτοῦ
1675 5245 1782 5297 φη-

105 5336 208 5370 σιν’
240 5320 345 5384 Είς
379 5320 451 5372 τὰ
493 5318 614 5373 ἴδια
653 5315 821 5389 ἦλθε,
847 5319 946 5372 καὶ
986 5321 1041 5371 οἱ
1082 5317 1220 5370 ῖδιοι
1256 5315 1445 5370 αὐτὸν
1495 5317 1608 5370 οὐκ
1656 5315 1784 5369 ἐδέ-

104 5406 290 5468 ξαντο
318 5418 364 5459 θ.
408 5405 571 5459 Ἀλλά
598 5408 777 5460 πᾶσαν
813 5405 914 5476 μὲν
936 5403 1100 5459 αὐτοῦ
1132 5403 1452 5474 καταλέγειν
1478 5402 1575 5474 τὴν
1596 5403 1783 5473 φιλαν-

164 5530 195 5560 ⁸
218 5530 368 5579 Savil.
395 5531 447 5577 in
470 5542 623 5589 marg.
652 5535 705 5577 et
721 5529 875 5577 codex
898 5541 1025 5578 unus
1046 5525 1300 5575 ἐδεδίεσαν.

164 5590 191 5660 ιζ
218 5594 302 5640 Sic
322 5595 435 5664 δον.
464 5597 518 5665 (ἃ
541 5587 669 5665 ngas
693 5591 868 5665 codex_,
907 5589 1147 5665 alqquta
1171 5588 1366 5665 legerat
1389 5587 1594 5665 ἱεμένων.
1619 5594 1780 5665 V3211":z

103 5649 187 5715 ali}
226 5654 437 5715 σφαγῶν.
478 5653 633 5715 Paulo
676 5661 788 5713 post
828 5654 927 5700 duo
969 5651 1163 5715 codices
1186 5649 1358 5715 αὐτῶν.
1404 5650 1671 5715 Τούτοιςεί
1701 5651 1783 5715 καὶ

102 5710 764 5789 θαῦμάτίπαρηκολούθήσε,
798 5714 861 5775 μή
895 5714 1154 5775 θαυμάσῃς’
1188 5710 1260 5758 ὅτι
1289 5711 1330 5758 εἶ
1363 5727 1454 5759 που
1476 5711 1556 5759 καὶ
1579 5712 1780 5775 ἐδείχθη,

104 5789 330 5901 μξρῗὶνθο
350 5849 473 5901 ῐπιενιἶ
496 5840 550 5884 et
568 5835 717 5901 Savil.
746 5851 798 5886 In
818 5851 965 5901 marg.
988 5837 1059 5885 ἐπ’
1085 5835 1306 5896 ἐκτροπῇ.

158 5894 192 5937 (Ι
222 5898 317 5960 AAIii
336 5898 436 5954 τοῖς
455 5899 652 5960 ἐχθροῖς.

169 5960 195 6003 ‘-
208 5958 307 6011 Alii
327 5961 383 6009 οὐ
407 5958 693 6010 παρέλαϐον.

942 482 1028 539 οε
1061 476 1117 539 s.
1152 480 1743 547 BABYLA.!‘.ONTRA
1778 475 2120 542 muwuu
2150 486 2241 541 ET
2271 464 2630 544 GEMILES.

3420 466 3537 524 K56

1870 578 2114 650 θρωπίαν
2134 583 2199 635 οὐ
2229 583 2324 638 τοῦ
2351 584 2613 656 παρόντος
2647 582 2859 654 καιροῦ,
2888 581 3022 637 ἀλλά
3043 582 3148 637 κάν
3172 581 3379 646 πάντας
3405 585 3533 648 τοὺς

1866 669 2068 731 αἰῶνας
2105 670 2231 740 περὶ
2280 671 2451 741 αὐτῆς
2479 669 2782 741 φθέγγηται
2831 687 2935 736 τις,
2969 669 3071 723 κάν
3119 669 3386 739 τοσαύτην
3430 670 3529 741 ἔχῃ

1865 756 2114 826 δύναμιν,
2137 758 2269 829 ὅσην
2289 756 2387 821 τὰς
2415 758 2737 829 ἀσωμάτους
2758 757 3013 829 δυνάμεις
3031 756 3195 821 εἰκὸς,
3217 757 3335 810 οὐδὲ
3360 756 3531 821 οὕτως

1866 844 2130 913 ἐφάψεται
2157 844 2259 913 τῆς
2283 844 2439 911 ἀξίας
2460 845 2786 901 ποτέ.”υσον
2810 845 2918 916 γάρ
2946 847 3093 898 ἐστιν
3123 845 3344 914 ἀγαθὸς,
3375 846 3531 916 μόνος

1865 928 2003 985 οἶδεν
2051 930 2231 995 αὐτὸς,
2267 932 2451 1004 ἐπειδὴ
2485 934 2578 986 καὶ
2637 934 2796 1004 μόνος
2838 934 2985 987 ἐστὶν
3025 932 3196 996 οὕτως
3246 930 3263 972 τ
3307 932 3527 1000 ἀγαθός.

1877 1018 2011 1088 Ὀρα
2039 1019 2170 1087 γοῦν
2192 1013 2279 1072 οἷα
2301 1023 2412 1083 τοῖς
2438 1019 2703 1091 μαθηταῖς
2732 1034 2915 1091 φησιν·
2954 1020 3150 1090 Ἀμὴν,
3185 1017 3349 1088 ἀμὴν
3376 1020 3532 1088 λέγω

1868 1105 2028 1174 ὑμῖν,
2062 1109 2096 1160 ό
2129 1108 2430 1161 πιστεύων
2467 1110 2554 1173 εἰς
2587 1107 2720 1177 ἐμὲ,
2776 1107 2848 1162 τὰ
2883 1109 3057 1177 ἔργα,
3106 1105 3146 1161 ἃ
3194 1107 3308 1172 ἐγὼ
3360 1106 3527 1173 ποιῶ»

1867 1190 2443 1262 κὰκεῒνοξποιήσει,
2468 1196 2563 1249 καί
2593 1194 2832 1264 μείζονα
2864 1196 3086 1248 τούτων
3107 1193 3362 1261 ποιήσει.
3397 1194 3531 1247 Οὐδέ

1868 1280 1976 1352 γάρ
2008 1281 2074 1336 ἂν
2102 1283 2369 1354 τοσαύτης
2410 1283 2593 1347 αὐτοῖς
2635 1282 2904 1353 μετέδωκε
2940 1282 3040 1352 τῆς
3069 1282 3257 1353 τιμῆς,
3296 1281 3369 1353 μὴ
3410 1282 3531 1336 λίαν

1869 1369 1963 1422 καὶ
1994 1369 2237 1441 ἀπείρως
2272 1369 2347 1422 ὣν
2392 1370 2612 1439 ἀγαθός.
2662 1371 2726 1424 Εί
2755 1370 2813 1423 δέ
2852 1386 2937 1432 τις
2974 1370 3105 1439 ἡμῖν
3142 1368 3529 1440 ἀμφισϐητοίη,

1870 1455 1973 1508 ποῦ
2000 1456 2150 1520 τέλος
2180 1457 2336 1528 ἔσχεν
2361 1450 2515 1521 οὗτος
2534 1461 2561 1512 6
2581 1458 2847 1529 χρησμὸς,
2873 1457 2936 1510 τὸ
2956 1456 3156 1527 βιϐλίον
3184 1456 3319 1526 μετὰ
3346 1459 3532 1528 χεῖρας

1869 1543 2066 1606 λαϐὼν,
2088 1545 2117 1597 ὃ
2138 1546 2379 1598 καλεῖται
2413 1547 2509 1616 μὲν
2529 1546 2762 1617 Πράξεις
2787 1544 3116 1608 ἀποστόλων,
3137 1543 3250 1613 ἔχει
3283 1544 3339 1595 δὲ
3366 1543 3536 1607 αὑτὰς

1870 1630 1930 1685 ού
1965 1632 2164 1697 πάσας,
2195 1633 2309 1686 ἀλλ’
2336 1634 2458 1686 οὑδέ
2491 1634 2706 1688 πάντων
2735 1632 2932 1697 αὐτῶν,
2951 1632 3064 1687 ἀλλ’
3091 1631 3207 1695 ἐνὸς
3234 1631 3267 1702 ἢ
3300 1630 3410 1692 δύο,
3440 1632 3536 1683 καὶ

1869 1719 2072 1784 ταύτας
2116 1720 2540 1792 εὐαριθμήτους,
2590 1721 2779 1792 ὄψεται
2817 1722 2942 1784 τοὺς
2980 1721 3077 1791 μὲν
3124 1717 3535 1792 ἀρρωστοῦντας

1870 1809 2093 1864 ἐπὶτῶν
2131 1811 2394 1865 κλινιδίων
2442 1812 2891 1882 κατακειμένους,
2928 1810 3028 1874 τὰς
3076 1811 3132 1863 δέ
3180 1810 3336 1873 σκιὰς
3378 1810 3536 1880 μόνον

1872 1897 1980 1951 τῶν
2015 1900 2298 1970 μακαρίων
2334 1900 2557 1955 ἐκείνων
2591 1899 2970 1969 ἐφαπτομένας
2994 1916 3053 1951 τε
3084 1897 3263 1952 αὐτῶν
3290 1898 3403 1967 ἅμα
3443 1896 3536 1949 καὶ

1871 1985 1971 2056 τὴν
2004 1986 2212 2054 ὑγίειαν
2255 1986 2648 2057 ἐργαζομένας,
2685 1987 2899 2050 πολλοῖς
2937 1986 2993 2039 δέ
3044 1985 3152 2039 τῶν
3203 1985 3534 2055 μαινομένων

1872 2073 1978 2133 τῶν
2010 2073 2241 2143 ἱματίων
2274 2074 2489 2127 Παύλου
2526 2074 2677 2127 οὐδὲν
2725 2073 2884 2126 πλέον
2917 2073 3103 2143 ἐδέησε
3150 2072 3285 2143 πρὸς
3316 2071 3412 2142 τὴν
3442 2071 3535 2124 τοῦ

1872 2163 2148 2226 κινοῦντος
2175 2164 2370 2225 αὐτοὺς
2403 2162 2654 2233 δαίμονος
2681 2161 3021 2232 ἀπαλλαγήν.
3059 2160 3121 2213 Εἰ
3158 2159 3215 2213 δέ
3244 2176 3329 2223 τις
3363 2158 3536 2212 ταῦτα

1870 2248 2040 2317 τῦφον
2069 2245 2210 2302 εἶναι
2245 2248 2413 2317 λέγοι,
2443 2249 2536 2303 καὶ
2566 2248 2850 2318 τερατείαν
2884 2246 3216 2317 πλασμάτων
3250 2244 3533 2302 ἀπίθανον.

1872 2337 2010 2392 ἀλλά
2037 2339 2105 2393 τά
2127 2355 2190 2406 γε
2227 2337 2322 2391 νῦν
2356 2336 2610 2409 ὁρώμενα
2641 2336 2799 2390 ἱκανά
2822 2336 2883 2389 τὸ
2917 2335 3234 2407 βλάσφημον
3263 2333 3537 2405 ἐμφράξα.

1876 2425 2049 2496 στόμα
2077 2426 2170 2480 καὶ
2216 2424 2608 2494 καταισχῦναι,
2644 2423 2740 2476 καὶ
2785 2423 2882 2494 τὴν
2931 2422 3260 2492 ἀχαλίνωτον
3296 2420 3540 2490 γλῶτταν

1873 2512 2136 2583 ἐπισχεῖν.
2168 2512 2243 2566 Οὐ
2279 2511 2389 2584 γάρ
2427 2513 2573 2565 ἐστιν
2604 2514 2662 2564 ἐν
2708 2513 2774 2582 τῇ
2811 2504 2931 2564 καθ’
2972 2510 3118 2580 ἡμᾶς
3159 2508 3450 2580 οἰκουμένῃ
3476 2508 3536 2561 οὐ
3632 2558 3649 2573 κ

1875 2601 2046 2673 χώρα,
2075 2603 2177 2655 οὐκ
2201 2601 2371 2666 ἔθνος,
2397 2598 2549 2673 [559]
2578 2600 2640 2654 οὐ
2669 2601 2845 2665 πόλις,
2880 2600 3008 2654 ἔνθα
3036 2599 3205 2654 ταῦτα
3226 2599 3324 2652 οὐκ
3356 2599 3540 2670 ᾅδεται

1873 2689 1943 2742 τὰ
1968 2688 2269 2759 παράδοξα,
2290 2689 2352 2742 οὐ
2379 2687 2757 2759 θαυμασθέντα
2788 2687 2918 2741 ποτὲ
2938 2689 2986 2741 εἰ
3008 2687 3298 2758 πλάσματα
3324 2682 3409 2758 ἦν.
3431 2688 3541 2739 Καὶ

1876 2776 1968 2830 τοῦ
2006 2776 2169 2844 λόγου
2200 2775 2296 2847 τὴν
2338 2775 2640 2848 μαρτυρίαν
2684 2775 2839 2847 ὑμεῖς
2885 2775 2951 2829 ἂν
2979 2774 3313 2846 παράσχοιτε
3338 2774 3542 2845 ταύτην

1875 2866 2038 2935 ἡμῖν’
2072 2864 2134 2917 οὐ
2189 2863 2296 2935 γὰρ
2327 2863 2633 2934 δεησόμεθα
2667 2865 2796 2934 παρ’
2834 2863 3036 2933 ἐτέρων
3066 2862 3165 2933 τὴν
3214 2862 3395 2916 πίστιν
3434 2862 3543 2914 τῶν

1874 2950 2182 3023 λεγομένων
2208 2951 2413 3016 λαϐεῖν,
2440 2951 2595 3020 ὑμῶν
2622 2951 2730 3004 τῶν
2759 2950 2966 3022 ἐχθρῶν
2996 2949 3199 3020 ταύτην
3231 2948 3542 3023 παρεχομέ-

1877 3055 1983 3091 νων
2016 3041 2163 3109 ἡμῖν.
2195 3039 2328 3091 Εἰπὲ
2356 3039 2463 3109 γάρ
2492 3056 2602 3108 μοι,
2630 3038 2716 3091 διὰ
2742 3036 2795 3090 τί
2822 3037 2913 3090 τὸν
2947 3038 3309 3112 Ζωροάστρην
3339 3038 3543 3090 ἐκεῖνον

1878 3127 1972 3179 καί
2014 3126 2105 3179 τὸν
2156 3124 2420 3195 Ζάμολξιν
2451 3125 2571 3178 οὐδὲ
2612 3124 2671 3189 ἐξ
2713 3125 2973 3194 ὀνόματος
3023 3125 3202 3177 ἴσασιν
3247 3124 3297 3175 οἰ
3336 3122 3542 3187 πολλοὶ,

1881 3214 2079 3284 μᾶλλον
2110 3213 2167 3266 δέ
2200 3213 2323 3266 οὐδέ
2370 3228 2536 3275 τινες,
2578 3212 2718 3282 πλὴν
2763 3211 2959 3279 ὀλίγων
2981 3210 3171 3275 τινῶν;
3209 3205 3299 3282 ἆρ’
3326 3210 3423 3280 οὐχ
3462 3211 3544 3263 ὅτι

1876 3303 2171 3372 πλάσματα
2196 3296 2263 3373 ἦν
2292 3299 2361 3353 τὰ
2383 3317 2447 3353 πε
2458 3301 2509 3371 pl
2533 3299 2755 3353 ἐκείνων
2779 3299 3045 3369 λεγόμενα
3067 3299 3316 3363 ἅπαντα;
3350 3297 3544 3350 Καίτοι

1876 3406 1940 3459 γε
1970 3391 2210 3443 κάκεῖνοι
2248 3389 2341 3442 καὶ
2371 3389 2419 3441 οἱ
2446 3387 2514 3440 τά
2540 3387 2763 3440 ἐκείνων
2791 3386 3073 3449 συνθέντες
3104 3384 3268 3438 δεινοὶ
3292 3382 3544 3453 γενέσθαι

1876 3482 2142 3550 λέγονται,
2173 3481 2220 3532 οί
2254 3478 2351 3550 μὲν
2383 3478 2634 3548 γοητείαν
2660 3478 2838 3549 εὑρεῖν
2881 3475 2972 3529 καί¹
3012 3473 3369 3545 ἐργάσασθαι,
3401 3473 3450 3524 οί
3487 3469 3544 3524 δὲ

1879 3558 2167 3621 συσκιάσαι
2192 3566 2385 3637 ψεῦδος
2404 3568 2470 3636 τῇ
2499 3565 2605 3618 τῶν
2633 3564 2803 3632 λόγων
2825 3562 3160 3633 πιθανότητι.
3190 3560 3350 3614 Ἀλλά
3373 3558 3548 3614 πάντα

1882 3658 2058 3727 μάτην
2078 3654 2285 3723 γίνεται
2314 3653 2407 3706 καὶ
2433 3655 2578 3723 εἰκῆ,
2611 3652 2736 3705 ὅταν
2766 3653 2799 3722 ἡ
2825 3650 2935 3703 τῶν
2962 3648 3267 3719 λεγομένων
3294 3648 3547 3711 ὑπόθεσις

1880 3743 2055 3815 σαθρά
2088 3743 2182 3797 καὶ
2208 3741 2410 3812 ψευδὴς
2448 3736 2582 3794 οὖσα
2621 3739 2776 3810 τύχῃ,
2808 3738 2999 3809 ὥσπερ
3043 3733 3155 3803 οὖν,
3195 3737 3321 3790 ὃταν
3352 3735 3547 3807 ἰσχυρά

1879 3831 1971 3883 καὶ
2006 3828 2230 3900 ἀληθὴς,
2272 3827 2488 3882 ἅπαντα
2516 3827 2678 3881 πάλιν
2723 3825 2900 3897 μάτην
2929 3825 3140 3893 γίνεται
3190 3823 3286 3875 καὶ
3329 3822 3450 3892 εἰκῆ
3480 3822 3547 3875 τά

1880 3916 2016 3987 πρὸς
2047 3914 2356 3986 ἀνατροπὴν
2386 3912 2743 3983 ἐπινοούμενα
2789 3911 2940 3983 παρά
2977 3911 3086 3964 τῶν
3124 3908 3364 3981 ἐχθρῶν
3400 3908 3548 3961 οὐδε-

1883 4004 2013 4075 μιᾶς
2048 4002 2155 4073 γάρ
2199 4002 2369 4055 δεῖται
2415 4000 2665 4070 βοηθείας
2693 4000 2726 4069 ἡ
2763 3999 2865 4068 τῆς
2899 3997 3154 4068 ἀληθείας
3207 3995 3386 4066 ἰσχύς⁶
3413 3995 3548 4050 ἀλλὰ

1881 4090 1983 4144 κᾶν
2011 4090 2234 4161 μυρίους
2278 4088 2375 4160 ἔχῃ
2406 4089 2531 4150 τοὺς
2574 4086 2897 4148 σϐεννύντας
2938 4084 3127 4155 αὐτὴν,
3163 4084 3222 4137 οὐ
3260 4083 3417 4154 μόνον
3448 4083 3548 4137 οὐκ

1881 4177 2217 4246 ἀφανίζεται,
2246 4176 2383 4230 ἀλλά
2423 4175 2518 4229 καὶ
2549 4173 2616 4227 δι’
2662 4173 2842 4227 αὐτῶν
2887 4170 2995 4225 τῶν
3046 4169 3376 4242 ἐπηρεάζειν
3421 4172 3545 4223 ἐπι-

1882 4263 2206 4337 χειρούντων
2229 4262 2559 4333 φαιδροτέρα
2592 4261 2684 4315 καὶ
2717 4260 3025 4331 ὑψηλοτέρα
3056 4259 3250 4324 ἀνεισι,
3282 4258 3391 4313 τῶν
3425 4258 3547 4329 είκῆ

1883 4351 2190 4417 κοπτόντων
2219 4349 2448 4413 ἐαυτοὺς
2475 4348 2571 4402 καὶ
2602 4348 2942 4419 μαινομένων
2968 4346 3345 4416 καταγελῶσα.

1954 4444 2035 4498 Τά
2070 4443 2168 4514 μέν
2197 4442 2303 4512 γάρ
2341 4442 2471 4511 παρ’
2505 4441 2658 4511 ἡμῖν,
2687 4439 2724 4493 ἀ
2760 4456 2897 4508 φατε
2939 4438 3232 4510 πλάσματα
3264 4433 3423 4501 εἶναι,
3456 4438 3549 4491 καὶ

1881 4532 2132 4604 τύραννοι
2160 4530 2252 4583 καί
2284 4528 2521 4599 βασιλεῖς
2552 4528 2645 4581 καὶ
2677 4527 2851 4595 λόγων
2890 4526 3093 4597 ἄμαχοι
3138 4526 3408 4596 σοφισταὶ,
3448 4525 3550 4596 ἤδη

1882 4620 1938 4673 δὲ
1976 4620 2072 4673 καὶ⁹
2112 4618 2391 4688 φιλόσοφοι
2434 4617 2529 4669 καὶ
2565 4615 2763 4686 γόητες
2816 4614 2910 4668 καὶ
2944 4612 3106 4685 μάγοι
3159 4614 3253 4667 καὶ
3298 4613 3552 4683 δαίμονες

1884 4708 2131 4762 καθελεῖν
2165 4703 2539 4769 ἐσπούδασαν,
2589 4703 2698 4757 Καὶ
2745 4702 3162 4769 ἐξησθένησεν
3207 4701 3301 4754 ἐπ’
3328 4700 3551 4767 αὐτοὺς

1884 4798 1922 4864 ὴ
1970 4795 2223 4865 γλῶσσα
2267 4791 2498 4854 ααὺτῶκ,
2533 4789 2671 4844 κατά
2701 4790 2793 4844 τὸν
2841 4788 3178 4861 προφητικὸν
3231 4788 3407 4856 λόγον,
3459 4788 3552 4841 καὶ

1883 4882 2039 4951 Βέλη
2065 4885 2091 4924 ⁸
2116 4881 2348 4950 νηπίων
2366 4878 2744 4949 ἐγενήθησαν
2770 4878 2831 4931 αἱ
2864 4877 3089 4945 πληγαὶ
3117 4875 3332 4931 αὐτῶν.
3356 4876 3419 4929 Ol
3452 4874 3552 4945 μὲν

1885 4972 1992 5043 γὰρ
2019 4971 2256 5042 βασιλεῖς
2277 4968 2527 5023 τοσοῦτον
2559 4966 2858 5040 ἐκέρδαναν
2877 4966 2941 5018 ἐκ
2964 4966 3079 5047 τῆς1
3096 4964 3215 5017 καθ’
3239 4964 3399 5034 ἡμῶν
3432 4965 3551 5016 ἐπι-

1884 5060 2102 5129 ϐουλῆς,
2137 5059 2259 5112 ὅσον
2290 5055 2581 5129 θηριωδίας
2610 5052 2764 5118 δόξαν
2795 5053 2946 5126 παρὰ
2975 5054 3140 5106 πᾶσιν
3163 5050 3346 5104 λαϐεῖν
3370 5050 3419 5105 ιι.
3453 5050 3551 5104 Διὰ

1882 5151 1993 5221 γὰρ
2023 5149 2113 5201 τὸν
2144 5146 2285 5200 κατά
2319 5145 2428 5197 τῶν
2461 5141 2754 5214 μαρτύρων
2786 5141 2955 5211 θυμὸν
2988 5143 3070 5202 εἰς
3104 5139 3204 5207 τὴν
3238 5138 3340 5206 τῆς
3366 5136 3550 5206 κοινῆς

1884 5238 2097 5306 φύσεως
2126 5232 2493 5303 ἐξενεχθέντες
2515 5231 2802 5299 ἀπήνειαν,
2835 5227 3049 5299 μυρίοις
3081 5225 3306 5287 ἐαυτοὺς
3331 5224 3392 5276 οὐ
3424 5240 3548 5275 συν-

1882 5324 2018 5377 εἶδον
2050 5320 2430 5392 περιϐαλόντες
2467 5318 2745 5371 ὀνείδεσιν.
2771 5318 2834 5370 Οἱ
2871 5317 2927 5370 δὲ
2955 5315 3233 5384 φιλόσοφοι
3261 5311 3355 5365 καλ⁸
3387 5311 3549 5364 δεινοί

1884 5413 2112 5482 ῥήτορες
2137 5408 2293 5472 δόξαν
2324 5405 2545 5476 πολλὴν,
2579 5407 2629 5458 οἰ
2673 5405 2769 5475 μὲν
2796 5405 2889 5458 ἐπὶ
2932 5403 3243 5473 σεμνότητι,
3281 5401 3329 5453 οί
3370 5398 3426 5451 δέ
3458 5400 3550 5453 ἐπὶ

1881 5498 2056 5567 λόγων
2097 5495 2329 5565 δυνάμει
2378 5494 2532 5565 παρά
2585 5495 2697 5555 τοῖς
2725 5492 2942 5555 πολλοῖς
2984 5491 3217 5562 ἔχοντες,
3262 5486 3401 5558 μετὰ
3452 5485 3551 5557 τὴν

1884 5582 2019 5652 πρὸς
2049 5581 2197 5651 ἡμᾶς
2241 5577 2421 5649 μάχην
2457 5578 2850 5646 καταγέλαστοι
2885 5576 3161 5643 γεγόνασι,
3207 5573 3304 5627 καὶ
3346 5570 3551 5623 παίδων

1883 5667 2190 5739 ληρούντων
2218 5665 2403 5728 ἁπλῶς
2423 5665 2574 5720 οὐδὲν
2595 5663 2868 5733 διαφέρειν
2890 5652 3093 5726 ἔδοξαν.
3113 5661 3244 5714 Ἀπὸ
3255 5660 3364 5731 γὰρ
3384 5656 3551 5711 ἐθνῶν

1951 5768 1971 5808 ἶ
1998 5770 2093 5819 Alii
2118 5768 2268 5825 οὗτος.

1947 5835 1971 5872 Β
1995 5834 2092 5880 Alii
2115 5833 2195 5878 καὶ
2220 5832 2371 5892 βέλος.

1907 5893 1976 6004 ϐυ
2114 5906 2201 5942 nos
2220 5883 2255 5941 ἰι
2284 5891 2485 5950 Savilio,
2511 5890 2792 5951 postulante
2817 5899 2987 5938 sensu.
3021 5884 3221 5937 Edilum
3261 5885 3419 5935 fuerat
3443 5883 3552 5931 ἔλαια

1942 5973 1985 6003 Τί
2035 5966 2146 6004 «ου’.

1886 5998 1889 6007 ρ
1907 5966 1985 6004 6T4
2016 5966 2146 6005 ιιυιτ.
