3876 6286
339 425 446 484 557

341 543 438 598 καὶ⁵
464 542 654 613 δήμων
701 541 970 596 τοσιύτων
1001 539 1062 592 οὐ
1117 536 1277 606 σοφόν
1321 551 1464 598 τινα,
1503 531 1604 585 οὑκ
1643 531 1866 600 ἄσοφον,
1911 527 2013 580 οὐκ

340 630 535 702 ἄνδρα,
561 631 622 683 ού
656 631 909 698 γυναῖκα,
935 627 1048 680 ἀλλ’
1077 625 1196 678 οὐδὲ
1221 623 1429 676 παιδίον
1462 619 1654 692 μικρὸν
1688 617 2014 702 μεταπεῖσαι

344 717 592 786 ἴσχυσαν,
622 715 755 770 ἀλλά
796 713 1050 776 τοσοῦτός
1085 714 1198 766 ἐστι
1226 709 1336 762 τῶν
1365 708 1454 760 ὑπ’
1483 706 1663 760 αὐτῶν
1692 701 2014 775 γεγραμμέ-

347 821 453 858 νων
475 806 504 857 0
527 805 717 872 γέλως,
743 801 883 854 ὥστε
906 798 1270 870 ἀφανισθῆναι
1300 796 1395 849 καὶ
1418 795 1485 848 τά
1511 793 1687 864 βιϐλία
1711 792 1897 850 πάλαι,
1921 788 2015 842 καὶ

345 891 462 961 ἅμα
488 890 564 959 τῷ
593 887 897 958 δειχθῆναι,
934 886 1026 939 καὶ
1057 883 1354 938 ἀπολέσθαι
1385 881 1454 934 τὰ
1498 879 1687 934 πολλά.
1726 879 1789 931 Εἰ
1825 875 1881 930 δέ
1911 873 2014 928 πού

345 995 396 1031 τι
423 977 518 1031 καὶ
555 974 804 1046 εὑρεθείη
839 972 1122 1034 διασωθέν,
1166 969 1317 1041 παρά
1348 969 1690 1039 Χριστιανοῖς
1722 963 1878 1018 τοῦτο
1905 979 2013 1015 σω-

347 1062 574 1134 ζόμενον
607 1061 758 1134 εὖροι
787 1079 871 1128 τις
911 1061 976 1114 ἀν
1000 1076 1015 1090 ο
1045 1058 1299 1112 τοσοῦτον
1338 1056 1614 1126 ἀπέχομεν
1656 1052 1858 1124 βλάϐην
1893 1047 2018 1104 τινὰ

349 1149 500 1219 παρά
535 1151 633 1221 τῆς
679 1151 903 1202 ἐκείνων
955 1143 1281 1200 ὑποπτεύειν
1314 1141 1632 1212 ἐπιϐουλῆς’
1670 1137 1812 1193 οὕτω
1853 1153 2018 1190 κατα-

347 1237 594 1309 γελῶμεν
628 1236 726 1307 τῆς
781 1233 980 1304 πολλῆς
1026 1232 1134 1286 τῶν
1178 1228 1589 1302 μηχανημάτων
1631 1225 1809 1279 αὐτῶν
1859 1240 2011 1294 περι⁹

347 1325 556 1397 εργίας.
582 1321 718 1378 Οὔτε
742 1321 851 1393 γάρ
873 1323 922 1374 εἰ
952 1320 1021 1374 τὰ
1046 1318 1275 1389 σώματα
1296 1315 1630 1386 ἀδαμάντινα
1651 1313 1744 1366 καὶ
1769 1310 2020 1381 ἄφθαρτα

346 1407 415 1482 ἢν
445 1413 611 1483 ἡμῖν,
654 1410 982 1480 σκορπίους,
1017 1406 1110 1460 καὶ
1149 1405 1335 1474 ὄφεις,
1371 1403 1463 1457 καὶ
1511 1399 1622 1473 πῦρ
1670 1402 1790 1462 ταῖς
1836 1399 2022 1468 χερσὶν

350 1499 768 1568 ἐπισφίγγοντες
818 1495 1100 1564 ἐδείσαμεν
1145 1493 1244 1558 ἂν,
1281 1491 1417 1546 ἀλλά
1463 1491 1558 1544 καλ⁵
1594 1485 2018 1568 ἐπεδειξάμεθαο

352 1559 708 1655 οὒτε-ἐπειδὴ
736 1559 834 1646 τὰς
869 1559 1046 1654 ψυχάς
1089 1582 1220 1654 ἡμῖν
1261 1581 1355 1633 καὶ
1397 1579 1496 1651 τὴν
1543 1577 1727 1630 πίστιν
1769 1559 2023 1644 τοιαύτῆν

353 1673 758 1728 κατεσκεύασεν
784 1675 811 1724 0
833 1670 1087 1741 Χριστὸς,
1110 1668 1178 1722 τά
1211 1668 1478 1740 φάρμακα
1513 1663 1623 1719 τῶν
1651 1662 1860 1735 ἐχθρῶν
1878 1661 2025 1733 έχον-

353 1780 446 1825 τες
489 1761 828 1830 δεδοίκαμεν.
864 1759 928 1811 Εί
976 1756 1085 1828 γὰρ
1125 1757 1308 1813 ἐπάνω
1348 1755 1558 1824 ὄφεων,
1593 1752 1688 1806 καὶ
1729 1750 2025 1820 σκορπίων,

355 1850 452 1903 καὶ
493 1848 674 1918 πάσης
714 1845 808 1898 τοῦ
854 1844 1105 1899 διαϐόλου
1134 1844 1233 1914 τῆς
1284 1841 1596 1915 τυραννίδος
1646 1841 1837 1894 πατεῖν
1878 1834 2026 1910 [540]

357 1937 488 2006 ἡμῖν
519 1933 898 1996 ἐπιτέτακται,
938 1929 1117 2002 πολλῷ
1156 1929 1355 2001 μᾶλλον
1387 1929 1572 1985 ἐπάνω
1603 1926 1900 1996 σκωλήκων
1936 1924 2030 1977 καὶ

357 2021 677 2091 κανθάρωνο
717 2019 971 2074 τοσοῦτον
1009 2018 1118 2090 γὰρ
1155 2017 1217 2072 τὸ
1259 2015 1422 2088 μέσον
1447 2015 1546 2086 τῆς
1589 2014 1789 2068 τούτων
1827 2010 2030 2084 βλάϐης

358 2113 493 2184 1:90;
520 2113 617 2184 τὴν
646 2113 852 2166 ἐκείνου
875 2111 970 2164 τοῦ
1001 2108 1237 2182 πονηροῦ
1261 2108 1512 2180 δαίμονος
1541 2106 1847 2177 ἐπιϐουλήν.

427 2202 498 2264 γ’.
521 2200 624 2255 Καὶ
647 2200 716 2254 τὰ
743 2201 843 2270 μέν
870 2200 1116 2271 ἡμέτερα
1136 2197 1378 2264 τοιαῦτα,
1399 2197 1469 2250 τά
1484 2197 1539 2249 δὲ
1560 2196 1824 2266 ὑμέτερα,
1842 2191 2032 2248 ἐπολέ-

363 2306 504 2360 μησε
545 2288 644 2358 μὲν
679 2289 864 2352 αὐτοῖς
893 2288 1069 2350 οὐδεὶς
1103 2285 1361 2340 οὐδέποτε
1381 2301 1396 2314 '
1425 2284 1546 2338 οὐδὲ
1581 2283 1688 2354 γὰρ
1719 2283 1877 2352 θέμις
1897 2281 2034 2352 Χρι-

362 2363 619 2439 ὅτιανοῖς,
675 2375 890 2447 ἀνάγκη
924 2375 1020 2430 καὶ
1076 2374 1167 2446 βίᾳ
1222 2372 1619 2444 καταστρέφειν
1657 2370 1756 2441 τὴν
1801 2369 2030 2439 πλάνην,

362 2462 500 2516 ἀλλά
527 2463 619 2514 καὶ
663 2461 962 2514 πειθοῖκαὶ
1007 2460 1153 2532 λόγῳ
1194 2459 1290 2512 καὶ
1327 2457 1625 2530 προσηνεία
1664 2458 1762 2526 τὴν
1793 2455 1902 2510 τῶν
1939 2456 2034 2509 ἀν-

365 2550 600 2620 θρώπων
634 2549 963 2620 ἐργάξεσθαι
992 2547 1291 2618 σωτηρίαν.
1325 2545 1487 2600 Ὅθεν
1515 2544 1692 2608 οὐδεὶς
1723 2543 1832 2598 τῶν
1852 2543 1922 2598 τά
1941 2543 2034 2598 τοῦ

363 2637 604 2709 Χριστοῦ
631 2638 973 2709 φρονούντων
999 2635 1252 2706 βασιλεὺς
1274 2634 1519 2704 δόγματα
1545 2632 1665 2687 καθ’
1693 2630 1847 2702 ὑμῶν
1870 2631 2034 2702 ἔθηκε

363 2724 610 2788 τοιαῦτα,
642 2720 731 2778 οἷα
767 2723 888 2777 καθ’
921 2723 1078 2794 ημῶν
1123 2723 1173 2776 οἱ
1213 2721 1280 2776 τὰ
1327 2720 1434 2775 τῶν
1468 2719 1737 2790 δαιμόνων
1767 2717 2035 2790 θεραπεύ-

367 2829 560 2876 σαντες
587 2823 613 2852 ι
637 2811 961 2882 ἐπενόησαν.
1007 2809 1145 2862 Ἀλλ’
1181 2809 1331 2880 ὅμως
1369 2809 1638 2879 τοσαύτης
1682 2806 2037 2861 ἀπολαύσασα

365 2895 616 2965 ἡσυχίας,
641 2894 736 2949 καὶ
767 2895 858 2948 ὑπ’
886 2892 1097 2956 οὐδενὸς
1125 2891 1478 2962 ἐνοχληθεῖσά
1506 2908 1636 2944 ποτε
1662 2891 1762 2962 τῆς
1798 2889 2038 2960 Ἐλληνι-

369 2985 472 3053 κῆς
503 2982 926 3052 δεισιδαιμονίας
957 2983 990 3053 ὴ
1036 2981 1212 3052 πλάνη
1257 2981 1350 3051 ἀφ’
1383 2980 1580 3050 ἐαυτῆς
1623 2977 1855 3050 ἐσϐέσθη
1878 3017 1892 3042 ,
1944 2979 2039 3033 καὶ

368 3073 498 3142 περὶ
523 3069 720 3142 ἑαυτὴν
748 3069 987 3135 διέπεσε,
1027 3069 1278 3139 καθάπερ
1321 3067 1430 3120 τῶν
1471 3067 1741 3136 σωμάτων
1771 3067 1842 3121 τά
1877 3083 2040 3138 τηκε-

369 3159 483 3212 δόνι
519 3157 894 3231 παραδοθέντα
921 3157 1128 3230 μακρᾷ,
1156 3156 1250 3209 καὶ
1273 3154 1497 3226 μηδενὸς
1523 3154 1662 3207 αὑτά
1689 3153 2035 3224 βλάπτοντος,

369 3247 653 3318 αὐτόματα
674 3246 978 3318 φθείρεται,
1009 3245 1105 3299 καὶ
1133 3243 1451 3298 διαλυθέντα
1476 3244 1618 3296 κατὰ
1637 3243 1828 3314 μικρὸν
1849 3243 2043 3311 ἀφανί-

371 3334 543 3400 ζεται.
579 3335 743 3387 ’Ὥστε
777 3335 829 3386 εί
852 3333 946 3386 καὶ
977 3333 1053 3403 μὴ
1073 3332 1259 3388 τέλεον
1289 3330 1318 3381 0
1347 3330 1636 3390 σατανικὸς
1661 3325 1814 3393 οὗτος
1834 3329 2040 3402 ἐξήλει-

373 3438 510 3475 πται
547 3421 720 3490 γέλως
749 3420 858 3474 ἀπὸ
889 3421 988 3490 τῆς
1020 3421 1122 3490 γῆς
1143 3460 1158 3485 ,
1201 3418 1316 3472 ἀλλ’
1353 3419 1514 3473 ίκανά
1542 3435 1608 3487 γε
1653 3417 1722 3471 τά
1755 3417 1858 3488 ήδη
1889 3419 2048 3488 γενό-

377 3527 517 3582 μενα
549 3506 926 3563 πιστώσασθαι
955 3509 1048 3562 καὶ
1091 3509 1230 3579 ὑπὲρ
1261 3507 1370 3561 τῶν
1419 3506 1722 3579 μελλόντων
1745 3506 1906 3578 ὑμᾶς.
1938 3507 2046 3560 Τοῦ

374 3598 485 3670 γὰρ
507 3597 753 3660 πλείονος
777 3595 1194 3668 καθαιρεθέντος
1219 3595 1276 3647 ἐν
1296 3594 1436 3648 οὕτω
1465 3594 1640 3665 χρόνῳ
1676 3593 1887 3665 βραχεῖ,
1919 3593 2050 3665 περὶ

375 3686 470 3740 τοῦ
512 3686 832 3757 λειπομένου
882 3685 1057 3748 οὐδεὶς
1101 3684 1468 3754 φιλονεικήσει
1508 3682 1717 3738 λοιπόν.
1758 3682 1891 3737 Οὐδὲ
1939 3683 2048 3755 γὰρ

377 3774 586 3837 πόλεως
615 3773 870 3850 ἀλούσης,
911 3776 1004 3828 καὶ
1043 3772 1240 3844 τειχῶν
1277 3770 1736 3840 κατενεχθέντων,
1779 3771 1874 3825 καὶ
1926 3771 2050 3841 βου-

376 3861 698 3935 λευτηρίων,
732 3862 826 3920 καὶ
867 3861 1130 3932 θεάτρων,
1168 3860 1262 3914 καὶ
1307 3859 1626 3929 περιπάτων
1675 3859 2048 3912 κατακαυθέν-

379 3967 508 4017 των,
547 3951 638 4009 καὶ
665 3950 773 4014 τῶν
801 3951 857 4002 ἐν
889 3949 1079 4021 ἡλικίᾳ
1113 3948 1332 4002 πάντων
1377 3945 1740 4020 ἀνῃρημένων
1779 3947 1940 4008 στοάς
1966 3963 2051 4010 τις

384 4036 508 4093 ἰδὼν
541 4035 948 4116 ἡμικαύστους,
994 4037 1089 4090 καὶ
1123 4035 1311 4089 οἰκιῶν
1364 4033 1559 4102 ὀλίγων
1619 4033 1830 4086 έστῶτα
1871 4033 2048 4105 μέρη,

384 4126 524 4199 μετά
550 4125 805 4200 γραῖδίων
835 4124 864 4166 ιι
886 4125 980 4180 καὶ
1003 4124 1230 4178 παιδίων
1260 4123 1492 4194 μικρῶν,
1519 4121 1956 4194 ἀμφισϐητήσειε
1974 4121 2053 4193 τῷ

381 4203 690 4287 νικήσαντι,
713 4215 808 4268 καὶ
847 4213 1257 4286 περιγενομένῳ
1277 4210 1372 4264 τοῦ
1403 4210 1666 4276 πλείονος,
1697 4209 1773 4274 ὡς
1801 4210 1863 4263 οὐ
1893 4210 2053 4265 δυνα-

390 4306 536 4376 μένῳ
558 4302 999 4373 κατεργάσασθαι
1029 4301 1091 4354 τὸ
1119 4298 1488 4370 περιλειφθὲν.
1526 4298 1665 4351 Ἀλλ’
1681 4299 1741 4352 ού
1772 4299 1842 4352 τά
1861 4315 1924 4368 γε
1944 4297 2054 4353 τῶν

385 4379 584 4446 ἀλιέων
615 4389 862 4452 τοιαῦτα,
903 4387 1037 4442 ἀλλὰ
1074 4387 1195 4442 καθ’
1241 4387 1478 4456 ἑκάστην
1506 4385 1656 4439 ἀνθεῖ
1687 4385 1785 4457 τὴν
1819 4386 2053 4459 ἡμέραν,

383 4481 479 4545 καὶ
501 4478 672 4532 ταῦτα
693 4478 755 4530 ού
786 4476 852 4529 δι’
877 4475 1218 4548 εὐρυχωρίας
1253 4474 1397 4536 τινὸς
1435 4474 1530 4526 καὶ
1565 4472 1802 4537 ἀνέσεως
1840 4474 1921 4536 είς
1965 4473 2058 4528 τὸν

384 4567 656 4638 ἡμέτερον
692 4564 1014 4635 είσαχθέντα
1052 4562 1188 4634 βίον,
1223 4561 1360 4615 ἀλλὰ
1382 4560 1473 4613 διὰ
1505 4560 1736 4630 θλίψεως
1761 4571 1807 4625 ο,
1837 4561 1930 4615 καὶ
1961 4579 2060 4615 πο⁶

382 4655 587 4724 λέμων,
624 4653 718 4706 καὶ
752 4651 956 4723 μάχης.
1007 4650 1068 4705 ’0
1113 4649 1210 4719 μὲν
1252 4648 1363 4718 γὰρ
1403 4647 1754 4717 Ἑλληνισμὸς
1783 4647 2058 4719 πανταχοῦ

383 4743 485 4812 τῆς
510 4740 616 4809 γῆς
665 4738 937 4802 ἐκταθεὶς,
981 4736 1078 4795 καὶ
1117 4735 1215 4802 τὰς
1258 4735 1514 4791 ἁπάντων
1543 4733 1845 4804 ἀνθρώπων
1883 4735 2060 4807 ψυχάς

386 4825 698 4898 κατασχὼν,
735 4823 908 4888 οὕτως
931 4823 1158 4896 ὕστερον
1188 4821 1329 4894 μετά
1359 4821 1454 4892 τὴν
1479 4821 1746 4891 τοσαύτην
1775 4823 1944 4896 ἰσχὺν,
1967 4823 2060 4877 καὶ

385 4917 486 4988 τὴν
523 4913 786 4974 ἐπίδοσιν,
817 4912 920 4966 01:0
945 4913 1048 4983 τῆς
1076 4911 1170 4966 τοῦ
1197 4909 1433 4984 Χριστοῦ
1465 4908 1733 4980 κατελύθη
1757 4909 2056 4981 δυνάμεως⁹

385 5001 446 5067 τὸ
473 5001 529 5065 δέ
561 5001 825 5072 κήρυγμα
855 5000 916 5054 :0
941 5001 1210 5072 ἡμέτερον
1229 4998 1290 5056 ού
1326 4997 1464 5070 μετὰ
1491 4997 1552 5054 τὸ
1579 4997 1887 5068 διαδοθῆναι
1917 5016 2056 5053 πανο

383 5088 574 5158 ταχοῦ,
600 5089 694 5142 καὶ
716 5089 904 5160 στῆναι
927 5087 1182 5160 βεϐαίως,
1213 5086 1339 5158 ἐσχε
1365 5088 1491 5150 τοὺς
1514 5086 1902 5158 πολεμοῦντας,
1919 5086 2057 5141 ἀλλά

385 5177 516 5245 πρὶν
573 5176 606 5244 ἦ
651 5175 894 5248 παγῆναι
930 5177 1028 5230 καὶ
1069 5175 1398 5246 φυτευθῆναι
1432 5176 1490 5226 ἐν
1527 5177 1646 5239 ταῖς
1688 5175 1797 5229 τῶν
1830 5175 2055 5230 ἀκουόν-

383 5280 494 5329 ⁴ζων
541 5263 763 5335 ψυχαῖς,
816 5263 877 5330 ἐξ
921 5263 1105 5319 αὐτῶν
1148 5263 1260 5318 τῶν
1311 5265 1612 5336 προοιμίων
1658 5265 1795 5334 πρὸς
1836 5265 2057 5321 ἃπασαν

386 5351 724 5420 ἠναγκάζετο
753 5351 1194 5424 παρατάττεσθαι
1220 5351 1318 5422 τὴν
1359 5353 1706 5423 οἰκουμένην,
1749 5351 1906 5420 Πρὸς
1951 5351 2059 5418 τὰς

386 5440 596 5525 ἀρχὰς.
631 5440 782 5509 πρὸς
827 5441 935 5507 τὰς
989 5439 1308 5506 ἐξουσίας,
1353 5440 1503 5507 πρὸς
1546 5439 1687 5506 τοὺς
1721 5439 2051 5508 κοσμοκρά.
2101 5437 2122 5446 “

391 5543 566 5594 ξορας
614 5527 720 5582 τοῦ
772 5529 1033 5594 σκότους
1081 5527 1188 5582 τοῦ
1240 5527 1452 5593 αἰῶνος
1502 5529 1744 5591 τούτου,
1799 5527 1948 5595 πρὸς
1986 5527 2060 5582 τὰ

388 5617 762 5683 πνευματικὰ
788 5614 900 5683 τῆς
925 5617 1219 5686 πονηρίας
1243 5633 1257 5647 ·
1285 5615 1438 5669 οὔπω
1472 5614 1584 5686 γάρ
1623 5614 1719 5668 τοῦ
1764 5615 2057 5686 σπινθῆρος

388 5701 488 5770 τῆς
525 5700 758 5764 πίστεως
809 5703 1070 5772 άφθέντος
1109 5702 1326 5769 καλῶς,
1382 5701 1618 5773 ποταμοὶ
1677 5702 1770 5758 καὶ
1831 5702 2056 5760 ἄϐυσσοι

452 5787 478 5851 _'
643 5788 985 5851 θεραπεύοντες.

636 5846 828 5926 οοῦἱςεδ
988 5850 1332 5926 καὶὶγραῖξςων,
1357 5851 1526 5905 Morel.
1543 5853 1656 5916 μέρη
1679 5851 1798 5915 μετὰ
1814 5852 2057 5919 γραῖδίων,

395 5910 657 5976 υυμειιέρῃ
678 5911 769 5976 ,κᾳῇ
784 5910 957 5976 -γραίδα
980 5910 1335 5976 μετὰπαιδίων,

456 5972 479 6001 ⁸
505 5969 604 6023 Alli
623 5971 699 6023 διὰ
723 5969 943 6042 θλίψεων.

1154 431 1212 488 S.
1251 425 1537 485 JUANNIS
1573 415 2067 479 CHRYSOSTUMI
2106 412 2422 471 ARCIHEP.
2465 407 3014 468 CONSTANTINOP.

2115 522 2380 578 π⁴ντοθιν
2405 523 2689 596 ἐπέρρεον.
2725 524 2868 576 Ἰστε
2894 523 2951 576 δὲ
2979 522 3151 594 δήπου
3179 523 3257 587 ὡς
3277 524 3380 578 οῦκ
3403 525 3556 579 εστιν
3586 526 3710 579 ἴσον
3729 526 3789 580 :0

2115 612 2326 681 μυρίοις
2369 610 2512 664 ἔτεσι
2555 609 2783 682 ῥιζωθὲν
2831 611 3146 665 ἀνασπάσαι
3188 611 3387 680 φυτὸν,
3439 601 3536 672 καὶ
3584 611 3651 665 τὸ
3697 615 3792 672 ἐπὶ

2111 699 2208 768 τῆς
2237 699 2339 769 γῆς
2369 699 2491 768 ἄρτι
2533 697 2686 750 τεθέν
2708 713 2720 726 ’
2768 697 2903 750 ἀλλά
2941 697 3034 751 καὶ
3074 697 3279 753 τούτων
3317 698 3492 764 οὕτως
3520 700 3791 772 ἐχόντων,

2115 785 2377 848 ἐπέκλυζε
2407 785 2504 855 μὲν
2534 785 2614 838 ἐτι
2659 786 2854 858 μικρὸν
2894 785 3022 838 ὄντα
3047 785 3138 839 τὸν
3178 786 3471 858 σπινθῆρα,
3513 789 3596 851 ὠς
3626 787 3792 858 ἔφην,
3847 828 3849 872 γ

2115 875 2214 970 τῆς
2249 873 2532 970 εὐσεϐείας
2563 874 2623 927 :0
2637 874 2760 970 ,τῶν
3089 875 3346 970 πέλαγος·
3382 879 3410 930 0
3526 879 3595 931 οῦ
3630 878 3795 949 μόνον
3848 891 3849 970 γ

2117 961 2216 1014 οὐκ
2247 961 2532 1016 ἐσϐέννυτο
2560 960 2761 1032 τούτῳ,
2802 961 2939 1015 ἀλλά
2976 963 3070 1016 καὶ
3116 962 3319 1034 μείζων
3361 965 3667 1036 γενόμενος
3700 969 3796 1022 καὶ

2117 1048 2468 1120 φαιδρότερος
2496 1050 2676 1103 πάντα
2700 1049 2856 1121 ἐπῄει
2883 1049 3090 1120 ταχέως
3117 1049 3168 1114 ά,
3195 1050 3266 1104 τά
3297 1051 3396 1122 μὶν
3422 1053 3536 1106 τῶν
3575 1054 3799 1126 ἐχθρῶν

2120 1135 2399 1192 καταλύων
2429 1136 2524 1192 καὶ
2553 1137 2855 1191 ἀναλίσκων
2896 1137 3130 1200 εὐκόλως
3154 1177 3170 1202 ,
3209 1140 3280 1191 τὰ
3321 1139 3378 1192 δέ
3417 1139 3528 1192 τῶν
3575 1142 3796 1197 οίκείων

2117 1221 2373 1288 ἀνιστῶν,
2396 1223 2490 1277 καὶ
2523 1223 2658 1294 πρὸς
2686 1224 2817 1293 ὕψος
2838 1223 3046 1293 ἄφατον
3069 1223 3262 1296 αἴρων,
3291 1227 3470 1280 καίτοι
3505 1226 3673 1299 [541]
3705 1230 3794 1280 άν-

2118 1308 2260 1381 δρῶν
2289 1310 2522 1364 εὐτελῶν
2558 1313 2654 1366 καλ⁵
2687 1313 2918 1383 ἀσήμων
2957 1313 3463 1384 ύπηρετησαμένων
3501 1316 3687 1386 αὐτῷ.
3730 1317 3796 1370 T0

2119 1396 2177 1450 δέ
2208 1397 2377 1451 αἴτιον
2414 1400 2515 1452 οὐκ
2540 1395 2608 1469 ἦν
2642 1399 2749 1452 τῶν
2788 1401 2984 1454 ἀλιέων
3011 1401 3240 1455 ἐκείνων
3273 1401 3398 1455 οὔτε
3436 1401 3508 1455 τά
3543 1405 3793 1473 ῥήματα,

2121 1483 2245 1538 οὔτε
2271 1484 2338 1538 τά
2362 1485 2636 1554 θαύματα,
2661 1485 2793 1540 ἀλλά
2816 1488 2914 1557 τῆς
2941 1489 3022 1551 είς
3044 1488 3243 1552 αὐτοὺς
3266 1489 3607 1562 ἐνεργούσης
3641 1491 3796 1544 δυνά-

2127 1588 2271 1643 μεως
2298 1573 2393 1625 τοῦ
2431 1574 2473 1625 Χ
2484 1573 2686 1642 ριστοῦ.
2711 1573 2833 1627 Τῶν
2861 1575 2965 1646 γάρ
2995 1575 3167 1630 ταῦτα
3196 1575 3619 1648 ἐργασαμένων,
3654 1579 3686 1631 0
3710 1578 3801 1648 μὲν

2127 1653 2196 1730 ἦν
2231 1651 2572 1730 σκηνοποιὸς,
2600 1663 2627 1714 0
2656 1661 2884 1725 Παῦλος,
2919 1664 2948 1714 0
2981 1663 3186 1734 Πέτρος
3225 1663 3282 1716 δέ
3303 1663 3487 1727 ἁλιεὺς
3507 1705 3520 1724 .
3564 1666 3669 1718 καὶ
3711 1667 3804 1720 οὐκ

2127 1745 2193 1798 ἂν
2227 1745 2400 1810 οὕτως
2437 1746 2686 1812 εὐτελέσι
2730 1749 2825 1803 καὶ
2867 1753 3145 1813 ταπεινοῖς
3196 1751 3399 1806 πλάσαι
3451 1768 3508 1805 τι
3555 1752 3803 1806 τοιοῦτον

2127 1833 2330 1905 ἐπῆλθέ
2371 1851 2538 1898 ποτε,
2571 1835 2709 1906 πλὴν
2753 1837 2801 1888 εἰ
2833 1837 3118 1908 μαίνεσθαί
3155 1854 3240 1902 τις
3277 1838 3478 1900 αὐτοὺς
3520 1840 3666 1909 φαίη
3722 1843 3806 1893 καὶ

2129 1924 2484 1994 παραπαίειν.
2509 1924 2633 1978 Ὅτι
2657 1925 2714 1980 δέ
2738 1926 2837 1978 οὐκ
2860 1925 3146 1995 ἐμαίνοντο
3169 1926 3327 1998 δῆλον
3354 1925 3414 1992 ἐξ
3439 1920 3516 1981 ὧν
3547 1929 3807 1992 εἰπόντες

2131 2011 2524 2082 κατώρθωσαν,
2553 2015 2648 2069 καὶ
2671 2014 2735 2067 ἐκ
2755 2014 2864 2068 τῶν
2894 2014 2975 2068 ἐτι
2996 2015 3092 2067 καὶ
3116 2014 3210 2068 νῦν
3231 2015 3575 2086 πειθομένων
3599 2018 3807 2081 αὐτοῖς.

2132 2102 2246 2156 Ούκ
2283 2100 2349 2158 ἂν
2383 2099 2477 2156 οῦν
2510 2119 2639 2157 ποτε
2680 2102 2906 2157 τοιαῦτα
2947 2102 3263 2172 ἐψεύσαντο,
3309 2104 3434 2158 ούδέ
3481 2105 3812 2175 ἐκόμπασαν

2130 2187 2340 2254 ἁπλῶς.
2390 2189 2499 2242 Καὶ
2530 2189 2658 2260 γὰρ,
2690 2191 2828 2262 δπερ
2860 2191 3164 2261 ἀρχόμενος
3196 2191 3355 2263 ἔφην,
3388 2194 3418 2245 ό
3459 2193 3684 2264 μέλλων
3724 2197 3808 2258 ἐξ·

2131 2277 2371 2347 απατᾷν,
2401 2276 2655 2346 ψεύδεται
2693 2279 2812 2349 μὲν,
2847 2279 3102 2348 ψεύδεται
3127 2279 3183 2332 δὲ
3215 2280 3315 2351 οὐχ
3355 2279 3527 2344 οὕτως
3559 2281 3647 2344 ὡς
3682 2284 3812 2337 πᾶσι

2132 2365 2388 2433 γενέσθαι
2414 2368 2753 2437 καταφανής.
2782 2367 2846 2419 Et
2873 2366 2982 2437 γάρ
3011 2366 3236 2421 καὶτῶν
3277 2370 3629 2440 πραγμάτων
3659 2370 3815 2422 ἐκϐε-

2133 2451 2398 2524 ϐηκότων,
2426 2455 2522 2510 καὶ
2547 2455 2820 2510 τοσούτων
2850 2456 3274 2528 μαρτυρούντων
3298 2457 3378 2528 τῷ
3402 2457 3569 2520 τέλει,
3609 2459 3731 2512 τῶν
3760 2477 3811 2512 τε

2133 2540 2193 2594 ἐν
2223 2540 2449 2606 ἐκείνοις
2466 2542 2873 2597 πιστευσάντων
2891 2547 3002 2607 τοῖς
3027 2543 3238 2615 χρόνοις
3264 2544 3358 2597 καὶ
3380 2544 3490 2598 τῶν
3516 2544 3574 2611 ἐξ
3604 2546 3812 2598 ἐκείνου

2134 2630 2412 2701 πανταχοῦ
2450 2631 2622 2687 ταῦτα
2661 2633 2917 2703 ᾀδόντων,
2970 2632 3030 2686 ού
3081 2632 3214 2704 παρ’
3255 2634 3386 2704 ἡμῖν
3440 2633 3633 2703 μόνον,
3683 2635 3812 2688 ἀλλὰ

2135 2717 2230 2772 καὶ
2254 2717 2405 2789 παρά
2437 2718 2755 2790 βαρϐάροις,
2795 2721 2889 2773 καὶ
2924 2722 3041 2784 τοῖς
3087 2721 3314 2774 ἐκείνων
3345 2721 3548 2792 μᾶλλον
3579 2722 3810 2790 ἐκτεθη-

2139 2805 2446 2876 ριωμένοις,
2481 2808 2630 2877 ὅμως
2654 2807 2762 2861 είσί
2783 2824 2929 2872 τινες
2956 2807 3098 2880 μετά
3122 2807 3362 2864 τοσαῦτα
3390 2811 3703 2882 τεκμήρια,
3728 2813 3814 2862 καὶ

2135 2893 2236 2964 τῆς
2267 2894 2595 2966 οἰκουμένης
2645 2894 2722 2959 ὼς
2767 2895 2940 2948 εἰπεῖν
2979 2897 3198 2967 ἀπάσης
3244 2897 3345 2968 τὴν
3399 2899 3740 2968 μαρτυρίαν,
3771 2901 3814 2951 οἳ

2136 2981 2477 3038 διαπιστοῦσι
2508 2986 2620 3048 τοῖς
2651 2984 3060 3056 γεγενημένοις,
3107 2987 3202 3039 καὶ
3235 2985 3420 3039 πολλοὶ
3448 2985 3629 3049 οὕτως
3688 2987 3816 3039 άϐαο

2141 3069 2407 3133 σανίστως
2450 3072 2544 3126 καὶ
2569 3070 2957 3137 ἀνεξετάστως·
2983 3073 3064 3137 τίς
3091 3072 3156 3127 ἀν
3180 3073 3331 3146 παρά
3357 3074 3654 3145 τὴνάρχὴν
3687 3075 3814 3144 μήτε

2139 3158 2443 3228 πράγματα
2491 3159 2856 3230 θεασάμενος,
2920 3162 3058 3234 μήτε
3110 3160 3419 3233 μαρτυρίας
3466 3161 3816 3224 ἀξιοπίστους

2146 3244 2350 3298 τούτων
2389 3245 2560 3315 ἔχων,
2593 3246 2795 3317 ταύτην
2828 3248 2895 3302 ἂν
2923 3247 3022 3318 τὴν
3049 3247 3234 3302 πίστιν
3276 3248 3496 3312 ἐδέξατο
3528 3250 3595 3320 τῇ
3639 3248 3814 3318 ψυχῇ;

2141 3331 2194 3385 τί
2224 3332 2281 3386 δέ
2309 3333 2446 3396 ὅλως
2493 3333 2589 3387 καὶ
2622 3335 2797 3406 ἐπῆρε
2825 3345 2849 3374 α
2877 3334 3080 3389 πλάσαι
3110 3335 3207 3389 καὶ
3245 3334 3519 3389 συνθεῖναι
3563 3353 3615 3388 τι
3653 3336 3819 3389 τοιοῦ-

2140 3437 2233 3474 τον
2265 3420 2498 3486 αύτούς;
2529 3419 2668 3475 Οὔτε
2704 3421 2814 3493 γάρ
2857 3422 3031 3492 λόγων
3081 3423 3225 3492 ίσχύῖ
3269 3422 3412 3492 (πῶς
3449 3423 3583 3494 γάρ,
3615 3417 3701 3475 ὧν
3735 3425 3819 3477 θά-

2141 3523 2299 3579 τερος
2330 3506 2455 3562 οὔτε
2480 3509 2786 3580 γράμματα
2815 3510 2954 3572 ὅλως
2987 3510 3259 3581 ἠπίστατο
3279 3511 3494 3580 ;),οῦτε
3525 3513 3821 3582 χρημάτων

2143 3595 2408 3667 ἐθάρῤουν
2440 3597 2744 3670 περιουσίᾳο
2782 3597 2878 3651 καὶ
2919 3597 3028 3670 γὰρ
3063 3597 3166 3670 τῆς
3190 3599 3498 3671 ἀναγκαίας
3534 3600 3694 3671 μόλις
3739 3601 3820 3652 εύα

2146 3683 2348 3754 πόρουν
2374 3684 2582 3756 τροφῆς
2599 3723 2615 3746 ,
2665 3683 2775 3738 ἀπὺ
2806 3685 2906 3756 τῆς
2930 3683 3039 3738 τῶν
3065 3685 3266 3756 χειρῶν
3304 3686 3503 3758 τέχνης
3523 3685 3819 3750 διαζῶντες

2146 3771 2471 3842 ἀμφότεροι.
2517 3771 2654 3825 Ἀλλ’
2701 3772 2822 3825 οὐδὲ
2877 3771 2972 3824 ἐπὶ
3019 3773 3208 3842 γένους
3247 3772 3598 3845 λαμπρότητι
3642 3774 3819 3845 παρῆν

2147 3858 2332 3922 αὐτοῖς
2357 3859 2500 3928 μέγα
2520 3861 2756 3930 φρονεῖν’
2779 3859 2874 3913 τοῦ
2901 3859 3002 3931 μὲν
3019 3859 3129 3931 γὰρ
3159 3855 3282 3913 οὐδέ
3307 3859 3400 3912 τὸν
3427 3861 3644 3932 πατέρα
3668 3863 3816 3930 ῐσμεν

2147 3945 2298 4008 ὅστις
2321 3941 2410 4017 ἦν,
2444 3945 2618 4011 οὕτως
2640 3943 2709 4018 ἦν
2737 3947 2949 4018 ἄσημος
2983 3949 3077 4002 καὶ
3104 3948 3314 4019 ἀφανής
3335 3963 3350 3978 ο
3391 3947 3486 4002 τοῦ
3517 3950 3732 4022 Πέτρου
3763 3947 3814 4002 δὲ

2148 4031 2305 4104 δῆλος
2332 4033 2428 4104 μέν
2456 4035 2604 4088 ἐστιν
2631 4035 2660 4088 0
2682 4034 2882 4107 πατὴρ,
2900 4035 3154 4089 τοσοῦτον
3171 4036 3228 4089 δὲ
3252 4036 3366 4106 ἔχει
3389 4035 3623 4108 θατέρου
3640 4038 3816 4105 πλέονι

2148 4121 2273 4175 ὅσον
2300 4122 2400 4192 τὴν
2441 4123 2815 4194 προσηγορίαν
2861 4123 3028 4178 αὐτοῦ
3069 4124 3348 4196 γνώριμον
3393 4127 3528 4195 ἡμῖν
3562 4127 3816 4196 ἐποίησαν

2150 4209 2209 4264 αἱ
2231 4209 2448 4280 Γραφαὶ
2481 4211 2663 4280 μόνον,
2691 4212 2786 4266 καὶ
2815 4211 2974 4266 τοῦτο
2995 4211 3084 4266 διὰ
3115 4213 3208 4267 τὸν
3237 4213 3370 4266 υἱόν.
3406 4213 3561 4268 Εϊδὲ
3597 4215 3692 4267 καὶ
3721 4213 3818 4284 χώ-

2158 4314 2259 4370 ραν
2281 4315 2368 4361 τις
2395 4299 2490 4352 καὶ
2511 4298 2663 4363 εθνος
2705 4298 2978 4365 ἐξετάζειν
3030 4299 3290 4370 βούλοιτο,
3333 4300 3426 4353 τδν
3471 4301 3574 4370 μὲν
3630 4303 3818 4356 Κίλικα

2156 4385 2404 4457 εὑρήσει,
2438 4385 2530 4440 τὸν
2560 4385 2616 4439 δέ
2646 4385 2853 4450 πόλεως
2884 4389 3100 4458 ἀσήμου
3123 4388 3367 4458 πολίτην,
3398 4389 3605 4459 μᾶλλον
3628 4391 3685 4442 δὲ
3711 4389 3820 4443 οὐδὲ

2156 4474 2386 4538 πόλεως,
2416 4475 2553 4529 ἀλλά
2581 4474 2772 4548 κώμης
2790 4476 2890 4546 τῆς
2923 4477 3178 4547 ἐσχάτηςο
3215 4476 3323 4530 ἀπὸ
3355 4475 3641 4547 Βηθσαϊδὰ
3684 4479 3816 4547 γάρ’

2153 4560 2255 4631 τῆς
2278 4560 2566 4625 Γαλιλαίας
2592 4562 2649 4616 δέ
2681 4564 2798 4616 ἐστι
2832 4563 3033 4634 χωρίον
3075 4563 3218 4616 οὕτω
3247 4562 3609 4633 καλούμενον,
3656 4565 3718 4629 ἐξ
3763 4562 3822 4634 ἧς

2157 4650 2188 4703 0
2217 4649 2487 4718 μακάριος
2521 4650 2727 4715 ἐκεῖνος
2763 4645 2854 4720 ἦν.
2903 4651 3013 4704 Καὶ
3053 4649 3154 4714 τάς
3199 4650 3398 4721 τέχνας
3429 4651 3490 4704 δέ
3520 4669 3612 4715 τις
3655 4654 3823 4706 αὐτῶν

2159 4737 2429 4801 ἀκούσας,
2464 4735 2654 4807 ὄψεται
2689 4739 2842 4795 οὐδὲν
2878 4737 3024 4809 μέγα
3060 4738 3292 4809 ἐχούσας
3329 4740 3422 4792 καὶ
3472 4742 3699 4810 σεμνόν·
3740 4739 3822 4793 τοῦ

2165 4825 2264 4898 μὲν
2298 4825 2406 4896 γὰρ
2433 4825 2628 4889 ἁλιέως
2652 4827 2680 4879 0
2709 4827 3033 4897 σκηνοποιδς
3061 4825 3408 4898 τιμιώτερος,
3431 4827 3542 4880 τῶν
3574 4829 3633 4882 δὲ
3661 4829 3824 4883 ἄλλων

2163 4913 2525 4985 χειροτεχνῶν
2557 4914 2958 4987 εὐτελέστερος.
2997 4915 3166 4969 Πόθεν
3212 4911 3326 4978 οῦν,
3356 4915 3478 4968 εἰπέ
3508 4933 3627 4985 μοι,
3671 4918 3824 4970 πόθεν

2157 5004 2391 5073 πρᾶγμα
2420 5001 2676 5056 τοσοῦτον
2692 5001 3085 5073 ὑποκρίνασθαι
3109 5002 3441 5074 ἐτόλμησαν;
3464 5004 3651 5068 ποίαις
3670 5007 3821 5074 ἐπαρ-

2157 5090 2342 5148 θέντες
2387 5090 2600 5155 ἐλπίσι;
2642 5090 2748 5144 τίνι
2784 5091 3186 5168 θαρρήσαντεςς
3224 5087 3332 5162 ἄρα
3359 5089 3437 5165 τῷ
3471 5090 3710 5161 καλάμῳ
3745 5093 3824 5144 καὶ

2155 5177 2235 5248 τῷ
2259 5178 2561 5250 ἀγκίστρῳ,
2590 5178 2624 5250 ἢ
2653 5179 2719 5247 τῇ
2755 5177 2922 5247 σμίλῃ
2958 5178 3052 5231 καὶ
3077 5176 3155 5247 τῷ
3182 5179 3479 5249 τρυπάνῳξ
3517 5177 3637 5232 Ούκ
3666 5177 3822 5230 ἀπελ-

2156 5266 2341 5330 θόντες
2365 5263 2678 5334 ἀπᾴγξεσθέ
2707 5281 2832 5331 που,
2869 5264 2902 5334 ἢ
2949 5266 3043 5318 καὶ
3083 5264 3558 5337 κατακρημνίσετε
3611 5266 3823 5328 ἑαυτοὺς

2155 5354 2428 5421 τοσαύτην
2458 5350 2876 5420 ὀφλισκάνοντες
2902 5352 3125 5413 ἀνοιανς

2227 5441 2289 5494 δ’.
2323 5439 2516 5510 Θῶμεν
2551 5438 2626 5502 δὲ,
2651 5441 2698 5494 εί
2726 5437 2999 5509 βούλεσθε.
3039 5437 3160 5493 καθ’
3194 5439 3340 5510 ὑμᾶς
3369 5441 3463 5494 καὶ
3493 5441 3552 5494 :0
3574 5443 3822 5496 ἀδύνατον

2153 5528 2312 5583 τοῦτο
2343 5527 2592 5597 γενέσθαι
2640 5527 2884 5588 δυνατὸν,
2937 5527 3031 5582 καὶ
3077 5526 3171 5580 τὸν
3219 5527 3320 5598 μὲν
3351 5529 3462 5581 ἀπὸ
3494 5532 3596 5598 τῆς
3645 5531 3822 5599 λίμνης

2153 5615 2442 5671 ἀνελθόντα
2485 5613 2682 5684 λέγειν,
2717 5613 2798 5668 δτι
2844 5613 2909 5668 Ἦ
2951 5612 3076 5668 σκιά
3123 5612 3217 5667 τοῦ
3265 5614 3516 5685 σώματος
3560 5615 3660 5670 τεῦ
3702 5611 3819 5686 ἐμοῦ

2217 5727 2425 5795 ᾁδηὶι.
2459 5731 2512 5776 et
2533 5740 2660 5795 unn_s
2685 5727 2814 5795 _coc_l.
2859 5726 3011 5795 πάντα
3049 5725 3184 5795 ἐπῄει
3227 5729 3427 5795 ταχέως,
3473 5727 3649 5778 Morbi.
3678 5737 3729 5779 et
3750 5729 3818 5778 ιῐιὶ

2153 5786 2306 5840 πάντα
2333 5791 2458 5852 ἔπνει
2478 5806 2586 5852 ταχ.
2614 5789 2757 5852 Prioy
2781 5786 2930 5852 lectio
2959 5793 3190 5848 praestare
3223 5786 3437 5852 γίὶἀειυτ.

2226 5855 2250 5915 9
2275 5851 2517 5915 Λὶὶἱᾷδλως
2537 5849 2702 5915 έήρε,
2725 5850 2875 5915 δεῖν.
2891 5851 3106 5915 inhtexlu
3129 5849 3278 5915 el_al_ii
3305 5852 3524 5915 63:0);11‘:
3547 5853 3710 5915 ἐπῇρε,
3730 5850 3815 5898 llo-

2161 5914 2256 6021 rell.
2283 5919 2337 5960 et
2358 5913 2508 5985 Sayil.
2535 5911 2586 5962 in
2609 5925 2759 5975 marg.
2789 5913 2910 5966 ὅλως
2933 5911 3140 5975 ἐξεπῇρε.
3169 5911 3296 5962 Infra
3317 5912 3467 5962 Savil.
3492 5915 3542 5964 in
3587 5911 3726 5963 té'xlu
3748 5929 3810 5974 κ-

2166 5990 2218 6021 γα
2253 5990 2479 6021 οοοονειν.

2166 5990 2479 6040 γαλοφρονειν.
