3884 6294
182 473 293 535 53⁸1

181 594 403 665 populis
429 593 781 666 gentibusque
832 611 935 650 non
965 597 1257 667 sapientem
1303 596 1605 666 quempiam
1625 632 1641 659 ,
1672 605 1776 647 non

183 686 563 757 tnsipientem,
593 702 697 740 non
724 687 894 743 virum
914 729 929 754 ,
959 702 1064 742 non
1095 687 1406 751 mulierem,
1435 700 1540 739 non
1584 698 1778 752 parvu-

180 776 301 834 lum
342 775 408 833 ad
437 791 587 832 suam
620 777 931 846 pertrahere
972 778 1289 833 sententiam
1331 783 1651 846 potuerunt;
1683 770 1778 829 sed

182 881 377 921 eorum
408 867 603 936 scripta
632 882 800 937 usque
840 868 976 924 adeo
1013 869 1123 923 risu
1153 868 1307 937 digna
1350 874 1495 930 sunt,
1523 874 1580 919 ut
1600 879 1662 923 ex
1690 876 1782 917 eoo

183 974 310 1015 rum
337 959 484 1016 libris
512 959 601 1014 alii
625 959 830 1029 jamdiu
863 960 1134 1029 perierint,
1161 959 1251 1013 alii
1280 958 1457 1013 statim
1496 966 1654 1024 atque
1681 954 1779 1011 visi

184 1056 317 1102 sunt
338 1050 685 1105 exoleverint.
718 1050 871 1116 Quod
909 1050 952 1104 si
993 1050 1118 1119 quid
1140 1065 1205 1105 ex
1233 1049 1299 1104 iis
1340 1047 1608 1117 supersit,
1639 1047 1780 1116 apud

184 1138 526 1195 Christianos
566 1141 767 1197 servari
812 1143 1179 1210 comperitur:
1213 1149 1414 1199 tantum
1441 1139 1593 1193 abest
1618 1147 1675 1193 ut
1714 1154 1782 1194 ex

183 1245 380 1286 eorum
405 1232 612 1289 insidiis
641 1231 822 1287 damni
862 1232 1133 1303 quidpiam
1172 1231 1323 1287 nobis
1351 1230 1643 1287 timendum
1687 1245 1779 1283 su-

182 1322 502 1392 spicemur;
547 1324 616 1378 ita
665 1323 902 1380 ridemus
950 1334 1193 1378 versutos
1232 1324 1444 1379 illorum
1499 1323 1780 1378 adversum

181 1429 293 1475 nos
317 1424 559 1472 conatus.
583 1415 766 1487 Neque
791 1416 935 1472 enim
956 1415 1001 1471 si
1020 1416 1421 1486 corporanobis
1445 1415 1781 1471 adamantina

182 1517 377 1563 essent
422 1518 476 1563 et
518 1508 977 1577 incorruptibilia,
1018 1509 1362 1579 scorpiones,
1408 1518 1684 1577 serpentes
1729 1513 1785 1561 et

92 1646 93 1651 η
182 1599 371 1667 ignem
400 1615 562 1654 manu
607 1600 870 1670 Stringere
913 1598 1358 1665 formidaremus,
1386 1614 1571 1655 verum
1602 1606 1785 1653 esten.

185 1691 343 1745 taudi
368 1706 527 1746 causa
553 1690 880 1757 faceremus;
907 1692 985 1747 sic
1010 1708 1181 1763 neque
1205 1691 1417 1762 quando
1447 1691 1600 1746 nobis
1625 1690 1783 1747 Chri-

185 1792 311 1843 stus
330 1782 591 1852 ejusmodi
613 1783 822 1840 animos
846 1794 1006 1853 atque
1030 1784 1187 1839 ﬁdem
1214 1782 1438 1854 paravit,
1456 1796 1659 1838 venena
1683 1780 1784 1834 hu-

185 1874 355 1941 stium
407 1888 571 1943 penes
617 1889 718 1929 nos
761 1874 1019 1930 habentes
1066 1874 1508 1942 pertimescimus.
1554 1872 1689 1928 Nam
1738 1873 1782 1927 si

186 1965 354 2023 nobis
388 1966 600 2037 jussum
656 1975 739 2023 est
787 1983 947 2037 supra
995 1978 1312 2037 serpentes,
1364 1968 1674 2036 scorpiones
1729 1975 1783 2021 et

190 2072 417 2124 omnem
448 2058 646 2114 diaboli
683 2059 1019 2130 tyrannidem
1056 2058 1328 2114 ambulare
1358 2057 1517 2129 (Luc.
1546 2055 1632 2111 l0.
1666 2056 1780 2125 l9),

186 2149 364 2205 multo
388 2150 556 2219 magis
577 2165 736 2219 supra
760 2165 971 2206 vermes
993 2159 1047 2205 et
1066 2150 1387 2207 lumbricos:
1414 2156 1615 2223 tantum
1641 2149 1783 2203 enim

184 2250 273 2295 est
302 2241 642 2296 intervallum
673 2241 811 2297 inter
839 2242 1050 2297 illorum
1082 2249 1461 2301 nocumentum
1488 2249 1542 2295 et
1567 2239 1782 2309 maligni

186 2328 388 2395 diaboli
412 2330 649 2386 insidias.
894 2330 899 2331 ί

258 2424 317 2492 3,
351 2423 419 2478 Et
448 2434 748 2480 nostrarum
772 2425 986 2495 quidem
1014 2441 1189 2481 rerum
1234 2426 1319 2482 illa
1355 2436 1439 2482 est
1479 2428 1614 2485 ratio
1643 2469 1661 2495 ,
1692 2444 1784 2484 vc.

186 2525 335 2578 atras
373 2524 553 2573 autem
598 2532 687 2583 res
723 2518 1048 2589 oppugnavit
1086 2534 1243 2577 nemo
1278 2535 1529 2590 umquam
1562 2539 1576 2575 :
1610 2536 1784 2591 neque

184 2607 335 2662 enim
368 2607 447 2664 fas
467 2617 551 2663 est
585 2609 901 2670 Christianis
926 2611 1243 2666 necessitate
1266 2625 1328 2668 ac
1356 2613 1603 2669 violentia
1633 2629 1786 2670 erro-

184 2715 306 2765 rem
332 2700 664 2766 subvertere,
692 2703 785 2758 sed
812 2704 1048 2767 suadela,
1074 2718 1323 2759 sermone
1347 2715 1400 2759 et
1422 2708 1783 2763 mansuetudi-

184 2809 260 2848 ne
290 2793 571 2850 hominum
597 2796 743 2855 salus
770 2795 1001 2851 curanda
1025 2807 1126 2852 est.
1153 2796 1508 2863 Quamobrem
1536 2815 1694 2856 nemo
1714 2817 1780 2858 ex

182 2885 510 2942 Christianis
546 2885 956 2955 lmperatoribus
989 2889 1108 2946 talia
1137 2896 1320 2943 contra
1349 2903 1445 2945 vos
1475 2891 1649 2959 posuit
1688 2891 1783 2947 de-

183 2985 363 3041 creta,
386 2976 562 3046 qualia
585 2985 774 3031 contra
796 2992 893 3034 nos
921 2977 954 3031 ii
976 2977 1066 3047 qui
1095 2976 1366 3033 daemones
1393 2979 1657 3035 colebant.
1681 2983 1780 3037 At-

182 3075 371 3123 tamen
395 3081 550 3121 error
577 3066 668 3123 ille
694 3067 991 3136 gentilium,
1019 3075 1218 3124 tantam
1246 3078 1608 3139 consequutus
1627 3072 1781 3141 quie-

185 3166 298 3219 tem
330 3170 385 3214 et
414 3174 447 3214 a
475 3160 688 3215 nemine
715 3162 951 3216 turbatus
981 3175 1255 3231 umquam,
1282 3177 1376 3232 per
1402 3175 1463 3218 se
1484 3173 1659 3217 tamen
1686 3178 1781 3219 ex-

182 3250 419 3307 stinctus
446 3259 527 3306 est
548 3292 565 3318 ,
586 3259 641 3307 et
677 3251 730 3307 in
760 3266 821 3307 se
861 3253 974 3322 ipse
1017 3254 1252 3321 corruit,
1296 3270 1445 3310 more
1473 3269 1778 3325 corporum,

183 3358 310 3414 qua:
339 3342 592 3398 diuturna
614 3344 734 3399 tabe
771 3342 985 3410 infecta,
1017 3344 1231 3401 nemine
1261 3345 1507 3410 laedente,
1541 3361 1635 3417 per
1661 3362 1783 3403 sese

183 3444 626 3509 corrumpuntur,
657 3445 711 3492 et
748 3436 1002 3507 paulatim
1029 3436 1284 3493 dissoluta
1322 3449 1566 3508 pereunt.
1599 3439 1780 3509 Itaque

185 3527 293 3584 etsi
332 3528 604 3583 satanicus
631 3529 731 3583 iste
759 3528 898 3584 risus
931 3544 1037 3584 non
1075 3544 1293 3599 prorsus
1323 3530 1375 3585 in
1408 3540 1549 3586 terra
1577 3531 1784 3587 deletus

183 3627 293 3684 est,
322 3627 379 3673 at
402 3634 521 3688 qua:
562 3618 672 3687 jam
699 3619 1033 3688 contigerunt
1060 3621 1190 3676 satis
1229 3630 1355 3676 sunt
1379 3622 1445 3676 ad
1482 3622 1780 3678 futurorum

184 3709 613 3772 confirmandam
660 3711 842 3766 ﬁdem.
873 3710 1007 3766 Cum
1050 3712 1192 3766 enim
1238 3714 1307 3767 ita
1350 3714 1499 3769 brevi
1542 3726 1784 3785 tempore

184 3801 423 3856 maxima
447 3816 570 3871 pars
590 3817 775 3858 eversa
797 3802 907 3872 jam
933 3802 1110 3871 fuerit,
1141 3804 1206 3858 de
1226 3806 1430 3876 reliquo
1452 3822 1609 3862 nemo
1638 3817 1784 3877 post-

186 3906 253 3957 ea
285 3893 707 3954 controversiam
731 3895 991 3949 movebit.
1020 3897 1228 3952 Etenim
1261 3899 1392 3953 urbe
1411 3908 1584 3969 capta,
1614 3901 1783 3956 muris

185 3984 401 4051 dirutis,
426 3986 712 4055 praetoriis,
737 3986 977 4053 theatris,
1006 3988 1326 4044 ambulacris
1350 3992 1572 4057 exustis,
1597 3991 1780 4046 caesis-

185 4090 297 4145 que
340 4075 590 4131 omnibus
621 4076 711 4145 qui
748 4074 933 4131 ﬂorida
960 4088 1113 4132 erant
1149 4088 1335 4146 aetate,
1368 4080 1413 4134 si
1459 4080 1578 4151 quis
1618 4083 1782 4136 semi-

187 4174 340 4233 ustas
362 4165 599 4235 porticus
621 4166 817 4232 videat,
843 4182 1133 4236 paucarum
1159 4169 1352 4225 aedium
1380 4180 1580 4226 stantes
1606 4173 1783 4229 adhuc

188 4265 395 4326 partes,
426 4272 549 4311 cum
575 4258 800 4315 aniculis
825 4268 881 4317 et
910 4261 1165 4330 puerulis,
1208 4277 1538 4333 nequaquam
1568 4265 1775 4331 victori,

185 4349 281 4429 qui
308 4364 572 4403 summam
598 4352 675 4405 rei
697 4351 948 4418 confecit,
982 4353 1236 4420 timuerit,
1261 4370 1328 4409 ne
1349 4357 1489 4424 quod
1508 4356 1778 4412 residuum

187 4453 274 4497 est
304 4445 564 4512 perlicere
593 4458 699 4498 non
731 4445 925 4500 valeat.
955 4445 1282 4501 Piscatorum
1326 4458 1501 4503 autem
1543 4463 1629 4503 res
1672 4465 1778 4504 non

188 4535 261 4589 ita
294 4549 355 4588 se
385 4532 617 4602 habent,
666 4535 760 4590 sed
788 4536 1027 4609 quotidie
1056 4539 1224 4609 magis
1249 4540 1524 4610 magisque
1550 4540 1740 4597 ﬂorent
1758 4582 1776 4612 ,

189 4641 300 4687 non
323 4640 418 4695 per
436 4637 674 4695 apertam
704 4629 972 4696 planitiem
994 4644 1058 4684 ac
1084 4632 1423 4701 perquietem
1450 4632 1515 4687 ad
1544 4643 1779 4690 nostram

188 4731 362 4785 usque
398 4725 609 4771 nitatem
644 4717 920 4786 deductae,
952 4719 1047 4776 sed
1075 4735 1171 4791 per
1203 4737 1504 4789 (erumnas,
1546 4724 1683 4779 bella
1727 4733 1783 4780 et

187 4807 396 4878 prmiia.
428 4806 708 4863 Gentilitas
731 4809 930 4880 quippe
958 4825 1079 4866 cum
1104 4812 1298 4883 ubique
1319 4822 1577 4869 terrarum
1604 4817 1781 4885 prola-

188 4907 242 4953 ta
269 4898 512 4954 omnium
549 4900 760 4957 animos
785 4911 1121 4972 occupasset,
1152 4905 1222 4959 ita
1247 4904 1483 4972 demum,
1517 4917 1637 4977 post
1664 4916 1782 4964 tan-

190 5001 305 5046 tum
332 4991 496 5046 robur
518 5003 679 5063 atque
714 4993 1103 5063 incrementum
1121 5041 1136 5065 ,
1180 5013 1210 5052 a
1237 4997 1435 5063 Christi
1465 5000 1659 5057 virtute
1690 5018 1780 5057 δο-

188 5080 300 5145 luta
321 5089 406 5137 est
424 5099 437 5148 ;
462 5083 770 5152 prardicatio
790 5094 969 5143 autem
998 5098 1177 5147 nostra
1203 5106 1308 5144 non
1332 5100 1456 5149 tunc
1476 5091 1658 5157 hostes
1683 5094 1781 5148 ha-

189 5170 321 5226 bere
342 5174 526 5244 caapit,
546 5189 668 5229 cum
689 5176 883 5247 ubique
912 5192 1196 5250 propagata
1222 5181 1447 5237 ﬁrmiter
1474 5190 1661 5251 staret,
1686 5187 1780 5239 sed

191 5264 501 5335 priusquam
529 5266 582 5321 in
610 5268 914 5325 auditorum
944 5273 1136 5328 animis
1166 5273 1485 5344 deligeretur
1513 5285 1566 5336 et
1594 5275 1783 5331 fnnda-
1817 5260 1857 5275 ”

191 5365 362 5419 retur,
392 5355 459 5409 ab
483 5357 599 5427 ipso
627 5359 704 5413 rei
727 5358 1041 5430 primordio,
1066 5373 1249 5419 contra
1279 5366 1586 5422 universum
1614 5377 1782 5421 terra-

188 5460 307 5504 rum
339 5446 525 5502 orbem
548 5451 716 5504 aciem
748 5451 1011 5509 instruere
1030 5455 1338 5525 cogebatur,
1372 5457 1557 5512 Contra
1592 5460 1782 5527 princi-

190 5548 341 5606 patus
361 5548 409 5591 et
440 5549 730 5608 potestates,
752 5552 800 5596 et
825 5554 1043 5600 rectores
1063 5546 1381 5602 tenebrarum
1401 5552 1574 5604 διεσαιί
1603 5553 1777 5622 hujus,

188 5630 429 5688 adversus
445 5633 735 5701 spiritantia
758 5638 990 5706 nequitia
1013 5636 1233 5708 (Ep/tes.
1256 5639 1309 5694 6.
1340 5640 1431 5711 12)
1452 5658 1465 5693 :
1489 5658 1610 5696 cum
1635 5644 1777 5697 enim

190 5718 421 5782 scintilla
463 5721 585 5778 lidei
616 5724 850 5780 nondum
889 5726 1025 5782 bene
1063 5742 1287 5784 accensa
1321 5739 1495 5798 esset,
1539 5740 1649 5787 tum
1681 5732 1751 5788 l'lu

192 5808 331 5866 tuina
378 5820 434 5865 et
471 5812 652 5883 abyssi
681 5814 913 5884 undique
942 5816 1252 5873 inﬂuebant.
1286 5818 1444 5875 Scitis
1472 5837 1631 5890 porro
1671 5838 1776 5878 non

192 5902 410 5978 perinde
448 5918 569 5960 esse
601 5903 832 5975 plantam
860 5907 929 5964 ab
967 5908 1440 5970 innumerabilibus
1466 5912 1574 5982 jam
1618 5918 1768 5983 annis

938 482 1024 539 DE
1062 484 1119 539 S.
1165 482 1464 548 BABYLA,
1502 478 1779 537 CONTRA
1815 473 2155 536 JULIANUM
2196 480 2285 536 ET
2323 480 2680 539 CENTILES.

3352 470 3458 528 538

1889 591 2097 649 radices
2117 603 2357 665 agentem
2384 596 2633 662 evellere,
2659 604 2819 666 atque
2839 610 2956 651 eam
2981 608 3100 665 qua:
3122 610 3290 666 nuper
3309 595 3467 652 insita

1886 685 2064 740 fuerit.
2111 687 2217 742 Sed
2264 688 2315 742 in
2355 704 2421 744 eo
2461 690 2536 743 rei
2564 699 2703 743 statu
2735 688 2942 758 pietatis
2982 689 3266 743 scintillam
3294 688 3468 744 adYotc

1888 777 2171 843 modicam,
2207 789 2263 833 ut
2290 779 2423 844 dixi,
2466 780 2744 837 inundavit
2765 780 3193 834 adversariorum
3228 781 3464 850 pelagus,

1887 884 2006 939 quae
2054 879 2229 924 tamen
2285 870 2477 926 nedutn
2524 872 2975 942 exstingueretur;
3020 871 3190 939 major
3218 872 3377 927 etiam
3406 885 3469 924 ac

1888 959 2220 1028 splendidior
2250 960 2438 1016 effecta
2460 1003 2475 1025 ,
2509 962 2685 1016 omnia
2726 962 2830 1016 cito
2862 962 3217 1031 pervadebat,
3250 978 3337 1017 res
3378 958 3471 1015 ad-

1886 1051 2240 1104 versariorum
2292 1050 2444 1106 facile
2490 1051 2779 1107 devastatus
2817 1068 2881 1107 ac
2925 1067 3265 1117 consumens,
3319 1067 3467 1105 suam

1888 1155 2017 1195 vero
2038 1156 2149 1195 rem
2174 1142 2382 1212 erigens
2408 1153 2566 1211 atque
2594 1143 2647 1197 in
2678 1143 2990 1198 immensam
3020 1143 3212 1198 tollens
3238 1142 3472 1195 :tltiltttliv

1887 1245 2032 1297 nem,
2070 1235 2278 1290 etiamsi
2306 1233 2403 1287 viri
2445 1243 2632 1288 tenues
2660 1242 2819 1305 atque
2848 1235 3058 1290 obscuri
3094 1250 3211 1290 eam
3241 1235 3471 1291 admini-

1888 1332 2139 1381 strarenl.

1971 1413 2094 1471 Vilis
2122 1416 2421 1470 conditionis
2457 1417 2684 1471 homines
2722 1434 2828 1470 rem
2853 1416 3191 1473 Christianam
3219 1436 3472 1490 propuga-
3508 1464 3511 1467 η

1888 1521 2024 1565 runt.
2051 1512 2257 1567 -—Nec
2301 1513 2353 1567 in
2395 1526 2555 1567 causa
2610 1523 2763 1566 erant
2808 1512 3126 1582 piscatorum
3170 1512 3469 1583 hujusmodi

1888 1603 2051 1658 verba
2091 1601 2174 1656 vel
2214 1602 2504 1667 miracula,
2545 1602 2640 1658 sed
2665 1602 2861 1658 Christi
2887 1603 3055 1657 virtus
3097 1602 3149 1657 in
3179 1603 3306 1671 ipsis
3335 1618 3468 1672 ope-

1888 1708 2033 1752 rans.
2066 1695 2145 1752 Ex
2176 1694 2280 1750 illis
2308 1694 2474 1759 cnim,
2507 1695 2597 1765 qui
2628 1695 2748 1749 talia
2776 1694 3072 1763 patrabant,
3110 1694 3246 1749 alter
3278 1693 3473 1751 Paulus

1889 1792 2023 1851 erat,
2057 1784 2406 1840 tentoriorum
2446 1785 2666 1851 artifex;
2694 1786 2828 1840 alter
2856 1786 3046 1841 Petrus
3075 1786 3305 1856 piscator
3332 1802 3345 1837 :
3380 1800 3475 1840 ne-

1889 1893 1991 1947 que
2017 1886 2123 1932 tam
2154 1878 2398 1933 tenuibus
2425 1877 2729 1934 hominibus
2753 1879 2806 1933 in
2835 1890 3066 1934 mentem
3098 1880 3333 1935 venisset
3357 1895 3475 1932 um-

1889 1983 2047 2037 quam
2077 1983 2194 2023 rem
2226 1968 2384 2023 talem
2427 1969 2752 2039 confingere,
2794 1968 2897 2023 nisi
2919 1970 3036 2039 quis
3064 1985 3158 2024 eos
3192 1968 3474 2024 insaniisse

1889 2069 1943 2115 et
1966 2069 2144 2117 mente
2164 2073 2348 2132 captos
2378 2063 2543 2119 fuisse
2565 2063 2726 2120 dicat.
2755 2064 2907 2132 Quod
2934 2074 3109 2119 autem
3141 2080 3247 2118 non
3275 2064 3470 2118 insani-

1888 2161 2037 2218 rent,
2071 2154 2242 2223 palam
2270 2163 2354 2210 est.
2380 2164 2491 2210 tum
2521 2171 2585 2210 ex
2614 2157 2696 2220 iis,
2741 2172 2860 2229 qua:
2901 2170 3149 2210 sermone
3179 2155 3474 2224 perfecero,

1888 2250 1999 2297 turn
2021 2258 2086 2299 ex
2112 2244 2197 2313 iis,
2220 2246 2308 2316 qui
2334 2246 2623 2301 etiamnum
2646 2246 2749 2301 illis
2768 2247 3156 2316 obtemperant.
3176 2246 3471 2316 Numquam

1888 2337 2045 2408 igitur
2072 2339 2191 2394 talia
2222 2339 2294 2393 illi
2322 2341 2563 2395 ementiti
2591 2329 2831 2407 fuissent,
2860 2341 2940 2395 vel
2967 2339 3299 2410 gloriabundi
3317 2340 3474 2410 jacti~

1889 2434 2109 2483 tassent.
2137 2429 2344 2483 Etenim
2362 2470 2378 2496 ,
2406 2439 2462 2485 ut
2486 2431 2745 2501 principio
2786 2430 3025 2485 dicebam
3045 2472 3059 2496 ,
3090 2431 3184 2500 qui
3224 2430 3474 2500 decipere

1887 2520 1996 2577 vnit
2018 2561 2034 2585 ,
2079 2521 2335 2577 mentitur
2377 2523 2592 2593 quidem
2613 2566 2627 2590 ,
2659 2523 2753 2578 sed
2785 2539 2888 2577 non
2921 2523 2991 2578 ita
3028 2523 3299 2589 mentitur,
3324 2531 3381 2576 ut
3403 2522 3473 2578 ab

1886 2611 2135 2667 omnibus
2173 2611 2503 2683 deprehendi
2548 2614 2733 2683 possit.
2764 2614 2897 2669 Nam
2942 2615 3009 2678 si,
3058 2623 3336 2684 postquam
3382 2627 3473 2675 res

1885 2705 2222 2774 contigerunt
2257 2712 2311 2763 et
2338 2712 2443 2759 tam
2489 2705 2642 2759 multi
2685 2720 2867 2760 earum
2912 2714 3160 2760 eventum
3209 2704 3472 2761 testificati

1885 2803 2038 2861 sunt,
2072 2803 2183 2855 tum
2221 2811 2289 2849 ex
2332 2795 2398 2849 iis
2419 2835 2437 2863 ,
2468 2795 2559 2865 qui
2590 2796 2693 2851 illis
2726 2796 3055 2865 temporibus
3083 2796 3423 2850 crediderunt
3454 2836 3470 2862 ,

1887 2893 1997 2945 tum
2046 2899 2115 2943 ex
2164 2884 2263 2949 iis,
2312 2887 2401 2956 qui
2449 2895 2634 2957 postea
2690 2887 2805 2943 haec
2855 2887 3049 2957 ubique
3098 2885 3469 2955 celebrarunt,

1885 2990 1985 3032 nec
2007 2974 2147 3045 apud
2173 2991 2272 3032 nos
2296 2985 2523 3043 tantum,
2551 2978 2645 3032 sed
2674 2976 2813 3047 apud
2841 2977 3116 3043 barbaros,
3141 2986 3194 3032 et
3214 2978 3351 3048 apud
3377 2993 3471 3034 eos

1884 3066 1976 3138 qui
2006 3066 2134 3138 ipsis
2161 3068 2405 3123 barbaris
2429 3069 2764 3125 elJ‘eratiores
2802 3080 2944 3133 sunt,
2976 3078 3263 3138 supersunt
3292 3079 3468 3124 tamen

1883 3159 2098 3229 quidam
2119 3200 2133 3227 ,
2164 3159 2256 3231 qui
2294 3170 2414 3230 post
2459 3170 2536 3216 tot
2564 3163 2747 3232 signa,
2779 3169 2828 3215 et
2862 3162 3044 3232 totius,
3076 3167 3134 3213 ut
3156 3160 3227 3215 ita
3255 3160 3428 3215 dicam
3452 3200 3471 3227 ,

1884 3252 2028 3308 orbis
2055 3254 2436 3320 testimonium,
2463 3253 2625 3309 rebus
2648 3254 2811 3325 gestis
2833 3268 2936 3308 non
2953 3258 3203 3319 credunt,
3224 3267 3288 3308 ac
3315 3253 3471 3309 multi

1887 3345 2034 3401 nullo
2059 3345 2303 3403 examine
2324 3386 2340 3412 ,
2392 3345 2535 3417 nulla
2581 3345 2961 3417 perquisitione
3002 3345 3277 3417 praemissa
3307 3362 3322 3399 :
3353 3344 3475 3415 quis

1884 3436 1952 3490 ah
1977 3436 2164 3505 initio,
2210 3437 2370 3491 nullis
2398 3438 2693 3508 perspectis
2738 3437 2933 3504 rebus,
2980 3437 3126 3492 nullo
3165 3436 3270 3492 ﬁde
3312 3436 3473 3506 digno

1887 3528 2191 3585 testimonio
2234 3528 2489 3593 munitus,
2547 3527 2686 3583 hanc
2736 3526 2895 3581 ﬁdem
2940 3527 3119 3582 animo
3163 3526 3474 3596 exceperit?

1884 3619 2012 3690 quid
2052 3619 2262 3680 tandem
2292 3620 2411 3676 illos
2440 3619 2709 3675 induxerit
2735 3619 2801 3673 ad
2834 3619 2938 3674 tale
2972 3618 3241 3689 quidpiam
3266 3617 3472 3687 tingen-

1885 3711 2012 3765 dum
2038 3720 2091 3766 et
2119 3710 2668 3767 comminiscendum?
2695 3710 2878 3782 Neque
2903 3713 3044 3766 enim
3084 3710 3297 3765 dicendi
3325 3711 3375 3764 vi
3409 3709 3469 3762 fi-

1886 3800 2121 3867 debant;
2149 3801 2259 3872 (qui
2289 3804 2431 3856 enim
2458 3801 2508 3857 id
2532 3801 2647 3857 ﬁeri
2679 3801 2865 3872 possit,
2888 3816 3009 3857 cum
3033 3802 3173 3855 alter
3187 3815 3255 3855 ne
3294 3801 3474 3857 literas

1884 3894 2098 3965 quidem
2127 3894 2382 3965 nosset?)
2411 3910 2584 3965 neque
2613 3894 2915 3949 divitiarum
2942 3893 3131 3963 copim,
3160 3892 3352 3962 quibus
3379 3892 3475 3946 ali-

1884 3994 2066 4042 menta
2095 3986 2391 4041 necessaria
2417 3986 2504 4041 vix
2538 3994 2882 4055 suppeterent
2902 4025 2919 4050 ,
2944 3994 2999 4039 et
3027 3984 3116 4053 qui
3144 3984 3335 4037 diurno
3358 3982 3476 4051 epi-

1885 4078 2006 4132 ﬁcio
2026 4077 2362 4143 victitarent;
2395 4092 2567 4148 neque
2592 4076 2659 4132 de
2707 4076 2920 4146 generis
2945 4074 3229 4145 splendore
3257 4074 3474 4144 gloriari

1886 4178 2131 4240 poterant
2162 4186 2178 4223 :
2207 4168 2428 4224 alterius
2456 4168 2597 4223 enim
2626 4183 2693 4221 ne
2720 4176 2920 4236 patrem
2948 4166 3161 4236 quidem
3192 4166 3471 4230 novimus,

1887 4262 1958 4316 ita
1983 4270 2097 4317 erat
2116 4261 2378 4318 obscurus
2406 4270 2564 4329 atque
2591 4259 2838 4331 ignotus;
2866 4259 3007 4315 Petri
3030 4273 3158 4314 vero
3178 4250 3329 4329 pater
3352 4257 3472 4328 qni-

1884 4351 2006 4407 dem
2037 4361 2196 4406 notus
2222 4360 2335 4418 est,
2363 4350 2457 4407 sed
2497 4350 2550 4405 id
2590 4359 2793 4406 tantum
2832 4350 3060 4420 amplius
3096 4348 3277 4413 habet,
3309 4362 3469 4418 quam

1884 4444 2042 4510 alter,
2072 4441 2215 4513 quod
2245 4443 2412 4497 solam
2456 4441 2622 4512 patris
2656 4440 3066 4511 appellationem
3086 4480 3103 4505 ,
3142 4438 3303 4509 idque
3347 4452 3473 4508 pro-

1884 4544 2003 4605 pter
2028 4532 2215 4600 ﬁlium,
2245 4532 2518 4604 Scriptura
2543 4539 2946 4587 commemoret.
2970 4530 3025 4586 Si
3053 4530 3324 4600 regionem
3348 4527 3469 4598 quis

1885 4637 1937 4682 et
1960 4636 2171 4696 gentem
2188 4625 2466 4696 explorare
2488 4625 2633 4691 velit,
2656 4624 2820 4679 alium
2841 4621 3058 4678 Cilicem
3082 4620 3470 4693 deprehendet,

1884 4718 2047 4772 alium
2071 4717 2313 4787 ignobilis
2342 4718 2487 4773 urbis
2513 4717 2684 4772 civem
2709 4734 2725 4785 ;
2750 4717 2857 4770 imo
2879 4731 3005 4771 vero
3029 4730 3135 4771 non
3167 4715 3312 4772 urbis
3332 4756 3347 4784 ,
3373 4715 3472 4774 sed

1885 4808 1986 4863 vici
2016 4806 2181 4864 infimi
2206 4806 2438 4863 incolam
2467 4825 2481 4862 :
2520 4805 2821 4862 Bethsaida:
2863 4806 3036 4872 enim,
3064 4804 3166 4863 vici
3196 4819 3388 4874 nempe
3418 4804 3472 4871 in

1883 4900 2101 4958 Galilaaa
2130 4901 2209 4955 sic
2232 4900 2440 4966 vocati,
2481 4899 2669 4955 beatus
2698 4899 2787 4955 ille
2816 4902 2895 4953 vir
2941 4898 3112 4954 incola
3150 4908 3285 4953 erat.
3316 4899 3474 4952 Artes

1884 5008 2013 5048 vero
2036 5006 2224 5049 eorum
2251 4992 2296 5046 si
2321 4991 2439 5061 quis
2467 4991 2665 5058 audiat,
2691 4989 2822 5045 nihil
2857 5004 3105 5060 magnum
3134 4990 3222 5045 vel
3242 4988 3473 5042 honora-t-

1886 5088 1992 5142 bile
2019 5084 2313 5155 cutnperiet
2342 5100 2357 5141 :
2391 5100 2512 5139 nam
2542 5084 2806 5154 piscatore
2830 5082 3046 5153 quidem
3093 5081 3367 5134 honestior
3387 5087 3472 5136 est

1884 5178 2239 5233 tentoriorum
2260 5175 2485 5241 artifex;
2514 5175 2725 5231 exteris
2749 5185 2927 5229 autem
2973 5171 3265 5228 artiﬁcibus
3291 5170 3466 5227 vilior.

1885 5270 2197 5338 Undenam,
2242 5283 2460 5345 quaeso,
2495 5268 2633 5324 unde
2676 5284 2788 5325 rem
2831 5277 3028 5323 tantam
3060 5264 3312 5320 simulare
3351 5264 3468 5333 ausi

1885 5360 2148 5415 fuissent?
2178 5376 2281 5430 qua
2323 5375 2420 5430 spe
2459 5360 2628 5417 elati?
2657 5361 2742 5415 cui
2773 5359 3034 5417 fidentes?
3080 5372 3146 5412 an
3177 5357 3383 5411 calamo
3412 5366 3469 5415 et

1885 5453 2083 5507 hamo?
2120 5468 2186 5506 an
2211 5452 2383 5506 cultro
2409 5461 2463 5506 et
2488 5450 2753 5507 terebrat?
2785 5450 3042 5508 Homines
3063 5446 3258 5511 insani,
3284 5462 3467 5513 annon

1884 5543 2233 5599 abscedentes
2258 5558 2353 5597 vos
2376 5542 2795 5613 strangulabitis,
2822 5550 2911 5596 aut
2931 5537 3231 5611 prmcipites
3248 5537 3467 5593 dabitis!

1954 5636 2008 5689 4.
2047 5633 2332 5703 Fingamus
2358 5642 2533 5689 autem
2560 5674 2574 5700 ,
2604 5632 2647 5688 si
2677 5632 2890 5701 placet,
2922 5644 3034 5685 rem
3062 5644 3181 5699 qua:
3213 5628 3325 5682 ﬁeri
3361 5643 3461 5683 ne-

1883 5738 2039 5800 queat
2066 5769 2082 5795 ,
2111 5728 2223 5782 ﬁeri
2250 5741 2433 5783 revera
2466 5740 2621 5796 posse
2646 5767 2661 5791 ,
2691 5733 2887 5779 etcum
2916 5722 3004 5793 qui
3029 5735 3061 5777 e
3088 5730 3275 5792 stagno
3304 5720 3465 5790 prod.

1885 5823 1944 5877 iit
1987 5821 2167 5876 dicere
2196 5838 2208 5874 :
2239 5819 2436 5875 Umbra
2481 5818 2723 5887 corporis
2749 5818 2851 5872 mei
2883 5824 3124 5871 mortuos
3148 5813 3463 5879 suscitavit;

1886 5929 2006 5969 eum
2054 5924 2181 5967 vero
2227 5911 2313 5983 qui
2361 5925 2424 5966 ex
2478 5908 2819 5979 pelliceorum
2863 5904 3214 5980 tentoriorum
3256 5901 3467 5967 ofﬁcina
