3876 6286
477 478 581 536 539

478 595 607 649 exiit
635 633 652 661 ,
684 594 825 664 paria
859 593 925 649 de
950 592 1277 648 vestimentis
1300 592 1410 646 suis
1432 589 1676 660 jactitare
1707 606 1720 643 :
1752 587 1869 656 quis
1908 582 2058 639 audi-

478 695 654 740 torum
682 701 849 755 usque
887 686 1020 739 adeo
1059 692 1237 739 mente
1271 691 1456 752 captus
1500 689 1652 741 erat.
1692 691 1751 734 ut
1791 679 1930 733 circa
1972 690 2058 731 res

474 785 650 832 tantas
691 777 847 832 nudis
876 777 1050 831 verbis
1094 776 1251 830 ﬁdem
1297 774 1559 828 haberet?
1603 771 1713 828 Cur
1747 770 1922 825 nullus
1966 769 2058 822 illo

476 879 715 938 tempore
740 868 925 923 artifex
953 868 1219 939 quidpiam
1261 867 1435 922 simile
1460 865 1528 920 de
1554 866 1732 933 seipso
1758 904 1774 928 ,
1801 872 1893 916 aut
1922 861 2057 915 alius

474 963 541 1016 de
572 963 661 1017 illo
689 961 863 1016 dixit?
894 961 1051 1031 Atqui
1090 961 1133 1015 si
1179 976 1265 1015 res
1312 966 1507 1013 nostra:
1557 958 1803 1026 ﬁgmenta
1833 962 2015 1009 essent
2038 992 2054 1017 ,

470 1070 565 1109 eos
594 1055 682 1124 qui
729 1064 910 1123 postea
954 1054 1205 1116 fuerunt,
1251 1050 1458 1105 facilius
1505 1048 1697 1103 similia
1740 1045 2056 1100 mentituros

473 1146 635 1200 fuisse
664 1138 950 1199 verisimile
979 1152 1111 1198 erat.
1146 1141 1222 1197 Illi
1249 1143 1389 1195 enim
1422 1139 1627 1209 priores
1666 1153 1769 1192 non
1810 1143 2057 1206 poterant

476 1235 721 1303 exemplo
749 1232 970 1287 aliorum
1000 1276 1015 1298 ,
1056 1232 1143 1300 qui
1188 1231 1621 1300 przecessisscnt,
1665 1241 1811 1296 spem
1858 1224 2055 1279 habere

469 1326 609 1379 circa
654 1324 887 1393 ﬁgmenti
919 1337 1256 1385 successum;
1296 1321 1346 1375 hi
1380 1335 1506 1374 vero
1534 1318 1889 1388 posteriores,
1936 1316 2054 1370 illos

473 1415 646 1469 intuiti
673 1458 687 1480 ,
712 1425 1072 1469 commentum
1098 1413 1304 1468 facilius
1333 1414 1447 1466 ausi
1474 1410 1729 1475 fuissent,
1759 1424 1878 1465 cum
1911 1408 2054 1477 prio-

471 1522 589 1560 rum
640 1506 939 1574 cxemplum
1007 1504 1389 1576 posterioribus
1445 1502 1689 1557 fiduciam
1747 1499 2049 1571 praeberet,

474 1597 625 1666 quasi
654 1596 829 1650 nullus
855 1597 905 1649 in
938 1605 1076 1649 terra
1107 1604 1282 1649 mente
1321 1594 1571 1664 praeditus
1601 1601 1782 1656 esset,
1812 1590 1905 1646 sed
1932 1606 2050 1644 om-

473 1705 571 1743 nes
597 1696 774 1743 mente
802 1688 939 1757 rapti
966 1697 1019 1743 et
1047 1688 1213 1742 insani
1240 1696 1421 1742 essent
1441 1729 1456 1755 ,
1486 1686 1556 1740 ita
1584 1696 1639 1740 ut
1663 1684 1830 1740 cuivis
1865 1684 2052 1738 liceret

471 1799 819 1867 quaecumque
847 1782 1008 1837 vellet
1040 1782 1106 1837 de
1139 1782 1314 1851 seipso
1354 1780 1532 1836 dicere
1567 1779 1790 1849 aliisque
1829 1792 2050 1847 persua-

470 1875 619 1931 dere.
651 1875 809 1944 Nugm
840 1874 993 1945 plane
1016 1915 1031 1940 ,
1060 1881 1114 1927 et
1139 1874 1247 1927 risu
1280 1873 1434 1943 digna
1466 1881 1590 1927 sunt
1617 1870 1889 1942 gentilitite
1912 1870 2048 1926 Stul-

470 1965 599 2019 tilia:
628 1966 805 2019 verba.
829 1963 1284 2031 Quemadmodum
1314 1964 1454 2019 enim
1495 1962 1538 2016 si
1579 1963 1697 2033 quis
1739 1963 1927 2016 caelum
1965 1976 2052 2015 sa-

470 2056 614 2125 gittis
645 2057 900 2126 impetere
925 2057 1089 2122 velit,
1120 2056 1270 2125 quasi
1317 2056 1438 2110 telis
1478 2055 1649 2125 ipsum
1696 2055 2048 2125 diropturus;

469 2159 562 2204 aut
605 2148 872 2205 Oceanum
922 2151 1172 2215 haurire,
1218 2150 1369 2220 quasi
1414 2150 1659 2206 manibus
1697 2159 2049 2206 evacuaturus

467 2239 613 2293 illum
637 2280 654 2306 ,
691 2255 755 2295 ex
802 2240 1175 2295 urbanioribus
1217 2256 1374 2295 nemo
1410 2241 1545 2307 erit,
1581 2240 1705 2310 quin
1741 2240 1950 2305 rideat,
1983 2254 2050 2295 ex

467 2331 803 2400 gravioribus
826 2347 985 2387 nemo
1012 2348 1117 2387 non
1148 2332 1199 2386 id
1225 2333 1406 2388 effusis
1433 2333 1680 2403 lacrymis
1705 2332 2003 2402 deplorabit
2031 2349 2045 2385 :

470 2421 550 2475 sic
592 2435 711 2476 cum
750 2422 903 2476 nobis
944 2423 1169 2492 gentiles
1206 2422 1623 2477 contradixerint
1647 2464 1660 2487 ,
1703 2438 1800 2492 par
1837 2431 1919 2477 est
1956 2437 2049 2477 eos

469 2512 697 2567 irridere
722 2527 784 2566 ac
803 2512 1081 2581 deplorare
1109 2531 1123 2567 :
1154 2527 1265 2568 rem
1288 2514 1428 2567 enim
1452 2513 1618 2582 magis
1642 2512 1859 2566 arduam
1881 2512 2050 2567 susci-

468 2603 652 2673 piunt,
685 2618 842 2674 quam
868 2603 958 2674 qni
987 2604 1067 2659 vel
1109 2604 1296 2659 caelum
1341 2602 1629 2659 confodere
1670 2603 1753 2658 vel
1798 2603 2046 2674 abyssum

468 2709 729 2750 evacuare
767 2710 826 2750 se
859 2709 1019 2765 posse
1050 2694 1361 2765 speraverit.
1402 2693 1584 2764 Neque
1626 2694 1766 2749 enim
1806 2694 1893 2747 lux
1933 2709 2050 2747 um-

468 2802 627 2856 quam
658 2787 882 2841 obscura
910 2787 1011 2842 erit
1032 2829 1047 2852 ,
1079 2788 1251 2842 donec
1277 2787 1361 2841 lux
1384 2787 1524 2854 erit,
1547 2801 1722 2857 neque
1744 2795 2046 2841 nostrarum

465 2896 644 2935 rerum
678 2882 875 2936 veritas
902 2880 1264 2937 confutabitur
1295 2900 1308 2933 :
1340 2883 1537 2937 veritas
1563 2884 1756 2953 quippe
1781 2891 1863 2938 est
1884 2924 1902 2950 ,
1943 2897 2047 2954 qua

470 2975 601 3030 nihil
628 2975 873 3030 validius.
902 2975 1052 3044 Quod
1083 2976 1238 3045 igitur
1262 2986 1440 3031 vetera
1472 2976 1557 3030 illa
1581 3018 1597 3044 ,
1624 2991 1743 3047 qua:
1766 2991 1896 3031 aure
1920 2991 2045 3047 per-

466 3067 729 3137 cipimus,
763 3083 870 3122 non
910 3068 1086 3122 minus
1124 3067 1396 3123 credibilia
1437 3068 1576 3132 sint,
1623 3082 1782 3139 quam
1824 3082 1886 3123 ea
1927 3083 2046 3138 qua:

464 3173 607 3217 nunc
630 3161 911 3229 praesentia
940 3161 1210 3216 cernimus
1236 3201 1253 3224 ,
1286 3161 1458 3230 quivis
1498 3176 1603 3215 non
1637 3170 1817 3216 mente
1859 3170 2046 3230 captus

464 3258 519 3304 et
536 3250 752 3306 insanus
773 3252 1089 3307 conﬁteatur
1111 3270 1126 3320 ;
1151 3262 1209 3307 ut
1232 3262 1408 3307 autem
1435 3254 1708 3308 victoriam
1729 3253 2046 3311 cumulatius

462 3339 757 3396 referamus
780 3383 795 3408 ,
821 3358 935 3398 rem
962 3343 1325 3399 admirandam
1351 3385 1366 3408 ,
1397 3353 1553 3398 attate
1595 3355 1772 3398 nostra
1800 3353 2003 3414 gestam
2025 3386 2041 3411 ,

467 3432 718 3487 referam.
739 3434 807 3487 At
826 3449 893 3488 ne
920 3434 1199 3488 turbemini
1227 3476 1240 3499 ,
1273 3435 1316 3489 si
1344 3434 1653 3490 miraculum
1680 3444 1863 3490 nostra
1890 3445 2046 3492 relate

468 3523 1035 3603 editum‘narraturum
1064 3541 1147 3580 me
1174 3527 1440 3599 pollicitus
1466 3569 1482 3594 ,
1520 3527 1786 3601 exIveteri
1823 3527 2044 3589 historia

466 3613 826 3668 narrationem
855 3615 1073 3671 ordiar:
1107 3631 1279 3686 neque
1305 3617 1445 3670 enim
1487 3618 1540 3671 in
1577 3617 1660 3671 his
1703 3617 1874 3671 solum
1912 3632 2043 3672 con-

464 3703 648 3757 sistam
669 3744 685 3769 ,
707 3718 876 3774 neque
899 3720 1036 3760 novo
1056 3717 1368 3776 argumento
1387 3707 1560 3763 aliena
1577 3718 1753 3763 vetera
1776 3708 2002 3765 referam
2026 3727 2041 3765 :

466 3808 589 3847 nam
618 3803 842 3866 utraque
871 3806 1056 3852 mutuo
1082 3797 1285 3854 hzerent
1309 3838 1324 3863 ,
1357 3813 1457 3853 nec
1482 3798 1605 3853 licet
1636 3814 1821 3853 eorum
1848 3800 2040 3855 seriem

466 3884 774 3957 disjungere
800 3932 817 3957 ,
849 3900 908 3945 ut
932 3891 1125 3947 auditis
1155 3891 1316 3947 rebus
1341 3893 1699 3963 comperietis.

536 3979 591 4033 5.
635 3977 860 4035 Historia
886 3980 1218 4055 Imperatoris
1245 3984 1508 4055 cujusdam
1539 3983 1789 4054 fabulosa.
1820 4014 1893 4024 —
1915 3984 2045 4041 Erat

463 4069 583 4138 quis
627 4070 920 4141 Imperator
972 4074 1047 4149 (α)
1094 4075 1355 4147 majorum
1400 4084 1706 4131 nostrorum
1750 4092 1904 4142 arvo,
1952 4076 2043 4147 qui

460 4161 635 4231 qualis
683 4165 737 4219 in
780 4168 988 4223 ca-teris
1038 4168 1216 4236 fuerit,
1268 4169 1448 4225 dicere
1491 4185 1740 4241 nequeo:
1772 4180 1827 4227 at
1861 4172 2043 4227 audito

459 4253 665 4309 scelere
689 4298 704 4322 ,
737 4258 878 4328 quod
906 4260 1123 4330 aggredi
1163 4272 1246 4316 est
1286 4276 1449 4316 ausus
1472 4302 1487 4325 ,
1530 4263 1789 4333 reliquam
1830 4279 2040 4319 morum

467 4343 849 4401 immanitatem
902 4350 1257 4419 cognoscetis.
1315 4351 1594 4417 Quodnam
1652 4353 1813 4423 igitur
1865 4355 2041 4409 scelus

462 4434 825 4491 illud?Genti
863 4453 983 4492 cum
1029 4441 1125 4495 illo
1169 4441 1361 4495 bellum
1410 4444 1613 4513 gerenti
1660 4445 1829 4500 visum
1872 4445 2043 4501 fuerat

465 4524 658 4579 bellum
690 4527 899 4583 solvere
929 4540 1336 4601 mutuarnmqne
1364 4533 1585 4587 ea‘dium
1628 4534 1785 4589 finem
1827 4535 1999 4592 facere
2022 4578 2038 4605 ,

461 4630 549 4669 res
575 4631 898 4687 componere
922 4660 937 4685 ,
967 4622 1199 4687 pericula
1238 4633 1291 4676 et
1324 4622 1630 4677 formidines
1670 4625 1859 4682 sedare
1882 4668 1896 4692 ,
1930 4628 2041 4682 suis

461 4721 521 4761 se
550 4707 707 4761 rebus
733 4709 1005 4765 continere
1029 4751 1046 4777 ,
1074 4726 1245 4781 neque
1292 4712 1374 4767 his
1413 4712 1700 4781 ampliores
1740 4724 1990 4784 expetere
2022 4733 2036 4768 :

461 4806 719 4867 praestare
787 4800 929 4855 enim
990 4802 1363 4859 mediocribus.
1394 4804 1510 4858 sine
1562 4803 1844 4861 formidine
1895 4807 2034 4875 frui,

461 4904 621 4959 quam
650 4889 940 4961 majoribus
968 4892 1234 4949 inhiantes
1264 4894 1315 4949 in
1347 4901 1490 4950 metu
1524 4910 1586 4951 ac
1619 4897 1812 4953 timore
1846 4898 2039 4968 degere

460 4997 677 5053 semper
697 5026 712 5051 ,
742 4985 984 5055 malaque
1007 4987 1217 5042 caneris
1250 4987 1539 5044 inferentes
1563 5032 1578 5057 ,
1619 4991 1687 5047 ab
1732 4992 1837 5047 illis
1878 4994 2039 5047 vicis.

459 5076 562 5130 sim
608 5076 870 5147 accipere.
919 5079 1053 5134 Cum
1097 5089 1275 5136 autem
1319 5083 1664 5138 constitutum
1709 5083 1812 5141 illis
1854 5094 2035 5153 esset,

459 5166 603 5221 bello
649 5183 866 5238 prorsus
908 5169 1182 5240 deposito,
1226 5173 1456 5242 quietam
1492 5174 1786 5246 transigere
1830 5177 2035 5231 vitam.

462 5259 633 5313 visum
674 5267 758 5314 est
801 5259 952 5315 ﬁrma
1002 5262 1246 5330 pactione
1278 5264 1573 5335 validisque
1609 5266 2034 5321 conditionibus'

458 5366 646 5421 pacem
673 5353 933 5409 stabilire.
963 5353 1096 5409 Tum
1124 5355 1326 5413 foedere
1357 5357 1496 5413 facto
1522 5399 1535 5418 .
1563 5359 1689 5414 dato
1713 5369 2039 5428 acceptoque

450 5442 754 5511 jnramento
777 5485 793 5511 ,
823 5445 933 5516 regi
965 5455 1221 5515 praeterea
1261 5462 1359 5503 suo
1394 5450 1616 5504 suadere
1642 5461 1902 5505 conantur
1928 5490 1942 5516 ,
1972 5449 2037 5503 ﬁ-

460 5534 587 5589 lium
611 5552 764 5591 suum
793 5537 1079 5595 admodum
1108 5555 1327 5611 puerum
1352 5582 1368 5608 ,
1401 5541 1452 5595 in
1496 5542 1725 5597 solidum
1768 5543 1915 5613 pacis
1955 5543 2005 5612 pi

461 5640 601 5697 guns
642 5628 894 5685 traditum
937 5631 1021 5699 iis,
1052 5634 1141 5704 qui
1171 5635 1317 5703 prius
1359 5635 1541 5689 hostes
1571 5643 1719 5690 erant
1743 5675 1758 5701 ,
1793 5635 2038 5690 ﬁduciam

522 5760 539 5827 ξ
574 5768 704 5827 tinus
727 5764 936 5827 secunda
958 5779 1119 5822 manu,
1138 5766 1443 5827 iuramentis,
1470 5780 1573 5827 pro,
1598 5764 1958 5818 conditionibus.

518 5821 603 5892 (rt)_
628 5829 676 5871 In
697 5824 871 5892 Codice
888 5834 1002 5892 Reg.
1023 5821 1154 5892 2989'
1170 5830 1394 5881 scribitur
1417 5821 1480 5879 ad
1493 5821 1666 5891 marg,
1701 5830 2029 5892 Νονμεριανός.

457 5896 551 5947 qua
573 5884 638 5934 de
661 5898 719 5934 re
739 5884 918 5936 dictum
941 5884 991 5936 in
1013 5890 1202 5939 Monito.
1591 5884 1605 5934 Σ

1173 476 1229 533 S.
1271 472 1551 533 JOANNIS
1586 464 2058 528 CHRYSOSTOMI
2099 459 2418 518 ARClllEP.
2462 455 2993 515 CONSTANTII‘OP.

2082 1123 2120 1147 θ.

3658 457 3769 513 5ιῦ

2166 583 2423 645 prmstare
2461 586 2652 643 posse,
2699 571 2964 641 simulque
2992 570 3247 641 propositi
3277 572 3360 626 sui
3388 571 3771 628 testimonium

2162 666 2443 732 exhibere,
2467 664 2607 735 quod
2638 678 2832 734 nempe
2864 665 2979 719 sine
3004 664 3129 719 dolo
3151 679 3334 734 pacem
3362 680 3487 721 cum
3517 665 3657 737 ipsis
3686 668 3741 722 te

2163 762 2318 813 cerit.
2343 758 2455 825 Qua
2486 757 2729 811 oratione
2760 770 2852 810 rex
2875 754 3137 811 adductus
3159 755 3325 811 ﬁlium
3348 757 3517 822 dedit,
3548 765 3613 812 ut
3642 759 3771 828 qui.

2162 850 2284 905 dem
2311 849 2649 905 existimabat
2669 850 2777 915 ille,
2800 849 2987 903 amicis
3012 859 3063 903 et
3084 850 3273 916 sociis;
3303 860 3363 905 ut
3383 866 3510 906 vero
3535 852 3616 907 rei
3644 854 3764 907 exi«

2164 950 2249 995 tus
2278 941 2555 1011 probavit,
2584 939 2714 995 fera:
2742 940 2980 994 omnium
3012 941 3428 996 immanissimas.
3461 943 3596 997 Nam
3631 960 3765 999 cum

2163 1032 2414 1086 amicitia:
2442 1041 2497 1087 et
2523 1030 2740 1086 ftederis
2781 1031 2898 1100 lege
2929 1046 3149 1101 puerum
3182 1032 3384 1101 regium
3420 1035 3762 1104 accepisset,

2162 1122 2340 1177 omnia
2369 1122 2527 1177 simul
2555 1122 2888 1176 conculcavit
2910 1130 2967 1176 et
2997 1122 3209 1187 evertit,
3229 1122 3548 1192 juramenta,
3582 1123 3761 1181 fede-

2160 1228 2241 1277 ra,
2271 1213 2543 1267 hominum
2568 1213 2945 1280 reverentiam,
2971 1213 3217 1283 pietatem
3248 1229 3371 1285 erga
3398 1215 3590 1282 Deum,
3626 1227 3763 1271 :eta‘

2159 1305 2229 1359 tis
2269 1305 2787 1361 eommiserationem
2822 1320 2972 1358 :non
3025 1305 3257 1360 belluam
3303 1307 3448 1361 illam
3489 1307 3761 1377 juventus

2159 1397 2327 1465 ﬁexit,
2358 1415 2461 1454 non
2487 1414 2549 1454 ea
2571 1415 2693 1469 qua:
2719 1398 3023 1468 hujusmodi
3049 1400 3253 1455 scelera
3278 1402 3427 1470 sequi
3453 1402 3593 1457 solet
3618 1402 3761 1457 ultio

2161 1499 2363 1546 trucem
2405 1491 2674 1545 hominem
2701 1490 2994 1555 deterruit;
3027 1506 3132 1545 non
3167 1493 3331 1561 patris
3371 1492 3537 1546 filium
3570 1492 3756 1562 depo-

2158 1584 2335 1639 nentis
2362 1585 2523 1640 verba
2551 1584 2785 1638 animum
2815 1583 3060 1649 subiere,
3106 1598 3226 1654 quae
3255 1583 3379 1638 dum
3416 1586 3467 1637 in
3499 1586 3758 1640 manibus

2161 1673 2395 1729 traderet
2422 1676 2647 1740 fecerat,
2678 1688 2873 1743 rogans
2900 1687 3021 1727 eum
3044 1712 3060 1739 ,
3098 1682 3156 1727 ut
3183 1675 3235 1727 in
3278 1688 3466 1742 magna
3491 1690 3623 1729 cura
3656 1676 3758 1728 ha-

2157 1765 2309 1821 beret
2329 1808 2342 1831 ,
2369 1781 2429 1822 se
2461 1766 2571 1820 ﬁlio
2607 1766 2778 1835 ipsum
2809 1765 3137 1821 constituere
3163 1776 3368 1836 patrem
3397 1770 3548 1837 quasi
3589 1766 3663 1822 ab
3690 1782 3755 1824 se

2153 1862 2412 1930 genitum,
2430 1861 2719 1915 obsecrans
2745 1868 2803 1914 ut
2825 1874 2947 1914 eum
2978 1861 3049 1914 ita
3071 1863 3332 1915 enutriret
3357 1862 3748 1932 educaretque,

2154 1959 2209 2006 et
2236 1950 2498 2019 majorum
2536 1965 2753 2005 suorum
2786 1950 3062 2005 nobilitate
3094 1950 3312 2020 dignum
3341 1951 3631 2018 redderet;
3670 1953 3754 2007 in-

2156 2052 2237 2098 ter
2262 2043 2378 2098 lure
2399 2043 2562 2099 verba
2588 2042 2829 2097 dextram
2849 2044 2997 2113 pueri
3017 2042 3303 2098 homicidae
3323 2043 3524 2098 dextra:
3539 2044 3748 2113 juuxit,

2153 2143 2209 2190 et
2238 2134 2484 2205 perfusus
2503 2136 2751 2206 lacrymis
2773 2134 3051 2190 abscessit.
3083 2135 3281 2190 llorum
3309 2136 3400 2191 ille
3423 2138 3752 2192 scelestissi-

2152 2240 2275 2279 mus
2291 2225 2419 2279 nihil
2436 2226 2486 2279 in
2504 2226 2682 2281 animo
2698 2226 2921 2294 recepit,
2937 2225 3031 2281 sed
3049 2226 3112 2280 iis
3129 2227 3375 2281 omnibus
3387 2227 3546 2281 simul
3556 2242 3750 2283 excus-

2152 2317 2249 2384 sis,
2266 2317 2466 2372 cardem
2488 2317 2722 2371 omnium
2740 2316 2965 2371 caedium
2987 2316 3424 2371 immanissimam
3442 2328 3741 2388 perpetrat.

2153 2408 2266 2463 Hoc
2294 2409 2435 2463 enim
2468 2407 2725 2479 ﬂagitium
2748 2409 2943 2479 proprii
2967 2407 3060 2462 ﬁlii
3078 2407 3225 2463 czede
3249 2410 3484 2465 atrocius
3511 2415 3627 2464 esu
3648 2426 3757 2467 vos.

2154 2507 2315 2554 testes
2345 2500 2574 2569 appello,
2596 2500 2686 2570 qui
2728 2515 2833 2554 non
2864 2501 2934 2555 ita
2964 2499 3306 2567 doluissetis,
3336 2502 3379 2555 si
3424 2503 3649 2571 quidem
3676 2519 3743 2559 ex

2152 2605 2275 2645 meo
2299 2590 2491 2645 affectu
2521 2600 2757 2646 vestrum
2788 2592 2961 2647 metiri
2988 2592 3164 2658 liceat,
3185 2592 3228 2647 si
3254 2592 3540 2648 audissetis
3563 2593 3745 2663 ipsum

2152 2679 2317 2735 ﬁlium
2344 2681 2600 2737 occidisse
2621 2696 2775 2736 suum
2803 2700 2816 2737 :
2846 2690 2973 2737 tunc
3006 2683 3148 2736 enim
3173 2697 3295 2737 cum
3323 2684 3598 2738 communi
3626 2686 3744 2756 lege

2153 2773 2412 2828 naturalis
2443 2788 2655 2843 quoque
2699 2773 2784 2828 lex
2828 2773 3064 2829 subverti
3104 2774 3417 2831 videretur:
3449 2777 3535 2830 hie
3560 2787 3741 2832 autem

2150 2863 2374 2933 plurima
2418 2864 2577 2919 simul
2621 2873 3039 2929 concurrerunt,
3066 2880 3185 2935 qua-
3239 2881 3347 2933 prae
3397 2868 3738 2924 multitudine

2150 2953 2375 3008 naturali
2399 2954 2713 3009 necessitate
2737 2953 2955 3010 fortiora
2982 2955 3109 3009 sint.
3130 2955 3348 3023 Quoties
3363 2957 3504 3012 enim
3528 2974 3741 3014 mecum

2146 3052 2337 3113 reputo
2377 3044 2672 3113 puerulum,
2701 3045 2791 3115 qui
2836 3044 2967 3099 nihil
3008 3046 3216 3115 injuriae
3262 3047 3481 3114 fecerat,
3512 3063 3544 3102 a
3588 3060 3739 3120 patre

2151 3133 2422 3198 traditum,
2466 3149 2497 3188 a
2548 3134 2807 3205 majorum
2858 3149 3079 3191 suorum
3121 3140 3265 3207 regia
3308 3138 3621 3205 abductum,
3651 3141 3737 3209 qui

2147 3223 2470 3280 domesticas
2496 3214 2737 3290 delicias,
2760 3225 3004 3295 gloriam,
3028 3224 3309 3293 honorem,
3330 3243 3453 3282 cum
3479 3238 3737 3284 extranea

2147 3314 2461 3371 educatione
2488 3324 2931 3385 commutaverat,
2959 3327 3020 3371 ut
3049 3318 3380 3388 pactionibus
3400 3318 3547 3373 initis
3567 3319 3737 3375 scele-

2148 3418 2261 3465 stus
2288 3411 2376 3466 ille
2406 3411 2573 3466 ﬁdere
2600 3421 2780 3481 posset
2805 3429 2819 3465 :
2848 3410 2917 3467 ab
2947 3413 3059 3481 ipso
3086 3422 3269 3482 postea
3299 3413 3438 3468 male
3461 3413 3733 3482 affectum,

2146 3501 2430 3571 splendore
2472 3509 2705 3571 paterna:
2746 3501 2936 3556 domus
2966 3501 3084 3571 ejus
3122 3503 3290 3573 gratia
3335 3505 3625 3574 privatum,
3670 3507 3737 3560 ab

2147 3592 2446 3662 eodemque
2473 3592 2688 3648 demum
2734 3592 3094 3661 interfectum,
3124 3597 3392 3651 contraria
3432 3597 3630 3667 patior,
3661 3600 3735 3652 si-

2102 3684 2109 3706 '
2145 3683 2259 3738 mul
2286 3684 2469 3739 animo
2495 3684 2881 3740 contabescens
2908 3696 2961 3740 et
2989 3692 3312 3753 emetuans,
3339 3702 3568 3758 quorum
3595 3689 3734 3744 aliud

2146 3774 2247 3842 ira,
2274 3775 2413 3830 aliud
2445 3778 2703 3832 nitestitia
2729 3778 2884 3849 parit.
2915 3776 3046 3833 Cum
3095 3780 3237 3833 enim
3279 3780 3460 3850 cogito
3501 3782 3731 3836 scelera-

2148 3873 2259 3921 tmn
2306 3866 2454 3922 illum
2499 3881 2785 3936 armatum,
2829 3868 3167 3940 gladiumque
3217 3869 3533 3937 vibrantem,
3584 3872 3728 3941 pueri

2146 3959 2341 4013 Collum
2392 3959 2907 4029 apprehendentem,
2935 3968 2991 4015 et
3030 3975 3135 4030 qua
3179 3960 3400 4016 dextera
3432 3962 3731 4033 depositum

2146 4059 2439 4119 receperat,
2466 4049 2654 4105 eadem
2678 4048 2912 4121 gladium
2951 4050 3003 4105 iu
3034 4050 3163 4105 illud
3205 4050 3593 4117 intendentem,
3622 4053 3729 4107 dis-

2144 4156 2365 4211 rumpor
2409 4152 2571 4212 atque
2618 4142 2696 4197 ira
2750 4142 3043 4212 pracfocor;
3089 4158 3276 4199 rursus
3316 4158 3437 4198 cum
3478 4144 3731 4214 juvenem

2145 4232 2419 4303 conspicio
2447 4232 2841 4298 formidantem,
2874 4241 3210 4302 trementem,
3238 4235 3604 4305 extremisque
3636 4250 3728 4306 ge-

2145 4325 2363 4381 mitibus
2402 4308 2712 4395 ejulantem,
2758 4333 2963 4395 patrem
3011 4326 3385 4381 inclamantem
3433 4324 3728 4397 horumque

2143 4430 2356 4471 causam
2405 4432 2525 4473 esse
2567 4417 2855 4483 dicentem,
2883 4430 2947 4471 ac
2993 4415 3195 4471 easdem
3242 4432 3348 4471 non
3390 4417 3463 4483 ei,
3494 4419 3587 4487 qui
3616 4419 3727 4489 gla-

2145 4507 2291 4563 dium
2335 4509 2389 4563 in
2435 4518 2620 4578 guttur
2669 4508 2931 4579 inﬁgeret,
2958 4507 3051 4563 sed
3102 4508 3307 4578 parenti
3355 4507 3726 4577 imputantem.

2143 4613 2317 4667 neque
2340 4596 2522 4668 fugere
2562 4612 2735 4668 neque
2772 4613 2831 4653 se
2856 4597 3037 4654 ulcisci
3064 4612 3242 4667 posse,
3268 4596 3364 4653 sed
3405 4597 3608 4653 frustra
3633 4614 3726 4669 pa-

2143 4703 2351 4746 rentem
2373 4691 2636 4755 incusare,
2658 4690 2863 4761 plagam
2894 4690 3159 4761 excipere,
3187 4688 3470 4759 palpitare,
3498 4690 3729 4745 calcibus

2142 4783 2502 4853 pavimentum
2547 4781 2747 4847 ferire,
2796 4791 2993 4836 terram
3033 4780 3339 4850 sanguineis
3384 4779 3517 4835 rivis
3561 4780 3727 4852 inqui-

2141 4888 2304 4928 nare:
2334 4873 2446 4942 ipsa
2472 4872 2601 4927 mihi
2629 4873 2832 4927 viscera
2867 4872 3264 4941 discerpuntur,
3292 4872 3556 4941 cogitatio
3578 4873 3719 4927 obte-

2141 4965 2412 5030 nebratur,
2442 4979 2507 5019 ac
2531 4964 2799 5020 maestitia:
2823 4964 2993 5035 caligo
3017 4963 3259 5034 quaedam
3301 4964 3476 5019 oculis
3499 4964 3726 5021 offundi-

2141 5066 2245 5111 tur.
2264 5057 2335 5111 At
2354 5055 2466 5112 fera
2488 5055 2576 5111 illa
2599 5055 2727 5110 nihil
2759 5054 2934 5110 simile
2961 5070 3114 5125 passa
3135 5064 3250 5120 est;
3279 5054 3372 5109 sed
3400 5070 3465 5108 ac
3489 5057 3537 5109 si
3566 5068 3725 5127 agnus

2139 5148 2221 5202 vel
2247 5147 2444 5203 vitulus
2469 5147 2568 5203 sibi
2596 5145 2908 5202 mactandus
2923 5155 3086 5213 esset,
3101 5146 3179 5200 sic
3203 5145 3273 5200 ad
3297 5146 3560 5201 nefariam
3591 5149 3723 5201 illam

2139 5236 2338 5295 éa'dem
2364 5238 2585 5295 affectus
2614 5247 2749 5293 erat.
2798 5237 2866 5292 Et
2910 5252 3043 5307 puer
3070 5236 3283 5306 quidem
3331 5236 3485 5306 plaga
3516 5249 3723 5307 recepta

2135 5328 2349 5399 jaccbat
2376 5338 2615 5384 mortuus
2642 5346 2656 5383 :
2687 5328 2951 5384 homicida
2979 5344 3108 5383 vero
3143 5327 3331 5383 sceleri
3358 5328 3725 5397 patrocinaba-

2141 5430 2246 5489 tur,
2279 5422 2662 5491 posterioribus
2695 5422 2875 5491 priora
2908 5421 3161 5491 obtegere
3187 5435 3403 5476 curaus.
3433 5422 3596 5477 Putat
3622 5423 3721 5477 for-

2141 5522 2283 5569 tasse
2324 5514 2585 5584 quispiam
2635 5529 2723 5568 me
2751 5513 2819 5568 de
2867 5512 3143 5581 sepultura
3189 5512 3534 5582 loquuturum
3588 5527 3717 5577 esse,

2138 5605 2525 5675 dicturumque,
2554 5604 2807 5660 defuncto
2831 5619 2899 5659 ne
2929 5602 3191 5658 tantillum
3220 5602 3438 5673 quidem
3465 5614 3622 5660 terra:
3645 5604 3716 5658 in-

2142 5696 2477 5752 terfectorem
2503 5696 2717 5752 dedisse
2745 5715 2759 5751 :
2792 5711 2892 5766 ego
2928 5709 3055 5749 vero
3082 5695 3317 5749 atrocius
3353 5695 3499 5750 aliud
3531 5697 3710 5751 dicam.

2139 5788 2270 5844 Nam
2301 5804 2422 5843 cum
2453 5787 2662 5859 iniquas
2689 5802 2876 5841 manus
2904 5786 2991 5841 tali
3036 5787 3295 5855 sanguine
3322 5784 3598 5851 ftedasset,
3623 5801 3710 5841 ue-

2140 5896 2364 5953 vamque
2390 5879 2697 5952 tragmdiam
2724 5878 3073 5944 exhibuisset,
3103 5892 3163 5933 ac
3189 5878 3234 5932 si
3263 5876 3391 5931 nihil
3421 5889 3709 5950 perpetrate
