3884 6294
128 318 239 374 539

107 432 345 504 νεκροὺς
371 429 636 500 ἀνέστησε
661 445 674 460 ·
704 428 794 483 τὸν
816 428 871 482 δέ
901 430 1290 500 ἐκπηδήσαντα
1310 432 1417 485 τῶν
1444 431 1538 484 τοῦ
1562 431 1793 500 σκηνοῤ-

109 518 342 587 ῥαφείου
386 510 641 588 δέρῤεων,
685 516 753 569 τά
780 516 919 570 αύτά
947 516 1012 587 δὴ
1050 517 1223 571 ταῦτα
1257 519 1559 588 κομπάζειν
1602 517 1794 587 ἐκείνῳ

109 605 245 675 περὶ
294 605 403 657 τῶν
459 604 687 674 ἱματίων
745 603 949 657 αὐτοῦ·
993 604 1077 667 τίς
1135 604 1311 669 οὕτως
1365 607 1628 675 ἐμεμήνει
1684 604 1793 657 τῶν

109 692 291 745 ταῦτα
345 691 670 753 ἀκουόντων,
721 691 795 753 ὡς
851 691 1026 761 ψιλοῖς
1085 692 1293 762 ῥήμασι
1339 691 1617 744 τιστεῦσαι
1667 692 1796 763 περὶ

111 779 461 851 πραγμάτων
512 766 800 844 τοιούτων;
825 777 977 831 Διατί
1019 778 1076 830 δὲ
1114 778 1301 848 μηδεὶς
1335 777 1485 850 [542]
1519 777 1628 830 τῶν
1675 779 1793 830 κατ’

114 867 326 921 ἐκεῖνον
352 869 442 922 τὸν
466 868 653 939 χρόνον
684 867 1029 938 χειροτέχνης
1057 868 1193 937 ἀνὴρ
1225 862 1345 919 εἶπέ
1367 885 1418 920 τι
1451 866 1577 937 περὶ
1601 866 1792 918 ἐαυτοῦ

112 952 357 1006 τοιοῦτόν
388 971 539 1017 ποτε,
580 953 613 1024 ἢ
657 954 841 1024 ἐτερός
879 972 963 1016 τις
994 955 1122 1024 περὶ
1155 952 1356 1022 αὐτοῦ;
1394 954 1586 1008 Καίτοι
1635 955 1684 1006 εί
1724 953 1793 1008 τὰ

112 1043 367 1114 ἡμέτερα
402 1042 688 1111 πλάσματα
723 1038 810 1113 ἦν,
844 1045 971 1105 τοὺς
1005 1043 1121 1112 μετ’
1157 1042 1395 1106 ἐκείνους
1431 1040 1793 1113 εὐκολώτερον

112 1132 185 1182 τὰ
224 1129 448 1191 τοιαῦτα
480 1128 766 1197 ψεύδεσθαι
812 1128 958 1192 εἰκὸς
1000 1124 1089 1200 ἦν.
1141 1130 1365 1183 Ἐκεῖνοι
1408 1130 1504 1201 μὲν
1545 1129 1654 1200 γὰρ
1693 1131 1793 1183 οὐκ

112 1214 265 1285 εἶχον
293 1218 369 1278 είς
402 1215 620 1286 ἐτέρους
644 1215 1021 1284 ἀνενεγκόντες
1051 1217 1186 1288 ὑπὲρ
1207 1216 1431 1281 τούτων,
1456 1216 1673 1270 ἐλπίσαι
1699 1216 1791 1271 τοῦ

112 1304 484 1369 πλάσματοςει
520 1301 867 1373 περιέσεσθαι
891 1317 905 1331 ⁸
940 1305 989 1356 οί
1018 1303 1075 1356 δὲ
1109 1303 1224 1373 μετ’
1253 1304 1511 1367 ἐκείνους,
1536 1304 1618 1366 εἰς
1649 1303 1793 1356 ἐκεί-

111 1407 243 1451 νους
277 1388 532 1458 ὁρῶντες,
583 1372 995 1458 πῳχεῖρότερον
1045 1388 1111 1441 ἂν
1144 1388 1239 1440 τοῦ
1291 1388 1605 1459 πλάσματος
1659 1405 1792 1442 κατ-

112 1476 427 1545 ετόλμησαν
453 1474 543 1528 τοῦ
579 1475 1014 1547 παραδείγματος
1033 1475 1141 1529 τῶν
1170 1476 1449 1548 προτέρων
1473 1478 1584 1535 τοῖς
1610 1476 1792 1529 δευτέ-

115 1582 237 1634 ροις
290 1562 798 1633 παρακελευομένου
841 1562 1087 1634 θαρρεῖν,
1130 1564 1205 1626 ὼς
1255 1563 1466 1626 οὐδενὸς
1510 1565 1566 1617 ἐν
1609 1565 1675 1634 τῇ
1722 1566 1790 1635 γῇ

112 1653 244 1707 νοῦν
268 1653 503 1722 ἔχοντος,
533 1652 668 1706 ἀλλά
697 1652 911 1724 πάντων
935 1652 1299 1721 ἐξεστηκότων
1324 1653 1416 1706 καὶ
1453 1653 1790 1722 μεμηνότων,

114 1747 213 1799 καὶ
245 1747 359 1807 τοῖς
394 1741 733 1814 βουλομένοις
771 1742 889 1809 ἐξὸν
922 1741 1143 1805 ἀπασιν,
1178 1742 1319 1812 άπερ
1346 1741 1413 1795 ἂν
1447 1739 1638 1794 θέλωσι
1664 1743 1793 1811 περὶ

115 1831 334 1886 ἐαυτῶν
380 1832 557 1898 λέγειν
600 1848 658 1883 τε
704 1831 798 1883 καὶ
848 1829 1216 1883 πιστεύεσθαι.
1246 1829 1424 1901 Λῆρος
1470 1827 1646 1882 ταῦτα
1696 1829 1793 1883 καὶ

115 1920 319 1988 γέλως,
363 1920 455 1972 καὶ
499 1917 708 1988 μωρίας
744 1916 1057 1987 Ἑλληνικῆς
1093 1918 1328 1988 ῥήματα.
1380 1914 1643 1985 Καθάπερ
1684 1915 1794 1988 γάρ

120 2008 185 2060 ἂν
216 2007 272 2059 εί
294 2022 380 2068 τις
408 2005 707 2077 προαχθείη
736 2003 970 2068 τοξεύειν
998 2005 1089 2057 τὸν
1116 2004 1362 2075 οὐρανὸν,
1389 2004 1463 2066 ὡς
1491 2002 1794 2074 διαρρήξων

120 2094 291 2147 αὐτὸν
326 2095 437 2155 τοῖς
464 2090 633 2144 αὐτοῦ
670 2089 897 2160 βέλεσιν,
928 2089 960 2159 ἢ
991 2089 1080 2143 τὸν
1116 2090 1366 2143 Ὠκεανὸν
1398 2089 1688 2156 ἐξαντλεῖν,
1720 2090 1795 2153 ὡς

120 2182 382 2234 κενώσων
427 2178 588 2232 αὑτὸν
634 2179 754 2240 ταῖς
802 2175 995 2231 ἐαυτοῦ
1043 2176 1251 2247 χερσὶν,
1311 2176 1485 2238 οὐδεὶς
1526 2176 1682 2239 ’ὅστις
1732 2177 1793 2229 οὐ

117 2269 412 2336 γελάσεται
449 2264 557 2318 τῶν
593 2264 950 2335 ἀστειοτέρων
979 2263 1158 2327 αὐτὸν,
1192 2265 1240 2316 οἱ
1270 2263 1325 2316 δὲ
1361 2263 1797 2334 σεμνότεροιηκαὶ

116 2354 484 2426 δακρύσονται
504 2352 732 2423 δάκρυσι
760 2351 973 2415 πολλοῖς
993 2368 1006 2382 ·
1034 2349 1204 2414 οὓτως
1232 2350 1358 2403 ὅταν
1379 2351 1508 2420 ήμῖν
1540 2350 1796 2420 ’Έλληνες

118 2442 469 2510 ἀντιλέγωστ,
508 2440 671 2511 γελᾷν
712 2440 908 2501 αὐτοὺς
949 2438 1042 2493 καὶ
1076 2438 1328 2509 δακρύειν
1371 2438 1533 2491 καλόν
1562 2454 1577 2469 ·
1618 2436 1796 2508 πολλῷ

117 2531 230 2601 γάρ
251 2530 350 2582 τοῦ
378 2530 468 2582 τὸν
496 2528 721 2598 οὐρανὸν
747 2526 977 2596 τρώσειν
1015 2526 1107 2580 καὶ
1148 2526 1246 2594 τὴν
1279 2525 1511 2580 ἄϐυσσον
1540 2524 1796 2580 κενώσειν

117 2616 435 2680 ἐλπίζοντος
483 2615 852 2687 ἀπορωτέροις
892 2613 1225 2684 ἐπιχειροῦσι
1268 2616 1604 2684 πράγμασιν.
1655 2610 1795 2667 Οὔτε

115 2704 229 2774 γὰρ
272 2702 337 2755 τὸ
376 2702 490 2772 φῶς
530 2702 681 2756 ἐσται
717 2702 907 2765 σκότος
941 2701 1090 2765 ποτέ,
1127 2700 1230 2764 ἐως
1255 2698 1320 2754 ἂν
1435 2700 1571 2769 φῶς,
1602 2697 1727 2751 οὔτε
1762 2699 1796 2769 ἠ

115 2791 227 2844 τῶν
286 2790 421 2858 παρ’
470 2791 603 2859 ἡμῖν
649 2789 989 2861 πραγμάτων
1035 2788 1258 2859 ἀλήθεια
1311 2787 1749 2857 διελεγχθήσεται
1779 2802 1792 2817 ·

118 2876 356 2947 ἀλήθεια
402 2876 511 2947 γάρ
545 2876 661 2928 ἐστι
684 2892 698 2906 ·
746 2875 948 2945 ταύτης
990 2876 1047 2928 δὲ
1086 2874 1425 2946 ἰσχυρότερον
1469 2874 1640 2929 οὐδέν.
1679 2875 1797 2929 Ὅτι

122 2966 222 3035 μὲν
258 2959 356 3016 οὖν
381 2963 475 3015 καὶ
504 2963 573 3015 τά
601 2963 801 3032 ἀρχαῖα
828 2962 864 3016 ἃ
890 2963 1024 3033 ἀκοῇ
1052 2963 1231 3033 ίσμεν,
1263 2965 1370 3015 τῶν
1398 2959 1678 3033 παρόντων
1704 2962 1798 3015 καὶ

118 3050 420 3122 δρωμένων
442 3050 541 3118 οὺχ
556 3045 726 3119 ,ἧττόν
746 3051 861 3102 ἐστι
890 3049 1074 3111 πιστὰ,
1109 3050 1215 3112 πᾶς
1243 3048 1488 3102 ὁστισοῦν
1518 3049 1592 3120 μὴ
1622 3066 1799 3122 παρα-

120 3155 302 3193 παιων
335 3137 431 3190 καὶ
473 3134 779 3207 ἐξεστηκὼς
823 3135 1198 3207 ὁμολογήσειεν
1230 3136 1295 3190 ἄν
1319 3153 1333 3168 ⁸
1366 3137 1452 3190 ἵνα
1487 3137 1545 3190 δέ
1596 3139 1688 3191 καὶ
1733 3138 1799 3191 ἐκ

120 3224 448 3297 περιουσίας
479 3224 578 3295 τὴν
614 3223 769 3293 νίκην
808 3221 1100 3294 ἀρώμεθα,
1144 3223 1401 3295 βούλομαι
1441 3225 1535 3277 καὶ
1572 3225 1663 3278 ἐπ)⁵
1702 3226 1799 3297 τῆς

120 3313 404 3385 ἡμετέρας
437 3313 629 3379 γενεᾶς
666 3310 954 3381 γενόμενόν
995 3328 1046 3363 τι
1090 3310 1382 3382 παράδοξον
1411 3313 1601 3366 εἰπεῖν.
1639 3312 1801 3366 Ἀλλά

119 3402 201 3471 μὴ
246 3398 587 3471 θορυϐηθῆτε
618 3400 667 3452 εί
711 3398 895 3469 θαῦμα
939 3399 1304 3469 ὑποσχόμενος
1343 3400 1487 3470 ἐρεῖν
1527 3399 1610 3470 ἐφ’
1641 3401 1802 3471 ήμῶν

121 3488 371 3558 γεγονὸς,
412 3482 532 3540 εἶτα
572 3487 636 3540 ἐκ
667 3488 900 3550 παλαιᾶς
938 3486 1177 3557 ἱστορίας
1212 3486 1450 3558 ἄρχομαι
1480 3486 1574 3540 τοῦ
1607 3486 1798 3558 διηγή·

122 3593 299 3647 ματος
345 3575 591 3644 ὑφαίνειν
632 3573 729 3645 τὴν
769 3575 959 3645 ἀρχήν.
1013 3573 1149 3627 Οὔτε
1189 3575 1296 3645 γὰρ
1342 3576 1530 3646 μέχρις
1580 3574 1801 3629 ἐκείνων

120 3666 404 3736 στήσομαι
437 3661 615 3733 μόνον,
646 3660 768 3714 οὔτε
794 3660 1047 3732 ἀλλότρια
1079 3662 1180 3731 τῆς
1203 3661 1329 3727 νέας
1359 3662 1672 3731 ὑποθέσεως
1691 3661 1798 3732 ἐρῶ

121 3752 188 3804 τά
220 3750 466 3805 παλαιάο
492 3749 731 3820 ἀλλήλων
754 3748 862 3818 γάρ
882 3749 1114 3820 ἑκάτερα
1142 3749 1338 3820 ἔχεται,
1363 3754 1456 3802 καὶ
1482 3748 1800 3819 διαζευχθῆ-

122 3857 212 3891 ναι
238 3839 342 3908 τὴν
368 3836 687 3890 ἀκολουθίαν
710 3836 889 3888 αὐτῶν
916 3836 1016 3889 οὐκ
1043 3836 1120 3889 ἔνι
1139 3852 1152 3864 ·
1180 3835 1391 3890 εἴσεσθε
1417 3837 1474 3890 δέ
1496 3837 1675 3901 καλῶς
1700 3836 1800 3890 αὐ-

121 3927 231 3979 τῶν
264 3924 376 3976 τῶν
408 3923 745 3994 πραγμάτων
774 3921 1123 3985 ἀκούσαντες.

191 4011 255 4065 ε’.
299 4010 546 4075 Ἐγένετό
574 4027 652 4073 τις
671 4009 918 4080 βασιλεὺς
935 4009 1026 4063 ἐπὶ
1050 4008 1156 4062 τῶν
1187 4008 1464 4080 προγόνων
1476 4008 1583 4062 τῶν
1604 4007 1801 4079 ἡμετέ-

122 4116 236 4170 ρων
252 4102 275 4163 ,’
297 4097 395 4151 καὶ
422 4096 492 4148 τὰ
528 4095 625 4165 μὲν
667 4095 800 4150 ἄλλα
843 4096 1024 4159 ὁποῖός
1061 4113 1142 4158 τις
1181 4091 1248 4166 ἦν
1278 4089 1430 4158 οὗτος
1458 4096 1486 4147 6
1529 4093 1798 4164 βασιλεὺς,

120 4188 224 4239 οὐκ
253 4185 366 4255 ἐχω
392 4184 570 4252 λέγειν
589 4200 605 4217 ο
630 4185 693 4237 τὸ
734 4185 789 4238 δὲ
821 4186 950 4252 ἄγος
979 4185 1112 4256 ὅπερ
1140 4184 1435 4255 ἐτόλμησεν
1473 4184 1802 4247 ἀκούσαντες

121 4271 339 4326 εἴσεσθε
369 4272 464 4325 καὶ
494 4272 622 4342 περὶ
654 4271 752 4341 τῆς
785 4271 977 4341 λοιπῆς
1009 4271 1115 4324 τῶν
1146 4271 1360 4341 τρόπων
1397 4270 1695 4341 ὠμότητος.
1736 4270 1801 4323 Τί

120 4355 217 4412 οὖν
246 4359 312 4412 τὸ
330 4359 465 4427 ἀγος
485 4354 586 4428 ἦν;
618 4357 834 4422 Ἔδοξεν
862 4357 1001 4412 ἔθνει
1021 4357 1128 4411 τινὶ
1155 4357 1262 4412 τῶν
1300 4357 1490 4428 ἐκείνῳ
1515 4357 1804 4428 πολεμούν-

123 4463 235 4499 των
253 4445 337 4515 τῷ
361 4445 571 4515 βασιλεῖ
590 4445 890 4499 καταλῦσαι
912 4445 1002 4499 τὸν
1024 4446 1277 4516 πόλεμον,
1301 4447 1396 4499 καὶ
1421 4447 1556 4516 μήτε
1582 4445 1802 4516 ἐτέρους

124 4534 374 4595 κόπτειν,
409 4533 547 4601 μήτε
576 4532 771 4594 αὐτοὺς
797 4532 901 4585 ὑπὸ
930 4533 1128 4604 ἐτέρων
1156 4533 1449 4587 κόπτεσθαι
1474 4532 1568 4586 τοῦ
1590 4531 1798 4599 λοιποῦ,

122 4620 264 4673 ἀλλά
295 4619 636 4689 πραγμάτων
660 4619 759 4689 μὲν
783 4618 1142 4691 ἀπηλλάχθαι,
1163 4621 1258 4673 καὶ
1284 4619 1562 4685 κινδύνων,
1592 4620 1685 4673 καὶ
1709 4621 1803 4689 φό-

123 4706 261 4768 ϐων,
305 4706 556 4775 στέργειν
592 4706 650 4759 δὲ
681 4710 792 4770 τοῖς
821 4706 1143 4777 ὑπάρχουσι,
1178 4707 1269 4761 καὶ
1304 4707 1467 4777 μηδὲν
1502 4707 1664 4762 πλέον
1694 4707 1801 4763 τῶν

122 4792 298 4846 όντων
323 4791 603 4864 ἐπιζητεῖν
624 4809 640 4825 ο
676 4796 925 4865 κρεῖττον
955 4794 1062 4867 γάρ
1092 4790 1228 4847 εἶναι
1257 4796 1392 4865 μετά
1419 4794 1647 4863 ἀφοϐίας
1676 4797 1804 4850 ἀπο·

121 4879 315 4931 λαύειν
353 4880 620 4950 μετρίων,
659 4881 691 4952 ἢ
722 4880 816 4934 τοῦ
848 4881 1088 4945 πλείονος
1128 4881 1445 4951 ἐφιεμένους
1485 4881 1800 4948 δεδοικέναι,

120 4970 221 5019 καὶ
253 4966 481 5037 τρέμειν
520 4968 627 5033 ἀεὶ,
668 4969 761 5022 καὶ
793 4969 936 5022 κακά
972 4970 1153 5033 αὐτοῖς
1178 4986 1237 5021 τε
1272 4970 1363 5023 καὶ
1400 4969 1604 5040 ἑτέροις
1633 4970 1802 5024 διδόν-

122 5070 226 5115 τας
255 5053 354 5107 καὶ
383 5055 515 5126 παρ’
545 5055 748 5126 ἐτέρων
779 5054 1153 5125 λαμϐάνοντας
1181 5055 1298 5126 ζῇν.
1341 5055 1508 5121 Δόξαν
1541 5056 1604 5127 δὴ
1634 5073 1802 5110 κατα-

120 5140 319 5195 θέσθαι
344 5141 436 5195 τὸν
454 5142 707 5213 πόλεμον,
738 5143 834 5197 καὶ
859 5144 949 5197 τὸν
977 5143 1304 5215 ἀπράγμονα
1334 5142 1445 5212 βίον
1474 5142 1592 5214 ζῇν,
1626 5142 1801 5209 ἔδοξεν

124 5219 338 5291 ισχυρῷ
361 5238 466 5273 τινι
496 5221 682 5292 θεσμῷ
703 5223 796 5277 καὶ
815 5223 960 5294 ὅροις
982 5223 1008 5263 b
1031 5221 1294 5290 ἀσφαλέσι
1319 5221 1477 5275 τοῦτο
1498 5223 1799 5292 καταδῆσαι

118 5298 186 5349 τὸ
244 5297 410 5350 καλόν
431 5314 446 5329 ο
501 5299 595 5352 καὶ
644 5302 1000 5370 ποιησάμενοι
1056 5300 1345 5369 συνθήκας,
1399 5301 1491 5353 καὶ
1551 5300 1802 5365 λαϐόντες

119 5377 347 5446 ὅρκους,
374 5378 467 5431 καὶ
497 5377 698 5443 δόντες,
723 5379 873 5451 [545]
903 5382 965 5433 ἐκ
994 5379 1307 5451 περιουσίας
1338 5379 1655 5450 ἐπεχείρουν
1685 5379 1803 5431 πεί-

121 5453 242 5529 θειν
272 5455 366 5509 τδν
397 5454 617 5525 βασιλέα
642 5458 734 5511 τὸν
764 5458 964 5522 αὐτῶν,
994 5458 1086 5511 τὸν
1133 5458 1230 5511 οἱον
1257 5458 1347 5511 τὸν
1376 5457 1537 5511 αὑτοῦ
1569 5458 1801 5529 (παιδίον

118 5532 180 5585 δὲ
202 5527 273 5602 ἦν
302 5534 520 5605 κομιδῇ)
541 5536 642 5607 τῆς
675 5539 896 5609 εἰρήνης
928 5538 1177 5608 ἐνέχυρον
1211 5537 1510 5591 καταθέντα
1538 5527 1795 5606 ἀσφαλὲς,

118 5613 240 5674 τοῖς
258 5627 321 5664 τε
347 5614 609 5685 πρότερον
631 5616 906 5686 πολεμίοις
926 5612 1045 5669 οὖσι
1069 5615 1326 5685 παρέχειν
1354 5616 1594 5687 θαρρεῖν,
1620 5618 1718 5687 τῆς
1738 5634 1796 5668 τε

119 5693 335 5758 οἰκείας
374 5695 601 5767 γνώμης
649 5699 943 5770 μαρτύριον
976 5698 1295 5765 ἐξενάίκεῖν,
1328 5699 1403 5762 ὡς
1457 5698 1657 5764 ἀδόλως
1699 5700 1795 5770 τὴν

136 5836 145 5843 ‘
186 5823 219 5888 ξ
239 5822 338 5888 Alii
359 5823 446 5873 τοῦ
469 5826 759 5888 πράγματος,

186 5882 221 5921 δ
247 5886 380 5936 [nus
400 5882 617 5938 secdudé
640 5882 777 5938 manu
799 5892 970 5949 ὅρκοις.

990 336 1082 393 DE
1115 335 1172 393 S.
1209 333 1504 402 BABYLA,
1546 329 1824 390 CONTRA
1851 330 2193 389 JULIANUM
2231 332 2316 388 ΕΤ
2355 331 2699 399 GENTILES

1899 432 2121 517 εἰρήνην
2151 437 2518 506 πεποιημένου
2552 439 2689 510 πρὸς
2725 440 2940 505 αὐτούς.
2972 442 3080 496 Καὶ
3111 443 3284 499 ταῦτα
3320 446 3565 517 λέγοντες

1898 512 2142 597 ἐπεισαν,
2171 518 2264 570 καὶ
2300 519 2527 582 ἐξέδωκε
2555 521 2644 573 τὸν
2669 522 2782 575 υίὸν
2806 524 2834 575 6
2866 524 3136 593 βασιλεὺς,
3165 527 3241 590 ὥς
3280 528 3377 597 μὲν
3392 512 3565 594 ἀὐτὸς

1896 593 2052 665 ᾤετο,
2088 599 2200 660 τοῖς
2240 598 2413 666 φίλοις
2450 601 2543 653 καὶ
2574 603 2903 674 συμμάχοις,
2931 605 3007 668 ὡς
3035 606 3091 659 δὲ
3115 607 3177 660 τὸ
3203 593 3352 672 τέλος
3378 593 3564 675 ἔδειξε,

1897 675 1979 761 τῶ
1999 677 2214 761 πάντων
2244 680 2599 754 ἀπηνεστάτῳ
2629 684 2820 757 θηρίῳ.
2848 688 3042 741 Λαϐὼν
3073 690 3178 761 γὰρ
3207 691 3356 761 νόμῳ
3386 693 3569 761 φιλίας

1901 759 1993 812 καὶ
2018 759 2299 845 συνθηκῶν
2317 763 2380 845 τί)
2402 764 2610 845 παιδίον
2630 767 2803 821 ἐκεῖνο
2826 769 2887 822 τὸ
2913 759 3209 839 βασιλικδν,
3236 759 3411 828 πάντα
3430 776 3564 845 ὁμοῦ

1903 840 2373 928 κατεπάτησε-,καὶ
2408 844 2667 916 ἀνέτρεψε
2724 849 2850 914 τοὺς
2883 851 3098 922 ὅρκους,
3136 854 3233 919 τάς
3275 840 3565 928 συνθήκας,

1896 921 1996 1006 τῂν
2020 923 2156 1006 πρδς
2183 923 2501 996 ἀνθρώπους
2530 929 2683 990 αἰδῶ,
2714 931 2811 1002 τὴν
2843 921 2978 1005 πρός
3000 937 3059 987 τὸ
3077 935 3232 990 Θεῖον
3261 921 3564 1006 εὐλάϐειαν,

1897 1003 1996 1092 τὸν.
2018 1005 2254 1092 ἀπὸ-τῆς
2276 1008 2493 1092 ἡλικίας
2525 1011 2672 1067 ἔλεον
2700 1029 2714 1044 ⁸
2741 1014 2835 1068 καὶ
2869 1003 2989 1068 οὔτε
3019 1020 3052 1087 ή
3082 1019 3270 1089 νεότης
3297 1019 3357 1073 τὸ
3383 1003 3568 1092 θηρίον

1897 1084 2234 1173 ἐπέκαμψεν,
2265 1090 2389 1144 οὔτε
2423 1093 2455 1163 ή
2485 1096 2837 1168 παρεπομένη
2867 1100 2979 1161 τοῖς
3003 1084 3262 1164 τοιούτοις
3297 1084 3568 1173 μιάσμασι

1896 1168 2017 1256 δίκη
2054 1171 2143 1256 τδν
2173 1172 2361 1243 ἄγριον
2388 1175 2593 1229 ἐκεῖνον
2622 1178 2910 1248 ἐφόϐησεν,
2941 1180 3065 1233 οὔτε
3097 1182 3164 1235 τά
3191 1168 3568 1256 τοῦπαρακα-

1897 1252 2190 1323 ταθεμένου
2232 1256 2436 1327 πατρὸς
2462 1257 2624 1311 αὑτὸν
2659 1260 2875 1328 εἰσῆλθε
2921 1264 3156 1332 ῥήματα,
3180 1262 3325 1334 άπερ
3362 1252 3566 1330 ἐκεῖνος

1895 1335 1987 1389 τὸν
2015 1336 2127 1389 υἱὸν
2159 1337 2478 1410 ἐγχειρίζων
2511 1339 2639 1403 ἴσως
2683 1342 3044 1414 ἐπέσκηπτεν,
3086 1346 3144 1399 ἐν
3180 1347 3467 1418 ἐπιμελείᾳ
3508 1365 3565 1400 τε

1897 1419 2057 1472 αὑτὸν
2082 1419 2225 1488 ἔχειν
2253 1421 2417 1485 ἀξιῶν
2445 1421 2636 1494 πολλῇ,
2667 1425 2761 1477 καὶ
2793 1426 3004 1496 πατέρα
3033 1428 3194 1481 αὐτὸν
3219 1430 3567 1500 ἐπιφημίζων

1896 1500 1974 1571 τῷ
2006 1503 2175 1567 παιδὶ,
2212 1504 2305 1555 καὶ
2328 1503 2403 1567 ὡς
2433 1505 2594 1558 αὐτὸν
2625 1508 3009 1577 γεγεννηκότα,
3050 1508 3191 1562 οὕτω
3221 1511 3441 1581 τρέφειν
3475 1513 3568 1564 καὶ

1897 1582 2171 1637 παιδεύειν
2207 1586 2557 1656 παρακαλῶν,
2604 1589 2698 1641 καὶ
2737 1589 2835 1660 τῆς
2874 1591 2981 1643 τῶν
3029 1593 3244 1646 οίκείων
3289 1594 3569 1664 προγόνων

1898 1666 2172 1734 εὐγενείας
2224 1667 2371 1734 ἀξιον
2424 1671 2744 1739 ἀποφαίνειν
2770 1689 2783 1702 ·
2847 1674 2942 1728 καὶ
3001 1676 3141 1743 μετὰ
3176 1675 3399 1729 -τούτων
3460 1678 3569 1731 τῶν

1900 1747 2158 1818 ῥημάτων
2194 1749 2293 1820 τὴν
2315 1749 2495 1815 δεξιάν
2542 1752 2636 1805 τοῦ
2693 1754 2880 1817 παιδὸς
2922 1758 2991 1826 τῇ
3039 1755 3188 1828 δεξιᾷ
3232 1758 3327 1811 τοῦ
3366 1760 3570 1828 φονέως

1898 1829 2144 1893 ἐντιθεὶς,
2180 1833 2276 1884 καὶ
2317 1833 2454 1900 μετὰ
2486 1833 2735 1903 δακρύων
2768 1835 3116 1907 διαλυόμενος
3142 1855 3154 1869 ⁸
3185 1839 3388 1892 τούτων
3418 1840 3568 1894 οὐδὲν

1898 1913 1979 1991 είς
2023 1912 2145 1991 νοῦν
2177 1914 2205 1965 6
2240 1915 2434 1985 μιαρὸς
2474 1915 2677 1979 ἐκεῖνος
2708 1916 2951 1980 ἐϐάλετο,
2997 1919 3134 1972 ἀλλά
3175 1922 3357 1974 πάντα
3407 1921 3568 1991 ῥίψας

1898 1988 2108 2060 ἀθρόως
2146 1991 2253 2045 ἀπὸ
2284 1994 2383 2063 τῆς
2417 1993 2614 2064 ψυχῆς,
2649 1994 2737 2048 τὸν
2780 1996 2937 2064 φόνον
2971 1998 3176 2051 ἐκεῖνον
3217 1998 3309 2052 τὸν
3350 1988 3567 2052 πάντων

1900 2071 2255 2140 ἐναγέστατον
2290 2075 2397 2128 τῶν
2427 2077 2603 2143 φόνων
2629 2078 2938 2147 ἐργάζεται.
2973 2080 3144 2133 Τοῦτο
3180 2082 3288 2152 γὰρ
3318 2082 3412 2134 καὶ
3441 2099 3566 2134 παι-

1898 2154 2174 2218 δοκτονίας
2214 2159 2392 2227 χεῖρον
2446 2160 2507 2213 τὸ
2559 2160 2805 2231 μίασμα’
2849 2162 2943 2215 καὶ
2977 2163 3253 2233 μάρτυρες
3303 2164 3478 2234 ὑμεῖς,
3518 2166 3568 2218 οἰ

1899 2238 2000 2290 οὐκ
2049 2237 2115 2292 ἂν
2162 2239 2333 2302 οὕτως
2377 2239 2711 2310 ἀλγήσαντες
2743 2254 2790 2307 ο,
2827 2246 2981 2315 εἴπερ
3031 2248 3144 2309 τοῖς
3187 2248 3339 2315 ἐμοῖς
3372 2248 3567 2301 πάθεσι

1901 2320 1995 2373 καὶ
2053 2320 2122 2373 τά
2180 2322 2420 2392 ὑμέτερα
2480 2325 2835 2395 στοχάζεσθαι
2893 2328 3019 2398 χρὴ,
3077 2331 3126 2381 εί
3178 2329 3269 2381 τὸν
3322 2329 3434 2383 υἱὸν
3486 2331 3567 2383 ὃτι

1900 2402 2234 2471 κατέσφαξεν
2260 2406 2525 2473 ἠκούσατε
2563 2408 2653 2460 τὸν
2690 2408 2889 2474 ἑαυτοῦ
2906 2427 2920 2440 ο
2950 2411 3066 2464 τότε
3125 2412 3224 2482 μὲν
3271 2413 3380 2483 γάρ
3431 2414 3569 2484 μετά

1899 2484 2007 2537 τῶν
2036 2485 2225 2538 κοινῶν
2252 2487 2430 2557 νόμων
2463 2488 2559 2541 καὶ
2589 2490 2637 2541 οί
2667 2489 2766 2560 τῆς
2793 2492 3005 2559 φύσεως
3031 2493 3246 2546 ἐδόκουν
3275 2496 3569 2567 ἀνατετρά-

1903 2568 2033 2649 φθαι
2072 2567 2259 2638 θεσμοί
2282 2585 2296 2595 ⁸
2333 2570 2564 2624 ἐνταῦθα
2592 2572 2647 2624 δέ
2680 2571 2849 2627 πολλά
2875 2573 3009 2645 ὁμοῦ
3042 2576 3498 2649 συνδεδράμηκεν,
3533 2580 3570 2634 ἀ

1901 2648 1996 2703 καὶ
2021 2649 2118 2718 τῆς
2144 2650 2377 2720 φυσικῆς
2402 2652 2643 2725 ἀνάγκης
2672 2656 2994 2727 ἰσχυρότερα
3018 2652 3096 2724 τῷ
3123 2658 3315 2730 πλήθει
3338 2648 3567 2729 γίνεται.

1904 2730 2070 2784 Ὅταν
2098 2733 2207 2802 γάρ
2234 2734 2469 2805 ἐννοήσω
2499 2735 2561 2787 τὸ
2593 2739 2880 2810 μειράκιον
2902 2740 2962 2791 τὸ
3000 2740 3167 2811 μηδὲν
3200 2742 3476 2813 ὴδικηκὺς,
3509 2743 3570 2796 τὸ

1902 2814 2053 2886 παρά
2078 2816 2171 2869 τοῦ
2202 2817 2405 2887 πατρὸς
2433 2818 2667 2883 ἐκδοθὲν,
2694 2820 2755 2873 τὸ
2787 2821 2896 2875 τῶν
2924 2824 3261 2893 προγονικῶν
3287 2826 3570 2896 βασιλείων

1902 2897 2275 2963 ἀποσπασθὲν,
2321 2901 2412 2954 καὶ
2448 2902 2548 2972 τῆς
2587 2904 2792 2968 οἰκείας
2838 2906 3072 2976 τρυφῆς,
3115 2908 3210 2961 καὶ
3255 2908 3431 2979 δόξης,
3479 2911 3571 2961 καὶ

1902 2981 2087 3051 τιμῆς,
2147 2981 2510 3054 ἀλλαξάμενον
2562 2986 2660 3057 τὴν
2717 2990 2775 3041 ἐν
2831 2988 3089 3061 ἀλλοτρία
3137 2990 3430 3062 διαγωγὴν,
3484 2993 3571 3044 ἵνα

1903 3064 1996 3134 ἐξῇ
2051 3064 2129 3135 τῷ
2181 3066 2360 3137 μιαρῷ
2407 3067 2626 3141 θαρρεῖν
2677 3070 2868 3143 ἐκείνῳ
2927 3074 3050 3143 περὶ
3106 3072 3214 3126 τῶν
3266 3074 3568 3144 συνθηκῶν,

1904 3144 2022 3202 εἶτα
2063 3150 2154 3202 ὑπ’
2204 3150 2366 3203 αὐτοῦ
2414 3154 2804 3223 κατεργασθέν,
2851 3156 2944 3208 καὶ
2984 3155 3092 3208 τῶν
3124 3154 3259 3209 οίκοι
3304 3157 3570 3229 λαμπρῶν

1904 3232 1972 3286 δι’
1990 3233 2151 3287 αὐτὸν
2174 3234 2561 3306 ἀποστερηθέν,
2576 3238 2667 3291 καὶ
2693 3238 2782 3290 ὑπ’
2801 3237 2963 3291 αὑτοῦ
2985 3238 3143 3292 πάλιν
3161 3240 3480 3307 ἀποσφαγέν
3515 3240 3568 3306 ἀ,

1905 3317 2144 3372 ἐναντίον
2159 3335 2209 3370 τι
2225 3318 2419 3389 πάσχω
2435 3318 2623 3385 πάθος,
2642 3321 2934 3390 τηκόμενός
2949 3336 3009 3372 τε
3021 3320 3153 3390 ὁμοῦ
3169 3321 3266 3391 τὴν
3284 3320 3457 3393 ψυχὴν
3477 3323 3572 3375 καὶ

1904 3399 2142 3466 ἐξοιδῶν,
2184 3401 2245 3454 τὸ
2285 3404 2381 3473 μὲν
2411 3402 2504 3455 τοῦ
2536 3403 2728 3474 θυμοῦ,
2757 3405 2819 3456 τὸ
2854 3405 2910 3457 δέ
2941 3403 3042 3472 τῆς
3079 3403 3313 3476 ἀθυμίας
3341 3407 3568 3476 ἐργαζο-

1909 3483 2093 3553 μένης.
2124 3483 2292 3538 Ὃταν
2326 3484 2424 3555 μὲν
2449 3485 2556 3556 γάρ
2581 3488 2817 3557 ἐννοήσω
2845 3487 2937 3540 τὸν
2961 3487 3157 3559 μιαρὸν
3185 3489 3392 3543 ἐκεῖνον
3415 3488 3569 3541 ὁπλι-

1907 3566 2150 3637 ζόμενον,
2208 3568 2302 3620 καὶ
2344 3566 2415 3643 ,τὸ
2472 3568 2620 3637 ξίφος
2669 3570 3034 3644 ἀνατείνοντα,
3090 3571 3185 3624 καὶ
3233 3572 3331 3643 τὴν
3391 3573 3570 3644 δειρὴν

1906 3636 2205 3719 κατέχοντα
2229 3649 2322 3704 τοῦ
2344 3636 2558 3714 παιδὸς,
2592 3654 2685 3706 καὶ
2712 3636 2810 3724 τὴν
2835 3652 3034 3718 δεξιὰν,
3126 3655 3226 3726 τὴν
3255 3636 3568 3726 παρακατά-

1907 3729 2082 3801 θήκην
2126 3730 2359 3798 ἐδέξατο,
2398 3731 2570 3806 ταύτῃ
2623 3735 2741 3787 κατ’
2789 3736 2959 3806 αὐτῆς
3008 3735 3251 3791 ὠθοῦντα
3297 3739 3356 3790 τὸ
3397 3737 3565 3806 ξίφος,

1905 3813 2303 3887 διαρρήγνυμαι
2331 3816 2424 3868 καὶ
2445 3816 2816 3888 ἀποπνίγομαι
2842 3818 2918 3888 τῷ
2946 3817 3103 3889 Θυμῷ
3125 3833 3142 3851 ο
3174 3819 3302 3871 ὅταν
3329 3820 3386 3873 δέ
3408 3822 3568 3874 πάλιν

1908 3893 2002 3947 ίδω
2041 3895 2131 3950 τὸν
2173 3896 2292 3949 νέον
2334 3896 2624 3963 δεδοικότα,
2668 3900 2763 3951 καὶ
2803 3901 3091 3971 τρέμοντα,
3132 3903 3225 3955 καὶ
3259 3901 3568 3972 ⁸οἰμώζοντα

1904 3977 2005 4040 τάς
2031 3978 2262 4048 ἐσχάτας
2283 3979 2548 4048 οίμωγάς,
2575 3981 2666 4034 καὶ
2692 3982 2782 4034 τὸν
2812 3983 3023 4052 πατέρα
3054 3983 3447 4050 ἀνακαλοῦντα,
3474 3986 3570 4039 καὶ

1905 4061 2108 4116 τούτων
2161 4065 2331 4116 αίτιον
2393 4064 2554 4116 αὑτὸν
2611 4064 2937 4136 γεγενῆσθαι
2997 4067 3224 4136 λέγοντα
3248 4109 3263 4135 ,
3327 4072 3421 4126 καὶ
3471 4076 3570 4145 τὴν

1908 4144 2121 4215 σφαγὴν
2150 4146 2211 4198 οὐ
2242 4144 2321 4215 τῷ
2355 4145 2668 4216 βαπτίζοντι
2694 4147 2754 4200 τὸ
2785 4146 2936 4217 ξίφος
2967 4150 3048 4213 είς
3077 4150 3170 4203 τὸν
3199 4151 3410 4223 λαιμὸν,
3435 4144 3571 4211 ἀλλά

1905 4229 1983 4300 τῷ
2010 4228 2356 4298 γεγεννηκότι
2378 4229 2739 4300 λογιζόμενον,
2756 4233 2847 4285 καὶ
2871 4232 2945 4305 μὴ
2973 4228 3264 4304 δυνάμενον
3288 4239 3566 4307 ἐκφυγεῖν,

1911 4317 2045 4387 μηδέ
2080 4316 2355 4388 ἐπαμῦναι
2393 4316 2591 4389 ἐαυτῷ,
2628 4318 2740 4372 ἀλλ’
2780 4322 3017 4392 ἀνήνυτα
3066 4323 3249 4379 λοιπὸν
3286 4325 3363 4398 τῷ
3400 4345 3570 4398 φυσαυ

1911 4400 2057 4471 μένῳ
2110 4401 2475 4471 μεμφόμενον,
2529 4402 2623 4455 καὶ
2675 4403 2964 4473 δεχόμενον
3018 4406 3117 4478 τὴν
3176 4408 3419 4480 πληγὴν,
3477 4414 3572 4465 καὶ

1907 4484 2243 4554 ἀσπαίροντα
2268 4496 2314 4547 ο,
2355 4485 2449 4537 καὶ
2492 4484 2810 4549 λακτίζοντα
2860 4486 3140 4558 τοῦδαφος,
3185 4493 3279 4544 καὶ
3319 4494 3417 4564 τὴν
3468 4496 3572 4564 γῆν

1907 4569 2018 4627 τοῖς
2046 4566 2154 4619 τῶν
2195 4567 2443 4638 αἱμάτων
2484 4568 2778 4637 μολύνοντα
2813 4575 3078 4642 κρουνοῖς,
3113 4574 3471 4646 διακόπτομαι
3504 4579 3569 4633 τὰ

1909 4647 2058 4722 [544]
2094 4649 2394 4722 σπλάγχνα,
2429 4652 2524 4704 καὶ
2556 4653 2853 4722 σκοτοῦμαι
2892 4654 2983 4708 τὸν
3030 4655 3305 4727 λογισμὸν,
3340 4658 3433 4713 καί
3469 4660 3569 4729 μού

1905 4747 1989 4793 τις
2015 4732 2182 4803 ἀχλὺς
2209 4733 2443 4803 ἀθυμίας
2469 4741 2784 4808 καταχεῖται
2812 4742 2924 4802 τοῖς
2950 4741 3265 4813 ὀφθαλμοῖς.
3309 4742 3447 4796 Ἀλλ’
3475 4743 3570 4813 οὑχ

1906 4820 1935 4905 6
1967 4819 2069 4905 θήρ
2095 4821 2311 4905 ἐκεῖνος
2337 4818 2600 4905 ἐπαθέᾼτι
2631 4822 2868 4876 τοιοῦτον
2898 4824 3067 4891 οὐδὲν,
3099 4825 3214 4879 ἀλλ’
3241 4826 3427 4905 ὥσπερ
3453 4828 3569 4880 τινὰ

1907 4900 2110 4971 ἀρνδνῐ
2147 4900 2435 4955 καταθύειν
2467 4902 2673 4973 μέλλων
2700 4905 2733 4975 ἢ
2773 4906 2991 4977 μόσχον,
3019 4908 3162 4962 οὕτω
3187 4900 3405 4980 διετέθη
3434 4911 3568 4981 πρὸς

1905 4988 2005 5057 τὴν
2056 4985 2256 5058 μιαρὰν
2306 4986 2519 5057 ἐκείνην
2558 4989 2791 5058 σφαγήν.
2843 4991 2952 5043 Καὶ
2993 4992 3022 5043 6
3074 4994 3171 5062 μὲν
3213 4996 3341 5056 παῖς
3393 4992 3569 5045 ἔκειτο

1905 5069 2098 5140 νεκρὸς
2122 5069 2409 5139 δεξάμενος
2430 5070 2529 5140 τὴν
2555 5071 2790 5144 πληγὴν,
2817 5074 2845 5126 ὁ
2866 5074 2922 5127 δέ
2946 5077 3182 5144 σφαγεὺς
3205 5076 3570 5147 ἐπηγωνίζετο

1912 5151 1983 5222 τῷ
2012 5150 2298 5222 μιάσματι,
2333 5154 2444 5214 τοῖς
2477 5154 2745 5226 δευτέροις
2776 5158 2845 5210 τά
2876 5158 3114 5229 πρότερα
3142 5158 3452 5228 ἀποκρύψαι
3482 5178 3572 5229 φι-

1906 5238 2180 5292 λονεικῶν.
2224 5237 2377 5307 Τάχα
2412 5239 2480 5309 μέ
2508 5255 2592 5302 τις
2625 5240 2793 5293 οἴεταί
2828 5259 2882 5294 τι
2917 5242 3044 5314 περὶ
3074 5244 3172 5314 τῆς
3199 5242 3376 5312 ταφῆς
3404 5246 3568 5315 ἐρεῖν,

1907 5322 2002 5376 καὶ
2039 5321 2120 5374 ὅτι
2165 5321 2302 5392 μετὰ
2330 5324 2427 5391 τὴν
2460 5323 2672 5394 σφαγὴν
2706 5324 2826 5377 οὐδὲ
2873 5324 3131 5396 βραχείας
3158 5325 3235 5395 τῷ
3263 5326 3571 5393 φονευθέντι

1911 5404 2178 5475 μετέδωκε
2207 5404 2309 5473 γῆς
2332 5420 2346 5434 ·
2383 5403 2493 5473 ἐγὼ
2535 5405 2592 5459 δέ
2636 5424 2689 5460 τι
2730 5408 2920 5461 τούτου
2949 5407 3345 5479 τολμηρότερον
3388 5409 3572 5482 ἕτερον

1906 5487 2036 5558 ἐρῶ.
2070 5486 2180 5549 Τὰς
2212 5487 2321 5558 γάρ
2348 5487 2580 5559 ἀνόμους
2614 5491 2801 5561 χεῖρας
2838 5489 3048 5552 ἐκείνας
3087 5488 3311 5561 τοιούτῳ
3339 5492 3572 5562 μολύνας

1907 5570 2120 5640 αἵματι,
2175 5567 2271 5623 καὶ
2318 5568 2414 5639 τὴν
2466 5570 2658 5641 καινὴν
2708 5572 3078 5644 ἐργασάμενος
3124 5575 3448 5646 τραγῳδίαν,
3496 5577 3574 5646 ὼς

1971 5703 1994 5765 ς
2137 5701 2181 5765 οἳ
2207 5700 2295 5748 οὐκ
2315 5702 2371 5749 ἀν
2388 5703 2540 5759 οὕτως
2558 5704 2813 5765 ἠλγῆσατε.

1969 5760 1995 5800 ἀ
2021 5762 2054 5809 Α
2068 5762 2121 5825 |7i_i_
2134 5761 2447 5825 ἀποσφαχθέν.

1979 5825 2004 5884 f
2031 5820 2123 5869 Alii
2151 5820 2423 5884 σπαίροντα.

1972 5877 1988 5915 ί
2026 5885 2172 5933 Savil.
2199 5890 2249 5932 el
2271 5877 2359 5943 'aiii,
2378 5887 2539 5949 ὥσπερ
2553 5902 2597 5934 τι
2621 5886 2793 5950 ἀρνίον.
