  <div class='ocr_page' id='page_1' title='image "/cluster/home/n/w/nwhite01/storage/ocr_20150623/50/mdp.39015066055818/137.png"; bbox 0 0 3884 6294; ppageno 0'>
   <div class='ocr_carea' id='block_1_1' title="bbox 373 327 474 387">
    <p class='ocr_par' dir='ltr' id='par_1_1' title="bbox 373 327 474 387">
     <span class='ocr_line' id='line_1_1' title="bbox 373 327 474 387; baseline -0.03 0"><span class='ocrx_word' id='word_1_1' title='bbox 373 327 474 387; x_wconf 70' lang='lat' dir='ltr'>Nl</span> 
     </span>
    </p>
   </div>
   <div class='ocr_carea' id='block_1_2' title="bbox 367 436 2032 513">
    <p class='ocr_par' dir='ltr' id='par_1_2' title="bbox 367 436 2032 513">
     <span class='ocr_line' id='line_1_2' title="bbox 367 436 2032 513; baseline -0.005 -16"><span class='ocrx_word' id='word_1_2' title='bbox 367 443 521 497; x_wconf 74' lang='grc' dir='ltr'>οὐδὲν</span> <span class='ocrx_word' id='word_1_3' title='bbox 557 443 693 505; x_wconf 85' lang='grc' dir='ltr'>ὅλως</span> <span class='ocrx_word' id='word_1_4' title='bbox 731 443 1078 513; x_wconf 72' lang='grc' dir='ltr'>τετολμηκὼς</span> <span class='ocrx_word' id='word_1_5' title='bbox 1113 443 1142 494; x_wconf 88' lang='lat'>6</span> <span class='ocrx_word' id='word_1_6' title='bbox 1186 440 1424 511; x_wconf 79' lang='grc' dir='ltr'>ἀναιδὴς,</span> <span class='ocrx_word' id='word_1_7' title='bbox 1464 441 1557 493; x_wconf 73' lang='grc' dir='ltr'>καὶ</span> <span class='ocrx_word' id='word_1_8' title='bbox 1596 438 1812 510; x_wconf 84' lang='grc' dir='ltr'>πετρῶν</span> <span class='ocrx_word' id='word_1_9' title='bbox 1853 436 2032 490; x_wconf 82' lang='grc' dir='ltr'>αὐτῶν</span> 
     </span>
    </p>
   </div>
   <div class='ocr_carea' id='block_1_3' title="bbox 370 524 2030 602">
    <p class='ocr_par' dir='ltr' id='par_1_3' title="bbox 370 524 2030 602">
     <span class='ocr_line' id='line_1_3' title="bbox 370 524 2030 602; baseline -0.003 -17"><span class='ocrx_word' id='word_1_10' title='bbox 370 531 750 602; x_wconf 84' lang='grc' dir='ltr'>σκληρότερος,</span> <span class='ocrx_word' id='word_1_11' title='bbox 782 531 916 597; x_wconf 70' lang='grc' dir='ltr'>πρὸς</span> <span class='ocrx_word' id='word_1_12' title='bbox 953 529 1052 599; x_wconf 86' lang='grc' dir='ltr'>τὴν</span> <span class='ocrx_word' id='word_1_13' title='bbox 1090 527 1410 596; x_wconf 80' lang='grc' dir='ltr'>Ἐκκλησίαν</span> <span class='ocrx_word' id='word_1_14' title='bbox 1441 526 1697 594; x_wconf 72' lang='grc' dir='ltr'>ἠπείγετο</span> <span class='ocrx_word' id='word_1_15' title='bbox 1736 524 1832 578; x_wconf 86' lang='grc' dir='ltr'>τοῦ</span> <span class='ocrx_word' id='word_1_16' title='bbox 1874 525 2030 580; x_wconf 85' lang='grc' dir='ltr'>Θεοῦ.</span> 
     </span>
    </p>
   </div>
   <div class='ocr_carea' id='block_1_4' title="bbox 369 611 2034 684">
    <p class='ocr_par' dir='ltr' id='par_1_4' title="bbox 369 611 2034 684">
     <span class='ocr_line' id='line_1_4' title="bbox 369 611 2034 684; baseline -0.005 -12"><span class='ocrx_word' id='word_1_17' title='bbox 369 619 482 672; x_wconf 77' lang='grc' dir='ltr'>Καὶ</span> <span class='ocrx_word' id='word_1_18' title='bbox 521 619 649 681; x_wconf 73' lang='grc' dir='ltr'>ἴσως</span> <span class='ocrx_word' id='word_1_19' title='bbox 684 618 826 680; x_wconf 82' lang='grc' dir='ltr'>τινὲς</span> <span class='ocrx_word' id='word_1_20' title='bbox 866 615 1222 684; x_wconf 79' lang='grc' dir='ltr'>θαυμάζουσι,</span> <span class='ocrx_word' id='word_1_21' title='bbox 1254 614 1369 676; x_wconf 84' lang='grc' dir='ltr'>πῶς</span> <span class='ocrx_word' id='word_1_22' title='bbox 1405 613 1506 665; x_wconf 86' lang='grc' dir='ltr'>οὑκ</span> <span class='ocrx_word' id='word_1_23' title='bbox 1535 612 1748 683; x_wconf 79' lang='grc' dir='ltr'>ἐπλήγη</span> <span class='ocrx_word' id='word_1_24' title='bbox 1787 611 2034 682; x_wconf 81' lang='grc' dir='ltr'>θεηλάτῳ</span> 
     </span>
    </p>
   </div>
   <div class='ocr_carea' id='block_1_5' title="bbox 369 699 2076 773">
    <p class='ocr_par' dir='ltr' id='par_1_5' title="bbox 369 699 2076 773">
     <span class='ocr_line' id='line_1_5' title="bbox 369 699 2076 773; baseline -0.001 -19"><span class='ocrx_word' id='word_1_25' title='bbox 369 705 552 773; x_wconf 79' lang='grc' dir='ltr'>πληγῇ</span> <span class='ocrx_word' id='word_1_26' title='bbox 611 701 832 756; x_wconf 87' lang='grc' dir='ltr'>τοιαῦτα</span> <span class='ocrx_word' id='word_1_27' title='bbox 880 701 1116 771; x_wconf 85' lang='grc' dir='ltr'>τολμῶν,</span> <span class='ocrx_word' id='word_1_28' title='bbox 1165 699 1197 772; x_wconf 80' lang='grc' dir='ltr'><strong>ἢ</strong></span> <span class='ocrx_word' id='word_1_29' title='bbox 1246 701 1361 763; x_wconf 84' lang='grc' dir='ltr'>πῶς</span> <span class='ocrx_word' id='word_1_30' title='bbox 1409 700 1508 752; x_wconf 83' lang='grc' dir='ltr'>οὐκ</span> <span class='ocrx_word' id='word_1_31' title='bbox 1554 699 1840 770; x_wconf 73' lang='grc' dir='ltr'>ἐπαφῆκεν</span> <span class='ocrx_word' id='word_1_32' title='bbox 1884 699 2034 770; x_wconf 79' lang='grc' dir='ltr'>αὑτῴ</span> <span class='ocrx_word' id='word_1_33' title='bbox 2061 728 2076 740; x_wconf 72' lang='lat'>-~</span> 
     </span>
    </p>
   </div>
   <div class='ocr_carea' id='block_1_6' title="bbox 370 781 2033 860">
    <p class='ocr_par' dir='ltr' id='par_1_6' title="bbox 370 781 2033 860">
     <span class='ocr_line' id='line_1_6' title="bbox 370 781 2033 860; baseline -0.002 -17"><span class='ocrx_word' id='word_1_34' title='bbox 370 790 611 860; x_wconf 81' lang='grc' dir='ltr'>σκηπτὸν</span> <span class='ocrx_word' id='word_1_35' title='bbox 659 785 863 844; x_wconf 83' lang='grc' dir='ltr'>ἀνωθεν</span> <span class='ocrx_word' id='word_1_36' title='bbox 914 789 948 842; x_wconf 89' lang='lat'>6</span> <span class='ocrx_word' id='word_1_37' title='bbox 1001 784 1151 851; x_wconf 71' lang='grc' dir='ltr'>θεὸς,</span> <span class='ocrx_word' id='word_1_38' title='bbox 1215 787 1310 841; x_wconf 73' lang='grc' dir='ltr'>καὶ</span> <span class='ocrx_word' id='word_1_39' title='bbox 1365 786 1472 858; x_wconf 79' lang='grc' dir='ltr'>πρὸ</span> <span class='ocrx_word' id='word_1_40' title='bbox 1527 786 1627 856; x_wconf 87' lang='grc' dir='ltr'>τῆς</span> <span class='ocrx_word' id='word_1_41' title='bbox 1679 781 1884 840; x_wconf 77' lang='grc' dir='ltr'>εἰσόδου</span> <span class='ocrx_word' id='word_1_42' title='bbox 1933 786 2033 857; x_wconf 77' lang='grc' dir='ltr'>τὴν</span> 
     </span>
    </p>
   </div>
   <div class='ocr_carea' id='block_1_7' title="bbox 369 868 2036 947">
    <p class='ocr_par' dir='ltr' id='par_1_7' title="bbox 369 868 2036 947">
     <span class='ocr_line' id='line_1_7' title="bbox 369 868 2036 947; baseline -0.003 -17"><span class='ocrx_word' id='word_1_43' title='bbox 369 877 718 947; x_wconf 84' lang='grc' dir='ltr'>ἀναίσχυντον</span> <span class='ocrx_word' id='word_1_44' title='bbox 763 877 883 946; x_wconf 81' lang='grc' dir='ltr'>δψιν</span> <span class='ocrx_word' id='word_1_45' title='bbox 932 869 1227 943; x_wconf 80' lang='grc' dir='ltr'>κατέφλεξε</span> <span class='ocrx_word' id='word_1_46' title='bbox 1267 873 1344 943; x_wconf 83' lang='grc' dir='ltr'>τῷ</span> <span class='ocrx_word' id='word_1_47' title='bbox 1389 872 1638 945; x_wconf 83' lang='grc' dir='ltr'>κεραυνῷ</span> <span class='ocrx_word' id='word_1_48' title='bbox 1665 891 1676 903; x_wconf 94' lang='grc'>·</span> <span class='ocrx_word' id='word_1_49' title='bbox 1725 868 1835 942; x_wconf 83' lang='grc' dir='ltr'>ἐγὼ</span> <span class='ocrx_word' id='word_1_50' title='bbox 1880 874 1937 927; x_wconf 79' lang='grc' dir='ltr'>δέ</span> <span class='ocrx_word' id='word_1_51' title='bbox 1983 873 2036 926; x_wconf 84' lang='grc' dir='ltr'>εἰ</span> 
     </span>
    </p>
   </div>
   <div class='ocr_carea' id='block_1_8' title="bbox 367 959 2033 1031">
    <p class='ocr_par' dir='ltr' id='par_1_8' title="bbox 367 959 2033 1031">
     <span class='ocr_line' id='line_1_8' title="bbox 367 959 2033 1031; baseline -0.002 -15"><span class='ocrx_word' id='word_1_52' title='bbox 367 978 512 1026; x_wconf 86' lang='grc' dir='ltr'>τινες</span> <span class='ocrx_word' id='word_1_53' title='bbox 555 963 742 1015; x_wconf 71' lang='grc' dir='ltr'>ἔλαϐον</span> <span class='ocrx_word' id='word_1_54' title='bbox 770 960 958 1016; x_wconf 88' lang='grc' dir='ltr'>τοῦτον</span> <span class='ocrx_word' id='word_1_55' title='bbox 993 961 1084 1014; x_wconf 79' lang='grc' dir='ltr'>τὸν</span> <span class='ocrx_word' id='word_1_56' title='bbox 1127 960 1406 1031; x_wconf 84' lang='grc' dir='ltr'>λογισμὸν,</span> <span class='ocrx_word' id='word_1_57' title='bbox 1447 959 1652 1013; x_wconf 82' lang='grc' dir='ltr'>ἐπαινῶ</span> <span class='ocrx_word' id='word_1_58' title='bbox 1699 959 1798 1030; x_wconf 79' lang='grc' dir='ltr'>μὲν</span> <span class='ocrx_word' id='word_1_59' title='bbox 1837 959 2033 1022; x_wconf 83' lang='lat'><strong>06106;</strong></span> 
     </span>
    </p>
   </div>
   <div class='ocr_carea' id='block_1_9' title="bbox 370 1049 2030 1124">
    <p class='ocr_par' dir='ltr' id='par_1_9' title="bbox 370 1049 2030 1124">
     <span class='ocr_line' id='line_1_9' title="bbox 370 1049 2030 1124; baseline -0.004 -16"><span class='ocrx_word' id='word_1_60' title='bbox 370 1055 464 1109; x_wconf 73' lang='grc' dir='ltr'>καὶ</span> <span class='ocrx_word' id='word_1_61' title='bbox 512 1053 772 1124; x_wconf 78' lang='grc' dir='ltr'>θαυμάζω</span> <span class='ocrx_word' id='word_1_62' title='bbox 817 1052 917 1122; x_wconf 89' lang='grc' dir='ltr'>τῆς</span> <span class='ocrx_word' id='word_1_63' title='bbox 969 1052 1283 1123; x_wconf 80' lang='grc' dir='ltr'>πυρώσεως,</span> <span class='ocrx_word' id='word_1_64' title='bbox 1335 1050 1540 1104; x_wconf 81' lang='grc' dir='ltr'>λείπειν</span> <span class='ocrx_word' id='word_1_65' title='bbox 1587 1051 1644 1102; x_wconf 85' lang='grc' dir='ltr'>δὲ</span> <span class='ocrx_word' id='word_1_66' title='bbox 1693 1050 1935 1112; x_wconf 72' lang='grc' dir='ltr'>αὑτοὺςι</span> <span class='ocrx_word' id='word_1_67' title='bbox 1969 1049 2030 1102; x_wconf 81' lang='grc' dir='ltr'>ού</span> 
     </span>
    </p>
   </div>
   <div class='ocr_carea' id='block_1_10' title="bbox 373 1133 2032 1210">
    <p class='ocr_par' dir='ltr' id='par_1_10' title="bbox 373 1133 2032 1210">
     <span class='ocr_line' id='line_1_10' title="bbox 373 1133 2032 1210; baseline -0.004 -16"><span class='ocrx_word' id='word_1_68' title='bbox 373 1139 564 1210; x_wconf 81' lang='grc' dir='ltr'>μικρὸν</span> <span class='ocrx_word' id='word_1_69' title='bbox 601 1140 678 1209; x_wconf 82' lang='grc' dir='ltr'>τῷ</span> <span class='ocrx_word' id='word_1_70' title='bbox 715 1138 953 1208; x_wconf 80' lang='grc' dir='ltr'>θαύματι</span> <span class='ocrx_word' id='word_1_71' title='bbox 996 1137 1168 1207; x_wconf 86' lang='grc' dir='ltr'>τούτῳ</span> <span class='ocrx_word' id='word_1_72' title='bbox 1200 1137 1293 1189; x_wconf 74' lang='grc' dir='ltr'>καὶ</span> <span class='ocrx_word' id='word_1_73' title='bbox 1333 1137 1444 1200; x_wconf 84' lang='grc' dir='ltr'>τοῖς</span> <span class='ocrx_word' id='word_1_74' title='bbox 1477 1137 1716 1197; x_wconf 77' lang='grc' dir='ltr'>ἐπαίνοις</span> <span class='ocrx_word' id='word_1_75' title='bbox 1749 1133 1908 1205; x_wconf 87' lang='grc' dir='ltr'>φημί.</span> <span class='ocrx_word' id='word_1_76' title='bbox 1941 1137 2032 1187; x_wconf 83' lang='grc' dir='ltr'>Δι-</span> 
     </span>
    </p>
   </div>
   <div class='ocr_carea' id='block_1_11' title="bbox 370 1221 2034 1298">
    <p class='ocr_par' dir='ltr' id='par_1_11' title="bbox 370 1221 2034 1298">
     <span class='ocr_line' id='line_1_11' title="bbox 370 1221 2034 1298; baseline -0.002 -19"><span class='ocrx_word' id='word_1_77' title='bbox 370 1227 530 1280; x_wconf 90' lang='grc' dir='ltr'>καίαν</span> <span class='ocrx_word' id='word_1_78' title='bbox 560 1227 657 1296; x_wconf 80' lang='grc' dir='ltr'>μὲν</span> <span class='ocrx_word' id='word_1_79' title='bbox 686 1226 793 1298; x_wconf 78' lang='grc' dir='ltr'>γὰρ</span> <span class='ocrx_word' id='word_1_80' title='bbox 820 1225 917 1296; x_wconf 76' lang='grc' dir='ltr'>τὴν</span> <span class='ocrx_word' id='word_1_81' title='bbox 945 1225 1314 1294; x_wconf 87' lang='grc' dir='ltr'>ἀγανάκτησιν</span> <span class='ocrx_word' id='word_1_82' title='bbox 1340 1223 1496 1292; x_wconf 81' lang='grc' dir='ltr'>ἔσχον</span> <span class='ocrx_word' id='word_1_83' title='bbox 1521 1222 1661 1294; x_wconf 85' lang='grc' dir='ltr'>ὑπέρ</span> <span class='ocrx_word' id='word_1_84' title='bbox 1685 1239 1744 1275; x_wconf 89' lang='grc' dir='ltr'>τε</span> <span class='ocrx_word' id='word_1_85' title='bbox 1793 1221 1886 1274; x_wconf 86' lang='grc' dir='ltr'>τοῦ</span> <span class='ocrx_word' id='word_1_86' title='bbox 1933 1223 2034 1275; x_wconf 86' lang='grc' dir='ltr'>οὑκ</span> 
     </span>
    </p>
   </div>
   <div class='ocr_carea' id='block_1_12' title="bbox 369 1307 2030 1385">
    <p class='ocr_par' dir='ltr' id='par_1_12' title="bbox 369 1307 2030 1385">
     <span class='ocr_line' id='line_1_12' title="bbox 369 1307 2030 1385; baseline -0.004 -17"><span class='ocrx_word' id='word_1_87' title='bbox 369 1315 426 1368; x_wconf 74' lang='grc' dir='ltr'>ἐν</span> <span class='ocrx_word' id='word_1_88' title='bbox 457 1313 578 1385; x_wconf 79' lang='grc' dir='ltr'>δίκη</span> <span class='ocrx_word' id='word_1_89' title='bbox 609 1313 1010 1375; x_wconf 88' lang='grc' dir='ltr'>κατακοπέντος</span> <span class='ocrx_word' id='word_1_90' title='bbox 1038 1307 1242 1378; x_wconf 81' lang='grc' dir='ltr'>παιδὸς,</span> <span class='ocrx_word' id='word_1_91' title='bbox 1299 1309 1439 1382; x_wconf 86' lang='grc' dir='ltr'>ὑπέρ</span> <span class='ocrx_word' id='word_1_92' title='bbox 1496 1327 1557 1363; x_wconf 91' lang='grc' dir='ltr'>τε</span> <span class='ocrx_word' id='word_1_93' title='bbox 1596 1310 1722 1378; x_wconf 14' lang='grc' dir='ltr'>τῶν,</span> <span class='ocrx_word' id='word_1_94' title='bbox 1753 1307 1847 1362; x_wconf 88' lang='grc' dir='ltr'>τοῦ</span> <span class='ocrx_word' id='word_1_95' title='bbox 1897 1307 2030 1362; x_wconf 82' lang='grc' dir='ltr'>Θεοῦ</span> 
     </span>
    </p>
   </div>
   <div class='ocr_carea' id='block_1_13' title="bbox 370 1395 2034 1471">
    <p class='ocr_par' dir='ltr' id='par_1_13' title="bbox 370 1395 2034 1471">
     <span class='ocr_line' id='line_1_13' title="bbox 370 1395 2034 1471; baseline -0.003 -17"><span class='ocrx_word' id='word_1_96' title='bbox 370 1401 548 1470; x_wconf 86' lang='grc' dir='ltr'>νόμων</span> <span class='ocrx_word' id='word_1_97' title='bbox 618 1399 790 1464; x_wconf 76' lang='grc' dir='ltr'>οὕτως</span> <span class='ocrx_word' id='word_1_98' title='bbox 865 1398 1227 1471; x_wconf 88' lang='grc' dir='ltr'>ὑϐρισθέντων</span> <span class='ocrx_word' id='word_1_99' title='bbox 1287 1398 1512 1468; x_wconf 84' lang='grc' dir='ltr'>ἰταμῶς,</span> <span class='ocrx_word' id='word_1_100' title='bbox 1562 1397 1696 1450; x_wconf 85' lang='grc' dir='ltr'>ἀλλὰ</span> <span class='ocrx_word' id='word_1_101' title='bbox 1747 1397 1823 1468; x_wconf 81' lang='grc' dir='ltr'>τῷ</span> <span class='ocrx_word' id='word_1_102' title='bbox 1877 1395 2034 1467; x_wconf 86' lang='grc' dir='ltr'>θυμῷ</span> 
     </span>
    </p>
   </div>
   <div class='ocr_carea' id='block_1_14' title="bbox 369 1483 2031 1557">
    <p class='ocr_par' dir='ltr' id='par_1_14' title="bbox 369 1483 2031 1557">
     <span class='ocr_line' id='line_1_14' title="bbox 369 1483 2031 1557; baseline -0.003 -15"><span class='ocrx_word' id='word_1_103' title='bbox 369 1487 600 1552; x_wconf 78' lang='grc' dir='ltr'>ζέοντες,</span> <span class='ocrx_word' id='word_1_104' title='bbox 629 1489 690 1540; x_wconf 88' lang='lat'>06</span> <span class='ocrx_word' id='word_1_105' title='bbox 726 1487 958 1540; x_wconf 85' lang='grc' dir='ltr'>συνεῖδον</span> <span class='ocrx_word' id='word_1_106' title='bbox 987 1487 1109 1538; x_wconf 84' lang='grc' dir='ltr'>ὅσον</span> <span class='ocrx_word' id='word_1_107' title='bbox 1140 1486 1264 1538; x_wconf 79' lang='grc' dir='ltr'>ἰδεῖν</span> <span class='ocrx_word' id='word_1_108' title='bbox 1289 1485 1315 1524; x_wconf 67' lang='grc' dir='ltr'>δ</span> <span class='ocrx_word' id='word_1_109' title='bbox 1339 1486 1504 1556; x_wconf 86' lang='grc' dir='ltr'>ἐχρῆν</span> <span class='ocrx_word' id='word_1_110' title='bbox 1524 1502 1537 1515; x_wconf 82' lang='grc'><em>’</em></span> <span class='ocrx_word' id='word_1_111' title='bbox 1569 1484 1662 1536; x_wconf 90' lang='grc' dir='ltr'>τοῦ</span> <span class='ocrx_word' id='word_1_112' title='bbox 1692 1484 1798 1557; x_wconf 83' lang='grc' dir='ltr'>γὰρ</span> <span class='ocrx_word' id='word_1_113' title='bbox 1825 1483 2031 1538; x_wconf 75' lang='grc' dir='ltr'>δικαίου</span> 
     </span>
    </p>
   </div>
   <div class='ocr_carea' id='block_1_15' title="bbox 369 1570 2035 1646">
    <p class='ocr_par' dir='ltr' id='par_1_15' title="bbox 369 1570 2035 1646">
     <span class='ocr_line' id='line_1_15' title="bbox 369 1570 2035 1646; baseline -0.003 -18"><span class='ocrx_word' id='word_1_114' title='bbox 369 1575 555 1630; x_wconf 83' lang='grc' dir='ltr'>τούτου</span> <span class='ocrx_word' id='word_1_115' title='bbox 581 1578 742 1646; x_wconf 89' lang='grc' dir='ltr'>νόμος</span> <span class='ocrx_word' id='word_1_116' title='bbox 769 1576 952 1645; x_wconf 78' lang='grc' dir='ltr'>ἐτερος</span> <span class='ocrx_word' id='word_1_117' title='bbox 975 1573 1243 1645; x_wconf 85' lang='grc' dir='ltr'>ἀνώτερος</span> <span class='ocrx_word' id='word_1_118' title='bbox 1268 1571 1444 1641; x_wconf 87' lang='grc' dir='ltr'>πολλῴ</span> <span class='ocrx_word' id='word_1_119' title='bbox 1467 1570 1637 1625; x_wconf 85' lang='grc' dir='ltr'>κεῐται</span> <span class='ocrx_word' id='word_1_120' title='bbox 1660 1572 1716 1623; x_wconf 81' lang='grc' dir='ltr'>ἐν</span> <span class='ocrx_word' id='word_1_121' title='bbox 1741 1574 1850 1634; x_wconf 81' lang='grc' dir='ltr'>τοῖς</span> <span class='ocrx_word' id='word_1_122' title='bbox 1873 1572 2035 1642; x_wconf 79' lang='grc' dir='ltr'>ούρα-</span> 
     </span>
    </p>
   </div>
   <div class='ocr_carea' id='block_1_16' title="bbox 369 1659 2032 1732">
    <p class='ocr_par' dir='ltr' id='par_1_16' title="bbox 369 1659 2032 1732">
     <span class='ocr_line' id='line_1_16' title="bbox 369 1659 2032 1732; baseline -0.002 -15"><span class='ocrx_word' id='word_1_123' title='bbox 369 1668 500 1728; x_wconf 90' lang='grc' dir='ltr'>νοῖς.</span> <span class='ocrx_word' id='word_1_124' title='bbox 544 1665 638 1728; x_wconf 89' lang='grc' dir='ltr'>Τίς</span> <span class='ocrx_word' id='word_1_125' title='bbox 668 1662 760 1716; x_wconf 70' lang='grc' dir='ltr'>οὖν</span> <span class='ocrx_word' id='word_1_126' title='bbox 788 1665 934 1716; x_wconf 84' lang='grc' dir='ltr'>ἐστιν</span> <span class='ocrx_word' id='word_1_127' title='bbox 973 1665 1002 1716; x_wconf 84' lang='lat'>6</span> <span class='ocrx_word' id='word_1_128' title='bbox 1042 1662 1232 1732; x_wconf 87' lang='grc' dir='ltr'>νόμος;</span> <span class='ocrx_word' id='word_1_129' title='bbox 1265 1659 1386 1724; x_wconf 82' lang='grc' dir='ltr'>Τοῖς</span> <span class='ocrx_word' id='word_1_130' title='bbox 1419 1660 1757 1730; x_wconf 75' lang='grc' dir='ltr'>ἡμαρτηκόσι</span> <span class='ocrx_word' id='word_1_131' title='bbox 1790 1659 1863 1729; x_wconf 83' lang='grc' dir='ltr'>μὴ</span> <span class='ocrx_word' id='word_1_132' title='bbox 1891 1659 2032 1714; x_wconf 80' lang='grc' dir='ltr'>κατά</span> 
     </span>
    </p>
   </div>
   <div class='ocr_carea' id='block_1_17' title="bbox 369 1745 2031 1822">
    <p class='ocr_par' dir='ltr' id='par_1_17' title="bbox 369 1745 2031 1822">
     <span class='ocr_line' id='line_1_17' title="bbox 369 1745 2031 1822; baseline -0.005 -18"><span class='ocrx_word' id='word_1_133' title='bbox 369 1753 536 1815; x_wconf 87' lang='grc' dir='ltr'>πόδας</span> <span class='ocrx_word' id='word_1_134' title='bbox 557 1751 653 1822; x_wconf 76' lang='grc' dir='ltr'>τὴν</span> <span class='ocrx_word' id='word_1_135' title='bbox 677 1749 944 1821; x_wconf 83' lang='grc' dir='ltr'>τιμωρίαν</span> <span class='ocrx_word' id='word_1_136' title='bbox 973 1748 1216 1816; x_wconf 83' lang='grc' dir='ltr'>ἐπάγειν,</span> <span class='ocrx_word' id='word_1_137' title='bbox 1246 1745 1360 1800; x_wconf 81' lang='grc' dir='ltr'>ἀλλ’</span> <span class='ocrx_word' id='word_1_138' title='bbox 1388 1747 1643 1801; x_wconf 73' lang='grc' dir='ltr'>ἐνδιδόναι</span> <span class='ocrx_word' id='word_1_139' title='bbox 1666 1745 1744 1816; x_wconf 81' lang='grc' dir='ltr'>τῷ</span> <span class='ocrx_word' id='word_1_140' title='bbox 1779 1745 2031 1816; x_wconf 85' lang='grc' dir='ltr'>πεπλημ-</span> 
     </span>
    </p>
   </div>
   <div class='ocr_carea' id='block_1_18' title="bbox 373 1831 2034 1910">
    <p class='ocr_par' dir='ltr' id='par_1_18' title="bbox 373 1831 2034 1910">
     <span class='ocr_line' id='line_1_18' title="bbox 373 1831 2034 1910; baseline -0.005 -17"><span class='ocrx_word' id='word_1_141' title='bbox 373 1840 629 1910; x_wconf 86' lang='grc' dir='ltr'>μεληκότι</span> <span class='ocrx_word' id='word_1_142' title='bbox 676 1838 898 1908; x_wconf 80' lang='grc' dir='ltr'>χρόνους</span> <span class='ocrx_word' id='word_1_143' title='bbox 947 1837 1041 1889; x_wconf 73' lang='grc' dir='ltr'>καὶ</span> <span class='ocrx_word' id='word_1_144' title='bbox 1088 1835 1443 1908; x_wconf 81' lang='grc' dir='ltr'>προθεσμίαν,</span> <span class='ocrx_word' id='word_1_145' title='bbox 1491 1833 1630 1888; x_wconf 84' lang='grc' dir='ltr'>ὥστε</span> <span class='ocrx_word' id='word_1_146' title='bbox 1676 1831 1736 1887; x_wconf 85' lang='grc' dir='ltr'>τὸ</span> <span class='ocrx_word' id='word_1_147' title='bbox 1782 1833 2034 1904; x_wconf 78' lang='grc' dir='ltr'>πλημμε-</span> 
     </span>
    </p>
   </div>
   <div class='ocr_carea' id='block_1_19' title="bbox 368 1921 2032 1996">
    <p class='ocr_par' dir='ltr' id='par_1_19' title="bbox 368 1921 2032 1996">
     <span class='ocr_line' id='line_1_19' title="bbox 368 1921 2032 1996; baseline -0.003 -17"><span class='ocrx_word' id='word_1_148' title='bbox 368 1927 531 1996; x_wconf 84' lang='grc' dir='ltr'>ληθέν</span> <span class='ocrx_word' id='word_1_149' title='bbox 567 1925 954 1987; x_wconf 81' lang='grc' dir='ltr'>ἀποδύσασθαι,</span> <span class='ocrx_word' id='word_1_150' title='bbox 998 1926 1091 1978; x_wconf 80' lang='grc' dir='ltr'>καὶ</span> <span class='ocrx_word' id='word_1_151' title='bbox 1126 1922 1215 1976; x_wconf 90' lang='grc' dir='ltr'>διά</span> <span class='ocrx_word' id='word_1_152' title='bbox 1245 1923 1345 1992; x_wconf 84' lang='grc' dir='ltr'>τῆς</span> <span class='ocrx_word' id='word_1_153' title='bbox 1390 1921 1675 1992; x_wconf 70' lang='grc' dir='ltr'>μετανοίας</span> <span class='ocrx_word' id='word_1_154' title='bbox 1714 1921 2032 1991; x_wconf 78' lang='grc' dir='ltr'>ἐξισωθῆναι</span> 
     </span>
    </p>
   </div>
   <div class='ocr_carea' id='block_1_20' title="bbox 367 2005 2032 2081">
    <p class='ocr_par' dir='ltr' id='par_1_20' title="bbox 367 2005 2032 2081">
     <span class='ocr_line' id='line_1_20' title="bbox 367 2005 2032 2081; baseline -0.004 -15"><span class='ocrx_word' id='word_1_155' title='bbox 367 2016 478 2076; x_wconf 90' lang='grc' dir='ltr'>τοῖς</span> <span class='ocrx_word' id='word_1_156' title='bbox 503 2011 652 2064; x_wconf 84' lang='grc' dir='ltr'>οὐδὲν</span> <span class='ocrx_word' id='word_1_157' title='bbox 677 2010 1057 2081; x_wconf 77' lang='grc' dir='ltr'>εἰργασμένοις</span> <span class='ocrx_word' id='word_1_158' title='bbox 1079 2010 1269 2071; x_wconf 84' lang='grc' dir='ltr'>δεινὸν,</span> <span class='ocrx_word' id='word_1_159' title='bbox 1303 2011 1437 2078; x_wconf 79' lang='grc' dir='ltr'>ὅπερ</span> <span class='ocrx_word' id='word_1_160' title='bbox 1465 2009 1558 2061; x_wconf 78' lang='grc' dir='ltr'>καὶ</span> <span class='ocrx_word' id='word_1_161' title='bbox 1587 2009 1706 2062; x_wconf 89' lang='grc' dir='ltr'>τότε</span> <span class='ocrx_word' id='word_1_162' title='bbox 1735 2005 2032 2072; x_wconf 72' lang='grc' dir='ltr'>ἐνεδείξατο</span> 
     </span>
    </p>
   </div>
   <div class='ocr_carea' id='block_1_21' title="bbox 368 2095 2028 2164">
    <p class='ocr_par' dir='ltr' id='par_1_21' title="bbox 368 2095 2028 2164">
     <span class='ocr_line' id='line_1_21' title="bbox 368 2095 2028 2164; baseline -0.003 -11"><span class='ocrx_word' id='word_1_163' title='bbox 368 2102 449 2162; x_wconf 90' lang='grc' dir='ltr'>εἰς</span> <span class='ocrx_word' id='word_1_164' title='bbox 472 2101 563 2151; x_wconf 88' lang='grc' dir='ltr'>τὸν</span> <span class='ocrx_word' id='word_1_165' title='bbox 592 2098 820 2152; x_wconf 85' lang='grc' dir='ltr'>δείλαιον</span> <span class='ocrx_word' id='word_1_166' title='bbox 849 2099 1053 2151; x_wconf 84' lang='grc' dir='ltr'>ἐκεῖνον</span> <span class='ocrx_word' id='word_1_167' title='bbox 1083 2101 1112 2151; x_wconf 91' lang='lat'>6</span> <span class='ocrx_word' id='word_1_168' title='bbox 1145 2097 1276 2160; x_wconf 88' lang='grc' dir='ltr'>Θεός</span> <span class='ocrx_word' id='word_1_169' title='bbox 1301 2114 1315 2130; x_wconf 78' lang='grc' dir='ltr'><strong><em>ο</em></strong></span> <span class='ocrx_word' id='word_1_170' title='bbox 1346 2097 1554 2164; x_wconf 87' lang='grc' dir='ltr'>ἐγίνετο</span> <span class='ocrx_word' id='word_1_171' title='bbox 1582 2096 1638 2148; x_wconf 73' lang='grc' dir='ltr'>δὲ</span> <span class='ocrx_word' id='word_1_172' title='bbox 1673 2096 1830 2149; x_wconf 78' lang='grc' dir='ltr'>πλέον</span> <span class='ocrx_word' id='word_1_173' title='bbox 1859 2095 2028 2160; x_wconf 74' lang='grc' dir='ltr'>οὐδὲν,</span> 
     </span>
    </p>
   </div>
   <div class='ocr_carea' id='block_1_22' title="bbox 367 2183 2034 2256">
    <p class='ocr_par' dir='ltr' id='par_1_22' title="bbox 367 2183 2034 2256">
     <span class='ocr_line' id='line_1_22' title="bbox 367 2183 2034 2256; baseline -0.002 -16"><span class='ocrx_word' id='word_1_174' title='bbox 367 2187 482 2240; x_wconf 84' lang='grc' dir='ltr'>ἀλλ’</span> <span class='ocrx_word' id='word_1_175' title='bbox 527 2187 718 2255; x_wconf 77' lang='grc' dir='ltr'>ἔμενεν</span> <span class='ocrx_word' id='word_1_176' title='bbox 767 2185 1107 2256; x_wconf 89' lang='grc' dir='ltr'>ἀδιόρθωτος.</span> <span class='ocrx_word' id='word_1_177' title='bbox 1154 2185 1210 2239; x_wconf 90' lang='lat'>&#39;0</span> <span class='ocrx_word' id='word_1_178' title='bbox 1251 2183 1307 2237; x_wconf 78' lang='grc' dir='ltr'>δὲ</span> <span class='ocrx_word' id='word_1_179' title='bbox 1353 2184 1731 2256; x_wconf 85' lang='grc' dir='ltr'>φιλάνθρωπος</span> <span class='ocrx_word' id='word_1_180' title='bbox 1758 2183 2034 2236; x_wconf 74' lang='grc' dir='ltr'>καὶτοῦτο</span> 
     </span>
    </p>
   </div>
   <div class='ocr_carea' id='block_1_23' title="bbox 368 2269 2031 2348">
    <p class='ocr_par' dir='ltr' id='par_1_23' title="bbox 368 2269 2031 2348">
     <span class='ocr_line' id='line_1_23' title="bbox 368 2269 2031 2348; baseline -0.003 -19"><span class='ocrx_word' id='word_1_181' title='bbox 368 2275 652 2348; x_wconf 84' lang='grc' dir='ltr'>προειδὼς,</span> <span class='ocrx_word' id='word_1_182' title='bbox 676 2275 793 2328; x_wconf 82' lang='grc' dir='ltr'>οὑδέ</span> <span class='ocrx_word' id='word_1_183' title='bbox 831 2275 1003 2337; x_wconf 73' lang='grc' dir='ltr'>οὕτως</span> <span class='ocrx_word' id='word_1_184' title='bbox 1038 2275 1316 2346; x_wconf 82' lang='grc' dir='ltr'>ὑπερεῖδεν</span> <span class='ocrx_word' id='word_1_185' title='bbox 1342 2273 1524 2335; x_wconf 83' lang='grc' dir='ltr'>αὑτὸν,</span> <span class='ocrx_word' id='word_1_186' title='bbox 1558 2269 1679 2326; x_wconf 73' lang='lat'><strong>0666</strong></span> <span class='ocrx_word' id='word_1_187' title='bbox 1716 2271 1928 2325; x_wconf 78' lang='grc' dir='ltr'>ἐνέλιπε</span> <span class='ocrx_word' id='word_1_188' title='bbox 1963 2271 2031 2325; x_wconf 80' lang='grc' dir='ltr'>τὰ</span> 
     </span>
    </p>
   </div>
   <div class='ocr_carea' id='block_1_24' title="bbox 369 2360 2032 2434">
    <p class='ocr_par' dir='ltr' id='par_1_24' title="bbox 369 2360 2032 2434">
     <span class='ocr_line' id='line_1_24' title="bbox 369 2360 2032 2434; baseline -0.003 -17"><span class='ocrx_word' id='word_1_189' title='bbox 369 2367 498 2434; x_wconf 83' lang='grc' dir='ltr'>παρ’</span> <span class='ocrx_word' id='word_1_190' title='bbox 526 2364 715 2417; x_wconf 87' lang='grc' dir='ltr'>ἐαυτοῦ</span> <span class='ocrx_word' id='word_1_191' title='bbox 749 2364 935 2428; x_wconf 87' lang='grc' dir='ltr'>ποιῶν,</span> <span class='ocrx_word' id='word_1_192' title='bbox 962 2363 1076 2416; x_wconf 86' lang='grc' dir='ltr'>ἀλλ’</span> <span class='ocrx_word' id='word_1_193' title='bbox 1117 2362 1278 2426; x_wconf 84' lang='lat'><strong>0616;</strong></span> <span class='ocrx_word' id='word_1_194' title='bbox 1316 2364 1412 2433; x_wconf 69' lang='grc' dir='ltr'>μὲν</span> <span class='ocrx_word' id='word_1_195' title='bbox 1439 2363 1534 2416; x_wconf 73' lang='grc' dir='ltr'>καὶ</span> <span class='ocrx_word' id='word_1_196' title='bbox 1559 2361 1903 2431; x_wconf 83' lang='grc' dir='ltr'>ἐπεσκόπησε</span> <span class='ocrx_word' id='word_1_197' title='bbox 1933 2360 2032 2413; x_wconf 85' lang='grc' dir='ltr'>κά-</span> 
     </span>
    </p>
   </div>
   <div class='ocr_carea' id='block_1_25' title="bbox 373 2448 2032 2523">
    <p class='ocr_par' dir='ltr' id='par_1_25' title="bbox 373 2448 2032 2523">
     <span class='ocr_line' id='line_1_25' title="bbox 373 2448 2032 2523; baseline -0.002 -19"><span class='ocrx_word' id='word_1_198' title='bbox 373 2470 595 2523; x_wconf 87' lang='grc' dir='ltr'>μνοντα,</span> <span class='ocrx_word' id='word_1_199' title='bbox 629 2453 722 2504; x_wconf 72' lang='grc' dir='ltr'>καὶ</span> <span class='ocrx_word' id='word_1_200' title='bbox 762 2453 829 2505; x_wconf 78' lang='grc' dir='ltr'>τὰ</span> <span class='ocrx_word' id='word_1_201' title='bbox 873 2452 1008 2522; x_wconf 75' lang='grc' dir='ltr'>πρὸς</span> <span class='ocrx_word' id='word_1_202' title='bbox 1039 2451 1246 2518; x_wconf 88' lang='grc' dir='ltr'>ὑγίειαν</span> <span class='ocrx_word' id='word_1_203' title='bbox 1283 2449 1516 2521; x_wconf 73' lang='grc' dir='ltr'>ἔπραξεν</span> <span class='ocrx_word' id='word_1_204' title='bbox 1541 2467 1554 2479; x_wconf 72' lang='grc' dir='ltr'><strong>ο</strong></span> <span class='ocrx_word' id='word_1_205' title='bbox 1585 2449 1791 2510; x_wconf 84' lang='grc' dir='ltr'>ἐκεῖνος</span> <span class='ocrx_word' id='word_1_206' title='bbox 1835 2448 1892 2500; x_wconf 86' lang='grc' dir='ltr'>δέ</span> <span class='ocrx_word' id='word_1_207' title='bbox 1933 2448 2032 2501; x_wconf 87' lang='grc' dir='ltr'>οὑκ</span> 
     </span>
    </p>
   </div>
   <div class='ocr_carea' id='block_1_26' title="bbox 369 2533 2032 2610">
    <p class='ocr_par' dir='ltr' id='par_1_26' title="bbox 369 2533 2032 2610">
     <span class='ocr_line' id='line_1_26' title="bbox 369 2533 2032 2610; baseline -0.003 -18"><span class='ocrx_word' id='word_1_208' title='bbox 369 2540 599 2610; x_wconf 73' lang='grc' dir='ltr'>ἠθέλησε</span> <span class='ocrx_word' id='word_1_209' title='bbox 627 2539 685 2592; x_wconf 77' lang='grc' dir='ltr'>τὸ</span> <span class='ocrx_word' id='word_1_210' title='bbox 716 2540 1003 2608; x_wconf 82' lang='grc' dir='ltr'>φάρμακον</span> <span class='ocrx_word' id='word_1_211' title='bbox 1035 2537 1306 2602; x_wconf 85' lang='grc' dir='ltr'>δέξασθαι.</span> <span class='ocrx_word' id='word_1_212' title='bbox 1335 2537 1470 2591; x_wconf 84' lang='grc' dir='ltr'>ἀλλά</span> <span class='ocrx_word' id='word_1_213' title='bbox 1502 2536 1597 2590; x_wconf 75' lang='grc' dir='ltr'>καὶ</span> <span class='ocrx_word' id='word_1_214' title='bbox 1623 2534 1712 2588; x_wconf 85' lang='grc' dir='ltr'>τὸν</span> <span class='ocrx_word' id='word_1_215' title='bbox 1742 2537 1834 2592; x_wconf 72' lang='grc' dir='ltr'>ἐπὶ</span> <span class='ocrx_word' id='word_1_216' title='bbox 1861 2533 2032 2603; x_wconf 86' lang='grc' dir='ltr'>τούτῳ</span> 
     </span>
    </p>
   </div>
   <div class='ocr_carea' id='block_1_27' title="bbox 371 2621 2033 2700">
    <p class='ocr_par' dir='ltr' id='par_1_27' title="bbox 371 2621 2033 2700">
     <span class='ocr_line' id='line_1_27' title="bbox 371 2621 2033 2700; baseline 0.006 -24"><span class='ocrx_word' id='word_1_217' title='bbox 371 2626 691 2698; x_wconf 72' lang='grc' dir='ltr'>πεμφθέντα</span> <span class='ocrx_word' id='word_1_218' title='bbox 727 2625 1013 2694; x_wconf 74' lang='grc' dir='ltr'>συνέκοψεν</span> <span class='ocrx_word' id='word_1_219' title='bbox 1041 2625 1242 2696; x_wconf 86' lang='grc' dir='ltr'>ἰατρόν.</span> <span class='ocrx_word' id='word_1_220' title='bbox 1272 2623 1346 2677; x_wconf 89' lang='lat' dir='ltr'><strong>T6</strong></span> <span class='ocrx_word' id='word_1_221' title='bbox 1369 2623 1425 2676; x_wconf 84' lang='grc' dir='ltr'>δὲ</span> <span class='ocrx_word' id='word_1_222' title='bbox 1454 2624 1740 2695; x_wconf 78' lang='grc' dir='ltr'>φάρμακον</span> <span class='ocrx_word' id='word_1_223' title='bbox 1765 2621 1858 2676; x_wconf 72' lang='grc' dir='ltr'>καὶ</span> <span class='ocrx_word' id='word_1_224' title='bbox 1886 2624 1916 2676; x_wconf 76' lang='grc' dir='ltr'>ὁ</span> <span class='ocrx_word' id='word_1_225' title='bbox 1935 2622 2033 2700; x_wconf 66' lang='grc' dir='ltr'>τῆς</span> 
     </span>
    </p>
   </div>
   <div class='ocr_carea' id='block_1_28' title="bbox 374 2715 1222 2791">
    <p class='ocr_par' dir='ltr' id='par_1_28' title="bbox 374 2715 1222 2791">
     <span class='ocr_line' id='line_1_28' title="bbox 374 2715 1222 2791; baseline -0.005 -17"><span class='ocrx_word' id='word_1_226' title='bbox 374 2721 614 2791; x_wconf 79' lang='grc' dir='ltr'>ἰατρείας</span> <span class='ocrx_word' id='word_1_227' title='bbox 637 2721 836 2790; x_wconf 88' lang='grc' dir='ltr'>τρόπος</span> <span class='ocrx_word' id='word_1_228' title='bbox 874 2719 1110 2782; x_wconf 89' lang='grc' dir='ltr'>τοιοῦτος</span> <span class='ocrx_word' id='word_1_229' title='bbox 1135 2715 1222 2788; x_wconf 82' lang='grc' dir='ltr'>ἦν·</span> 
     </span>
    </p>
   </div>
   <div class='ocr_carea' id='block_1_29' title="bbox 444 2801 2034 2879">
    <p class='ocr_par' dir='ltr' id='par_1_29' title="bbox 444 2801 2034 2879">
     <span class='ocr_line' id='line_1_29' title="bbox 444 2801 2034 2879; baseline -0.004 -17"><span class='ocrx_word' id='word_1_230' title='bbox 444 2809 516 2875; x_wconf 86' lang='grc' dir='ltr'>ς’.</span> <span class='ocrx_word' id='word_1_231' title='bbox 547 2801 737 2879; x_wconf 81' lang='grc' dir='ltr'>Ἔτυχε</span> <span class='ocrx_word' id='word_1_232' title='bbox 766 2807 905 2861; x_wconf 87' lang='grc' dir='ltr'>κατά</span> <span class='ocrx_word' id='word_1_233' title='bbox 925 2805 1015 2860; x_wconf 82' lang='grc' dir='ltr'>τὸν</span> <span class='ocrx_word' id='word_1_234' title='bbox 1039 2806 1227 2877; x_wconf 84' lang='grc' dir='ltr'>καιρὸν</span> <span class='ocrx_word' id='word_1_235' title='bbox 1259 2805 1482 2867; x_wconf 87' lang='grc' dir='ltr'>ἐκεῖνον,</span> <span class='ocrx_word' id='word_1_236' title='bbox 1506 2802 1626 2857; x_wconf 85' lang='grc' dir='ltr'>καθ’</span> <span class='ocrx_word' id='word_1_237' title='bbox 1654 2802 1712 2855; x_wconf 84' lang='grc' dir='ltr'>ὃν</span> <span class='ocrx_word' id='word_1_238' title='bbox 1735 2802 1795 2854; x_wconf 85' lang='grc' dir='ltr'>τὸ</span> <span class='ocrx_word' id='word_1_239' title='bbox 1830 2802 2034 2872; x_wconf 79' lang='grc' dir='ltr'>ἀπηνὲς</span> 
     </span>
    </p>
   </div>
   <div class='ocr_carea' id='block_1_30' title="bbox 369 2889 2034 2967">
    <p class='ocr_par' dir='ltr' id='par_1_30' title="bbox 369 2889 2034 2967">
     <span class='ocr_line' id='line_1_30' title="bbox 369 2889 2034 2967; baseline -0.005 -15"><span class='ocrx_word' id='word_1_240' title='bbox 369 2897 528 2952; x_wconf 86' lang='grc' dir='ltr'>τοῦτο</span> <span class='ocrx_word' id='word_1_241' title='bbox 561 2896 745 2967; x_wconf 83' lang='grc' dir='ltr'>δρᾶμα</span> <span class='ocrx_word' id='word_1_242' title='bbox 783 2895 1044 2966; x_wconf 74' lang='grc' dir='ltr'>ἐτολμᾶτο</span> <span class='ocrx_word' id='word_1_243' title='bbox 1084 2893 1178 2946; x_wconf 74' lang='grc' dir='ltr'>καὶ</span> <span class='ocrx_word' id='word_1_244' title='bbox 1216 2891 1465 2956; x_wconf 83' lang='grc' dir='ltr'>ἐλεεινὸν,</span> <span class='ocrx_word' id='word_1_245' title='bbox 1505 2891 1675 2962; x_wconf 80' lang='grc' dir='ltr'>ἄνδρα</span> <span class='ocrx_word' id='word_1_246' title='bbox 1709 2889 1832 2942; x_wconf 89' lang='grc' dir='ltr'>τινά</span> <span class='ocrx_word' id='word_1_247' title='bbox 1862 2891 2034 2961; x_wconf 85' lang='grc' dir='ltr'>μέγαν</span> 
     </span>
    </p>
   </div>
   <div class='ocr_carea' id='block_1_31' title="bbox 372 2979 2036 3055">
    <p class='ocr_par' dir='ltr' id='par_1_31' title="bbox 372 2979 2036 3055">
     <span class='ocr_line' id='line_1_31' title="bbox 372 2979 2036 3055; baseline -0.003 -18"><span class='ocrx_word' id='word_1_248' title='bbox 372 2985 468 3037; x_wconf 75' lang='grc' dir='ltr'>καὶ</span> <span class='ocrx_word' id='word_1_249' title='bbox 525 2983 855 3055; x_wconf 72' lang='grc' dir='ltr'>θαυμαστὸν,</span> <span class='ocrx_word' id='word_1_250' title='bbox 886 2983 961 3054; x_wconf 82' lang='grc' dir='ltr'>(εί</span> <span class='ocrx_word' id='word_1_251' title='bbox 1000 2999 1063 3050; x_wconf 90' lang='grc' dir='ltr'>γε</span> <span class='ocrx_word' id='word_1_252' title='bbox 1114 2982 1195 3034; x_wconf 91' lang='grc' dir='ltr'>δεῖ</span> <span class='ocrx_word' id='word_1_253' title='bbox 1247 2981 1407 3034; x_wconf 80' lang='grc' dir='ltr'>αὐτὸν</span> <span class='ocrx_word' id='word_1_254' title='bbox 1461 2980 1629 3049; x_wconf 83' lang='grc' dir='ltr'>ἀνδρα</span> <span class='ocrx_word' id='word_1_255' title='bbox 1683 2979 1911 3041; x_wconf 80' lang='grc' dir='ltr'>καλεῖν),</span> <span class='ocrx_word' id='word_1_256' title='bbox 1937 2979 2036 3047; x_wconf 86' lang='grc' dir='ltr'>τῆς</span> 
     </span>
    </p>
   </div>
   <div class='ocr_carea' id='block_1_32' title="bbox 373 3060 2037 3142">
    <p class='ocr_par' dir='ltr' id='par_1_32' title="bbox 373 3060 2037 3142">
     <span class='ocr_line' id='line_1_32' title="bbox 373 3060 2037 3142; baseline -0.002 -18"><span class='ocrx_word' id='word_1_257' title='bbox 373 3071 607 3142; x_wconf 82' lang='grc' dir='ltr'>ποίμνης</span> <span class='ocrx_word' id='word_1_258' title='bbox 631 3070 1000 3142; x_wconf 80' lang='grc' dir='ltr'>ἐπιμελεῖσθαι</span> <span class='ocrx_word' id='word_1_259' title='bbox 1024 3068 1125 3139; x_wconf 76' lang='grc' dir='ltr'>τῆς</span> <span class='ocrx_word' id='word_1_260' title='bbox 1153 3068 1278 3138; x_wconf 77' lang='grc' dir='ltr'>παρ’</span> <span class='ocrx_word' id='word_1_261' title='bbox 1305 3069 1436 3137; x_wconf 79' lang='grc' dir='ltr'>ἡμῖν</span> <span class='ocrx_word' id='word_1_262' title='bbox 1460 3083 1475 3098; x_wconf 77' lang='grc' dir='ltr'><strong>ο</strong></span> <span class='ocrx_word' id='word_1_263' title='bbox 1502 3065 1747 3128; x_wconf 84' lang='grc' dir='ltr'>Βαϐύλας</span> <span class='ocrx_word' id='word_1_264' title='bbox 1774 3060 1841 3135; x_wconf 79' lang='grc' dir='ltr'>ἦν</span> <span class='ocrx_word' id='word_1_265' title='bbox 1865 3066 2037 3135; x_wconf 81' lang='grc' dir='ltr'>ῦνομα</span> 
     </span>
    </p>
   </div>
   <div class='ocr_carea' id='block_1_33' title="bbox 374 3149 2037 3224">
    <p class='ocr_par' dir='ltr' id='par_1_33' title="bbox 374 3149 2037 3224">
     <span class='ocr_line' id='line_1_33' title="bbox 374 3149 2037 3224; baseline -0.004 -16"><span class='ocrx_word' id='word_1_266' title='bbox 374 3153 542 3224; x_wconf 82' lang='grc' dir='ltr'>αὐτῷ.</span> <span class='ocrx_word' id='word_1_267' title='bbox 581 3149 745 3217; x_wconf 79' lang='lat'><strong>0610;</strong></span> <span class='ocrx_word' id='word_1_268' title='bbox 780 3155 956 3207; x_wconf 84' lang='grc' dir='ltr'>τοίνυν</span> <span class='ocrx_word' id='word_1_269' title='bbox 998 3154 1118 3206; x_wconf 90' lang='grc' dir='ltr'>τότε</span> <span class='ocrx_word' id='word_1_270' title='bbox 1159 3152 1252 3206; x_wconf 79' lang='grc' dir='ltr'>τοῦ</span> <span class='ocrx_word' id='word_1_271' title='bbox 1296 3150 1531 3222; x_wconf 82' lang='grc' dir='ltr'>Χριστοῦ</span> <span class='ocrx_word' id='word_1_272' title='bbox 1570 3149 1668 3222; x_wconf 84' lang='grc' dir='ltr'>τὴν</span> <span class='ocrx_word' id='word_1_273' title='bbox 1712 3149 2037 3221; x_wconf 84' lang='grc' dir='ltr'>Ἐκκλησίαν</span> 
     </span>
    </p>
   </div>
   <div class='ocr_carea' id='block_1_34' title="bbox 372 3231 2034 3309">
    <p class='ocr_par' dir='ltr' id='par_1_34' title="bbox 372 3231 2034 3309">
     <span class='ocr_line' id='line_1_34' title="bbox 372 3231 2034 3309; baseline -0.004 -18"><span class='ocrx_word' id='word_1_274' title='bbox 372 3239 471 3309; x_wconf 82' lang='grc' dir='ltr'>τὴν</span> <span class='ocrx_word' id='word_1_275' title='bbox 497 3237 681 3290; x_wconf 88' lang='grc' dir='ltr'>ἐνθάδε</span> <span class='ocrx_word' id='word_1_276' title='bbox 709 3237 812 3291; x_wconf 70' lang='grc' dir='ltr'>ὑπὸ</span> <span class='ocrx_word' id='word_1_277' title='bbox 833 3240 932 3307; x_wconf 84' lang='grc' dir='ltr'>τῆς</span> <span class='ocrx_word' id='word_1_278' title='bbox 955 3236 1046 3290; x_wconf 87' lang='grc' dir='ltr'>τοῦ</span> <span class='ocrx_word' id='word_1_279' title='bbox 1072 3235 1382 3304; x_wconf 87' lang='grc' dir='ltr'>Πνεύματος</span> <span class='ocrx_word' id='word_1_280' title='bbox 1402 3233 1619 3306; x_wconf 89' lang='grc' dir='ltr'>χάριτος</span> <span class='ocrx_word' id='word_1_281' title='bbox 1654 3231 2034 3305; x_wconf 72' lang='grc' dir='ltr'>ἐγχειρισθεὶς,</span> 
     </span>
    </p>
   </div>
   <div class='ocr_carea' id='block_1_35' title="bbox 372 3316 2036 3388">
    <p class='ocr_par' dir='ltr' id='par_1_35' title="bbox 372 3316 2036 3388">
     <span class='ocr_line' id='line_1_35' title="bbox 372 3316 2036 3388; baseline -0.004 -14"><span class='ocrx_word' id='word_1_282' title='bbox 372 3322 464 3374; x_wconf 83' lang='grc' dir='ltr'>τὸν</span> <span class='ocrx_word' id='word_1_283' title='bbox 502 3320 685 3374; x_wconf 80' lang='grc' dir='ltr'>Ἠλίαν</span> <span class='ocrx_word' id='word_1_284' title='bbox 725 3325 820 3374; x_wconf 74' lang='grc' dir='ltr'>καὶ</span> <span class='ocrx_word' id='word_1_285' title='bbox 858 3320 948 3372; x_wconf 81' lang='grc' dir='ltr'>τὸν</span> <span class='ocrx_word' id='word_1_286' title='bbox 978 3318 1164 3372; x_wconf 82' lang='grc' dir='ltr'>τούτου</span> <span class='ocrx_word' id='word_1_287' title='bbox 1209 3318 1452 3388; x_wconf 78' lang='grc' dir='ltr'>ζηλωτὴν</span> <span class='ocrx_word' id='word_1_288' title='bbox 1480 3329 1501 3355; x_wconf 75' lang='grc' dir='ltr'><strong>ο</strong></span> <span class='ocrx_word' id='word_1_289' title='bbox 1535 3318 1624 3370; x_wconf 77' lang='grc' dir='ltr'>τὸν</span> <span class='ocrx_word' id='word_1_290' title='bbox 1662 3316 1912 3386; x_wconf 83' lang='grc' dir='ltr'>Ἰωάννην</span> <span class='ocrx_word' id='word_1_291' title='bbox 1956 3318 2036 3369; x_wconf 80' lang='grc' dir='ltr'>ὅτι</span> 
     </span>
    </p>
   </div>
   <div class='ocr_carea' id='block_1_36' title="bbox 375 3398 2035 3476">
    <p class='ocr_par' dir='ltr' id='par_1_36' title="bbox 375 3398 2035 3476">
     <span class='ocr_line' id='line_1_36' title="bbox 375 3398 2035 3476; baseline -0.005 -17"><span class='ocrx_word' id='word_1_292' title='bbox 375 3406 658 3476; x_wconf 87' lang='grc' dir='ltr'>παρήλασε</span> <span class='ocrx_word' id='word_1_293' title='bbox 689 3404 784 3474; x_wconf 83' lang='grc' dir='ltr'>μὲν</span> <span class='ocrx_word' id='word_1_294' title='bbox 809 3404 908 3456; x_wconf 80' lang='grc' dir='ltr'>οὑκ</span> <span class='ocrx_word' id='word_1_295' title='bbox 945 3403 1010 3456; x_wconf 81' lang='grc' dir='ltr'>ἂν</span> <span class='ocrx_word' id='word_1_296' title='bbox 1035 3403 1264 3471; x_wconf 76' lang='grc' dir='ltr'>εἴποιμι.</span> <span class='ocrx_word' id='word_1_297' title='bbox 1307 3401 1380 3470; x_wconf 84' lang='grc' dir='ltr'>μὴ</span> <span class='ocrx_word' id='word_1_298' title='bbox 1421 3403 1515 3452; x_wconf 71' lang='grc' dir='ltr'>καὶ</span> <span class='ocrx_word' id='word_1_299' title='bbox 1540 3398 1657 3452; x_wconf 84' lang='grc' dir='ltr'>λίαν</span> <span class='ocrx_word' id='word_1_300' title='bbox 1691 3399 1946 3470; x_wconf 81' lang='grc' dir='ltr'>φορτικὸν</span> <span class='ocrx_word' id='word_1_301' title='bbox 1975 3398 2035 3452; x_wconf 83' lang='grc' dir='ltr'>τὸ</span> 
     </span>
    </p>
   </div>
   <div class='ocr_carea' id='block_1_37' title="bbox 373 3481 2036 3558">
    <p class='ocr_par' dir='ltr' id='par_1_37' title="bbox 373 3481 2036 3558">
     <span class='ocr_line' id='line_1_37' title="bbox 373 3481 2036 3558; baseline -0.004 -18"><span class='ocrx_word' id='word_1_302' title='bbox 373 3487 662 3557; x_wconf 87' lang='grc' dir='ltr'>λεγόμενον</span> <span class='ocrx_word' id='word_1_303' title='bbox 687 3484 743 3558; x_wconf 78' lang='grc' dir='ltr'>ᾖ,</span> <span class='ocrx_word' id='word_1_304' title='bbox 772 3486 972 3554; x_wconf 69' lang='grc' dir='ltr'>ἔφθασε</span> <span class='ocrx_word' id='word_1_305' title='bbox 997 3485 1053 3538; x_wconf 73' lang='grc' dir='ltr'>δὶ</span> <span class='ocrx_word' id='word_1_306' title='bbox 1073 3484 1264 3547; x_wconf 72' lang='grc' dir='ltr'>οὕτως,</span> <span class='ocrx_word' id='word_1_307' title='bbox 1290 3485 1364 3545; x_wconf 88' lang='grc' dir='ltr'>ώς</span> <span class='ocrx_word' id='word_1_308' title='bbox 1392 3483 1522 3554; x_wconf 86' lang='grc' dir='ltr'>μηδέ</span> <span class='ocrx_word' id='word_1_309' title='bbox 1547 3481 1606 3535; x_wconf 81' lang='grc' dir='ltr'>τδ</span> <span class='ocrx_word' id='word_1_310' title='bbox 1631 3482 1790 3552; x_wconf 78' lang='grc' dir='ltr'>τυχὸν</span> <span class='ocrx_word' id='word_1_311' title='bbox 1819 3481 2036 3534; x_wconf 85' lang='grc' dir='ltr'>ἀπολει-</span> 
     </span>
    </p>
   </div>
   <div class='ocr_carea' id='block_1_38' title="bbox 375 3565 2033 3638">
    <p class='ocr_par' dir='ltr' id='par_1_38' title="bbox 375 3565 2033 3638">
     <span class='ocr_line' id='line_1_38' title="bbox 375 3565 2033 3638; baseline -0.003 -16"><span class='ocrx_word' id='word_1_312' title='bbox 375 3569 574 3638; x_wconf 79' lang='grc' dir='ltr'>φθῆναι</span> <span class='ocrx_word' id='word_1_313' title='bbox 596 3570 692 3638; x_wconf 90' lang='grc' dir='ltr'>τῆς</span> <span class='ocrx_word' id='word_1_314' title='bbox 719 3567 1027 3636; x_wconf 77' lang='grc' dir='ltr'>ἐλευθερίας</span> <span class='ocrx_word' id='word_1_315' title='bbox 1047 3567 1153 3620; x_wconf 78' lang='grc' dir='ltr'>τῶν</span> <span class='ocrx_word' id='word_1_316' title='bbox 1177 3567 1433 3633; x_wconf 87' lang='grc' dir='ltr'>γενναίων</span> <span class='ocrx_word' id='word_1_317' title='bbox 1457 3565 1677 3618; x_wconf 72' lang='grc' dir='ltr'>ἐκείνων</span> <span class='ocrx_word' id='word_1_318' title='bbox 1701 3565 1932 3634; x_wconf 85' lang='grc' dir='ltr'>ἀνδρῶν.</span> <span class='ocrx_word' id='word_1_319' title='bbox 1960 3565 2033 3617; x_wconf 85' lang='grc' dir='ltr'>Οὐ</span> 
     </span>
    </p>
   </div>
   <div class='ocr_carea' id='block_1_39' title="bbox 375 3645 2030 3720">
    <p class='ocr_par' dir='ltr' id='par_1_39' title="bbox 375 3645 2030 3720">
     <span class='ocr_line' id='line_1_39' title="bbox 375 3645 2030 3720; baseline -0.003 -17"><span class='ocrx_word' id='word_1_320' title='bbox 375 3651 484 3720; x_wconf 80' lang='grc' dir='ltr'>γὰρ</span> <span class='ocrx_word' id='word_1_321' title='bbox 509 3650 811 3720; x_wconf 75' lang='grc' dir='ltr'>τετράρχην</span> <span class='ocrx_word' id='word_1_322' title='bbox 833 3649 1036 3702; x_wconf 87' lang='grc' dir='ltr'>πόλεων</span> <span class='ocrx_word' id='word_1_323' title='bbox 1057 3648 1271 3716; x_wconf 83' lang='grc' dir='ltr'>ὀλίγων,</span> <span class='ocrx_word' id='word_1_324' title='bbox 1301 3648 1419 3701; x_wconf 71' lang='grc' dir='ltr'>οὐδὲ</span> <span class='ocrx_word' id='word_1_325' title='bbox 1443 3647 1558 3710; x_wconf 72' lang='grc' dir='ltr'>ἐνὸς</span> <span class='ocrx_word' id='word_1_326' title='bbox 1581 3645 1765 3709; x_wconf 75' lang='grc' dir='ltr'>ἔθνους</span> <span class='ocrx_word' id='word_1_327' title='bbox 1791 3645 2030 3715; x_wconf 88' lang='grc' dir='ltr'>βασιλέα,</span> 
     </span>
    </p>
   </div>
   <div class='ocr_carea' id='block_1_40' title="bbox 375 3728 2036 3802">
    <p class='ocr_par' dir='ltr' id='par_1_40' title="bbox 375 3728 2036 3802">
     <span class='ocr_line' id='line_1_40' title="bbox 375 3728 2036 3802; baseline -0.004 -15"><span class='ocrx_word' id='word_1_328' title='bbox 375 3734 511 3787; x_wconf 85' lang='grc' dir='ltr'>ἀλλά</span> <span class='ocrx_word' id='word_1_329' title='bbox 538 3734 624 3786; x_wconf 87' lang='grc' dir='ltr'>τὸν</span> <span class='ocrx_word' id='word_1_330' title='bbox 653 3733 714 3785; x_wconf 86' lang='grc' dir='ltr'>τὸ</span> <span class='ocrx_word' id='word_1_331' title='bbox 742 3732 986 3786; x_wconf 86' lang='grc' dir='ltr'>πλεῖστον</span> <span class='ocrx_word' id='word_1_332' title='bbox 1023 3732 1182 3802; x_wconf 81' lang='grc' dir='ltr'>μέρος</span> <span class='ocrx_word' id='word_1_333' title='bbox 1217 3731 1314 3801; x_wconf 88' lang='grc' dir='ltr'>τῆς</span> <span class='ocrx_word' id='word_1_334' title='bbox 1352 3729 1672 3800; x_wconf 76' lang='grc' dir='ltr'>οἰκουμένης</span> <span class='ocrx_word' id='word_1_335' title='bbox 1697 3728 1910 3799; x_wconf 89' lang='grc' dir='ltr'>ἀπάσης</span> <span class='ocrx_word' id='word_1_336' title='bbox 1936 3745 2036 3781; x_wconf 80' lang='grc' dir='ltr'>κα-</span> 
     </span>
    </p>
   </div>
   <div class='ocr_carea' id='block_1_41' title="bbox 374 3811 2033 3886">
    <p class='ocr_par' dir='ltr' id='par_1_41' title="bbox 374 3811 2033 3886">
     <span class='ocr_line' id='line_1_41' title="bbox 374 3811 2033 3886; baseline -0.003 -17"><span class='ocrx_word' id='word_1_337' title='bbox 374 3817 618 3886; x_wconf 85' lang='grc' dir='ltr'>τέχοντα.</span> <span class='ocrx_word' id='word_1_338' title='bbox 647 3815 808 3868; x_wconf 76' lang='grc' dir='ltr'>αὑτὸν</span> <span class='ocrx_word' id='word_1_339' title='bbox 833 3815 897 3885; x_wconf 81' lang='grc' dir='ltr'>δὴ</span> <span class='ocrx_word' id='word_1_340' title='bbox 923 3814 1108 3868; x_wconf 89' lang='grc' dir='ltr'>τοῦτον</span> <span class='ocrx_word' id='word_1_341' title='bbox 1133 3813 1223 3867; x_wconf 81' lang='grc' dir='ltr'>τὸν</span> <span class='ocrx_word' id='word_1_342' title='bbox 1249 3811 1588 3883; x_wconf 82' lang='grc' dir='ltr'>ἀνδροφόνον,</span> <span class='ocrx_word' id='word_1_343' title='bbox 1613 3813 1706 3865; x_wconf 77' lang='grc' dir='ltr'>καὶ</span> <span class='ocrx_word' id='word_1_344' title='bbox 1736 3811 1904 3865; x_wconf 86' lang='grc' dir='ltr'>πολλά</span> <span class='ocrx_word' id='word_1_345' title='bbox 1936 3811 2033 3881; x_wconf 86' lang='grc' dir='ltr'>μὲν</span> 
     </span>
    </p>
   </div>
   <div class='ocr_carea' id='block_1_42' title="bbox 374 3894 2030 3967">
    <p class='ocr_par' dir='ltr' id='par_1_42' title="bbox 374 3894 2030 3967">
     <span class='ocr_line' id='line_1_42' title="bbox 374 3894 2030 3967; baseline -0.001 -19"><span class='ocrx_word' id='word_1_346' title='bbox 374 3898 521 3967; x_wconf 74' lang='grc' dir='ltr'>ἔθνη,</span> <span class='ocrx_word' id='word_1_347' title='bbox 546 3897 743 3960; x_wconf 79' lang='grc' dir='ltr'>πολλὰς</span> <span class='ocrx_word' id='word_1_348' title='bbox 761 3897 818 3950; x_wconf 84' lang='grc' dir='ltr'>δέ</span> <span class='ocrx_word' id='word_1_349' title='bbox 838 3896 1016 3958; x_wconf 86' lang='grc' dir='ltr'>πόλεις</span> <span class='ocrx_word' id='word_1_350' title='bbox 1037 3897 1130 3950; x_wconf 73' lang='grc' dir='ltr'>καὶ</span> <span class='ocrx_word' id='word_1_351' title='bbox 1151 3895 1407 3965; x_wconf 87' lang='grc' dir='ltr'>στρατιὰν</span> <span class='ocrx_word' id='word_1_352' title='bbox 1429 3894 1652 3962; x_wconf 81' lang='grc' dir='ltr'>ἄπειρον</span> <span class='ocrx_word' id='word_1_353' title='bbox 1675 3910 1840 3964; x_wconf 87' lang='grc' dir='ltr'>κεκτη</span> <span class='ocrx_word' id='word_1_354' title='bbox 1851 3894 2030 3963; x_wconf 87' lang='grc' dir='ltr'>μένον,</span> 
     </span>
    </p>
   </div>
   <div class='ocr_carea' id='block_1_43' title="bbox 375 3975 2034 4049">
    <p class='ocr_par' dir='ltr' id='par_1_43' title="bbox 375 3975 2034 4049">
     <span class='ocr_line' id='line_1_43' title="bbox 375 3975 2034 4049; baseline -0.001 -20"><span class='ocrx_word' id='word_1_355' title='bbox 375 3977 642 4049; x_wconf 65' lang='lat'>[54517.01</span> <span class='ocrx_word' id='word_1_356' title='bbox 679 3978 940 4033; x_wconf 81' lang='grc' dir='ltr'>πάντοθεν</span> <span class='ocrx_word' id='word_1_357' title='bbox 973 3979 1102 4032; x_wconf 89' lang='grc' dir='ltr'>δντα</span> <span class='ocrx_word' id='word_1_358' title='bbox 1134 3978 1380 4048; x_wconf 87' lang='grc' dir='ltr'>φοϐερὸν,</span> <span class='ocrx_word' id='word_1_359' title='bbox 1414 3977 1520 4030; x_wconf 89' lang='grc' dir='ltr'>ἀπό</span> <span class='ocrx_word' id='word_1_360' title='bbox 1550 3993 1610 4030; x_wconf 91' lang='grc' dir='ltr'>τε</span> <span class='ocrx_word' id='word_1_361' title='bbox 1639 3975 1732 4030; x_wconf 89' lang='grc' dir='ltr'>τοῦ</span> <span class='ocrx_word' id='word_1_362' title='bbox 1772 3976 2034 4047; x_wconf 88' lang='grc' dir='ltr'>μεγέθους</span> 
     </span>
    </p>
   </div>
   <div class='ocr_carea' id='block_1_44' title="bbox 373 4058 2028 4131">
    <p class='ocr_par' dir='ltr' id='par_1_44' title="bbox 373 4058 2028 4131">
     <span class='ocr_line' id='line_1_44' title="bbox 373 4058 2028 4131; baseline 0 -19"><span class='ocrx_word' id='word_1_363' title='bbox 373 4058 472 4127; x_wconf 83' lang='grc' dir='ltr'>τῆς</span> <span class='ocrx_word' id='word_1_364' title='bbox 499 4058 694 4129; x_wconf 85' lang='grc' dir='ltr'>ἀρχῆς,</span> <span class='ocrx_word' id='word_1_365' title='bbox 731 4060 836 4113; x_wconf 81' lang='grc' dir='ltr'>ἀπό</span> <span class='ocrx_word' id='word_1_366' title='bbox 860 4076 919 4112; x_wconf 89' lang='grc' dir='ltr'>τε</span> <span class='ocrx_word' id='word_1_367' title='bbox 946 4060 1043 4130; x_wconf 89' lang='grc' dir='ltr'>τῆς</span> <span class='ocrx_word' id='word_1_368' title='bbox 1068 4059 1176 4112; x_wconf 85' lang='grc' dir='ltr'>τῶν</span> <span class='ocrx_word' id='word_1_369' title='bbox 1201 4061 1416 4131; x_wconf 89' lang='grc' dir='ltr'>τρόπων</span> <span class='ocrx_word' id='word_1_370' title='bbox 1445 4058 1799 4131; x_wconf 76' lang='grc' dir='ltr'>θρασύτητος,</span> <span class='ocrx_word' id='word_1_371' title='bbox 1831 4059 1906 4123; x_wconf 83' lang='grc' dir='ltr'>ὡς</span> <span class='ocrx_word' id='word_1_372' title='bbox 1934 4061 2028 4112; x_wconf 81' lang='grc' dir='ltr'>ἀν·</span> 
     </span>
    </p>
   </div>
   <div class='ocr_carea' id='block_1_45' title="bbox 371 4139 2032 4212">
    <p class='ocr_par' dir='ltr' id='par_1_45' title="bbox 371 4139 2032 4212">
     <span class='ocr_line' id='line_1_45' title="bbox 371 4139 2032 4212; baseline 0.001 -20"><span class='ocrx_word' id='word_1_373' title='bbox 371 4139 634 4210; x_wconf 88' lang='grc' dir='ltr'>δράποδον</span> <span class='ocrx_word' id='word_1_374' title='bbox 674 4141 886 4206; x_wconf 81' lang='grc' dir='ltr'>εὐτελὲς</span> <span class='ocrx_word' id='word_1_375' title='bbox 931 4143 1026 4195; x_wconf 79' lang='grc' dir='ltr'>καὶ</span> <span class='ocrx_word' id='word_1_376' title='bbox 1069 4141 1280 4204; x_wconf 78' lang='grc' dir='ltr'>οὐδενὸς</span> <span class='ocrx_word' id='word_1_377' title='bbox 1325 4140 1472 4207; x_wconf 80' lang='grc' dir='ltr'>ἀξιον</span> <span class='ocrx_word' id='word_1_378' title='bbox 1517 4141 1696 4210; x_wconf 88' lang='grc' dir='ltr'>λόγου,</span> <span class='ocrx_word' id='word_1_379' title='bbox 1746 4140 1890 4194; x_wconf 84' lang='grc' dir='ltr'>οὑτω</span> <span class='ocrx_word' id='word_1_380' title='bbox 1937 4141 2032 4212; x_wconf 89' lang='grc' dir='ltr'>τῆς</span> 
     </span>
    </p>
   </div>
   <div class='ocr_carea' id='block_1_46' title="bbox 374 4222 2032 4296">
    <p class='ocr_par' dir='ltr' id='par_1_46' title="bbox 374 4222 2032 4296">
     <span class='ocr_line' id='line_1_46' title="bbox 374 4222 2032 4296; baseline 0 -20"><span class='ocrx_word' id='word_1_381' title='bbox 374 4223 666 4294; x_wconf 80' lang='grc' dir='ltr'>ἐκκλησίας</span> <span class='ocrx_word' id='word_1_382' title='bbox 691 4225 928 4289; x_wconf 81' lang='grc' dir='ltr'>ἐξέϐαλε,</span> <span class='ocrx_word' id='word_1_383' title='bbox 973 4224 1108 4294; x_wconf 81' lang='grc' dir='ltr'>μετά</span> <span class='ocrx_word' id='word_1_384' title='bbox 1143 4222 1408 4294; x_wconf 85' lang='grc' dir='ltr'>τοσαύτης</span> <span class='ocrx_word' id='word_1_385' title='bbox 1435 4224 1732 4296; x_wconf 80' lang='grc' dir='ltr'>ἀταραξίας</span> <span class='ocrx_word' id='word_1_386' title='bbox 1771 4223 1865 4278; x_wconf 74' lang='grc' dir='ltr'>καὶ</span> <span class='ocrx_word' id='word_1_387' title='bbox 1899 4225 2032 4294; x_wconf 87' lang='grc' dir='ltr'>ἀφο-</span> 
     </span>
    </p>
   </div>
   <div class='ocr_carea' id='block_1_47' title="bbox 374 4304 2030 4377">
    <p class='ocr_par' dir='ltr' id='par_1_47' title="bbox 374 4304 2030 4377">
     <span class='ocr_line' id='line_1_47' title="bbox 374 4304 2030 4377; baseline 0.002 -21"><span class='ocrx_word' id='word_1_388' title='bbox 374 4304 516 4369; x_wconf 85' lang='grc' dir='ltr'>ϐίας,</span> <span class='ocrx_word' id='word_1_389' title='bbox 542 4306 658 4376; x_wconf 88' lang='grc' dir='ltr'>μεθ’</span> <span class='ocrx_word' id='word_1_390' title='bbox 677 4306 807 4376; x_wconf 85' lang='grc' dir='ltr'>ὅσης</span> <span class='ocrx_word' id='word_1_391' title='bbox 828 4304 894 4358; x_wconf 84' lang='grc' dir='ltr'>ἂν</span> <span class='ocrx_word' id='word_1_392' title='bbox 917 4305 1118 4376; x_wconf 82' lang='grc' dir='ltr'>ποιμὴν</span> <span class='ocrx_word' id='word_1_393' title='bbox 1142 4305 1408 4376; x_wconf 88' lang='grc' dir='ltr'>πρόϐατον</span> <span class='ocrx_word' id='word_1_394' title='bbox 1428 4304 1618 4376; x_wconf 85' lang='grc' dir='ltr'>ψώρας</span> <span class='ocrx_word' id='word_1_395' title='bbox 1637 4305 2030 4377; x_wconf 86' lang='grc' dir='ltr'>ἐμπεπλησμέ-</span> 
     </span>
    </p>
   </div>
   <div class='ocr_carea' id='block_1_48' title="bbox 374 4388 2031 4460">
    <p class='ocr_par' dir='ltr' id='par_1_48' title="bbox 374 4388 2031 4460">
     <span class='ocr_line' id='line_1_48' title="bbox 374 4388 2031 4460; baseline 0.001 -18"><span class='ocrx_word' id='word_1_396' title='bbox 374 4406 462 4442; x_wconf 89' lang='grc' dir='ltr'>νον</span> <span class='ocrx_word' id='word_1_397' title='bbox 517 4390 612 4442; x_wconf 77' lang='grc' dir='ltr'>καὶ</span> <span class='ocrx_word' id='word_1_398' title='bbox 673 4388 958 4457; x_wconf 73' lang='grc' dir='ltr'>νενοσηκὸς</span> <span class='ocrx_word' id='word_1_399' title='bbox 1014 4389 1112 4456; x_wconf 87' lang='grc' dir='ltr'>τῆς</span> <span class='ocrx_word' id='word_1_400' title='bbox 1165 4389 1399 4459; x_wconf 86' lang='grc' dir='ltr'>ποίμνης</span> <span class='ocrx_word' id='word_1_401' title='bbox 1456 4389 1751 4460; x_wconf 86' lang='grc' dir='ltr'>ἀπείρξειε,</span> <span class='ocrx_word' id='word_1_402' title='bbox 1810 4390 2031 4444; x_wconf 88' lang='grc' dir='ltr'>κωλύων</span> 
     </span>
    </p>
   </div>
   <div class='ocr_carea' id='block_1_49' title="bbox 370 4469 2028 4542">
    <p class='ocr_par' dir='ltr' id='par_1_49' title="bbox 370 4469 2028 4542">
     <span class='ocr_line' id='line_1_49' title="bbox 370 4469 2028 4542; baseline 0.003 -19"><span class='ocrx_word' id='word_1_403' title='bbox 370 4473 450 4535; x_wconf 88' lang='grc' dir='ltr'>εἰς</span> <span class='ocrx_word' id='word_1_404' title='bbox 507 4472 575 4526; x_wconf 89' lang='grc' dir='ltr'>τά</span> <span class='ocrx_word' id='word_1_405' title='bbox 608 4471 767 4524; x_wconf 78' lang='grc' dir='ltr'>λοιπὰ</span> <span class='ocrx_word' id='word_1_406' title='bbox 792 4470 1042 4540; x_wconf 87' lang='grc' dir='ltr'>διαϐῆναι</span> <span class='ocrx_word' id='word_1_407' title='bbox 1073 4469 1171 4542; x_wconf 80' lang='grc' dir='ltr'>τὴν</span> <span class='ocrx_word' id='word_1_408' title='bbox 1208 4471 1360 4522; x_wconf 88' lang='grc' dir='ltr'>νόσον</span> <span class='ocrx_word' id='word_1_409' title='bbox 1414 4471 1506 4523; x_wconf 78' lang='grc' dir='ltr'>τοῦ</span> <span class='ocrx_word' id='word_1_410' title='bbox 1550 4473 1860 4540; x_wconf 80' lang='grc' dir='ltr'>κάμνοντος.</span> <span class='ocrx_word' id='word_1_411' title='bbox 1919 4475 2028 4528; x_wconf 69' lang='grc' dir='ltr'>Καὶ</span> 
     </span>
    </p>
   </div>
   <div class='ocr_carea' id='block_1_50' title="bbox 367 4551 2028 4624">
    <p class='ocr_par' dir='ltr' id='par_1_50' title="bbox 367 4551 2028 4624">
     <span class='ocr_line' id='line_1_50' title="bbox 367 4551 2028 4624; baseline -0.001 -17"><span class='ocrx_word' id='word_1_412' title='bbox 367 4553 539 4607; x_wconf 89' lang='grc' dir='ltr'>ταῦτα</span> <span class='ocrx_word' id='word_1_413' title='bbox 610 4553 908 4624; x_wconf 73' lang='grc' dir='ltr'>ἔπραττεν,</span> <span class='ocrx_word' id='word_1_414' title='bbox 969 4551 1116 4622; x_wconf 75' lang='grc' dir='ltr'>ιργῳ</span> <span class='ocrx_word' id='word_1_415' title='bbox 1181 4552 1275 4604; x_wconf 77' lang='grc' dir='ltr'>τὸν</span> <span class='ocrx_word' id='word_1_416' title='bbox 1332 4552 1426 4606; x_wconf 88' lang='grc' dir='ltr'>τοῦ</span> <span class='ocrx_word' id='word_1_417' title='bbox 1485 4553 1736 4623; x_wconf 86' lang='grc' dir='ltr'>Σωτῆρος</span> <span class='ocrx_word' id='word_1_418' title='bbox 1789 4553 1947 4620; x_wconf 87' lang='grc' dir='ltr'>λόγον</span> <span class='ocrx_word' id='word_1_419' title='bbox 1999 4553 2028 4593; x_wconf 71' lang='grc' dir='ltr'>τι</span> 
     </span>
    </p>
   </div>
   <div class='ocr_carea' id='block_1_51' title="bbox 369 4629 2029 4707">
    <p class='ocr_par' dir='ltr' id='par_1_51' title="bbox 369 4629 2029 4707">
     <span class='ocr_line' id='line_1_51' title="bbox 369 4629 2029 4707; baseline 0.001 -19"><span class='ocrx_word' id='word_1_420' title='bbox 369 4629 635 4705; x_wconf 68' lang='grc' dir='ltr'>βεϐαιῶν,</span> <span class='ocrx_word' id='word_1_421' title='bbox 695 4636 776 4688; x_wconf 86' lang='grc' dir='ltr'>ὃτι</span> <span class='ocrx_word' id='word_1_422' title='bbox 841 4634 999 4704; x_wconf 82' lang='grc' dir='ltr'>μόνος</span> <span class='ocrx_word' id='word_1_423' title='bbox 1062 4633 1244 4698; x_wconf 81' lang='grc' dir='ltr'>δοῦλός</span> <span class='ocrx_word' id='word_1_424' title='bbox 1303 4636 1449 4688; x_wconf 89' lang='grc' dir='ltr'>ἐστιν</span> <span class='ocrx_word' id='word_1_425' title='bbox 1502 4637 1531 4688; x_wconf 88' lang='grc' dir='ltr'>ό</span> <span class='ocrx_word' id='word_1_426' title='bbox 1585 4635 1684 4705; x_wconf 81' lang='grc' dir='ltr'>τὴν</span> <span class='ocrx_word' id='word_1_427' title='bbox 1758 4637 2029 4707; x_wconf 83' lang='grc' dir='ltr'>ἁμαρτίαν</span> 
     </span>
    </p>
   </div>
   <div class='ocr_carea' id='block_1_52' title="bbox 367 4715 2028 4788">
    <p class='ocr_par' dir='ltr' id='par_1_52' title="bbox 367 4715 2028 4788">
     <span class='ocr_line' id='line_1_52' title="bbox 367 4715 2028 4788; baseline 0.001 -18"><span class='ocrx_word' id='word_1_428' title='bbox 367 4716 573 4779; x_wconf 86' lang='grc' dir='ltr'>ποιῶν,</span> <span class='ocrx_word' id='word_1_429' title='bbox 643 4717 747 4769; x_wconf 80' lang='grc' dir='ltr'>κᾶν</span> <span class='ocrx_word' id='word_1_430' title='bbox 809 4717 1034 4787; x_wconf 85' lang='grc' dir='ltr'>μυρίους</span> <span class='ocrx_word' id='word_1_431' title='bbox 1089 4717 1180 4769; x_wconf 73' lang='grc' dir='ltr'>ἐπὶ</span> <span class='ocrx_word' id='word_1_432' title='bbox 1231 4717 1328 4787; x_wconf 88' lang='grc' dir='ltr'>τῆς</span> <span class='ocrx_word' id='word_1_433' title='bbox 1391 4715 1630 4785; x_wconf 83' lang='grc' dir='ltr'>κεφαλῆς</span> <span class='ocrx_word' id='word_1_434' title='bbox 1691 4715 1790 4788; x_wconf 80' lang='grc' dir='ltr'>ἔχῃ</span> <span class='ocrx_word' id='word_1_435' title='bbox 1833 4719 2028 4788; x_wconf 80' lang='grc' dir='ltr'>στεφά-</span> 
     </span>
    </p>
   </div>
   <div class='ocr_carea' id='block_1_53' title="bbox 366 4796 2028 4868">
    <p class='ocr_par' dir='ltr' id='par_1_53' title="bbox 366 4796 2028 4868">
     <span class='ocr_line' id='line_1_53' title="bbox 366 4796 2028 4868; baseline 0.002 -17"><span class='ocrx_word' id='word_1_436' title='bbox 366 4815 511 4860; x_wconf 86' lang='grc' dir='ltr'>νους,</span> <span class='ocrx_word' id='word_1_437' title='bbox 546 4797 649 4851; x_wconf 74' lang='grc' dir='ltr'>κᾶν</span> <span class='ocrx_word' id='word_1_438' title='bbox 688 4799 939 4850; x_wconf 81' lang='grc' dir='ltr'>ἁπάντων</span> <span class='ocrx_word' id='word_1_439' title='bbox 978 4797 1106 4868; x_wconf 81' lang='grc' dir='ltr'>δοκῇ</span> <span class='ocrx_word' id='word_1_440' title='bbox 1153 4797 1260 4851; x_wconf 81' lang='grc' dir='ltr'>τῶν</span> <span class='ocrx_word' id='word_1_441' title='bbox 1305 4797 1398 4849; x_wconf 73' lang='grc' dir='ltr'>ἐπὶ</span> <span class='ocrx_word' id='word_1_442' title='bbox 1443 4796 1538 4867; x_wconf 85' lang='grc' dir='ltr'>τῆς</span> <span class='ocrx_word' id='word_1_443' title='bbox 1574 4797 1677 4866; x_wconf 88' lang='grc' dir='ltr'>γῆς</span> <span class='ocrx_word' id='word_1_444' title='bbox 1725 4797 2028 4866; x_wconf 78' lang='grc' dir='ltr'>ἀνθρώπων,</span> 
     </span>
    </p>
   </div>
   <div class='ocr_carea' id='block_1_54' title="bbox 365 4873 2024 4948">
    <p class='ocr_par' dir='ltr' id='par_1_54' title="bbox 365 4873 2024 4948">
     <span class='ocr_line' id='line_1_54' title="bbox 365 4873 2024 4948; baseline 0.003 -19"><span class='ocrx_word' id='word_1_445' title='bbox 365 4877 614 4948; x_wconf 74' lang='grc' dir='ltr'>κρατεῖνο</span> <span class='ocrx_word' id='word_1_446' title='bbox 645 4876 674 4928; x_wconf 87' lang='grc' dir='ltr'><strong>ὁ</strong></span> <span class='ocrx_word' id='word_1_447' title='bbox 717 4875 773 4928; x_wconf 77' lang='grc' dir='ltr'>δὲ</span> <span class='ocrx_word' id='word_1_448' title='bbox 806 4876 956 4928; x_wconf 78' lang='grc' dir='ltr'>οὐδὲν</span> <span class='ocrx_word' id='word_1_449' title='bbox 997 4874 1172 4944; x_wconf 83' lang='grc' dir='ltr'>ἐαυτῷ</span> <span class='ocrx_word' id='word_1_450' title='bbox 1222 4873 1472 4938; x_wconf 89' lang='grc' dir='ltr'>συνειδὼς</span> <span class='ocrx_word' id='word_1_451' title='bbox 1517 4875 1771 4947; x_wconf 76' lang='grc' dir='ltr'>πονηρὸν,</span> <span class='ocrx_word' id='word_1_452' title='bbox 1822 4879 1923 4931; x_wconf 74' lang='grc' dir='ltr'>κᾶν</span> <span class='ocrx_word' id='word_1_453' title='bbox 1965 4882 2024 4934; x_wconf 83' lang='grc' dir='ltr'>ἐν</span> 
     </span>
    </p>
   </div>
   <div class='ocr_carea' id='block_1_55' title="bbox 363 4958 2025 5032">
    <p class='ocr_par' dir='ltr' id='par_1_55' title="bbox 363 4958 2025 5032">
     <span class='ocr_line' id='line_1_55' title="bbox 363 4958 2025 5032; baseline 0.003 -20"><span class='ocrx_word' id='word_1_454' title='bbox 363 4963 429 5030; x_wconf 76' lang='grc' dir='ltr'>τῇ</span> <span class='ocrx_word' id='word_1_455' title='bbox 462 4959 569 5013; x_wconf 85' lang='grc' dir='ltr'>τῶν</span> <span class='ocrx_word' id='word_1_456' title='bbox 605 4958 858 5030; x_wconf 80' lang='grc' dir='ltr'>ὑπηκόων</span> <span class='ocrx_word' id='word_1_457' title='bbox 894 4959 1256 5030; x_wconf 87' lang='grc' dir='ltr'>καταλέγηται</span> <span class='ocrx_word' id='word_1_458' title='bbox 1283 4959 1452 5024; x_wconf 80' lang='grc' dir='ltr'>τάξει,</span> <span class='ocrx_word' id='word_1_459' title='bbox 1497 4960 1710 5014; x_wconf 86' lang='grc' dir='ltr'>πάντων</span> <span class='ocrx_word' id='word_1_460' title='bbox 1735 4963 1849 5014; x_wconf 82' lang='grc' dir='ltr'>ἐστί</span> <span class='ocrx_word' id='word_1_461' title='bbox 1879 4964 2025 5032; x_wconf 85' lang='grc' dir='ltr'>βασι-</span> 
     </span>
    </p>
   </div>
   <div class='ocr_carea' id='block_1_56' title="bbox 362 5041 2020 5114">
    <p class='ocr_par' dir='ltr' id='par_1_56' title="bbox 362 5041 2020 5114">
     <span class='ocr_line' id='line_1_56' title="bbox 362 5041 2020 5114; baseline 0.003 -18"><span class='ocrx_word' id='word_1_462' title='bbox 362 5043 497 5096; x_wconf 87' lang='grc' dir='ltr'>λέων</span> <span class='ocrx_word' id='word_1_463' title='bbox 530 5042 967 5114; x_wconf 85' lang='grc' dir='ltr'>βασιλικώτερος.</span> <span class='ocrx_word' id='word_1_464' title='bbox 1003 5041 1210 5096; x_wconf 80' lang='grc' dir='ltr'>Αὑτίκα</span> <span class='ocrx_word' id='word_1_465' title='bbox 1240 5043 1369 5111; x_wconf 91' lang='grc' dir='ltr'>γοῦν</span> <span class='ocrx_word' id='word_1_466' title='bbox 1401 5043 1491 5096; x_wconf 77' lang='grc' dir='ltr'>τὸν</span> <span class='ocrx_word' id='word_1_467' title='bbox 1535 5044 1770 5114; x_wconf 81' lang='grc' dir='ltr'>ἄρχοντα</span> <span class='ocrx_word' id='word_1_468' title='bbox 1809 5045 2020 5102; x_wconf 82' lang='grc' dir='ltr'>διέτατ-</span> 
     </span>
    </p>
   </div>
   <div class='ocr_carea' id='block_1_57' title="bbox 359 5125 2020 5199">
    <p class='ocr_par' dir='ltr' id='par_1_57' title="bbox 359 5125 2020 5199">
     <span class='ocr_line' id='line_1_57' title="bbox 359 5125 2020 5199; baseline 0.002 -20"><span class='ocrx_word' id='word_1_469' title='bbox 359 5141 452 5180; x_wconf 85' lang='grc' dir='ltr'>τεν</span> <span class='ocrx_word' id='word_1_470' title='bbox 495 5128 524 5179; x_wconf 87' lang='grc' dir='ltr'>δ</span> <span class='ocrx_word' id='word_1_471' title='bbox 555 5127 884 5197; x_wconf 77' lang='grc' dir='ltr'>ἀρχόμενος,</span> <span class='ocrx_word' id='word_1_472' title='bbox 928 5126 1022 5179; x_wconf 82' lang='grc' dir='ltr'>καὶ</span> <span class='ocrx_word' id='word_1_473' title='bbox 1058 5125 1138 5196; x_wconf 83' lang='grc' dir='ltr'>τῷ</span> <span class='ocrx_word' id='word_1_474' title='bbox 1169 5125 1454 5196; x_wconf 75' lang='grc' dir='ltr'>κρατοῦντι</span> <span class='ocrx_word' id='word_1_475' title='bbox 1496 5127 1710 5180; x_wconf 85' lang='grc' dir='ltr'>πάντων</span> <span class='ocrx_word' id='word_1_476' title='bbox 1743 5140 1766 5167; x_wconf 76' lang='grc' dir='ltr'><strong>θ</strong></span> <span class='ocrx_word' id='word_1_477' title='bbox 1809 5129 2020 5199; x_wconf 80' lang='grc' dir='ltr'>ἔκρινεν</span> 
     </span>
    </p>
   </div>
   <div class='ocr_carea' id='block_1_58' title="bbox 359 5211 2011 5284">
    <p class='ocr_par' dir='ltr' id='par_1_58' title="bbox 359 5211 2011 5284">
     <span class='ocr_line' id='line_1_58' title="bbox 359 5211 2011 5284; baseline 0.001 -19"><span class='ocrx_word' id='word_1_478' title='bbox 359 5213 388 5265; x_wconf 83' lang='lat'>6</span> <span class='ocrx_word' id='word_1_479' title='bbox 419 5211 677 5281; x_wconf 80' lang='grc' dir='ltr'>ὑπήκοος,</span> <span class='ocrx_word' id='word_1_480' title='bbox 706 5211 799 5263; x_wconf 72' lang='grc' dir='ltr'>καί⁵</span> <span class='ocrx_word' id='word_1_481' title='bbox 829 5212 926 5282; x_wconf 79' lang='grc' dir='ltr'>τὴν</span> <span class='ocrx_word' id='word_1_482' title='bbox 959 5211 1420 5274; x_wconf 78' lang='grc' dir='ltr'>καταδικάζουσαν</span> <span class='ocrx_word' id='word_1_483' title='bbox 1446 5211 1604 5265; x_wconf 80' lang='grc' dir='ltr'>αὑτὸν</span> <span class='ocrx_word' id='word_1_484' title='bbox 1627 5213 1806 5284; x_wconf 84' lang='grc' dir='ltr'>ψῆφον</span> <span class='ocrx_word' id='word_1_485' title='bbox 1831 5213 2011 5284; x_wconf 78' lang='grc' dir='ltr'>ἔφερε.</span> 
     </span>
    </p>
   </div>
   <div class='ocr_carea' id='block_1_59' title="bbox 358 5293 2013 5367">
    <p class='ocr_par' dir='ltr' id='par_1_59' title="bbox 358 5293 2013 5367">
     <span class='ocr_line' id='line_1_59' title="bbox 358 5293 2013 5367; baseline 0.004 -22"><span class='ocrx_word' id='word_1_486' title='bbox 358 5293 432 5345; x_wconf 74' lang='grc' dir='ltr'>Συ</span> <span class='ocrx_word' id='word_1_487' title='bbox 461 5293 516 5346; x_wconf 84' lang='grc' dir='ltr'>δέ</span> <span class='ocrx_word' id='word_1_488' title='bbox 549 5294 721 5347; x_wconf 88' lang='grc' dir='ltr'>ταῦτα</span> <span class='ocrx_word' id='word_1_489' title='bbox 769 5294 1002 5359; x_wconf 88' lang='grc' dir='ltr'>ἀκούων,</span> <span class='ocrx_word' id='word_1_490' title='bbox 1053 5295 1127 5364; x_wconf 79' lang='grc' dir='ltr'>μὴ</span> <span class='ocrx_word' id='word_1_491' title='bbox 1163 5295 1431 5365; x_wconf 75' lang='grc' dir='ltr'>παρέλθῃς</span> <span class='ocrx_word' id='word_1_492' title='bbox 1471 5295 1656 5359; x_wconf 88' lang='grc' dir='ltr'>ἀπλῶς</span> <span class='ocrx_word' id='word_1_493' title='bbox 1684 5297 1745 5348; x_wconf 87' lang='grc' dir='ltr'>τὸ</span> <span class='ocrx_word' id='word_1_494' title='bbox 1790 5296 2013 5367; x_wconf 87' lang='grc' dir='ltr'>λεχθέν·</span> 
     </span>
    </p>
   </div>
   <div class='ocr_carea' id='block_1_60' title="bbox 359 5375 2013 5448">
    <p class='ocr_par' dir='ltr' id='par_1_60' title="bbox 359 5375 2013 5448">
     <span class='ocr_line' id='line_1_60' title="bbox 359 5375 2013 5448; baseline 0.003 -20"><span class='ocrx_word' id='word_1_495' title='bbox 359 5375 540 5429; x_wconf 82' lang='grc' dir='ltr'>ίκανὸν</span> <span class='ocrx_word' id='word_1_496' title='bbox 575 5377 674 5447; x_wconf 82' lang='grc' dir='ltr'>μὲν</span> <span class='ocrx_word' id='word_1_497' title='bbox 699 5377 810 5448; x_wconf 84' lang='grc' dir='ltr'>γὰρ</span> <span class='ocrx_word' id='word_1_498' title='bbox 835 5377 929 5430; x_wconf 80' lang='grc' dir='ltr'>καὶ</span> <span class='ocrx_word' id='word_1_499' title='bbox 962 5377 1092 5430; x_wconf 89' lang='lat'><strong>0616</strong></span> <span class='ocrx_word' id='word_1_500' title='bbox 1121 5376 1240 5430; x_wconf 86' lang='grc' dir='ltr'>καθ’</span> <span class='ocrx_word' id='word_1_501' title='bbox 1274 5376 1433 5429; x_wconf 78' lang='grc' dir='ltr'>ἑαυτὸ</span> <span class='ocrx_word' id='word_1_502' title='bbox 1471 5376 1627 5430; x_wconf 83' lang='grc' dir='ltr'>τοῦτο</span> <span class='ocrx_word' id='word_1_503' title='bbox 1653 5379 2013 5448; x_wconf 85' lang='grc' dir='ltr'>ἀπαγγελθέν,</span> 
     </span>
    </p>
   </div>
   <div class='ocr_carea' id='block_1_61' title="bbox 355 5459 2012 5532">
    <p class='ocr_par' dir='ltr' id='par_1_61' title="bbox 355 5459 2012 5532">
     <span class='ocr_line' id='line_1_61' title="bbox 355 5459 2012 5532; baseline 0.002 -21"><span class='ocrx_word' id='word_1_504' title='bbox 355 5459 436 5511; x_wconf 88' lang='grc' dir='ltr'>ὃτι</span> <span class='ocrx_word' id='word_1_505' title='bbox 466 5459 556 5512; x_wconf 80' lang='grc' dir='ltr'>τδν</span> <span class='ocrx_word' id='word_1_506' title='bbox 597 5459 820 5530; x_wconf 82' lang='grc' dir='ltr'>βασιλέα</span> <span class='ocrx_word' id='word_1_507' title='bbox 837 5459 951 5513; x_wconf 85' lang='grc' dir='ltr'>τῶν</span> <span class='ocrx_word' id='word_1_508' title='bbox 992 5461 1090 5530; x_wconf 88' lang='grc' dir='ltr'>τῆς</span> <span class='ocrx_word' id='word_1_509' title='bbox 1128 5459 1418 5530; x_wconf 84' lang='grc' dir='ltr'>ἐκκλησίας</span> <span class='ocrx_word' id='word_1_510' title='bbox 1459 5459 1741 5530; x_wconf 83' lang='grc' dir='ltr'>προθύρων</span> <span class='ocrx_word' id='word_1_511' title='bbox 1785 5461 2012 5532; x_wconf 78' lang='grc' dir='ltr'>ἐξήλασε</span> 
     </span>
    </p>
   </div>
   <div class='ocr_carea' id='block_1_62' title="bbox 352 5541 2012 5615">
    <p class='ocr_par' dir='ltr' id='par_1_62' title="bbox 352 5541 2012 5615">
     <span class='ocr_line' id='line_1_62' title="bbox 352 5541 2012 5615; baseline 0.002 -19"><span class='ocrx_word' id='word_1_512' title='bbox 352 5543 460 5596; x_wconf 74' lang='grc' dir='ltr'>τῶν</span> <span class='ocrx_word' id='word_1_513' title='bbox 489 5543 594 5597; x_wconf 75' lang='grc' dir='ltr'>ὑπὸ</span> <span class='ocrx_word' id='word_1_514' title='bbox 619 5545 717 5614; x_wconf 81' lang='grc' dir='ltr'>τὴν</span> <span class='ocrx_word' id='word_1_515' title='bbox 745 5545 918 5615; x_wconf 83' lang='grc' dir='ltr'>ἀρχὴν</span> <span class='ocrx_word' id='word_1_516' title='bbox 965 5543 1130 5597; x_wconf 87' lang='grc' dir='ltr'>δντων</span> <span class='ocrx_word' id='word_1_517' title='bbox 1157 5560 1239 5606; x_wconf 90' lang='grc' dir='ltr'>τις</span> <span class='ocrx_word' id='word_1_518' title='bbox 1275 5543 1372 5613; x_wconf 81' lang='grc' dir='ltr'>τὴν</span> <span class='ocrx_word' id='word_1_519' title='bbox 1417 5541 1603 5608; x_wconf 80' lang='grc' dir='ltr'>αὑτοῦ,</span> <span class='ocrx_word' id='word_1_520' title='bbox 1656 5543 2012 5614; x_wconf 88' lang='grc' dir='ltr'>διαναστῆσαι</span> 
     </span>
    </p>
   </div>
   <div class='ocr_carea' id='block_1_63' title="bbox 413 5647 1238 5710">
    <p class='ocr_par' dir='ltr' id='par_1_63' title="bbox 413 5647 1238 5710">
     <span class='ocr_line' id='line_1_63' title="bbox 413 5647 1238 5710; baseline 0.002 -14"><span class='ocrx_word' id='word_1_521' title='bbox 413 5647 440 5710; x_wconf 74' lang='lat'>_‘</span> <span class='ocrx_word' id='word_1_522' title='bbox 461 5647 610 5710; x_wconf 82' lang='lat' dir='ltr'>Savil.</span> <span class='ocrx_word' id='word_1_523' title='bbox 637 5654 690 5696; x_wconf 80' lang='lat' dir='ltr'>et</span> <span class='ocrx_word' id='word_1_524' title='bbox 711 5649 904 5710; x_wconf 82' lang='lat' dir='ltr'>quidam</span> <span class='ocrx_word' id='word_1_525' title='bbox 927 5662 1045 5697; x_wconf 89' lang='lat' dir='ltr'>mss.</span> <span class='ocrx_word' id='word_1_526' title='bbox 1068 5649 1238 5698; x_wconf 79' lang='grc' dir='ltr'>αὐτῶν.</span> 
     </span>
    </p>
   </div>
   <div class='ocr_carea' id='block_1_64' title="bbox 410 5707 1118 5758">
    <p class='ocr_par' dir='ltr' id='par_1_64' title="bbox 410 5707 1118 5758">
     <span class='ocr_line' id='line_1_64' title="bbox 410 5707 1118 5758; baseline 0.003 -3"><span class='ocrx_word' id='word_1_527' title='bbox 410 5707 439 5748; x_wconf 73' lang='grc'>1»</span> <span class='ocrx_word' id='word_1_528' title='bbox 460 5709 610 5756; x_wconf 83' lang='lat' dir='ltr'>Savil.</span> <span class='ocrx_word' id='word_1_529' title='bbox 636 5716 686 5757; x_wconf 85' lang='lat' dir='ltr'>el</span> <span class='ocrx_word' id='word_1_530' title='bbox 711 5707 835 5756; x_wconf 71' lang='lat' dir='ltr'>\iuus</span> <span class='ocrx_word' id='word_1_531' title='bbox 857 5711 883 5757; x_wconf 83' lang='lat'>6</span> <span class='ocrx_word' id='word_1_532' title='bbox 903 5711 1118 5758; x_wconf 80' lang='grc' dir='ltr'>συνιδεῖν.</span> 
     </span>
    </p>
   </div>
   <div class='ocr_carea' id='block_1_65' title="bbox 408 5768 982 5824">
    <p class='ocr_par' dir='ltr' id='par_1_65' title="bbox 408 5768 982 5824">
     <span class='ocr_line' id='line_1_65' title="bbox 408 5768 982 5824; baseline 0.002 -7"><span class='ocrx_word' id='word_1_533' title='bbox 408 5771 432 5800; x_wconf 76' lang='grc'><strong><em>⁸</em></strong></span> <span class='ocrx_word' id='word_1_534' title='bbox 460 5768 557 5817; x_wconf 74' lang='lat' dir='ltr'><strong>Alii</strong></span> <span class='ocrx_word' id='word_1_535' title='bbox 579 5769 660 5816; x_wconf 85' lang='grc' dir='ltr'>τὸν</span> <span class='ocrx_word' id='word_1_536' title='bbox 681 5770 856 5816; x_wconf 83' lang='grc' dir='ltr'>ἐκείνου</span> <span class='ocrx_word' id='word_1_537' title='bbox 883 5772 982 5824; x_wconf 82' lang='grc' dir='ltr'>ζηλ.</span> 
     </span>
    </p>
   </div>
   <div class='ocr_carea' id='block_1_66' title="bbox 405 5829 1092 5891">
    <p class='ocr_par' dir='ltr' id='par_1_66' title="bbox 405 5829 1092 5891">
     <span class='ocr_line' id='line_1_66' title="bbox 405 5829 1092 5891; baseline -0.006 -13"><span class='ocrx_word' id='word_1_538' title='bbox 405 5829 434 5870; x_wconf 67' lang='grc' dir='ltr'><em>ἀ</em></span> <span class='ocrx_word' id='word_1_539' title='bbox 457 5832 554 5879; x_wconf 73' lang='lat' dir='ltr'>Alii</span> <span class='ocrx_word' id='word_1_540' title='bbox 576 5832 658 5877; x_wconf 85' lang='grc' dir='ltr'>τὸν</span> <span class='ocrx_word' id='word_1_541' title='bbox 680 5829 764 5891; x_wconf 79' lang='grc' dir='ltr'>τοῦ</span> <span class='ocrx_word' id='word_1_542' title='bbox 791 5831 914 5878; x_wconf 63' lang='grc' dir='ltr'>θεοῦ</span> <span class='ocrx_word' id='word_1_543' title='bbox 939 5833 1092 5891; x_wconf 76' lang='grc' dir='ltr'>λόγον.</span> 
     </span>
    </p>
   </div>
   <div class='ocr_carea' id='block_1_67' title="bbox 410 5885 1272 5951">
    <p class='ocr_par' dir='ltr' id='par_1_67' title="bbox 410 5885 1272 5951">
     <span class='ocr_line' id='line_1_67' title="bbox 410 5885 1272 5951; baseline -0.002 -11"><span class='ocrx_word' id='word_1_544' title='bbox 410 5893 439 5923; x_wconf 79' lang='grc'><strong><em>⁸</em></strong></span> <span class='ocrx_word' id='word_1_545' title='bbox 462 5893 562 5944; x_wconf 70' lang='lat' dir='ltr'><strong>Alii</strong></span> <span class='ocrx_word' id='word_1_546' title='bbox 581 5893 660 5938; x_wconf 88' lang='grc' dir='ltr'><strong>καί</strong></span> <span class='ocrx_word' id='word_1_547' title='bbox 678 5885 766 5937; x_wconf 60' lang='grc' dir='ltr'>τεὸν</span> <span class='ocrx_word' id='word_1_548' title='bbox 791 5885 1049 5951; x_wconf 69' lang='grc' dir='ltr'>κρατοῦντα</span> <span class='ocrx_word' id='word_1_549' title='bbox 1069 5891 1272 5938; x_wconf 80' lang='grc' dir='ltr'>πάντων.</span> 
     </span>
    </p>
   </div>
   <div class='ocr_carea' id='block_1_68' title="bbox 1183 279 2717 389">
    <p class='ocr_par' dir='ltr' id='par_1_68' title="bbox 1183 279 2712 389">
     <span class='ocr_line' id='line_1_68' title="bbox 1183 279 2712 389; baseline -0.003 -3"><span class='ocrx_word' id='word_1_550' title='bbox 1183 331 1239 389; x_wconf 90' lang='lat' dir='ltr'>s.</span> <span class='ocrx_word' id='word_1_551' title='bbox 1276 325 1560 386; x_wconf 66' lang='lat' dir='ltr'>mmms</span> <span class='ocrx_word' id='word_1_552' title='bbox 1595 279 2084 384; x_wconf 62' lang='lat' dir='ltr'>(ulmos-nom</span> <span class='ocrx_word' id='word_1_553' title='bbox 2122 321 2446 382; x_wconf 65' lang='grc' dir='ltr'>Αιιοιιιειι.</span> <span class='ocrx_word' id='word_1_554' title='bbox 2486 319 2712 384; x_wconf 70' lang='lat' dir='ltr'>CONST</span> 
     </span>
    </p>
   </div>
   <div class='ocr_carea' id='block_1_69' title="bbox 1499 279 3033 389">
    <p class='ocr_par' dir='ltr' id='par_1_69' title="bbox 1501 279 3033 386">
     <span class='ocr_line' id='line_1_69' title="bbox 1501 279 3033 386; baseline -0.001 -2"><span class='ocrx_word' id='word_1_555' title='bbox 1501 330 1560 386; x_wconf 83' lang='lat' dir='ltr'>IS</span> <span class='ocrx_word' id='word_1_556' title='bbox 1595 279 2084 384; x_wconf 62' lang='lat' dir='ltr'>(ulmos-nom</span> <span class='ocrx_word' id='word_1_557' title='bbox 2122 321 2446 382; x_wconf 65' lang='grc' dir='ltr'>Αιιοιιιειι.</span> <span class='ocrx_word' id='word_1_558' title='bbox 2486 319 3033 384; x_wconf 64' lang='lat' dir='ltr'>cossmxmop.</span> 
     </span>
    </p>
   </div>
   <div class='ocr_carea' id='block_1_70' title="bbox 3699 325 3819 385">
    <p class='ocr_par' dir='ltr' id='par_1_70' title="bbox 3699 325 3819 385">
     <span class='ocr_line' id='line_1_70' title="bbox 3699 325 3819 385; baseline 0.017 -2"><span class='ocrx_word' id='word_1_559' title='bbox 3699 325 3819 385; x_wconf 64' lang='lat'><strong>6‘63</strong></span> 
     </span>
    </p>
   </div>
   <div class='ocr_carea' id='block_1_71' title="bbox 2138 435 3819 512">
    <p class='ocr_par' dir='ltr' id='par_1_71' title="bbox 2138 435 3819 512">
     <span class='ocr_line' id='line_1_71' title="bbox 2138 435 3819 512; baseline 0.004 -23"><span class='ocrx_word' id='word_1_560' title='bbox 2138 436 2234 489; x_wconf 80' lang='grc' dir='ltr'>καὶ</span> <span class='ocrx_word' id='word_1_561' title='bbox 2271 436 2536 506; x_wconf 82' lang='grc' dir='ltr'>ἐκπλῆξαι</span> <span class='ocrx_word' id='word_1_562' title='bbox 2570 437 2670 503; x_wconf 77' lang='grc' dir='ltr'>τὴν</span> <span class='ocrx_word' id='word_1_563' title='bbox 2716 435 2823 489; x_wconf 84' lang='grc' dir='ltr'>τῶν</span> <span class='ocrx_word' id='word_1_564' title='bbox 2852 437 3159 490; x_wconf 81' lang='grc' dir='ltr'>ἀκουόντων</span> <span class='ocrx_word' id='word_1_565' title='bbox 3187 436 3385 510; x_wconf 80' lang='grc' dir='ltr'>ψυχήν.</span> <span class='ocrx_word' id='word_1_566' title='bbox 3419 435 3482 492; x_wconf 80' lang='grc' dir='ltr'>Εἰ</span> <span class='ocrx_word' id='word_1_567' title='bbox 3517 440 3576 494; x_wconf 81' lang='grc' dir='ltr'>δὲ</span> <span class='ocrx_word' id='word_1_568' title='bbox 3622 441 3819 512; x_wconf 77' lang='grc' dir='ltr'>βούλει</span> 
     </span>
    </p>
   </div>
   <div class='ocr_carea' id='block_1_72' title="bbox 2132 514 3818 592">
    <p class='ocr_par' dir='ltr' id='par_1_72' title="bbox 2132 514 3818 592">
     <span class='ocr_line' id='line_1_72' title="bbox 2132 514 3818 592; baseline 0.001 -24"><span class='ocrx_word' id='word_1_569' title='bbox 2132 514 2194 568; x_wconf 84' lang='grc' dir='ltr'>τὸ</span> <span class='ocrx_word' id='word_1_570' title='bbox 2225 514 2405 585; x_wconf 86' lang='grc' dir='ltr'>θαῦμα</span> <span class='ocrx_word' id='word_1_571' title='bbox 2437 517 2582 569; x_wconf 82' lang='grc' dir='ltr'>ἀπαν</span> <span class='ocrx_word' id='word_1_572' title='bbox 2623 515 2960 584; x_wconf 85' lang='grc' dir='ltr'>καταμαθεῖν</span> <span class='ocrx_word' id='word_1_573' title='bbox 3002 515 3266 588; x_wconf 75' lang='grc' dir='ltr'>ἀκριϐῶς,</span> <span class='ocrx_word' id='word_1_574' title='bbox 3310 519 3384 592; x_wconf 81' lang='grc' dir='ltr'>μὴ</span> <span class='ocrx_word' id='word_1_575' title='bbox 3427 519 3567 590; x_wconf 80' lang='grc' dir='ltr'>ψιλῷ</span> <span class='ocrx_word' id='word_1_576' title='bbox 3598 522 3680 590; x_wconf 79' lang='grc' dir='ltr'>τῷ</span> <span class='ocrx_word' id='word_1_577' title='bbox 3711 524 3818 592; x_wconf 68' lang='grc' dir='ltr'>ῥή.</span> 
     </span>
    </p>
   </div>
   <div class='ocr_carea' id='block_1_73' title="bbox 2137 593 3821 668">
    <p class='ocr_par' dir='ltr' id='par_1_73' title="bbox 2137 593 3821 668">
     <span class='ocr_line' id='line_1_73' title="bbox 2137 593 3821 668; baseline 0.004 -21"><span class='ocrx_word' id='word_1_578' title='bbox 2137 611 2266 664; x_wconf 90' lang='grc' dir='ltr'>ματι</span> <span class='ocrx_word' id='word_1_579' title='bbox 2318 595 2572 665; x_wconf 88' lang='grc' dir='ltr'>πρόσεχε,</span> <span class='ocrx_word' id='word_1_580' title='bbox 2609 593 2722 645; x_wconf 81' lang='grc' dir='ltr'>ἀλλ’</span> <span class='ocrx_word' id='word_1_581' title='bbox 2769 593 3081 667; x_wconf 82' lang='grc' dir='ltr'>ὑπόγραψον</span> <span class='ocrx_word' id='word_1_582' title='bbox 3126 596 3254 658; x_wconf 81' lang='grc' dir='ltr'>τοὺς</span> <span class='ocrx_word' id='word_1_583' title='bbox 3295 593 3645 668; x_wconf 72' lang='grc' dir='ltr'>δορυφόρους,</span> <span class='ocrx_word' id='word_1_584' title='bbox 3680 617 3821 664; x_wconf 71' lang='grc' dir='ltr'>τους</span> 
     </span>
    </p>
   </div>
   <div class='ocr_carea' id='block_1_74' title="bbox 2133 673 3821 746">
    <p class='ocr_par' dir='ltr' id='par_1_74' title="bbox 2133 673 3821 746">
     <span class='ocr_line' id='line_1_74' title="bbox 2133 673 3821 746; baseline 0.005 -22"><span class='ocrx_word' id='word_1_585' title='bbox 2133 673 2498 734; x_wconf 81' lang='grc' dir='ltr'>ὑπασπιστὰς,</span> <span class='ocrx_word' id='word_1_586' title='bbox 2527 673 2652 735; x_wconf 83' lang='lat'><strong>106;</strong></span> <span class='ocrx_word' id='word_1_587' title='bbox 2698 674 3055 744; x_wconf 72' lang='grc' dir='ltr'>στρατηγοὺς,</span> <span class='ocrx_word' id='word_1_588' title='bbox 3097 675 3224 736; x_wconf 78' lang='lat'><strong>106;</strong></span> <span class='ocrx_word' id='word_1_589' title='bbox 3256 676 3543 746; x_wconf 77' lang='grc' dir='ltr'>ἄρχοντας,</span> <span class='ocrx_word' id='word_1_590' title='bbox 3576 681 3708 742; x_wconf 80' lang='lat'><strong>106;</strong></span> <span class='ocrx_word' id='word_1_591' title='bbox 3747 681 3821 733; x_wconf 79' lang='grc' dir='ltr'>ἐν</span> 
     </span>
    </p>
   </div>
   <div class='ocr_carea' id='block_1_75' title="bbox 2131 751 3819 822">
    <p class='ocr_par' dir='ltr' id='par_1_75' title="bbox 2131 751 3819 822">
     <span class='ocr_line' id='line_1_75' title="bbox 2131 751 3819 822; baseline 0.004 -18"><span class='ocrx_word' id='word_1_592' title='bbox 2131 755 2251 815; x_wconf 84' lang='grc' dir='ltr'>ταῖς</span> <span class='ocrx_word' id='word_1_593' title='bbox 2295 751 2600 821; x_wconf 84' lang='grc' dir='ltr'>βασιλικαῖς</span> <span class='ocrx_word' id='word_1_594' title='bbox 2669 752 2859 814; x_wconf 78' lang='grc' dir='ltr'>αὐλαῖς</span> <span class='ocrx_word' id='word_1_595' title='bbox 2935 751 3332 822; x_wconf 81' lang='grc' dir='ltr'>τρεφομένους,</span> <span class='ocrx_word' id='word_1_596' title='bbox 3378 757 3505 820; x_wconf 80' lang='grc' dir='ltr'>τοὺς</span> <span class='ocrx_word' id='word_1_597' title='bbox 3551 757 3644 809; x_wconf 70' lang='grc' dir='ltr'>ἐπὶ</span> <span class='ocrx_word' id='word_1_598' title='bbox 3695 759 3819 811; x_wconf 76' lang='grc' dir='ltr'>τῶν</span> 
     </span>
    </p>
   </div>
   <div class='ocr_carea' id='block_1_76' title="bbox 2132 833 3819 908">
    <p class='ocr_par' dir='ltr' id='par_1_76' title="bbox 2132 833 3819 908">
     <span class='ocr_line' id='line_1_76' title="bbox 2132 833 3819 908; baseline 0.002 -21"><span class='ocrx_word' id='word_1_599' title='bbox 2132 834 2340 888; x_wconf 85' lang='grc' dir='ltr'>πόλεων</span> <span class='ocrx_word' id='word_1_600' title='bbox 2386 836 2769 904; x_wconf 79' lang='grc' dir='ltr'>τεταγμένους,</span> <span class='ocrx_word' id='word_1_601' title='bbox 2821 833 2914 887; x_wconf 83' lang='grc' dir='ltr'>τὸν</span> <span class='ocrx_word' id='word_1_602' title='bbox 2967 833 3136 904; x_wconf 84' lang='grc' dir='ltr'>τῦφον</span> <span class='ocrx_word' id='word_1_603' title='bbox 3187 834 3300 888; x_wconf 84' lang='grc' dir='ltr'>τῶν</span> <span class='ocrx_word' id='word_1_604' title='bbox 3348 838 3819 908; x_wconf 81' lang='grc' dir='ltr'>προηγουμένων,</span> 
     </span>
    </p>
   </div>
   <div class='ocr_carea' id='block_1_77' title="bbox 2130 913 3822 987">
    <p class='ocr_par' dir='ltr' id='par_1_77' title="bbox 2130 913 3822 987">
     <span class='ocr_line' id='line_1_77' title="bbox 2130 913 3822 987; baseline 0.001 -19"><span class='ocrx_word' id='word_1_605' title='bbox 2130 915 2239 968; x_wconf 86' lang='grc' dir='ltr'>τῶν</span> <span class='ocrx_word' id='word_1_606' title='bbox 2280 914 2560 984; x_wconf 77' lang='grc' dir='ltr'>ἑπομένων</span> <span class='ocrx_word' id='word_1_607' title='bbox 2612 915 2719 967; x_wconf 82' lang='grc' dir='ltr'>τῶν</span> <span class='ocrx_word' id='word_1_608' title='bbox 2769 913 3073 968; x_wconf 82' lang='grc' dir='ltr'>σοϐούντων</span> <span class='ocrx_word' id='word_1_609' title='bbox 3120 915 3182 968; x_wconf 84' lang='lat'>16</span> <span class='ocrx_word' id='word_1_610' title='bbox 3229 915 3451 987; x_wconf 89' lang='grc' dir='ltr'>πλῆθος,</span> <span class='ocrx_word' id='word_1_611' title='bbox 3487 917 3589 986; x_wconf 83' lang='grc' dir='ltr'>τὴν</span> <span class='ocrx_word' id='word_1_612' title='bbox 3637 917 3822 984; x_wconf 68' lang='grc' dir='ltr'>ἀλλην</span> 
     </span>
    </p>
   </div>
   <div class='ocr_carea' id='block_1_78' title="bbox 2133 991 3822 1066">
    <p class='ocr_par' dir='ltr' id='par_1_78' title="bbox 2133 991 3822 1066">
     <span class='ocr_line' id='line_1_78' title="bbox 2133 991 3822 1066; baseline -0.001 -18"><span class='ocrx_word' id='word_1_613' title='bbox 2133 993 2427 1066; x_wconf 86' lang='grc' dir='ltr'>θεραπείαν</span> <span class='ocrx_word' id='word_1_614' title='bbox 2461 996 2698 1048; x_wconf 78' lang='grc' dir='ltr'>ἃπασαν.</span> <span class='ocrx_word' id='word_1_615' title='bbox 2729 991 2860 1048; x_wconf 74' lang='grc' dir='ltr'>Εἶτα</span> <span class='ocrx_word' id='word_1_616' title='bbox 2904 993 3064 1048; x_wconf 76' lang='grc' dir='ltr'>αὑτὸν</span> <span class='ocrx_word' id='word_1_617' title='bbox 3099 997 3157 1048; x_wconf 84' lang='grc' dir='ltr'>ἐν</span> <span class='ocrx_word' id='word_1_618' title='bbox 3190 994 3268 1064; x_wconf 85' lang='grc' dir='ltr'>τῷ</span> <span class='ocrx_word' id='word_1_619' title='bbox 3321 996 3468 1066; x_wconf 84' lang='grc' dir='ltr'>μέσῳ</span> <span class='ocrx_word' id='word_1_620' title='bbox 3506 997 3643 1065; x_wconf 84' lang='grc' dir='ltr'>μετὰ</span> <span class='ocrx_word' id='word_1_621' title='bbox 3675 995 3822 1048; x_wconf 87' lang='grc' dir='ltr'>πολ-</span> 
     </span>
    </p>
   </div>
   <div class='ocr_carea' id='block_1_79' title="bbox 2131 1072 3819 1147">
    <p class='ocr_par' dir='ltr' id='par_1_79' title="bbox 2131 1072 3819 1147">
     <span class='ocr_line' id='line_1_79' title="bbox 2131 1072 3819 1147; baseline 0.001 -20"><span class='ocrx_word' id='word_1_622' title='bbox 2131 1073 2224 1128; x_wconf 87' lang='grc' dir='ltr'>λοῦ</span> <span class='ocrx_word' id='word_1_623' title='bbox 2271 1075 2369 1144; x_wconf 77' lang='grc' dir='ltr'>μὲν</span> <span class='ocrx_word' id='word_1_624' title='bbox 2413 1073 2758 1126; x_wconf 83' lang='grc' dir='ltr'>ἐπιϐαίνοντα</span> <span class='ocrx_word' id='word_1_625' title='bbox 2803 1072 2898 1126; x_wconf 87' lang='grc' dir='ltr'>τοῦ</span> <span class='ocrx_word' id='word_1_626' title='bbox 2947 1074 3326 1144; x_wconf 79' lang='grc' dir='ltr'>φρονήματος,</span> <span class='ocrx_word' id='word_1_627' title='bbox 3379 1075 3708 1147; x_wconf 87' lang='grc' dir='ltr'>σεμνότερον</span> <span class='ocrx_word' id='word_1_628' title='bbox 3748 1074 3819 1128; x_wconf 66' lang='grc' dir='ltr'>δὶ</span> 
     </span>
    </p>
   </div>
   <div class='ocr_carea' id='block_1_80' title="bbox 2131 1151 3817 1223">
    <p class='ocr_par' dir='ltr' id='par_1_80' title="bbox 2131 1151 3817 1223">
     <span class='ocr_line' id='line_1_80' title="bbox 2131 1151 3817 1223; baseline -0.001 -15"><span class='ocrx_word' id='word_1_629' title='bbox 2131 1155 2240 1208; x_wconf 81' lang='grc' dir='ltr'>ἀπὸ</span> <span class='ocrx_word' id='word_1_630' title='bbox 2267 1152 2375 1206; x_wconf 83' lang='grc' dir='ltr'>τῶν</span> <span class='ocrx_word' id='word_1_631' title='bbox 2419 1153 2645 1223; x_wconf 89' lang='grc' dir='ltr'>ἰματίων</span> <span class='ocrx_word' id='word_1_632' title='bbox 2679 1152 3022 1222; x_wconf 85' lang='grc' dir='ltr'>φαινόμενον,</span> <span class='ocrx_word' id='word_1_633' title='bbox 3064 1153 3158 1206; x_wconf 86' lang='grc' dir='ltr'>καὶ</span> <span class='ocrx_word' id='word_1_634' title='bbox 3190 1151 3288 1222; x_wconf 89' lang='grc' dir='ltr'>τῆς</span> <span class='ocrx_word' id='word_1_635' title='bbox 3325 1152 3666 1223; x_wconf 83' lang='grc' dir='ltr'>ἀλουργίδος,</span> <span class='ocrx_word' id='word_1_636' title='bbox 3712 1156 3817 1207; x_wconf 75' lang='grc' dir='ltr'>καὶ</span> 
     </span>
    </p>
   </div>
   <div class='ocr_carea' id='block_1_81' title="bbox 2131 1229 3811 1304">
    <p class='ocr_par' dir='ltr' id='par_1_81' title="bbox 2131 1229 3811 1304">
     <span class='ocr_line' id='line_1_81' title="bbox 2131 1229 3811 1304; baseline -0.001 -19"><span class='ocrx_word' id='word_1_637' title='bbox 2131 1233 2238 1285; x_wconf 79' lang='grc' dir='ltr'>τῶν</span> <span class='ocrx_word' id='word_1_638' title='bbox 2264 1231 2428 1284; x_wconf 90' lang='grc' dir='ltr'>λίθων</span> <span class='ocrx_word' id='word_1_639' title='bbox 2454 1231 2562 1283; x_wconf 86' lang='grc' dir='ltr'>τῶν</span> <span class='ocrx_word' id='word_1_640' title='bbox 2583 1229 2856 1300; x_wconf 80' lang='grc' dir='ltr'>πανταχοῦ</span> <span class='ocrx_word' id='word_1_641' title='bbox 2877 1229 3286 1301; x_wconf 87' lang='grc' dir='ltr'>διεσπαρμένων</span> <span class='ocrx_word' id='word_1_642' title='bbox 3314 1231 3455 1285; x_wconf 86' lang='grc' dir='ltr'>κατά</span> <span class='ocrx_word' id='word_1_643' title='bbox 3474 1232 3576 1304; x_wconf 80' lang='grc' dir='ltr'>τὴν</span> <span class='ocrx_word' id='word_1_644' title='bbox 3597 1231 3811 1300; x_wconf 72' lang='grc' dir='ltr'>δεξιὰν,</span> 
     </span>
    </p>
   </div>
   <div class='ocr_carea' id='block_1_82' title="bbox 2133 1307 3814 1380">
    <p class='ocr_par' dir='ltr' id='par_1_82' title="bbox 2133 1307 3814 1380">
     <span class='ocr_line' id='line_1_82' title="bbox 2133 1307 3814 1380; baseline 0 -16"><span class='ocrx_word' id='word_1_645' title='bbox 2133 1312 2274 1364; x_wconf 87' lang='grc' dir='ltr'>κατά</span> <span class='ocrx_word' id='word_1_646' title='bbox 2303 1308 2401 1380; x_wconf 77' lang='grc' dir='ltr'>τὴν</span> <span class='ocrx_word' id='word_1_647' title='bbox 2443 1308 2714 1380; x_wconf 75' lang='grc' dir='ltr'>συμϐολὴν</span> <span class='ocrx_word' id='word_1_648' title='bbox 2747 1309 2846 1378; x_wconf 89' lang='grc' dir='ltr'>τῆς</span> <span class='ocrx_word' id='word_1_649' title='bbox 2876 1307 3141 1378; x_wconf 87' lang='grc' dir='ltr'>χλανίδος,</span> <span class='ocrx_word' id='word_1_650' title='bbox 3187 1309 3298 1362; x_wconf 82' lang='grc' dir='ltr'>τῶν</span> <span class='ocrx_word' id='word_1_651' title='bbox 3340 1309 3449 1363; x_wconf 80' lang='grc' dir='ltr'>ἀπὸ</span> <span class='ocrx_word' id='word_1_652' title='bbox 3479 1309 3572 1364; x_wconf 90' lang='grc' dir='ltr'>τοῦ</span> <span class='ocrx_word' id='word_1_653' title='bbox 3618 1311 3814 1380; x_wconf 66' lang='lat'><strong>6106+,-</strong></span> 
     </span>
    </p>
   </div>
   <div class='ocr_carea' id='block_1_83' title="bbox 2135 1388 3810 1463">
    <p class='ocr_par' dir='ltr' id='par_1_83' title="bbox 2135 1388 3810 1463">
     <span class='ocr_line' id='line_1_83' title="bbox 2135 1388 3810 1463; baseline 0.001 -20"><span class='ocrx_word' id='word_1_654' title='bbox 2135 1408 2302 1463; x_wconf 83' lang='grc' dir='ltr'>ματος</span> <span class='ocrx_word' id='word_1_655' title='bbox 2335 1389 2595 1463; x_wconf 55' lang='lat'><strong>6506111;</strong></span> <span class='ocrx_word' id='word_1_656' title='bbox 2628 1388 3172 1463; x_wconf 36' lang='grc' dir='ltr'>ἀστραπτόντων-τῆς</span> <span class='ocrx_word' id='word_1_657' title='bbox 3211 1389 3472 1463; x_wconf 69' lang='grc' dir='ltr'>κεφαλῆς.</span> <span class='ocrx_word' id='word_1_658' title='bbox 3517 1390 3630 1444; x_wconf 71' lang='grc' dir='ltr'>Καὶ</span> <span class='ocrx_word' id='word_1_659' title='bbox 3668 1390 3810 1463; x_wconf 60' lang='grc' dir='ltr'>μηδὲ</span> 
     </span>
    </p>
   </div>
   <div class='ocr_carea' id='block_1_84' title="bbox 2136 1455 3809 1532">
    <p class='ocr_par' dir='ltr' id='par_1_84' title="bbox 2136 1455 3809 1532">
     <span class='ocr_line' id='line_1_84' title="bbox 2136 1455 3809 1532; baseline -0.001 -18"><span class='ocrx_word' id='word_1_660' title='bbox 2136 1455 2296 1530; x_wconf 74' lang='grc' dir='ltr'>μέχρι</span> <span class='ocrx_word' id='word_1_661' title='bbox 2341 1455 2528 1512; x_wconf 85' lang='grc' dir='ltr'>τούτου</span> <span class='ocrx_word' id='word_1_662' title='bbox 2552 1455 2768 1529; x_wconf 77' lang='grc' dir='ltr'>στήσῃς</span> <span class='ocrx_word' id='word_1_663' title='bbox 2812 1456 2909 1528; x_wconf 81' lang='grc' dir='ltr'>τὴν</span> <span class='ocrx_word' id='word_1_664' title='bbox 2947 1455 3160 1532; x_wconf 74' lang='grc' dir='ltr'>εἰκόνα,</span> <span class='ocrx_word' id='word_1_665' title='bbox 3207 1455 3320 1513; x_wconf 76' lang='grc' dir='ltr'>ἀλλ⁴</span> <span class='ocrx_word' id='word_1_666' title='bbox 3364 1455 3603 1513; x_wconf 77' lang='grc' dir='ltr'>ἔκτεινον</span> <span class='ocrx_word' id='word_1_667' title='bbox 3632 1455 3809 1532; x_wconf 63' lang='grc' dir='ltr'>αὖτ’ὴν</span> 
     </span>
    </p>
   </div>
   <div class='ocr_carea' id='block_1_85' title="bbox 2131 1530 3806 1609">
    <p class='ocr_par' dir='ltr' id='par_1_85' title="bbox 2131 1530 3806 1609">
     <span class='ocr_line' id='line_1_85' title="bbox 2131 1530 3806 1609; baseline 0.001 -18"><span class='ocrx_word' id='word_1_668' title='bbox 2131 1539 2228 1592; x_wconf 74' lang='grc' dir='ltr'>καὶ</span> <span class='ocrx_word' id='word_1_669' title='bbox 2269 1539 2361 1591; x_wconf 74' lang='grc' dir='ltr'>ἐπὶ</span> <span class='ocrx_word' id='word_1_670' title='bbox 2391 1537 2482 1590; x_wconf 79' lang='grc' dir='ltr'>τὸν</span> <span class='ocrx_word' id='word_1_671' title='bbox 2521 1536 2615 1590; x_wconf 88' lang='grc' dir='ltr'>τοῦ</span> <span class='ocrx_word' id='word_1_672' title='bbox 2649 1536 2782 1589; x_wconf 87' lang='grc' dir='ltr'>Θεοῦ</span> <span class='ocrx_word' id='word_1_673' title='bbox 2822 1536 3024 1600; x_wconf 82' lang='grc' dir='ltr'>δοῦλον,</span> <span class='ocrx_word' id='word_1_674' title='bbox 3065 1530 3156 1589; x_wconf 79' lang='grc' dir='ltr'>τδν</span> <span class='ocrx_word' id='word_1_675' title='bbox 3202 1537 3471 1609; x_wconf 73' lang='grc' dir='ltr'>μακάριον</span> <span class='ocrx_word' id='word_1_676' title='bbox 3525 1530 3806 1604; x_wconf 81' lang='grc' dir='ltr'>Βαϐύλαν,</span> 
     </span>
    </p>
   </div>
   <div class='ocr_carea' id='block_1_86' title="bbox 2133 1609 3810 1688">
    <p class='ocr_par' dir='ltr' id='par_1_86' title="bbox 2133 1609 3810 1688">
     <span class='ocr_line' id='line_1_86' title="bbox 2133 1609 3810 1688; baseline 0 -18"><span class='ocrx_word' id='word_1_677' title='bbox 2133 1617 2320 1671; x_wconf 75' lang='grc' dir='ltr'>καὶτὸ</span> <span class='ocrx_word' id='word_1_678' title='bbox 2365 1617 2550 1688; x_wconf 83' lang='grc' dir='ltr'>σχῆμα</span> <span class='ocrx_word' id='word_1_679' title='bbox 2585 1613 2647 1669; x_wconf 80' lang='grc' dir='ltr'>τὸ</span> <span class='ocrx_word' id='word_1_680' title='bbox 2680 1615 2961 1679; x_wconf 80' lang='grc' dir='ltr'>ταπεινὸν,</span> <span class='ocrx_word' id='word_1_681' title='bbox 3011 1609 3107 1668; x_wconf 70' lang='grc' dir='ltr'>καὶ</span> <span class='ocrx_word' id='word_1_682' title='bbox 3162 1613 3256 1668; x_wconf 76' lang='grc' dir='ltr'>ἐπὶ</span> <span class='ocrx_word' id='word_1_683' title='bbox 3308 1617 3406 1687; x_wconf 82' lang='grc' dir='ltr'>τῆν</span> <span class='ocrx_word' id='word_1_684' title='bbox 3462 1618 3656 1687; x_wconf 68' lang='grc' dir='ltr'>στολὴν</span> <span class='ocrx_word' id='word_1_685' title='bbox 3709 1619 3810 1688; x_wconf 80' lang='grc' dir='ltr'>τὴν</span> 
     </span>
    </p>
   </div>
   <div class='ocr_carea' id='block_1_87' title="bbox 2135 1694 3811 1768">
    <p class='ocr_par' dir='ltr' id='par_1_87' title="bbox 2135 1694 3811 1768">
     <span class='ocr_line' id='line_1_87' title="bbox 2135 1694 3811 1768; baseline 0 -18"><span class='ocrx_word' id='word_1_686' title='bbox 2135 1696 2429 1766; x_wconf 79' lang='grc' dir='ltr'>ἰδιωτικὴν,</span> <span class='ocrx_word' id='word_1_687' title='bbox 2457 1695 2550 1749; x_wconf 78' lang='grc' dir='ltr'>καὶ</span> <span class='ocrx_word' id='word_1_688' title='bbox 2580 1695 2679 1766; x_wconf 79' lang='grc' dir='ltr'>τὴν</span> <span class='ocrx_word' id='word_1_689' title='bbox 2712 1694 3178 1765; x_wconf 84' lang='grc' dir='ltr'>συντετριμμένην</span> <span class='ocrx_word' id='word_1_690' title='bbox 3217 1694 3414 1765; x_wconf 82' lang='grc' dir='ltr'>ψυχὴν,</span> <span class='ocrx_word' id='word_1_691' title='bbox 3447 1697 3541 1751; x_wconf 74' lang='grc' dir='ltr'>καὶ</span> <span class='ocrx_word' id='word_1_692' title='bbox 3574 1694 3638 1750; x_wconf 86' lang='grc' dir='ltr'>τὸ</span> <span class='ocrx_word' id='word_1_693' title='bbox 3673 1696 3811 1768; x_wconf 62' lang='grc' dir='ltr'>θρθι⁵</span> 
     </span>
    </p>
   </div>
   <div class='ocr_carea' id='block_1_88' title="bbox 2133 1769 3811 1846">
    <p class='ocr_par' dir='ltr' id='par_1_88' title="bbox 2133 1769 3811 1846">
     <span class='ocr_line' id='line_1_88' title="bbox 2133 1769 3811 1846; baseline 0 -16"><span class='ocrx_word' id='word_1_694' title='bbox 2133 1793 2259 1840; x_wconf 91' lang='grc' dir='ltr'>σους</span> <span class='ocrx_word' id='word_1_695' title='bbox 2303 1774 2716 1846; x_wconf 84' lang='grc' dir='ltr'>ἀπηλλαγμένον</span> <span class='ocrx_word' id='word_1_696' title='bbox 2763 1774 3037 1846; x_wconf 78' lang='grc' dir='ltr'>φρόνημα,</span> <span class='ocrx_word' id='word_1_697' title='bbox 3088 1769 3184 1827; x_wconf 70' lang='grc' dir='ltr'>καὶ</span> <span class='ocrx_word' id='word_1_698' title='bbox 3228 1770 3400 1838; x_wconf 77' lang='grc' dir='ltr'>οὓτως</span> <span class='ocrx_word' id='word_1_699' title='bbox 3454 1775 3811 1846; x_wconf 79' lang='grc' dir='ltr'>ἀμφοτέρους</span> 
     </span>
    </p>
   </div>
   <div class='ocr_carea' id='block_1_89' title="bbox 2132 1852 3806 1926">
    <p class='ocr_par' dir='ltr' id='par_1_89' title="bbox 2132 1852 3806 1926">
     <span class='ocr_line' id='line_1_89' title="bbox 2132 1852 3806 1926; baseline 0.001 -18"><span class='ocrx_word' id='word_1_700' title='bbox 2132 1854 2439 1926; x_wconf 78' lang='grc' dir='ltr'>διαγράψας</span> <span class='ocrx_word' id='word_1_701' title='bbox 2476 1855 2569 1907; x_wconf 76' lang='grc' dir='ltr'>καὶ</span> <span class='ocrx_word' id='word_1_702' title='bbox 2619 1853 2869 1916; x_wconf 81' lang='grc' dir='ltr'>ἀντιθεὶς,</span> <span class='ocrx_word' id='word_1_703' title='bbox 2904 1854 3024 1905; x_wconf 90' lang='grc' dir='ltr'>τότε</span> <span class='ocrx_word' id='word_1_704' title='bbox 3068 1852 3252 1925; x_wconf 78' lang='grc' dir='ltr'>γνώσῃ</span> <span class='ocrx_word' id='word_1_705' title='bbox 3281 1854 3342 1906; x_wconf 84' lang='grc' dir='ltr'>τὸ</span> <span class='ocrx_word' id='word_1_706' title='bbox 3375 1853 3560 1923; x_wconf 89' lang='grc' dir='ltr'>θαῦμα</span> <span class='ocrx_word' id='word_1_707' title='bbox 3597 1855 3806 1922; x_wconf 82' lang='grc' dir='ltr'>καλῶς,</span> 
     </span>
    </p>
   </div>
   <div class='ocr_carea' id='block_1_90' title="bbox 2135 1925 3808 2004">
    <p class='ocr_par' dir='ltr' id='par_1_90' title="bbox 2135 1925 3808 2004">
     <span class='ocr_line' id='line_1_90' title="bbox 2135 1925 3808 2004; baseline 0.001 -18"><span class='ocrx_word' id='word_1_708' title='bbox 2135 1925 2334 2004; x_wconf 81' lang='grc' dir='ltr'>μᾶλλον</span> <span class='ocrx_word' id='word_1_709' title='bbox 2369 1925 2425 1985; x_wconf 79' lang='grc' dir='ltr'>δέ</span> <span class='ocrx_word' id='word_1_710' title='bbox 2469 1929 2588 1986; x_wconf 76' lang='grc' dir='ltr'>οὑδὲ</span> <span class='ocrx_word' id='word_1_711' title='bbox 2621 1929 2793 1994; x_wconf 77' lang='grc' dir='ltr'>οὑτως</span> <span class='ocrx_word' id='word_1_712' title='bbox 2841 1931 3074 2002; x_wconf 77' lang='grc' dir='ltr'>ἐπιλήψῃ</span> <span class='ocrx_word' id='word_1_713' title='bbox 3120 1932 3220 2002; x_wconf 90' lang='grc' dir='ltr'>τῆς</span> <span class='ocrx_word' id='word_1_714' title='bbox 3264 1933 3548 2004; x_wconf 81' lang='grc' dir='ltr'>ἀκριϐείας</span> <span class='ocrx_word' id='word_1_715' title='bbox 3595 1936 3808 2004; x_wconf 71' lang='grc' dir='ltr'>αὐτῆς·</span> 
     </span>
    </p>
   </div>
   <div class='ocr_carea' id='block_1_91' title="bbox 2131 2006 3813 2086">
    <p class='ocr_par' dir='ltr' id='par_1_91' title="bbox 2131 2006 3813 2086">
     <span class='ocr_line' id='line_1_91' title="bbox 2131 2006 3813 2086; baseline 0.003 -21"><span class='ocrx_word' id='word_1_716' title='bbox 2131 2014 2228 2084; x_wconf 70' lang='grc' dir='ltr'>τὴν</span> <span class='ocrx_word' id='word_1_717' title='bbox 2262 2006 2370 2084; x_wconf 82' lang='grc' dir='ltr'>γάρ</span> <span class='ocrx_word' id='word_1_718' title='bbox 2400 2012 2708 2085; x_wconf 72' lang='grc' dir='ltr'>παρρησίαν</span> <span class='ocrx_word' id='word_1_719' title='bbox 2751 2011 2964 2083; x_wconf 85' lang='grc' dir='ltr'>ἐκείνην</span> <span class='ocrx_word' id='word_1_720' title='bbox 2991 2013 3147 2080; x_wconf 88' lang='grc' dir='ltr'>λόγος</span> <span class='ocrx_word' id='word_1_721' title='bbox 3190 2013 3289 2081; x_wconf 79' lang='grc' dir='ltr'>μὲν</span> <span class='ocrx_word' id='word_1_722' title='bbox 3315 2013 3488 2077; x_wconf 70' lang='grc' dir='ltr'>οὐδεὶς</span> <span class='ocrx_word' id='word_1_723' title='bbox 3515 2015 3640 2068; x_wconf 85' lang='grc' dir='ltr'>οὑδὲ</span> <span class='ocrx_word' id='word_1_724' title='bbox 3683 2016 3813 2086; x_wconf 80' lang='grc' dir='ltr'>ὃψις</span> 
     </span>
    </p>
   </div>
   <div class='ocr_carea' id='block_1_92' title="bbox 2133 2090 3811 2165">
    <p class='ocr_par' dir='ltr' id='par_1_92' title="bbox 2133 2090 3811 2165">
     <span class='ocr_line' id='line_1_92' title="bbox 2133 2090 3811 2165; baseline 0.002 -21"><span class='ocrx_word' id='word_1_725' title='bbox 2133 2091 2479 2164; x_wconf 85' lang='grc' dir='ltr'>παραστῆσαι</span> <span class='ocrx_word' id='word_1_726' title='bbox 2517 2091 2718 2144; x_wconf 79' lang='grc' dir='ltr'>δύναιτ’</span> <span class='ocrx_word' id='word_1_727' title='bbox 2747 2090 2832 2154; x_wconf 81' lang='grc' dir='ltr'>ἂν,</span> <span class='ocrx_word' id='word_1_728' title='bbox 2874 2093 2908 2161; x_wconf 80' lang='grc' dir='ltr'><strong>ἡ</strong></span> <span class='ocrx_word' id='word_1_729' title='bbox 2939 2093 3102 2162; x_wconf 85' lang='grc' dir='ltr'>πεῖρα</span> <span class='ocrx_word' id='word_1_730' title='bbox 3143 2091 3199 2144; x_wconf 85' lang='grc' dir='ltr'>δὲ</span> <span class='ocrx_word' id='word_1_731' title='bbox 3231 2092 3365 2160; x_wconf 90' lang='grc' dir='ltr'>μόνη</span> <span class='ocrx_word' id='word_1_732' title='bbox 3398 2093 3493 2145; x_wconf 74' lang='grc' dir='ltr'>καί</span> <span class='ocrx_word' id='word_1_733' title='bbox 3524 2095 3556 2163; x_wconf 83' lang='grc' dir='ltr'><strong>ή</strong></span> <span class='ocrx_word' id='word_1_734' title='bbox 3606 2095 3811 2165; x_wconf 86' lang='grc' dir='ltr'>χρῆσις</span> 
     </span>
    </p>
   </div>
   <div class='ocr_carea' id='block_1_93' title="bbox 2131 2169 3812 2243">
    <p class='ocr_par' dir='ltr' id='par_1_93' title="bbox 2131 2169 3812 2243">
     <span class='ocr_line' id='line_1_93' title="bbox 2131 2169 3812 2243; baseline -0.001 -19"><span class='ocrx_word' id='word_1_735' title='bbox 2131 2173 2318 2241; x_wconf 85' lang='grc' dir='ltr'>αὐτῆς.</span> <span class='ocrx_word' id='word_1_736' title='bbox 2354 2170 2462 2224; x_wconf 77' lang='grc' dir='ltr'>Καὶ</span> <span class='ocrx_word' id='word_1_737' title='bbox 2498 2171 2557 2223; x_wconf 85' lang='grc' dir='ltr'>τὸ</span> <span class='ocrx_word' id='word_1_738' title='bbox 2603 2171 2936 2240; x_wconf 85' lang='grc' dir='ltr'>παράστημα</span> <span class='ocrx_word' id='word_1_739' title='bbox 2965 2169 3022 2222; x_wconf 82' lang='grc' dir='ltr'>δὲ</span> <span class='ocrx_word' id='word_1_740' title='bbox 3051 2170 3150 2240; x_wconf 91' lang='grc' dir='ltr'>τῆς</span> <span class='ocrx_word' id='word_1_741' title='bbox 3182 2169 3278 2223; x_wconf 89' lang='grc' dir='ltr'>τοῦ</span> <span class='ocrx_word' id='word_1_742' title='bbox 3318 2171 3569 2239; x_wconf 90' lang='grc' dir='ltr'>γενναίου</span> <span class='ocrx_word' id='word_1_743' title='bbox 3620 2174 3812 2243; x_wconf 79' lang='grc' dir='ltr'>ψυχῆς</span> 
     </span>
    </p>
   </div>
   <div class='ocr_carea' id='block_1_94' title="bbox 2134 2249 3814 2322">
    <p class='ocr_par' dir='ltr' id='par_1_94' title="bbox 2134 2249 3814 2322">
     <span class='ocr_line' id='line_1_94' title="bbox 2134 2249 3814 2322; baseline 0.002 -20"><span class='ocrx_word' id='word_1_744' title='bbox 2134 2251 2290 2319; x_wconf 85' lang='grc' dir='ltr'>μόνος</span> <span class='ocrx_word' id='word_1_745' title='bbox 2320 2251 2522 2312; x_wconf 89' lang='grc' dir='ltr'>ἐκεῖνος</span> <span class='ocrx_word' id='word_1_746' title='bbox 2553 2249 2752 2303; x_wconf 80' lang='grc' dir='ltr'>δύναιτ’</span> <span class='ocrx_word' id='word_1_747' title='bbox 2793 2249 2858 2302; x_wconf 85' lang='grc' dir='ltr'>ἂν</span> <span class='ocrx_word' id='word_1_748' title='bbox 2891 2249 3088 2303; x_wconf 87' lang='grc' dir='ltr'>εἰδέναι</span> <span class='ocrx_word' id='word_1_749' title='bbox 3135 2249 3333 2314; x_wconf 80' lang='grc' dir='ltr'>καλῶς,</span> <span class='ocrx_word' id='word_1_750' title='bbox 3371 2252 3400 2303; x_wconf 97' lang='lat'>6</span> <span class='ocrx_word' id='word_1_751' title='bbox 3427 2250 3677 2322; x_wconf 78' lang='grc' dir='ltr'>δυνηθεὶς</span> <span class='ocrx_word' id='word_1_752' title='bbox 3729 2255 3814 2316; x_wconf 86' lang='grc' dir='ltr'>εἰς</span> 
     </span>
    </p>
   </div>
   <div class='ocr_carea' id='block_1_95' title="bbox 2129 2325 3813 2400">
    <p class='ocr_par' dir='ltr' id='par_1_95' title="bbox 2129 2325 3813 2400">
     <span class='ocr_line' id='line_1_95' title="bbox 2129 2325 3813 2400; baseline 0.002 -20"><span class='ocrx_word' id='word_1_753' title='bbox 2129 2328 2227 2398; x_wconf 70' lang='grc' dir='ltr'>τὴν</span> <span class='ocrx_word' id='word_1_754' title='bbox 2268 2327 2432 2397; x_wconf 84' lang='grc' dir='ltr'>αὑτὴν</span> <span class='ocrx_word' id='word_1_755' title='bbox 2466 2327 2616 2396; x_wconf 89' lang='grc' dir='ltr'>αὑτῷ</span> <span class='ocrx_word' id='word_1_756' title='bbox 2646 2328 2744 2397; x_wconf 90' lang='grc' dir='ltr'>τῆς</span> <span class='ocrx_word' id='word_1_757' title='bbox 2790 2325 3101 2398; x_wconf 74' lang='grc' dir='ltr'>παρρησίας</span> <span class='ocrx_word' id='word_1_758' title='bbox 3133 2327 3333 2396; x_wconf 80' lang='grc' dir='ltr'>φθάσαι</span> <span class='ocrx_word' id='word_1_759' title='bbox 3377 2332 3643 2400; x_wconf 79' lang='grc' dir='ltr'>κορυφήν.</span> <span class='ocrx_word' id='word_1_760' title='bbox 3679 2330 3813 2395; x_wconf 82' lang='grc' dir='ltr'>Πῶς</span> 
     </span>
    </p>
   </div>
   <div class='ocr_carea' id='block_1_96' title="bbox 2130 2401 3806 2478">
    <p class='ocr_par' dir='ltr' id='par_1_96' title="bbox 2130 2401 3806 2478">
     <span class='ocr_line' id='line_1_96' title="bbox 2130 2401 3806 2478; baseline 0.002 -20"><span class='ocrx_word' id='word_1_761' title='bbox 2130 2407 2238 2477; x_wconf 74' lang='grc' dir='ltr'>γὰρ</span> <span class='ocrx_word' id='word_1_762' title='bbox 2268 2405 2570 2478; x_wconf 82' lang='grc' dir='ltr'>προσῆλθεν</span> <span class='ocrx_word' id='word_1_763' title='bbox 2596 2407 2624 2457; x_wconf 88' lang='grc' dir='ltr'>ό</span> <span class='ocrx_word' id='word_1_764' title='bbox 2649 2405 2863 2477; x_wconf 77' lang='grc' dir='ltr'>γέρωνς</span> <span class='ocrx_word' id='word_1_765' title='bbox 2896 2405 3011 2469; x_wconf 82' lang='grc' dir='ltr'>πῶς</span> <span class='ocrx_word' id='word_1_766' title='bbox 3043 2408 3167 2469; x_wconf 85' lang='lat'><strong>106;</strong></span> <span class='ocrx_word' id='word_1_767' title='bbox 3193 2401 3519 2477; x_wconf 83' lang='grc' dir='ltr'>δορυφόρους</span> <span class='ocrx_word' id='word_1_768' title='bbox 3549 2404 3806 2476; x_wconf 78' lang='grc' dir='ltr'>διέκοψες</span> 
     </span>
    </p>
   </div>
   <div class='ocr_carea' id='block_1_97' title="bbox 2131 2482 3806 2560">
    <p class='ocr_par' dir='ltr' id='par_1_97' title="bbox 2131 2482 3806 2560">
     <span class='ocr_line' id='line_1_97' title="bbox 2131 2482 3806 2560; baseline 0.002 -20"><span class='ocrx_word' id='word_1_769' title='bbox 2131 2489 2248 2551; x_wconf 80' lang='grc' dir='ltr'>πῶς</span> <span class='ocrx_word' id='word_1_770' title='bbox 2272 2488 2331 2541; x_wconf 89' lang='lat'>16</span> <span class='ocrx_word' id='word_1_771' title='bbox 2369 2487 2542 2558; x_wconf 91' lang='grc' dir='ltr'>στόμα</span> <span class='ocrx_word' id='word_1_772' title='bbox 2571 2482 2754 2558; x_wconf 77' lang='grc' dir='ltr'>διῆρες</span> <span class='ocrx_word' id='word_1_773' title='bbox 2793 2487 2909 2551; x_wconf 78' lang='grc' dir='ltr'>πῶς</span> <span class='ocrx_word' id='word_1_774' title='bbox 2944 2486 3277 2557; x_wconf 83' lang='grc' dir='ltr'>ἐφθέγξατο;</span> <span class='ocrx_word' id='word_1_775' title='bbox 3308 2489 3423 2552; x_wconf 84' lang='grc' dir='ltr'>πῶς</span> <span class='ocrx_word' id='word_1_776' title='bbox 3462 2490 3806 2560; x_wconf 84' lang='grc' dir='ltr'>ἐπετίμησε;</span> 
     </span>
    </p>
   </div>
   <div class='ocr_carea' id='block_1_98' title="bbox 2133 2561 3809 2638">
    <p class='ocr_par' dir='ltr' id='par_1_98' title="bbox 2133 2561 3809 2638">
     <span class='ocr_line' id='line_1_98' title="bbox 2133 2561 3809 2638; baseline 0.001 -18"><span class='ocrx_word' id='word_1_777' title='bbox 2133 2568 2250 2632; x_wconf 79' lang='grc' dir='ltr'>πῶς</span> <span class='ocrx_word' id='word_1_778' title='bbox 2291 2567 2391 2637; x_wconf 82' lang='grc' dir='ltr'>τὴν</span> <span class='ocrx_word' id='word_1_779' title='bbox 2421 2566 2600 2631; x_wconf 77' lang='grc' dir='ltr'>δεξιὰν</span> <span class='ocrx_word' id='word_1_780' title='bbox 2637 2567 2717 2628; x_wconf 86' lang='grc' dir='ltr'>είς</span> <span class='ocrx_word' id='word_1_781' title='bbox 2749 2561 2810 2619; x_wconf 85' lang='lat'>16</span> <span class='ocrx_word' id='word_1_782' title='bbox 2841 2564 3032 2636; x_wconf 88' lang='grc' dir='ltr'>στῆθος</span> <span class='ocrx_word' id='word_1_783' title='bbox 3062 2567 3328 2638; x_wconf 86' lang='grc' dir='ltr'>ἀπήρεισε</span> <span class='ocrx_word' id='word_1_784' title='bbox 3373 2567 3434 2620; x_wconf 89' lang='lat'>16</span> <span class='ocrx_word' id='word_1_785' title='bbox 3467 2568 3809 2637; x_wconf 83' lang='grc' dir='ltr'>φλεγμαῖνον</span> 
     </span>
    </p>
   </div>
   <div class='ocr_carea' id='block_1_99' title="bbox 2131 2642 3808 2716">
    <p class='ocr_par' dir='ltr' id='par_1_99' title="bbox 2131 2642 3808 2716">
     <span class='ocr_line' id='line_1_99' title="bbox 2131 2642 3808 2716; baseline 0.002 -18"><span class='ocrx_word' id='word_1_786' title='bbox 2131 2645 2210 2699; x_wconf 77' lang='grc' dir='ltr'>ἔτι</span> <span class='ocrx_word' id='word_1_787' title='bbox 2241 2645 2319 2715; x_wconf 82' lang='grc' dir='ltr'>τῷ</span> <span class='ocrx_word' id='word_1_788' title='bbox 2350 2643 2505 2716; x_wconf 84' lang='grc' dir='ltr'>θυμῷ</span> <span class='ocrx_word' id='word_1_789' title='bbox 2532 2644 2626 2697; x_wconf 78' lang='grc' dir='ltr'>καὶ</span> <span class='ocrx_word' id='word_1_790' title='bbox 2657 2642 2776 2707; x_wconf 78' lang='grc' dir='ltr'>ζέον</span> <span class='ocrx_word' id='word_1_791' title='bbox 2804 2643 2882 2713; x_wconf 82' lang='grc' dir='ltr'>τῷ</span> <span class='ocrx_word' id='word_1_792' title='bbox 2921 2644 3098 2715; x_wconf 85' lang='grc' dir='ltr'>φόνῳ;</span> <span class='ocrx_word' id='word_1_793' title='bbox 3131 2644 3248 2708; x_wconf 87' lang='grc' dir='ltr'>πῶς</span> <span class='ocrx_word' id='word_1_794' title='bbox 3278 2645 3537 2699; x_wconf 78' lang='grc' dir='ltr'>ἀπώσατο</span> <span class='ocrx_word' id='word_1_795' title='bbox 3566 2647 3662 2700; x_wconf 80' lang='grc' dir='ltr'>τὸν</span> <span class='ocrx_word' id='word_1_796' title='bbox 3712 2649 3808 2701; x_wconf 79' lang='grc' dir='ltr'>ἀνο</span> 
     </span>
    </p>
   </div>
   <div class='ocr_carea' id='block_1_100' title="bbox 2130 2723 3807 2796">
    <p class='ocr_par' dir='ltr' id='par_1_100' title="bbox 2130 2723 3807 2796">
     <span class='ocr_line' id='line_1_100' title="bbox 2130 2723 3807 2796; baseline 0.002 -19"><span class='ocrx_word' id='word_1_797' title='bbox 2130 2723 2413 2795; x_wconf 78' lang='grc' dir='ltr'>δροφόνονς</span> <span class='ocrx_word' id='word_1_798' title='bbox 2448 2723 2614 2777; x_wconf 82' lang='grc' dir='ltr'>Οὐδὲν</span> <span class='ocrx_word' id='word_1_799' title='bbox 2657 2723 2818 2776; x_wconf 84' lang='grc' dir='ltr'>αὑτὸν</span> <span class='ocrx_word' id='word_1_800' title='bbox 2842 2723 2953 2774; x_wconf 86' lang='grc' dir='ltr'>τῶν</span> <span class='ocrx_word' id='word_1_801' title='bbox 2999 2725 3293 2796; x_wconf 78' lang='grc' dir='ltr'>δρωμένων</span> <span class='ocrx_word' id='word_1_802' title='bbox 3335 2725 3667 2796; x_wconf 79' lang='grc' dir='ltr'>κατέπληξε,</span> <span class='ocrx_word' id='word_1_803' title='bbox 3706 2727 3807 2780; x_wconf 70' lang='grc' dir='ltr'>καὶ</span> 
     </span>
    </p>
   </div>
   <div class='ocr_carea' id='block_1_101' title="bbox 2131 2773 3806 2874">
    <p class='ocr_par' dir='ltr' id='par_1_101' title="bbox 2131 2773 3806 2874">
     <span class='ocr_line' id='line_1_101' title="bbox 2131 2773 3806 2874; baseline 0.002 -20"><span class='ocrx_word' id='word_1_804' title='bbox 2131 2773 2253 2872; x_wconf 46' lang='lat' dir='ltr'>ﬁ?</span> <span class='ocrx_word' id='word_1_805' title='bbox 2271 2773 2603 2872; x_wconf 58' lang='grc' dir='ltr'>ὲέροόέᾶεὶιᾷξ</span> <span class='ocrx_word' id='word_1_806' title='bbox 2632 2773 2975 2871; x_wconf 58' lang='grc' dir='ltr'>ιέὶέρδυσεν.</span> <span class='ocrx_word' id='word_1_807' title='bbox 3006 2773 3308 2873; x_wconf 31' lang='lat' dir='ltr'>&quot;ix—&quot;63%;</span> <span class='ocrx_word' id='word_1_808' title='bbox 3336 2773 3696 2874; x_wconf 57' lang='grc' dir='ltr'>’ἱέᾶίᾶἇὲἰᾷ</span> <span class='ocrx_word' id='word_1_809' title='bbox 3708 2773 3806 2860; x_wconf 65' lang='grc' dir='ltr'>ξξιὲ</span> 
     </span>
    </p>
   </div>
   <div class='ocr_carea' id='block_1_102' title="bbox 2133 2876 3805 2956">
    <p class='ocr_par' dir='ltr' id='par_1_102' title="bbox 2133 2876 3805 2956">
     <span class='ocr_line' id='line_1_102' title="bbox 2133 2876 3805 2956; baseline 0.002 -21"><span class='ocrx_word' id='word_1_810' title='bbox 2133 2879 2227 2935; x_wconf 74' lang='grc' dir='ltr'>καὶ</span> <span class='ocrx_word' id='word_1_811' title='bbox 2273 2879 2511 2944; x_wconf 85' lang='grc' dir='ltr'>διανοίας</span> <span class='ocrx_word' id='word_1_812' title='bbox 2557 2876 2793 2951; x_wconf 81' lang='grc' dir='ltr'>ὑψηλῆςί</span> <span class='ocrx_word' id='word_1_813' title='bbox 2838 2877 2884 2934; x_wconf 82' lang='grc' dir='ltr'><strong>ὣ</strong></span> <span class='ocrx_word' id='word_1_814' title='bbox 2929 2881 3137 2952; x_wconf 80' lang='grc' dir='ltr'>φρενῶν</span> <span class='ocrx_word' id='word_1_815' title='bbox 3174 2883 3438 2953; x_wconf 77' lang='grc' dir='ltr'>οὐρανίων</span> <span class='ocrx_word' id='word_1_816' title='bbox 3478 2886 3570 2938; x_wconf 73' lang='grc' dir='ltr'>καὶ</span> <span class='ocrx_word' id='word_1_817' title='bbox 3619 2902 3805 2956; x_wconf 68' lang='lat'><strong>11090-</strong></span> 
     </span>
    </p>
   </div>
   <div class='ocr_carea' id='block_1_103' title="bbox 2135 2956 3804 3036">
    <p class='ocr_par' dir='ltr' id='par_1_103' title="bbox 2135 2956 3804 3036">
     <span class='ocr_line' id='line_1_103' title="bbox 2135 2956 3804 3036; baseline 0.002 -20"><span class='ocrx_word' id='word_1_818' title='bbox 2135 2964 2407 3033; x_wconf 80' lang='grc' dir='ltr'>στήματος</span> <span class='ocrx_word' id='word_1_819' title='bbox 2445 2956 2772 3029; x_wconf 81' lang='grc' dir='ltr'>ἀγγελικοῦί</span> <span class='ocrx_word' id='word_1_820' title='bbox 2808 2961 3016 3032; x_wconf 81' lang='grc' dir='ltr'>’Ὠσπερ</span> <span class='ocrx_word' id='word_1_821' title='bbox 3041 2962 3149 3033; x_wconf 78' lang='grc' dir='ltr'>γὰρ</span> <span class='ocrx_word' id='word_1_822' title='bbox 3189 2964 3246 3015; x_wconf 92' lang='grc' dir='ltr'>ἐν</span> <span class='ocrx_word' id='word_1_823' title='bbox 3279 2965 3440 3034; x_wconf 88' lang='grc' dir='ltr'>τοίχῳ</span> <span class='ocrx_word' id='word_1_824' title='bbox 3469 2968 3804 3036; x_wconf 84' lang='grc' dir='ltr'>γεγραμμέ-</span> 
     </span>
    </p>
   </div>
   <div class='ocr_carea' id='block_1_104' title="bbox 2133 3040 3807 3117">
    <p class='ocr_par' dir='ltr' id='par_1_104' title="bbox 2133 3040 3807 3117">
     <span class='ocr_line' id='line_1_104' title="bbox 2133 3040 3807 3117; baseline 0.003 -24"><span class='ocrx_word' id='word_1_825' title='bbox 2133 3058 2230 3110; x_wconf 88' lang='grc' dir='ltr'>νην</span> <span class='ocrx_word' id='word_1_826' title='bbox 2261 3041 2477 3095; x_wconf 80' lang='grc' dir='ltr'>ἀπασαν</span> <span class='ocrx_word' id='word_1_827' title='bbox 2513 3041 2610 3109; x_wconf 84' lang='grc' dir='ltr'>τὴν</span> <span class='ocrx_word' id='word_1_828' title='bbox 2639 3040 2937 3108; x_wconf 85' lang='grc' dir='ltr'>φαντασίαν</span> <span class='ocrx_word' id='word_1_829' title='bbox 2963 3042 3174 3113; x_wconf 72' lang='grc' dir='ltr'>ἐκείνην</span> <span class='ocrx_word' id='word_1_830' title='bbox 3203 3042 3364 3112; x_wconf 84' lang='grc' dir='ltr'>ὀρῶν,</span> <span class='ocrx_word' id='word_1_831' title='bbox 3393 3041 3562 3107; x_wconf 77' lang='grc' dir='ltr'>οὕτως</span> <span class='ocrx_word' id='word_1_832' title='bbox 3591 3046 3807 3117; x_wconf 72' lang='grc' dir='ltr'>ἀταρά-</span> 
     </span>
    </p>
   </div>
   <div class='ocr_carea' id='block_1_105' title="bbox 2133 3112 3806 3195">
    <p class='ocr_par' dir='ltr' id='par_1_105' title="bbox 2133 3112 3806 3195">
     <span class='ocr_line' id='line_1_105' title="bbox 2133 3112 3806 3195; baseline 0.002 -23"><span class='ocrx_word' id='word_1_833' title='bbox 2133 3137 2242 3189; x_wconf 90' lang='grc' dir='ltr'>χως</span> <span class='ocrx_word' id='word_1_834' title='bbox 2272 3118 2486 3195; x_wconf 75' lang='grc' dir='ltr'>ἅπαντα</span> <span class='ocrx_word' id='word_1_835' title='bbox 2535 3117 2800 3186; x_wconf 74' lang='grc' dir='ltr'>ἔπραττεν</span> <span class='ocrx_word' id='word_1_836' title='bbox 2839 3121 2866 3172; x_wconf 89' lang='grc' dir='ltr'>δ</span> <span class='ocrx_word' id='word_1_837' title='bbox 2917 3112 3159 3186; x_wconf 82' lang='grc' dir='ltr'>γενναῖος</span> <span class='ocrx_word' id='word_1_838' title='bbox 3207 3117 3364 3192; x_wconf 79' lang='grc' dir='ltr'>ἀνήρ.</span> <span class='ocrx_word' id='word_1_839' title='bbox 3417 3117 3526 3174; x_wconf 76' lang='grc' dir='ltr'>Καὶ</span> <span class='ocrx_word' id='word_1_840' title='bbox 3567 3112 3806 3195; x_wconf 61' lang='grc' dir='ltr'>γὰρ’ῆν</span> 
     </span>
    </p>
   </div>
   <div class='ocr_carea' id='block_1_106' title="bbox 2135 3192 3805 3269">
    <p class='ocr_par' dir='ltr' id='par_1_106' title="bbox 2135 3192 3805 3269">
     <span class='ocr_line' id='line_1_106' title="bbox 2135 3192 3805 3269; baseline 0.002 -18"><span class='ocrx_word' id='word_1_841' title='bbox 2135 3192 2562 3267; x_wconf 83' lang='grc' dir='ltr'>πεπαιδευμένος</span> <span class='ocrx_word' id='word_1_842' title='bbox 2591 3195 2740 3268; x_wconf 65' lang='grc'>[546]</span> <span class='ocrx_word' id='word_1_843' title='bbox 2771 3196 2877 3250; x_wconf 70' lang='grc' dir='ltr'>ἀπὸ</span> <span class='ocrx_word' id='word_1_844' title='bbox 2903 3197 3010 3249; x_wconf 82' lang='grc' dir='ltr'>τῶν</span> <span class='ocrx_word' id='word_1_845' title='bbox 3039 3197 3196 3251; x_wconf 89' lang='grc' dir='ltr'>θείων</span> <span class='ocrx_word' id='word_1_846' title='bbox 3224 3199 3527 3269; x_wconf 88' lang='grc' dir='ltr'>δογμάτων,</span> <span class='ocrx_word' id='word_1_847' title='bbox 3557 3192 3805 3255; x_wconf 74' lang='grc' dir='ltr'>δτισκιά</span> 
     </span>
    </p>
   </div>
   <div class='ocr_carea' id='block_1_107' title="bbox 2135 3271 3806 3347">
    <p class='ocr_par' dir='ltr' id='par_1_107' title="bbox 2135 3271 3806 3347">
     <span class='ocr_line' id='line_1_107' title="bbox 2135 3271 3806 3347; baseline 0.002 -16"><span class='ocrx_word' id='word_1_848' title='bbox 2135 3277 2229 3332; x_wconf 73' lang='grc' dir='ltr'>καὶ</span> <span class='ocrx_word' id='word_1_849' title='bbox 2273 3275 2398 3347; x_wconf 69' lang='grc' dir='ltr'>δναρ</span> <span class='ocrx_word' id='word_1_850' title='bbox 2434 3276 2528 3328; x_wconf 72' lang='grc' dir='ltr'>καὶ</span> <span class='ocrx_word' id='word_1_851' title='bbox 2562 3271 2763 3329; x_wconf 85' lang='grc' dir='ltr'>τούτων</span> <span class='ocrx_word' id='word_1_852' title='bbox 2796 3272 3199 3347; x_wconf 86' lang='grc' dir='ltr'>ούδαμινώτερα</span> <span class='ocrx_word' id='word_1_853' title='bbox 3240 3274 3448 3331; x_wconf 69' lang='grc' dir='ltr'>ἅπαντα</span> <span class='ocrx_word' id='word_1_854' title='bbox 3479 3281 3545 3332; x_wconf 89' lang='grc' dir='ltr'>τά</span> <span class='ocrx_word' id='word_1_855' title='bbox 3572 3281 3668 3333; x_wconf 82' lang='grc' dir='ltr'>τοῦ</span> <span class='ocrx_word' id='word_1_856' title='bbox 3711 3283 3806 3334; x_wconf 69' lang='grc' dir='ltr'>κόο</span> 
     </span>
    </p>
   </div>
   <div class='ocr_carea' id='block_1_108' title="bbox 2057 3350 3800 3426">
    <p class='ocr_par' dir='ltr' id='par_1_108' title="bbox 2057 3350 3800 3426">
     <span class='ocr_line' id='line_1_108' title="bbox 2057 3350 3800 3426; baseline 0.002 -17"><span class='ocrx_word' id='word_1_857' title='bbox 2057 3381 2072 3394; x_wconf 58' lang='grc' dir='ltr'>ιο</span> <span class='ocrx_word' id='word_1_858' title='bbox 2137 3373 2273 3426; x_wconf 84' lang='grc' dir='ltr'>σμου</span> <span class='ocrx_word' id='word_1_859' title='bbox 2325 3354 2644 3425; x_wconf 88' lang='grc' dir='ltr'>πράγματα.</span> <span class='ocrx_word' id='word_1_860' title='bbox 2694 3355 2792 3407; x_wconf 89' lang='grc' dir='ltr'>Διά</span> <span class='ocrx_word' id='word_1_861' title='bbox 2824 3350 2978 3407; x_wconf 80' lang='grc' dir='ltr'>τοῦτο</span> <span class='ocrx_word' id='word_1_862' title='bbox 3003 3352 3153 3408; x_wconf 78' lang='grc' dir='ltr'>οὐδὲν</span> <span class='ocrx_word' id='word_1_863' title='bbox 3185 3353 3344 3410; x_wconf 77' lang='grc' dir='ltr'>αὑτὸν</span> <span class='ocrx_word' id='word_1_864' title='bbox 3390 3357 3591 3412; x_wconf 83' lang='grc' dir='ltr'>τούτων</span> <span class='ocrx_word' id='word_1_865' title='bbox 3626 3375 3800 3412; x_wconf 82' lang='grc' dir='ltr'>κατα-</span> 
     </span>
    </p>
   </div>
   <div class='ocr_carea' id='block_1_109' title="bbox 2135 3431 3802 3509">
    <p class='ocr_par' dir='ltr' id='par_1_109' title="bbox 2135 3431 3802 3509">
     <span class='ocr_line' id='line_1_109' title="bbox 2135 3431 3802 3509; baseline 0.003 -23"><span class='ocrx_word' id='word_1_866' title='bbox 2135 3433 2336 3502; x_wconf 83' lang='grc' dir='ltr'>πτῆξαι</span> <span class='ocrx_word' id='word_1_867' title='bbox 2385 3433 2655 3500; x_wconf 88' lang='grc' dir='ltr'>ἐποίησεν,</span> <span class='ocrx_word' id='word_1_868' title='bbox 2687 3431 2819 3485; x_wconf 86' lang='grc' dir='ltr'>ἀλλά</span> <span class='ocrx_word' id='word_1_869' title='bbox 2865 3433 2958 3485; x_wconf 75' lang='grc' dir='ltr'>καὶ</span> <span class='ocrx_word' id='word_1_870' title='bbox 3003 3433 3199 3501; x_wconf 75' lang='grc' dir='ltr'>μᾶλλον</span> <span class='ocrx_word' id='word_1_871' title='bbox 3232 3434 3542 3506; x_wconf 76' lang='grc' dir='ltr'>ἐθάρρυνεν.</span> <span class='ocrx_word' id='word_1_872' title='bbox 3585 3436 3651 3489; x_wconf 88' lang='grc' dir='ltr'>Ἡ</span> <span class='ocrx_word' id='word_1_873' title='bbox 3688 3440 3802 3509; x_wconf 75' lang='grc' dir='ltr'>γὰρ</span> 
     </span>
    </p>
   </div>
   <div class='ocr_carea' id='block_1_110' title="bbox 2133 3510 3800 3585">
    <p class='ocr_par' dir='ltr' id='par_1_110' title="bbox 2133 3510 3800 3585">
     <span class='ocr_line' id='line_1_110' title="bbox 2133 3510 3800 3585; baseline 0.003 -21"><span class='ocrx_word' id='word_1_874' title='bbox 2133 3511 2255 3579; x_wconf 88' lang='grc' dir='ltr'>δψις</span> <span class='ocrx_word' id='word_1_875' title='bbox 2301 3511 2481 3582; x_wconf 87' lang='grc' dir='ltr'>ἐκείνη</span> <span class='ocrx_word' id='word_1_876' title='bbox 2519 3511 2627 3564; x_wconf 85' lang='grc' dir='ltr'>τῶν</span> <span class='ocrx_word' id='word_1_877' title='bbox 2665 3511 2954 3582; x_wconf 87' lang='grc' dir='ltr'>ὁρωμένων</span> <span class='ocrx_word' id='word_1_878' title='bbox 2990 3512 3087 3582; x_wconf 75' lang='grc' dir='ltr'>τὴν</span> <span class='ocrx_word' id='word_1_879' title='bbox 3136 3510 3370 3566; x_wconf 75' lang='grc' dir='ltr'>διάνοιαν</span> <span class='ocrx_word' id='word_1_880' title='bbox 3429 3515 3800 3585; x_wconf 80' lang='grc' dir='ltr'>παρέπεμπεν</span> 
     </span>
    </p>
   </div>
   <div class='ocr_carea' id='block_1_111' title="bbox 2133 3589 3805 3666">
    <p class='ocr_par' dir='ltr' id='par_1_111' title="bbox 2133 3589 3805 3666">
     <span class='ocr_line' id='line_1_111' title="bbox 2133 3589 3805 3666; baseline 0.002 -24"><span class='ocrx_word' id='word_1_881' title='bbox 2133 3591 2227 3642; x_wconf 80' lang='grc' dir='ltr'>ἐπὶ</span> <span class='ocrx_word' id='word_1_882' title='bbox 2267 3591 2358 3643; x_wconf 83' lang='grc' dir='ltr'>τὸν</span> <span class='ocrx_word' id='word_1_883' title='bbox 2387 3591 2499 3644; x_wconf 83' lang='grc' dir='ltr'>ἀνω</span> <span class='ocrx_word' id='word_1_884' title='bbox 2533 3589 2754 3659; x_wconf 86' lang='grc' dir='ltr'>βασιλέα</span> <span class='ocrx_word' id='word_1_885' title='bbox 2783 3590 2874 3642; x_wconf 85' lang='grc' dir='ltr'>τὸν</span> <span class='ocrx_word' id='word_1_886' title='bbox 2913 3589 3217 3661; x_wconf 88' lang='grc' dir='ltr'>καθήμενον</span> <span class='ocrx_word' id='word_1_887' title='bbox 3248 3593 3338 3645; x_wconf 73' lang='grc' dir='ltr'>ἐπὶ</span> <span class='ocrx_word' id='word_1_888' title='bbox 3370 3593 3478 3645; x_wconf 87' lang='grc' dir='ltr'>τῶν</span> <span class='ocrx_word' id='word_1_889' title='bbox 3515 3593 3805 3666; x_wconf 78' lang='grc' dir='ltr'>Χερουϐὶμ</span> 
     </span>
    </p>
   </div>
   <div class='ocr_carea' id='block_1_112' title="bbox 2135 3667 3805 3744">
    <p class='ocr_par' dir='ltr' id='par_1_112' title="bbox 2135 3667 3805 3744">
     <span class='ocr_line' id='line_1_112' title="bbox 2135 3667 3805 3744; baseline 0.002 -20"><span class='ocrx_word' id='word_1_890' title='bbox 2135 3671 2226 3724; x_wconf 78' lang='grc' dir='ltr'>καί</span> <span class='ocrx_word' id='word_1_891' title='bbox 2262 3670 2525 3740; x_wconf 89' lang='grc' dir='ltr'>βλέποντα</span> <span class='ocrx_word' id='word_1_892' title='bbox 2579 3670 2848 3733; x_wconf 88' lang='grc' dir='ltr'>ἀϐύσσους</span> <span class='ocrx_word' id='word_1_893' title='bbox 2869 3711 2884 3730; x_wconf 83' lang='grc'>,</span> <span class='ocrx_word' id='word_1_894' title='bbox 2943 3669 3035 3724; x_wconf 67' lang='grc' dir='ltr'>ἐπὶ</span> <span class='ocrx_word' id='word_1_895' title='bbox 3081 3667 3170 3724; x_wconf 79' lang='grc' dir='ltr'>τὸν</span> <span class='ocrx_word' id='word_1_896' title='bbox 3217 3669 3401 3744; x_wconf 84' lang='grc' dir='ltr'>θρόνον</span> <span class='ocrx_word' id='word_1_897' title='bbox 3447 3673 3537 3727; x_wconf 74' lang='grc' dir='ltr'>τὸν</span> <span class='ocrx_word' id='word_1_898' title='bbox 3585 3671 3805 3741; x_wconf 75' lang='grc' dir='ltr'>ἔνδοξον</span> 
     </span>
    </p>
   </div>
   <div class='ocr_carea' id='block_1_113' title="bbox 2135 3749 3804 3820">
    <p class='ocr_par' dir='ltr' id='par_1_113' title="bbox 2135 3749 3804 3820">
     <span class='ocr_line' id='line_1_113' title="bbox 2135 3749 3804 3820; baseline 0.001 -16"><span class='ocrx_word' id='word_1_899' title='bbox 2135 3751 2230 3804; x_wconf 71' lang='grc' dir='ltr'>καὶ</span> <span class='ocrx_word' id='word_1_900' title='bbox 2281 3749 2502 3820; x_wconf 71' lang='grc' dir='ltr'>ὑψηλὸν,</span> <span class='ocrx_word' id='word_1_901' title='bbox 2551 3751 2643 3802; x_wconf 74' lang='grc' dir='ltr'>ἐπὶ</span> <span class='ocrx_word' id='word_1_902' title='bbox 2682 3749 2781 3817; x_wconf 75' lang='grc' dir='ltr'>τὴν</span> <span class='ocrx_word' id='word_1_903' title='bbox 2829 3749 3084 3820; x_wconf 78' lang='grc' dir='ltr'>στρατιὰν</span> <span class='ocrx_word' id='word_1_904' title='bbox 3115 3751 3212 3820; x_wconf 74' lang='grc' dir='ltr'>τὴν</span> <span class='ocrx_word' id='word_1_905' title='bbox 3247 3751 3512 3820; x_wconf 78' lang='grc' dir='ltr'>οὐράνιον,</span> <span class='ocrx_word' id='word_1_906' title='bbox 3555 3755 3648 3805; x_wconf 80' lang='grc' dir='ltr'>ἐπὶ</span> <span class='ocrx_word' id='word_1_907' title='bbox 3697 3756 3804 3817; x_wconf 74' lang='grc' dir='ltr'>τας</span> 
     </span>
    </p>
   </div>
   <div class='ocr_carea' id='block_1_114' title="bbox 2137 3828 3801 3902">
    <p class='ocr_par' dir='ltr' id='par_1_114' title="bbox 2137 3828 3801 3902">
     <span class='ocr_line' id='line_1_114' title="bbox 2137 3828 3801 3902; baseline 0.002 -20"><span class='ocrx_word' id='word_1_908' title='bbox 2137 3829 2400 3900; x_wconf 71' lang='grc' dir='ltr'>μυριάδας</span> <span class='ocrx_word' id='word_1_909' title='bbox 2430 3828 2536 3880; x_wconf 86' lang='grc' dir='ltr'>τῶν</span> <span class='ocrx_word' id='word_1_910' title='bbox 2586 3828 2852 3895; x_wconf 90' lang='grc' dir='ltr'>ἀγγέλων,</span> <span class='ocrx_word' id='word_1_911' title='bbox 2895 3829 2985 3880; x_wconf 71' lang='grc' dir='ltr'>ἐπὶ</span> <span class='ocrx_word' id='word_1_912' title='bbox 3019 3829 3118 3892; x_wconf 83' lang='grc' dir='ltr'>τὰς</span> <span class='ocrx_word' id='word_1_913' title='bbox 3163 3830 3402 3900; x_wconf 82' lang='grc' dir='ltr'>χιλιάδας</span> <span class='ocrx_word' id='word_1_914' title='bbox 3444 3831 3553 3883; x_wconf 82' lang='grc' dir='ltr'>τῶν</span> <span class='ocrx_word' id='word_1_915' title='bbox 3584 3833 3801 3902; x_wconf 82' lang='grc' dir='ltr'>ἀρχαγ-</span> 
     </span>
    </p>
   </div>
   <div class='ocr_carea' id='block_1_115' title="bbox 2133 3904 3802 3980">
    <p class='ocr_par' dir='ltr' id='par_1_115' title="bbox 2133 3904 3802 3980">
     <span class='ocr_line' id='line_1_115' title="bbox 2133 3904 3802 3980; baseline 0.003 -22"><span class='ocrx_word' id='word_1_916' title='bbox 2133 3906 2323 3973; x_wconf 84' lang='grc' dir='ltr'>γέλων,</span> <span class='ocrx_word' id='word_1_917' title='bbox 2357 3905 2448 3958; x_wconf 80' lang='grc' dir='ltr'>ἐπὶ</span> <span class='ocrx_word' id='word_1_918' title='bbox 2490 3904 2552 3956; x_wconf 84' lang='grc' dir='ltr'>τὸ</span> <span class='ocrx_word' id='word_1_919' title='bbox 2607 3905 2754 3975; x_wconf 89' lang='grc' dir='ltr'>βῆμα</span> <span class='ocrx_word' id='word_1_920' title='bbox 2788 3905 2849 3958; x_wconf 89' lang='lat'>16</span> <span class='ocrx_word' id='word_1_921' title='bbox 2887 3906 3133 3978; x_wconf 81' lang='grc' dir='ltr'>φοϐερὸν,</span> <span class='ocrx_word' id='word_1_922' title='bbox 3166 3911 3257 3961; x_wconf 78' lang='grc' dir='ltr'>ἐπὶ</span> <span class='ocrx_word' id='word_1_923' title='bbox 3300 3909 3360 3962; x_wconf 86' lang='lat'>16</span> <span class='ocrx_word' id='word_1_924' title='bbox 3406 3911 3689 3980; x_wconf 69' lang='grc' dir='ltr'>κριτήριον</span> <span class='ocrx_word' id='word_1_925' title='bbox 3737 3911 3802 3964; x_wconf 81' lang='lat'>16</span> 
     </span>
    </p>
   </div>
   <div class='ocr_carea' id='block_1_116' title="bbox 2133 3984 3799 4059">
    <p class='ocr_par' dir='ltr' id='par_1_116' title="bbox 2133 3984 3799 4059">
     <span class='ocr_line' id='line_1_116' title="bbox 2133 3984 3799 4059; baseline 0.002 -23"><span class='ocrx_word' id='word_1_926' title='bbox 2133 3984 2444 4042; x_wconf 84' lang='grc' dir='ltr'>ἀδέκαστον.</span> <span class='ocrx_word' id='word_1_927' title='bbox 2486 3985 2578 4037; x_wconf 76' lang='grc' dir='ltr'>ἐπὶ</span> <span class='ocrx_word' id='word_1_928' title='bbox 2605 3984 2694 4037; x_wconf 82' lang='grc' dir='ltr'>τὸν</span> <span class='ocrx_word' id='word_1_929' title='bbox 2723 3984 2815 4036; x_wconf 87' lang='grc' dir='ltr'>τοῦ</span> <span class='ocrx_word' id='word_1_930' title='bbox 2859 3985 3027 4059; x_wconf 83' lang='grc' dir='ltr'>πυρὸς</span> <span class='ocrx_word' id='word_1_931' title='bbox 3059 3987 3319 4057; x_wconf 84' lang='grc' dir='ltr'>ποταμὸν,</span> <span class='ocrx_word' id='word_1_932' title='bbox 3351 3989 3443 4040; x_wconf 78' lang='grc' dir='ltr'>ἐπὶ</span> <span class='ocrx_word' id='word_1_933' title='bbox 3483 3988 3570 4040; x_wconf 81' lang='grc' dir='ltr'>τὸν</span> <span class='ocrx_word' id='word_1_934' title='bbox 3601 3991 3799 4058; x_wconf 73' lang='grc' dir='ltr'>κριτὴν</span> 
     </span>
    </p>
   </div>
   <div class='ocr_carea' id='block_1_117' title="bbox 2131 4061 3798 4136">
    <p class='ocr_par' dir='ltr' id='par_1_117' title="bbox 2131 4061 3798 4136">
     <span class='ocr_line' id='line_1_117' title="bbox 2131 4061 3798 4136; baseline 0.003 -20"><span class='ocrx_word' id='word_1_935' title='bbox 2131 4063 2312 4118; x_wconf 84' lang='grc' dir='ltr'>αὑτόν.</span> <span class='ocrx_word' id='word_1_936' title='bbox 2363 4063 2464 4117; x_wconf 89' lang='grc' dir='ltr'>Διά</span> <span class='ocrx_word' id='word_1_937' title='bbox 2522 4081 2603 4117; x_wconf 90' lang='grc' dir='ltr'>τοι</span> <span class='ocrx_word' id='word_1_938' title='bbox 2661 4061 2818 4116; x_wconf 87' lang='grc' dir='ltr'>τοῦτο</span> <span class='ocrx_word' id='word_1_939' title='bbox 2865 4063 2983 4116; x_wconf 82' lang='grc' dir='ltr'>ὅλον</span> <span class='ocrx_word' id='word_1_940' title='bbox 3043 4065 3232 4117; x_wconf 83' lang='grc' dir='ltr'>ἐαυτὸν</span> <span class='ocrx_word' id='word_1_941' title='bbox 3289 4067 3634 4136; x_wconf 86' lang='grc' dir='ltr'>μεταστήσας</span> <span class='ocrx_word' id='word_1_942' title='bbox 3688 4069 3798 4121; x_wconf 78' lang='grc' dir='ltr'>ἀπὸ</span> 
     </span>
    </p>
   </div>
   <div class='ocr_carea' id='block_1_118' title="bbox 2129 4141 3794 4216">
    <p class='ocr_par' dir='ltr' id='par_1_118' title="bbox 2129 4141 3794 4216">
     <span class='ocr_line' id='line_1_118' title="bbox 2129 4141 3794 4216; baseline 0.002 -21"><span class='ocrx_word' id='word_1_943' title='bbox 2129 4143 2230 4212; x_wconf 86' lang='grc' dir='ltr'>τῆς</span> <span class='ocrx_word' id='word_1_944' title='bbox 2262 4143 2366 4212; x_wconf 84' lang='grc' dir='ltr'>γῆς</span> <span class='ocrx_word' id='word_1_945' title='bbox 2395 4143 2475 4206; x_wconf 85' lang='grc' dir='ltr'>εἰς</span> <span class='ocrx_word' id='word_1_946' title='bbox 2515 4143 2606 4195; x_wconf 87' lang='grc' dir='ltr'>τδν</span> <span class='ocrx_word' id='word_1_947' title='bbox 2639 4141 2884 4213; x_wconf 80' lang='grc' dir='ltr'>οὐρανὸν,</span> <span class='ocrx_word' id='word_1_948' title='bbox 2921 4143 2996 4206; x_wconf 84' lang='grc' dir='ltr'>ώς</span> <span class='ocrx_word' id='word_1_949' title='bbox 3037 4143 3228 4214; x_wconf 82' lang='grc' dir='ltr'>ἐκείνῳ</span> <span class='ocrx_word' id='word_1_950' title='bbox 3265 4143 3342 4214; x_wconf 88' lang='grc' dir='ltr'>τῷ</span> <span class='ocrx_word' id='word_1_951' title='bbox 3373 4143 3595 4214; x_wconf 80' lang='grc' dir='ltr'>δικαστῇ</span> <span class='ocrx_word' id='word_1_952' title='bbox 3649 4162 3794 4216; x_wconf 87' lang='grc' dir='ltr'>παρ-</span> 
     </span>
    </p>
   </div>
   <div class='ocr_carea' id='block_1_119' title="bbox 2130 4219 3795 4292">
    <p class='ocr_par' dir='ltr' id='par_1_119' title="bbox 2130 4219 3795 4292">
     <span class='ocr_line' id='line_1_119' title="bbox 2130 4219 3795 4292; baseline 0.003 -20"><span class='ocrx_word' id='word_1_953' title='bbox 2130 4221 2328 4285; x_wconf 85' lang='grc' dir='ltr'>εστὼς,</span> <span class='ocrx_word' id='word_1_954' title='bbox 2358 4219 2452 4274; x_wconf 81' lang='grc' dir='ltr'>καὶ</span> <span class='ocrx_word' id='word_1_955' title='bbox 2496 4219 2660 4274; x_wconf 88' lang='grc' dir='ltr'>αὑτοῦ</span> <span class='ocrx_word' id='word_1_956' title='bbox 2698 4221 3006 4284; x_wconf 84' lang='grc' dir='ltr'>κελεύοντος</span> <span class='ocrx_word' id='word_1_957' title='bbox 3061 4223 3292 4284; x_wconf 87' lang='grc' dir='ltr'>ἀκούων,</span> <span class='ocrx_word' id='word_1_958' title='bbox 3334 4222 3426 4275; x_wconf 82' lang='grc' dir='ltr'>τὸν</span> <span class='ocrx_word' id='word_1_959' title='bbox 3471 4223 3640 4292; x_wconf 85' lang='grc' dir='ltr'>ἐναγῆ</span> <span class='ocrx_word' id='word_1_960' title='bbox 3699 4225 3795 4277; x_wconf 81' lang='grc' dir='ltr'>καὶ</span> 
     </span>
    </p>
   </div>
   <div class='ocr_carea' id='block_1_120' title="bbox 2134 4297 3794 4369">
    <p class='ocr_par' dir='ltr' id='par_1_120' title="bbox 2134 4297 3794 4369">
     <span class='ocr_line' id='line_1_120' title="bbox 2134 4297 3794 4369; baseline 0.004 -19"><span class='ocrx_word' id='word_1_961' title='bbox 2134 4298 2326 4369; x_wconf 76' lang='grc' dir='ltr'>μιαρὸν</span> <span class='ocrx_word' id='word_1_962' title='bbox 2358 4299 2455 4369; x_wconf 92' lang='grc' dir='ltr'>τῆς</span> <span class='ocrx_word' id='word_1_963' title='bbox 2491 4299 2642 4369; x_wconf 75' lang='grc' dir='ltr'>ίερᾶς</span> <span class='ocrx_word' id='word_1_964' title='bbox 2685 4297 2884 4368; x_wconf 83' lang='grc' dir='ltr'>ἀγέλης</span> <span class='ocrx_word' id='word_1_965' title='bbox 2923 4297 3161 4363; x_wconf 80' lang='grc' dir='ltr'>ἐξωθεῖν,</span> <span class='ocrx_word' id='word_1_966' title='bbox 3203 4297 3373 4362; x_wconf 77' lang='grc' dir='ltr'>οὕτως</span> <span class='ocrx_word' id='word_1_967' title='bbox 3414 4299 3655 4366; x_wconf 80' lang='grc' dir='ltr'>ἐξέϐαλε,</span> <span class='ocrx_word' id='word_1_968' title='bbox 3697 4305 3794 4356; x_wconf 84' lang='grc' dir='ltr'>καὶ</span> 
     </span>
    </p>
   </div>
   <div class='ocr_carea' id='block_1_121' title="bbox 2127 4374 3793 4448">
    <p class='ocr_par' dir='ltr' id='par_1_121' title="bbox 2127 4374 3793 4448">
     <span class='ocr_line' id='line_1_121' title="bbox 2127 4374 3793 4448; baseline 0.002 -19"><span class='ocrx_word' id='word_1_969' title='bbox 2127 4375 2235 4429; x_wconf 87' lang='grc' dir='ltr'>τῶν</span> <span class='ocrx_word' id='word_1_970' title='bbox 2281 4377 2481 4430; x_wconf 84' lang='grc' dir='ltr'>λοιπῶν</span> <span class='ocrx_word' id='word_1_971' title='bbox 2525 4375 2810 4445; x_wconf 81' lang='grc' dir='ltr'>προϐάτων</span> <span class='ocrx_word' id='word_1_972' title='bbox 2850 4374 3129 4446; x_wconf 78' lang='grc' dir='ltr'>ἀφώρισε,</span> <span class='ocrx_word' id='word_1_973' title='bbox 3173 4376 3268 4429; x_wconf 70' lang='grc' dir='ltr'>καί⁷</span> <span class='ocrx_word' id='word_1_974' title='bbox 3321 4376 3452 4448; x_wconf 87' lang='grc' dir='ltr'>πρὸς</span> <span class='ocrx_word' id='word_1_975' title='bbox 3504 4379 3657 4432; x_wconf 64' lang='grc' dir='ltr'>οὐδὲν</span> <span class='ocrx_word' id='word_1_976' title='bbox 3691 4381 3793 4431; x_wconf 74' lang='grc' dir='ltr'>ἐπε·</span> 
     </span>
    </p>
   </div>
   <div class='ocr_carea' id='block_1_122' title="bbox 2129 4453 3792 4530">
    <p class='ocr_par' dir='ltr' id='par_1_122' title="bbox 2129 4453 3792 4530">
     <span class='ocr_line' id='line_1_122' title="bbox 2129 4453 3792 4530; baseline 0.002 -20"><span class='ocrx_word' id='word_1_977' title='bbox 2129 4457 2424 4530; x_wconf 76' lang='grc' dir='ltr'>ἐστρέφετο</span> <span class='ocrx_word' id='word_1_978' title='bbox 2453 4457 2559 4510; x_wconf 85' lang='grc' dir='ltr'>τῶν</span> <span class='ocrx_word' id='word_1_979' title='bbox 2582 4453 2873 4526; x_wconf 82' lang='grc' dir='ltr'>δρωμένων</span> <span class='ocrx_word' id='word_1_980' title='bbox 2905 4456 2997 4509; x_wconf 76' lang='grc' dir='ltr'>καὶ</span> <span class='ocrx_word' id='word_1_981' title='bbox 3027 4455 3324 4510; x_wconf 81' lang='grc' dir='ltr'>δοκούντων</span> <span class='ocrx_word' id='word_1_982' title='bbox 3352 4455 3486 4510; x_wconf 81' lang='grc' dir='ltr'>εἶναι</span> <span class='ocrx_word' id='word_1_983' title='bbox 3518 4459 3792 4529; x_wconf 75' lang='grc' dir='ltr'>φοϐερῶν,</span> 
     </span>
    </p>
   </div>
   <div class='ocr_carea' id='block_1_123' title="bbox 2127 4533 3789 4608">
    <p class='ocr_par' dir='ltr' id='par_1_123' title="bbox 2127 4533 3789 4608">
     <span class='ocr_line' id='line_1_123' title="bbox 2127 4533 3789 4608; baseline -0.002 -18"><span class='ocrx_word' id='word_1_984' title='bbox 2127 4536 2240 4589; x_wconf 78' lang='grc' dir='ltr'>ἀλλ’</span> <span class='ocrx_word' id='word_1_985' title='bbox 2267 4536 2526 4608; x_wconf 86' lang='grc' dir='ltr'>ἀνδρείως</span> <span class='ocrx_word' id='word_1_986' title='bbox 2554 4534 2718 4588; x_wconf 79' lang='grc' dir='ltr'>αὑτὸν</span> <span class='ocrx_word' id='word_1_987' title='bbox 2771 4533 2915 4604; x_wconf 81' lang='grc' dir='ltr'>μάλα</span> <span class='ocrx_word' id='word_1_988' title='bbox 2963 4535 3058 4588; x_wconf 79' lang='grc' dir='ltr'>καὶ</span> <span class='ocrx_word' id='word_1_989' title='bbox 3093 4535 3352 4602; x_wconf 88' lang='grc' dir='ltr'>γενναίως</span> <span class='ocrx_word' id='word_1_990' title='bbox 3405 4537 3789 4606; x_wconf 77' lang='grc' dir='ltr'>ἀπωσάμενος,</span> 
     </span>
    </p>
   </div>
   <div class='ocr_carea' id='block_1_124' title="bbox 2127 4612 3792 4686">
    <p class='ocr_par' dir='ltr' id='par_1_124' title="bbox 2127 4612 3792 4686">
     <span class='ocr_line' id='line_1_124' title="bbox 2127 4612 3792 4686; baseline 0.001 -18"><span class='ocrx_word' id='word_1_991' title='bbox 2127 4615 2370 4686; x_wconf 79' lang='grc' dir='ltr'>παρέστη</span> <span class='ocrx_word' id='word_1_992' title='bbox 2405 4612 2852 4685; x_wconf 85' lang='grc' dir='ltr'>τυραννουμένοις</span> <span class='ocrx_word' id='word_1_993' title='bbox 2891 4615 3004 4676; x_wconf 89' lang='grc' dir='ltr'>τοῖς</span> <span class='ocrx_word' id='word_1_994' title='bbox 3052 4613 3143 4666; x_wconf 90' lang='grc' dir='ltr'>τοῦ</span> <span class='ocrx_word' id='word_1_995' title='bbox 3186 4613 3321 4666; x_wconf 88' lang='grc' dir='ltr'>Θεοῦ</span> <span class='ocrx_word' id='word_1_996' title='bbox 3351 4615 3554 4684; x_wconf 87' lang='grc' dir='ltr'>νόμοις.</span> <span class='ocrx_word' id='word_1_997' title='bbox 3596 4616 3792 4671; x_wconf 78' lang='grc' dir='ltr'>Καίτοι</span> 
     </span>
    </p>
   </div>
   <div class='ocr_carea' id='block_1_125' title="bbox 2127 4690 3790 4766">
    <p class='ocr_par' dir='ltr' id='par_1_125' title="bbox 2127 4690 3790 4766">
     <span class='ocr_line' id='line_1_125' title="bbox 2127 4690 3790 4766; baseline 0 -20"><span class='ocrx_word' id='word_1_998' title='bbox 2127 4693 2267 4766; x_wconf 76' lang='grc' dir='ltr'>πόσῃ</span> <span class='ocrx_word' id='word_1_999' title='bbox 2304 4693 2431 4764; x_wconf 77' lang='grc' dir='ltr'>περὶ</span> <span class='ocrx_word' id='word_1_1000' title='bbox 2457 4691 2583 4756; x_wconf 81' lang='grc' dir='ltr'>τοὺς</span> <span class='ocrx_word' id='word_1_1001' title='bbox 2611 4690 2829 4755; x_wconf 81' lang='grc' dir='ltr'>λοιποὺς</span> <span class='ocrx_word' id='word_1_1002' title='bbox 2857 4691 3018 4744; x_wconf 81' lang='grc' dir='ltr'>αὑτὸν</span> <span class='ocrx_word' id='word_1_1003' title='bbox 3048 4691 3328 4763; x_wconf 74' lang='grc' dir='ltr'>παρρησίᾳ</span> <span class='ocrx_word' id='word_1_1004' title='bbox 3373 4693 3670 4763; x_wconf 84' lang='grc' dir='ltr'>κεχρῆσθαι</span> <span class='ocrx_word' id='word_1_1005' title='bbox 3713 4696 3790 4746; x_wconf 64' lang='grc' dir='ltr'>εἰ-</span> 
     </span>
    </p>
   </div>
   <div class='ocr_carea' id='block_1_126' title="bbox 2126 4769 3788 4841">
    <p class='ocr_par' dir='ltr' id='par_1_126' title="bbox 2126 4769 3788 4841">
     <span class='ocr_line' id='line_1_126' title="bbox 2126 4769 3788 4841; baseline 0.001 -19"><span class='ocrx_word' id='word_1_1006' title='bbox 2126 4772 2253 4836; x_wconf 83' lang='grc' dir='ltr'>κός;</span> <span class='ocrx_word' id='word_1_1007' title='bbox 2308 4772 2365 4824; x_wconf 81' lang='grc' dir='ltr'>Ὀ</span> <span class='ocrx_word' id='word_1_1008' title='bbox 2411 4772 2517 4841; x_wconf 84' lang='grc' dir='ltr'>γὰρ</span> <span class='ocrx_word' id='word_1_1009' title='bbox 2557 4769 2633 4840; x_wconf 82' lang='grc' dir='ltr'>τῷ</span> <span class='ocrx_word' id='word_1_1010' title='bbox 2682 4770 2967 4841; x_wconf 83' lang='grc' dir='ltr'>κρατοῦντι</span> <span class='ocrx_word' id='word_1_1011' title='bbox 3020 4770 3158 4840; x_wconf 86' lang='grc' dir='ltr'>μετὰ</span> <span class='ocrx_word' id='word_1_1012' title='bbox 3220 4770 3483 4841; x_wconf 82' lang='grc' dir='ltr'>τοσαύτης</span> <span class='ocrx_word' id='word_1_1013' title='bbox 3539 4772 3788 4838; x_wconf 80' lang='grc' dir='ltr'>ἐξουσίας</span> 
     </span>
    </p>
   </div>
   <div class='ocr_carea' id='block_1_127' title="bbox 2124 4843 3788 4921">
    <p class='ocr_par' dir='ltr' id='par_1_127' title="bbox 2124 4843 3788 4921">
     <span class='ocr_line' id='line_1_127' title="bbox 2124 4843 3788 4921; baseline 0.002 -19"><span class='ocrx_word' id='word_1_1014' title='bbox 2124 4849 2534 4921; x_wconf 77' lang='grc' dir='ltr'>προσενεχθεὶς,</span> <span class='ocrx_word' id='word_1_1015' title='bbox 2581 4848 2700 4903; x_wconf 89' lang='grc' dir='ltr'>τίνα</span> <span class='ocrx_word' id='word_1_1016' title='bbox 2731 4849 2840 4903; x_wconf 86' lang='grc' dir='ltr'>τῶν</span> <span class='ocrx_word' id='word_1_1017' title='bbox 2877 4849 3076 4903; x_wconf 80' lang='grc' dir='ltr'>λοιπῶν</span> <span class='ocrx_word' id='word_1_1018' title='bbox 3123 4850 3322 4904; x_wconf 74' lang='grc' dir='ltr'>ἔδεισεν</span> <span class='ocrx_word' id='word_1_1019' title='bbox 3369 4852 3464 4916; x_wconf 81' lang='grc' dir='ltr'>ἀν;</span> <span class='ocrx_word' id='word_1_1020' title='bbox 3503 4843 3648 4918; x_wconf 82' lang='grc' dir='ltr'>Ἐγὼ</span> <span class='ocrx_word' id='word_1_1021' title='bbox 3695 4853 3788 4906; x_wconf 84' lang='grc' dir='ltr'>τὸν</span> 
     </span>
    </p>
   </div>
   <div class='ocr_carea' id='block_1_128' title="bbox 2123 4928 3783 5001">
    <p class='ocr_par' dir='ltr' id='par_1_128' title="bbox 2123 4928 3783 5001">
     <span class='ocr_line' id='line_1_128' title="bbox 2123 4928 3783 5001; baseline 0 -17"><span class='ocrx_word' id='word_1_1022' title='bbox 2123 4929 2292 5001; x_wconf 87' lang='grc' dir='ltr'>ἀνδρα</span> <span class='ocrx_word' id='word_1_1023' title='bbox 2330 4929 2535 4982; x_wconf 81' lang='grc' dir='ltr'>ἐκεῖνον</span> <span class='ocrx_word' id='word_1_1024' title='bbox 2587 4928 2938 4998; x_wconf 78' lang='grc' dir='ltr'>στοχάζομαι,</span> <span class='ocrx_word' id='word_1_1025' title='bbox 2984 4929 3182 4999; x_wconf 75' lang='grc' dir='ltr'>μᾶλλον</span> <span class='ocrx_word' id='word_1_1026' title='bbox 3223 4930 3278 4983; x_wconf 76' lang='grc' dir='ltr'>δὲ</span> <span class='ocrx_word' id='word_1_1027' title='bbox 3308 4929 3368 4982; x_wconf 89' lang='grc' dir='ltr'>οὑ</span> <span class='ocrx_word' id='word_1_1028' title='bbox 3418 4930 3746 5000; x_wconf 77' lang='grc' dir='ltr'>στοχάζομαι</span> <span class='ocrx_word' id='word_1_1029' title='bbox 3767 4970 3783 4993; x_wconf 92' lang='grc'>,</span> 
     </span>
    </p>
   </div>
   <div class='ocr_carea' id='block_1_129' title="bbox 2121 5005 3784 5079">
    <p class='ocr_par' dir='ltr' id='par_1_129' title="bbox 2121 5005 3784 5079">
     <span class='ocr_line' id='line_1_129' title="bbox 2121 5005 3784 5079; baseline -0.001 -19"><span class='ocrx_word' id='word_1_1030' title='bbox 2121 5007 2257 5060; x_wconf 86' lang='grc' dir='ltr'>ἀλλά</span> <span class='ocrx_word' id='word_1_1031' title='bbox 2307 5007 2574 5071; x_wconf 88' lang='grc' dir='ltr'>πιστεύω,</span> <span class='ocrx_word' id='word_1_1032' title='bbox 2633 5008 2707 5078; x_wconf 82' lang='grc' dir='ltr'>μὴ</span> <span class='ocrx_word' id='word_1_1033' title='bbox 2758 5008 2894 5078; x_wconf 82' lang='grc' dir='ltr'>πρὸς</span> <span class='ocrx_word' id='word_1_1034' title='bbox 2943 5009 3122 5078; x_wconf 83' lang='grc' dir='ltr'>χάριν,</span> <span class='ocrx_word' id='word_1_1035' title='bbox 3293 5005 3427 5079; x_wconf 81' lang='grc' dir='ltr'>πρὸς</span> <span class='ocrx_word' id='word_1_1036' title='bbox 3465 5008 3784 5078; x_wconf 85' lang='grc' dir='ltr'>ἀπέχθειαν,</span> 
     </span>
    </p>
   </div>
   <div class='ocr_carea' id='block_1_130' title="bbox 2123 5084 3785 5156">
    <p class='ocr_par' dir='ltr' id='par_1_130' title="bbox 2123 5084 3785 5156">
     <span class='ocr_line' id='line_1_130' title="bbox 2123 5084 3785 5156; baseline 0.002 -20"><span class='ocrx_word' id='word_1_1037' title='bbox 2123 5086 2260 5156; x_wconf 85' lang='grc' dir='ltr'>μήτε</span> <span class='ocrx_word' id='word_1_1038' title='bbox 2296 5084 2519 5154; x_wconf 82' lang='grc' dir='ltr'>πρᾶξαι,</span> <span class='ocrx_word' id='word_1_1039' title='bbox 2556 5086 2692 5156; x_wconf 85' lang='grc' dir='ltr'>μήτε</span> <span class='ocrx_word' id='word_1_1040' title='bbox 2728 5087 2900 5139; x_wconf 88' lang='grc' dir='ltr'>εἰπεῖν</span> <span class='ocrx_word' id='word_1_1041' title='bbox 2925 5086 2979 5138; x_wconf 89' lang='grc' dir='ltr'>τί</span> <span class='ocrx_word' id='word_1_1042' title='bbox 3012 5103 3164 5147; x_wconf 80' lang='grc' dir='ltr'>ποτε,</span> <span class='ocrx_word' id='word_1_1043' title='bbox 3205 5086 3338 5138; x_wconf 85' lang='grc' dir='ltr'>ἀλλά</span> <span class='ocrx_word' id='word_1_1044' title='bbox 3380 5085 3475 5138; x_wconf 71' lang='grc' dir='ltr'>καὶ</span> <span class='ocrx_word' id='word_1_1045' title='bbox 3505 5086 3640 5156; x_wconf 84' lang='grc' dir='ltr'>πρὸς</span> <span class='ocrx_word' id='word_1_1046' title='bbox 3683 5087 3785 5156; x_wconf 76' lang='grc' dir='ltr'>φό-</span> 
     </span>
    </p>
   </div>
   <div class='ocr_carea' id='block_1_131' title="bbox 2119 5164 3784 5238">
    <p class='ocr_par' dir='ltr' id='par_1_131' title="bbox 2119 5164 3784 5238">
     <span class='ocr_line' id='line_1_131' title="bbox 2119 5164 3784 5238; baseline 0.001 -20"><span class='ocrx_word' id='word_1_1047' title='bbox 2119 5165 2234 5229; x_wconf 86' lang='grc' dir='ltr'>ϐον,</span> <span class='ocrx_word' id='word_1_1048' title='bbox 2274 5167 2369 5218; x_wconf 74' lang='grc' dir='ltr'>καὶ</span> <span class='ocrx_word' id='word_1_1049' title='bbox 2407 5167 2544 5237; x_wconf 85' lang='grc' dir='ltr'>πρὸς</span> <span class='ocrx_word' id='word_1_1050' title='bbox 2573 5165 2671 5236; x_wconf 83' lang='grc' dir='ltr'>τὴν</span> <span class='ocrx_word' id='word_1_1051' title='bbox 2699 5164 2888 5217; x_wconf 90' lang='grc' dir='ltr'>τούτου</span> <span class='ocrx_word' id='word_1_1052' title='bbox 2935 5165 3304 5238; x_wconf 87' lang='grc' dir='ltr'>δυνατωτέραν</span> <span class='ocrx_word' id='word_1_1053' title='bbox 3333 5165 3642 5228; x_wconf 83' lang='grc' dir='ltr'>κολακείαν,</span> <span class='ocrx_word' id='word_1_1054' title='bbox 3687 5167 3784 5220; x_wconf 76' lang='grc' dir='ltr'>καὶ</span> 
     </span>
    </p>
   </div>
   <div class='ocr_carea' id='block_1_132' title="bbox 2120 5243 3781 5314">
    <p class='ocr_par' dir='ltr' id='par_1_132' title="bbox 2120 5243 3781 5314">
     <span class='ocr_line' id='line_1_132' title="bbox 2120 5243 3781 5314; baseline 0.001 -18"><span class='ocrx_word' id='word_1_1055' title='bbox 2120 5245 2252 5314; x_wconf 83' lang='grc' dir='ltr'>πρὸς</span> <span class='ocrx_word' id='word_1_1056' title='bbox 2281 5244 2348 5297; x_wconf 81' lang='grc' dir='ltr'>τά</span> <span class='ocrx_word' id='word_1_1057' title='bbox 2375 5245 2509 5299; x_wconf 83' lang='grc' dir='ltr'>ἀλλα</span> <span class='ocrx_word' id='word_1_1058' title='bbox 2539 5245 2610 5298; x_wconf 85' lang='grc' dir='ltr'>τὰ</span> <span class='ocrx_word' id='word_1_1059' title='bbox 2631 5243 2854 5297; x_wconf 87' lang='grc' dir='ltr'>τοιαῦτα</span> <span class='ocrx_word' id='word_1_1060' title='bbox 2879 5243 3072 5313; x_wconf 75' lang='grc' dir='ltr'>(πολλὰ</span> <span class='ocrx_word' id='word_1_1061' title='bbox 3101 5245 3158 5297; x_wconf 85' lang='grc' dir='ltr'>δὲ</span> <span class='ocrx_word' id='word_1_1062' title='bbox 3188 5244 3255 5297; x_wconf 76' lang='grc' dir='ltr'>τὰ</span> <span class='ocrx_word' id='word_1_1063' title='bbox 3291 5244 3629 5314; x_wconf 85' lang='grc' dir='ltr'>ἀνθρώπινα)</span> <span class='ocrx_word' id='word_1_1064' title='bbox 3660 5263 3781 5314; x_wconf 79' lang='grc' dir='ltr'>γεν-</span> 
     </span>
    </p>
   </div>
   <div class='ocr_carea' id='block_1_133' title="bbox 2119 5322 3782 5395">
    <p class='ocr_par' dir='ltr' id='par_1_133' title="bbox 2119 5322 3782 5395">
     <span class='ocr_line' id='line_1_133' title="bbox 2119 5322 3782 5395; baseline 0.002 -21"><span class='ocrx_word' id='word_1_1065' title='bbox 2119 5322 2280 5386; x_wconf 89' lang='grc' dir='ltr'>ναίως</span> <span class='ocrx_word' id='word_1_1066' title='bbox 2306 5324 2495 5394; x_wconf 89' lang='grc' dir='ltr'>στῆναι</span> <span class='ocrx_word' id='word_1_1067' title='bbox 2528 5323 2622 5377; x_wconf 78' lang='grc' dir='ltr'>καὶ</span> <span class='ocrx_word' id='word_1_1068' title='bbox 2656 5323 2934 5393; x_wconf 87' lang='grc' dir='ltr'>ἀνδρείως,</span> <span class='ocrx_word' id='word_1_1069' title='bbox 2972 5323 3064 5376; x_wconf 75' lang='grc' dir='ltr'>καὶ</span> <span class='ocrx_word' id='word_1_1070' title='bbox 3099 5323 3231 5394; x_wconf 78' lang='grc' dir='ltr'>μηδὲ</span> <span class='ocrx_word' id='word_1_1071' title='bbox 3259 5322 3452 5394; x_wconf 88' lang='grc' dir='ltr'>μικρόν</span> <span class='ocrx_word' id='word_1_1072' title='bbox 3483 5340 3536 5376; x_wconf 90' lang='grc' dir='ltr'>τι</span> <span class='ocrx_word' id='word_1_1073' title='bbox 3564 5325 3661 5394; x_wconf 87' lang='grc' dir='ltr'>τῆς</span> <span class='ocrx_word' id='word_1_1074' title='bbox 3689 5327 3782 5395; x_wconf 82' lang='grc' dir='ltr'>ὀρ-</span> 
     </span>
    </p>
   </div>
   <div class='ocr_carea' id='block_1_134' title="bbox 2117 5401 3778 5475">
    <p class='ocr_par' dir='ltr' id='par_1_134' title="bbox 2117 5401 3778 5475">
     <span class='ocr_line' id='line_1_134' title="bbox 2117 5401 3778 5475; baseline 0 -21"><span class='ocrx_word' id='word_1_1075' title='bbox 2117 5401 2213 5470; x_wconf 78' lang='grc' dir='ltr'>θῆς</span> <span class='ocrx_word' id='word_1_1076' title='bbox 2245 5401 2549 5473; x_wconf 84' lang='grc' dir='ltr'>διαφθεῖραι</span> <span class='ocrx_word' id='word_1_1077' title='bbox 2582 5402 2833 5474; x_wconf 88' lang='grc' dir='ltr'>κρίσεως.</span> <span class='ocrx_word' id='word_1_1078' title='bbox 2866 5403 2928 5455; x_wconf 87' lang='grc' dir='ltr'>Εἰ</span> <span class='ocrx_word' id='word_1_1079' title='bbox 2970 5402 3078 5475; x_wconf 78' lang='grc' dir='ltr'>γὰρ</span> <span class='ocrx_word' id='word_1_1080' title='bbox 3117 5402 3403 5472; x_wconf 82' lang='grc' dir='ltr'>στολισμδς</span> <span class='ocrx_word' id='word_1_1081' title='bbox 3435 5404 3648 5475; x_wconf 81' lang='grc' dir='ltr'>ἀνδρὸς,</span> <span class='ocrx_word' id='word_1_1082' title='bbox 3683 5406 3778 5458; x_wconf 74' lang='grc' dir='ltr'>καὶ.</span> 
     </span>
    </p>
   </div>
   <div class='ocr_carea' id='block_1_135' title="bbox 2115 5479 3777 5553">
    <p class='ocr_par' dir='ltr' id='par_1_135' title="bbox 2115 5479 3777 5553">
     <span class='ocr_line' id='line_1_135' title="bbox 2115 5479 3777 5553; baseline 0.004 -22"><span class='ocrx_word' id='word_1_1083' title='bbox 2115 5479 2270 5546; x_wconf 88' lang='grc' dir='ltr'>γέλος</span> <span class='ocrx_word' id='word_1_1084' title='bbox 2293 5480 2540 5544; x_wconf 76' lang='grc' dir='ltr'>ὀδόντων,</span> <span class='ocrx_word' id='word_1_1085' title='bbox 2571 5482 2666 5534; x_wconf 75' lang='grc' dir='ltr'>καὶ</span> <span class='ocrx_word' id='word_1_1086' title='bbox 2699 5481 2850 5551; x_wconf 88' lang='grc' dir='ltr'>βῆμα</span> <span class='ocrx_word' id='word_1_1087' title='bbox 2879 5481 3040 5544; x_wconf 82' lang='grc' dir='ltr'>ποδὸς</span> <span class='ocrx_word' id='word_1_1088' title='bbox 3061 5482 3395 5550; x_wconf 87' lang='grc' dir='ltr'>ἀπαγγέλλει</span> <span class='ocrx_word' id='word_1_1089' title='bbox 3421 5482 3492 5535; x_wconf 77' lang='grc' dir='ltr'>τὰ</span> <span class='ocrx_word' id='word_1_1090' title='bbox 3525 5483 3653 5553; x_wconf 77' lang='grc' dir='ltr'>περὶ</span> <span class='ocrx_word' id='word_1_1091' title='bbox 3682 5485 3777 5537; x_wconf 82' lang='grc' dir='ltr'>αύ-</span> 
     </span>
    </p>
   </div>
   <div class='ocr_carea' id='block_1_136' title="bbox 2114 5561 3777 5636">
    <p class='ocr_par' dir='ltr' id='par_1_136' title="bbox 2114 5561 3777 5636">
     <span class='ocr_line' id='line_1_136' title="bbox 2114 5561 3777 5636; baseline 0.004 -24"><span class='ocrx_word' id='word_1_1092' title='bbox 2114 5561 2228 5622; x_wconf 85' lang='grc' dir='ltr'>τοῦ,</span> <span class='ocrx_word' id='word_1_1093' title='bbox 2283 5561 2462 5633; x_wconf 81' lang='grc' dir='ltr'>πολλῷ</span> <span class='ocrx_word' id='word_1_1094' title='bbox 2513 5562 2711 5632; x_wconf 81' lang='grc' dir='ltr'>μᾶλλον</span> <span class='ocrx_word' id='word_1_1095' title='bbox 2756 5565 2824 5617; x_wconf 86' lang='grc' dir='ltr'>τά</span> <span class='ocrx_word' id='word_1_1096' title='bbox 2861 5563 3098 5617; x_wconf 87' lang='grc' dir='ltr'>τοσαῦτα</span> <span class='ocrx_word' id='word_1_1097' title='bbox 3142 5564 3542 5636; x_wconf 84' lang='grc' dir='ltr'>κατορθώματα</span> <span class='ocrx_word' id='word_1_1098' title='bbox 3599 5568 3777 5620; x_wconf 77' lang='grc' dir='ltr'>πᾶσαν</span> 
     </span>
    </p>
   </div>
   <div class='ocr_carea' id='block_1_137' title="bbox 2113 5643 3771 5720">
    <p class='ocr_par' dir='ltr' id='par_1_137' title="bbox 2113 5643 3771 5720">
     <span class='ocr_line' id='line_1_137' title="bbox 2113 5643 3771 5720; baseline 0.003 -24"><span class='ocrx_word' id='word_1_1099' title='bbox 2113 5643 2245 5712; x_wconf 76' lang='grc' dir='ltr'>ἡμῖν</span> <span class='ocrx_word' id='word_1_1100' title='bbox 2277 5643 2437 5697; x_wconf 84' lang='grc' dir='ltr'>ίκανά</span> <span class='ocrx_word' id='word_1_1101' title='bbox 2478 5645 2571 5698; x_wconf 86' lang='grc' dir='ltr'>τοῦ</span> <span class='ocrx_word' id='word_1_1102' title='bbox 2622 5645 2806 5698; x_wconf 87' lang='grc' dir='ltr'>λοιποῦ</span> <span class='ocrx_word' id='word_1_1103' title='bbox 2857 5646 2972 5716; x_wconf 80' lang='grc' dir='ltr'>βίου</span> <span class='ocrx_word' id='word_1_1104' title='bbox 3018 5647 3335 5718; x_wconf 78' lang='grc' dir='ltr'>παραδεῖξαι</span> <span class='ocrx_word' id='word_1_1105' title='bbox 3385 5646 3484 5717; x_wconf 77' lang='grc' dir='ltr'>τὴν</span> <span class='ocrx_word' id='word_1_1106' title='bbox 3530 5649 3771 5720; x_wconf 76' lang='grc' dir='ltr'>ἀρετήν·</span> 
     </span>
    </p>
   </div>
   <div class='ocr_carea' id='block_1_138' title="bbox 2111 5725 3769 5802">
    <p class='ocr_par' dir='ltr' id='par_1_138' title="bbox 2111 5725 3769 5802">
     <span class='ocr_line' id='line_1_138' title="bbox 2111 5725 3769 5802; baseline 0.004 -26"><span class='ocrx_word' id='word_1_1107' title='bbox 2111 5725 2232 5777; x_wconf 78' lang='grc' dir='ltr'>οὺδέ</span> <span class='ocrx_word' id='word_1_1108' title='bbox 2256 5727 2362 5794; x_wconf 87' lang='grc' dir='ltr'>γάρ</span> <span class='ocrx_word' id='word_1_1109' title='bbox 2392 5728 2485 5780; x_wconf 74' lang='grc' dir='ltr'>ἐπὶ</span> <span class='ocrx_word' id='word_1_1110' title='bbox 2513 5729 2578 5796; x_wconf 82' lang='grc' dir='ltr'>τῇ</span> <span class='ocrx_word' id='word_1_1111' title='bbox 2616 5729 2894 5800; x_wconf 75' lang='grc' dir='ltr'>παρρησίᾳ</span> <span class='ocrx_word' id='word_1_1112' title='bbox 2925 5729 3081 5797; x_wconf 89' lang='grc' dir='ltr'>μόνον</span> <span class='ocrx_word' id='word_1_1113' title='bbox 3109 5728 3268 5782; x_wconf 83' lang='grc' dir='ltr'>αὑτὸν</span> <span class='ocrx_word' id='word_1_1114' title='bbox 3301 5728 3604 5798; x_wconf 76' lang='grc' dir='ltr'>θαυμάζειν</span> <span class='ocrx_word' id='word_1_1115' title='bbox 3643 5730 3769 5802; x_wconf 82' lang='grc' dir='ltr'>χρὴ,</span> 
     </span>
    </p>
   </div>
   <div class='ocr_carea' id='block_1_139' title="bbox 2115 5807 3768 5882">
    <p class='ocr_par' dir='ltr' id='par_1_139' title="bbox 2115 5807 3768 5882">
     <span class='ocr_line' id='line_1_139' title="bbox 2115 5807 3768 5882; baseline 0.005 -25"><span class='ocrx_word' id='word_1_1116' title='bbox 2115 5807 2250 5860; x_wconf 87' lang='grc' dir='ltr'>ἀλλά</span> <span class='ocrx_word' id='word_1_1117' title='bbox 2288 5810 2380 5862; x_wconf 58' lang='grc' dir='ltr'>καὶ⁵</span> <span class='ocrx_word' id='word_1_1118' title='bbox 2430 5810 2522 5863; x_wconf 79' lang='grc' dir='ltr'>ἐπὶ</span> <span class='ocrx_word' id='word_1_1119' title='bbox 2565 5811 2642 5880; x_wconf 78' lang='grc' dir='ltr'>τῷ</span> <span class='ocrx_word' id='word_1_1120' title='bbox 2692 5812 2851 5882; x_wconf 78' lang='grc' dir='ltr'>μέχρι</span> <span class='ocrx_word' id='word_1_1121' title='bbox 2899 5811 3152 5864; x_wconf 88' lang='grc' dir='ltr'>τοσούτου</span> <span class='ocrx_word' id='word_1_1122' title='bbox 3200 5811 3296 5882; x_wconf 76' lang='grc' dir='ltr'>τὴν</span> <span class='ocrx_word' id='word_1_1123' title='bbox 3333 5813 3642 5882; x_wconf 71' lang='grc' dir='ltr'>παρρησίαν</span> <span class='ocrx_word' id='word_1_1124' title='bbox 3678 5815 3768 5866; x_wconf 64' lang='grc' dir='ltr'>ἐκ.</span> 
     </span>
    </p>
   </div>
   <div class='ocr_carea' id='block_1_140' title="bbox 2114 5891 3759 5970">
    <p class='ocr_par' dir='ltr' id='par_1_140' title="bbox 2114 5891 3759 5970">
     <span class='ocr_line' id='line_1_140' title="bbox 2114 5891 3759 5970; baseline 0.006 -29"><span class='ocrx_word' id='word_1_1125' title='bbox 2114 5891 2305 5954; x_wconf 85' lang='grc' dir='ltr'>τεῖναι,</span> <span class='ocrx_word' id='word_1_1126' title='bbox 2336 5893 2429 5946; x_wconf 74' lang='grc' dir='ltr'>καὶ</span> <span class='ocrx_word' id='word_1_1127' title='bbox 2459 5893 2550 5946; x_wconf 65' lang='grc' dir='ltr'>ἐπὶ</span> <span class='ocrx_word' id='word_1_1128' title='bbox 2581 5894 2658 5967; x_wconf 80' lang='grc' dir='ltr'>τῷ</span> <span class='ocrx_word' id='word_1_1129' title='bbox 2691 5895 2853 5948; x_wconf 87' lang='grc' dir='ltr'>πάλιν</span> <span class='ocrx_word' id='word_1_1130' title='bbox 2883 5895 3048 5966; x_wconf 79' lang='grc' dir='ltr'>μηδὲν</span> <span class='ocrx_word' id='word_1_1131' title='bbox 3080 5895 3388 5966; x_wconf 76' lang='grc' dir='ltr'>προσθεῖναι</span> <span class='ocrx_word' id='word_1_1132' title='bbox 3423 5894 3587 5951; x_wconf 83' lang='grc' dir='ltr'>πλέον</span> <span class='ocrx_word' id='word_1_1133' title='bbox 3610 5897 3759 5970; x_wconf 68' lang='grc' dir='ltr'>αὐτῇ.</span> 
     </span>
    </p>
   </div>
  </div>
