3884 6294
114 319 213 376 5η

107 445 188 491 set
218 431 499 503 impudens
544 432 655 498 ille,
700 431 829 503 ipsis
874 432 1040 502 petris
1066 431 1271 499 durior,
1312 432 1378 487 ad
1408 434 1692 490 ecclesiam

109 530 202 584 Dei
234 527 521 583 concessit.
559 526 721 581 Forte
763 525 1025 579 mirantur
1048 524 1286 594 quidam,
1316 541 1413 581 cur
1460 542 1566 581 non
1596 527 1698 581 itu-

106 623 270 676 missa
292 620 362 675 de
388 619 521 674 ca-lo
550 618 699 687 plaga
729 632 1012 686 percussus
1056 616 1215 671 fuerit
1244 617 1335 686 qui
1372 618 1494 672 talia
1536 633 1697 673 ausus

104 721 269 777 esset,
298 720 393 765 aut
412 725 508 765 cur
535 724 643 764 non
673 709 814 763 Deus
837 723 956 763 eum
986 707 1206 762 fulmine
1236 706 1462 774 ferierit,
1491 718 1547 762 ut
1572 719 1697 765 ante

106 805 409 873 ingressum
448 815 510 856 os
541 798 667 855 illud
698 798 978 867 impudens
1006 798 1163 869 igneo
1186 799 1292 854 ictu
1320 799 1692 869 conflagraret.

108 897 216 965 Ego
248 909 379 950 vero
426 893 473 949 si
515 892 707 963 quibus
758 890 876 945 haec
922 891 1172 961 cogitatio
1220 890 1456 947 animum
1509 891 1691 956 subiit,

103 987 269 1042 laudo
294 1001 391 1041 eos
426 994 482 1040 et
508 994 698 1039 aestum
728 998 914 1038 eorum
940 982 1207 1048 admiror;
1246 991 1481 1036 attamen
1508 998 1692 1037 eorum

102 1080 350 1135 laudibus
383 1087 439 1134 et
466 1075 804 1132 admirationi
844 1090 952 1129 non
988 1074 1264 1128 minimum
1300 1073 1567 1143 quidpiam
1595 1074 1691 1128 de-

99 1185 222 1226 esse
249 1180 397 1240 puto.
423 1168 573 1223 Justa
611 1167 809 1237 quippe
855 1164 1218 1234 indignatione
1254 1164 1507 1219 commoti
1543 1173 1688 1227 sunt,

100 1271 212 1317 tum
237 1274 401 1331 super
426 1259 622 1328 injuste
645 1271 786 1312 caeso
809 1269 995 1326 puero,
1035 1265 1145 1309 tum
1185 1268 1347 1325 super
1370 1255 1463 1309 Dei
1488 1254 1692 1324 legibus

98 1357 169 1411 ita
201 1365 409 1410 temere
454 1350 697 1415 violatis;
741 1348 837 1404 sed
867 1349 944 1403 ira
992 1346 1261 1403 ferventes
1302 1362 1407 1401 non
1432 1355 1687 1417 quantum

97 1463 233 1517 Opus
264 1455 383 1501 erat
409 1449 831 1514 perspexerunt:
861 1440 1075 1511 iustitiae
1104 1440 1247 1494 enim
1290 1438 1446 1509 hujus
1474 1439 1555 1494 lex
1586 1440 1688 1493 alia

95 1538 255 1607 longe
274 1536 518 1605 superior
537 1537 589 1589 in
610 1533 755 1589 cmlis
772 1542 873 1587 est.
888 1532 1145 1599 Qua-nam
1168 1532 1325 1601 igitur
1345 1530 1459 1586 hinc
1477 1530 1594 1584 lex?
1609 1529 1689 1585 Ne

96 1627 467 1699 peccatoribus
500 1625 744 1695 protinus
769 1624 900 1679 ultio
927 1622 1205 1689 inferatur,
1234 1622 1329 1677 sed
1357 1622 1685 1692 delinqueuti

98 1728 311 1788 tempus
353 1718 510 1772 detur
550 1726 607 1772 et
650 1714 897 1781 inducias,
944 1721 1001 1768 ut
1037 1713 1284 1767 delictum
1316 1715 1485 1783 possit
1521 1728 1684 1769 excu-

95 1822 227 1876 tere,
254 1822 313 1866 et
341 1826 434 1881 per
454 1808 820 1880 paenitentiam
846 1806 912 1861 iis
933 1807 1022 1877 qui
1050 1806 1182 1861 nihil
1211 1806 1335 1860 mali
1354 1807 1687 1863 admiserunt

93 1903 291 1973 :equari
328 1920 341 1955 :
372 1901 514 1972 quod
542 1909 668 1954 tunc
689 1900 742 1953 in
772 1897 975 1953 nefario
1001 1897 1095 1951 illo
1121 1896 1542 1952 demonstratum
1570 1906 1681 1963 est;

92 1994 224 2049 nihil
267 1994 413 2048 enim
465 1991 708 2063 profecit,
738 1990 833 2046 sed
880 1990 999 2044 sine
1044 1989 1418 2044 emendatione
1465 1990 1679 2043 mansit.

94 2087 234 2141 Deus
259 2095 410 2141 certe
440 2084 700 2155 benignus
727 2097 849 2139 cum
876 2084 966 2149 sit,
999 2081 1102 2136 boc
1133 2083 1483 2152 prospiciens,
1513 2097 1580 2136 ne
1609 2082 1681 2136 ita

89 2180 307 2252 quidem
335 2176 657 2247 contempsit
684 2177 856 2240 illum,
883 2189 985 2230 nec
1007 2190 1127 2245 quae
1164 2190 1196 2229 a
1225 2189 1287 2229 se
1328 2183 1481 2229 erant
1505 2174 1681 2229 facere

87 2270 280 2335 desiit;
311 2268 410 2325 sed
454 2269 602 2323 illum
631 2276 687 2323 et
710 2281 912 2337 agrum
953 2266 1208 2331 visitavit,
1235 2274 1289 2321 et
1315 2265 1431 2335 ejus
1468 2273 1680 2320 restau-

87 2362 275 2417 rando:
313 2361 527 2415 sanitati
557 2359 779 2415 studuit.
808 2358 903 2413 llle
938 2372 1065 2412 vero
1099 2357 1393 2413 remedium
1436 2357 1680 2426 accipere

83 2455 291 2521 uoluit;
319 2454 432 2509 imo
454 2454 520 2509 ad
560 2453 664 2508 hoc
689 2452 909 2507 missum
938 2451 1204 2506 medicum
1230 2450 1483 2505 concidit.
1506 2450 1676 2506 Medi-

79 2550 195 2603 cina
229 2563 395 2618 porro
434 2556 487 2602 et
529 2546 807 2601 medicinae
831 2544 1024 2599 modus
1061 2542 1365 2613 hujusmodi
1393 2551 1529 2598 erat.

146 2641 202 2697 6.
248 2639 475 2711 Babylo:
504 2637 872 2708 Imperatorem
900 2636 1122 2691 ecclesia!
1148 2636 1291 2689 aditu
1318 2645 1473 2689 arcet.
1495 2666 1568 2676 —
1596 2635 1674 2691 Eo

79 2740 327 2801 tempore
354 2732 461 2800 Quo
482 2729 668 2784 drama
695 2728 826 2784 illud
846 2738 903 2782 et
927 2726 1133 2783 facinus
1159 2728 1390 2782 immane
1415 2726 1672 2782 miseran-

76 2825 316 2895 dumque
357 2822 634 2892 agebatur,
679 2820 779 2876 fuit
816 2822 901 2875 vir
948 2833 1172 2891 magnus
1200 2830 1255 2876 et
1296 2819 1574 2887 mirabilis,
1625 2822 1670 2876 si

79 2926 257 2971 tamen
282 2915 363 2970 fas
393 2918 465 2970 sit
503 2915 653 2969 illum
677 2914 944 2985 appellare
968 2914 1163 2979 virum,
1193 2913 1282 2983 qui
1308 2914 1464 2984 hujus
1495 2915 1670 2985 gregis

76 3025 261 3064 curam
292 3009 536 3079 gerebat,
563 3009 778 3062 nomine
800 3006 1047 3078 Babylas.
1088 3007 1184 3061 llic
1212 3008 1409 3077 itaque,
1444 3008 1531 3063 cui
1554 3009 1668 3064 haec

75 3100 275 3155 Christi
305 3099 548 3155 Ecclesia
592 3114 621 3153 a
664 3096 898 3169 Spiritus
928 3097 1096 3169 gratia
1122 3098 1429 3153 concredita
1474 3098 1664 3165 fuerat,

72 3192 209 3261 quod
258 3192 466 3246 Heliam
496 3190 719 3260 ejusque
755 3190 1004 3245 tumulum
1031 3189 1291 3245 Joannem
1321 3192 1669 3247 antecelleret

74 3298 171 3337 non
225 3282 484 3348 dixerim,
518 3297 585 3336 ne
631 3280 759 3351 quid
810 3280 1086 3335 molestius
1137 3279 1427 3349 proferam,
1468 3280 1562 3336 sed
1594 3280 1665 3335 ita

69 3375 279 3445 attigit,
312 3386 373 3427 ut
416 3389 486 3428 ne
527 3373 788 3426 tantillum
836 3372 1049 3442 quidem
1100 3372 1376 3441 generesis
1405 3370 1665 3439 ejusmodi

70 3468 193 3521 viris
241 3465 472 3521 inferior
501 3474 666 3520 esset.
696 3464 879 3533 Neque
932 3464 1073 3517 enim
1118 3477 1405 3532 paucarum
1450 3462 1663 3517 urbium

70 3558 422 3623 tetrarcham,
468 3572 642 3628 neque
693 3558 866 3628 gentis
919 3556 1074 3610 unius
1120 3570 1322 3626 regem,
1364 3554 1458 3610 sed
1514 3571 1660 3620 eum,

68 3653 149 3720 qui
201 3652 498 3707 maximam
545 3649 690 3704 orbis
744 3658 950 3719 partem
1016 3655 1257 3714 teneret,
1297 3647 1441 3702 hunc
1488 3646 1660 3717 ipsum

70 3744 284 3799 scilicet
326 3740 747 3811 sanguinarium,
777 3740 866 3810 qui
906 3738 1171 3809 plurimas
1216 3747 1422 3807 gentes,
1467 3739 1661 3794 multas

70 3836 225 3889 urbes
252 3876 269 3901 ,
330 3834 654 3888 immensum
703 3832 995 3885 exercitum
1052 3827 1450 3895 moderabatur,
1499 3836 1660 3899 atque

64 3926 209 3981 omni
242 3940 315 3980 ex
362 3934 513 3993 parte
541 3920 893 3977 formidabilis
918 3928 1055 3987 erat,
1086 3918 1155 3973 ab
1199 3918 1658 3989 imperii.magni-

64 4020 289 4083 tudine,
330 4032 361 4071 a
410 4030 618 4071 morum
672 4013 983 4079 ferocitate,
1024 4011 1177 4082 quasi
1217 4010 1322 4065 vile
1358 4024 1423 4064 ac
1460 4011 1659 4065 nullius

61 4112 217 4179 pretii
278 4108 639 4177 mancipium,
687 4106 756 4160 ab
806 4104 1033 4159 ecclesia
1084 4102 1290 4171 expulit
1338 4117 1459 4156 cum
1514 4110 1658 4157 tanta

62 4204 323 4258 firmitate
370 4201 642 4270 animique
679 4197 1011 4263 constantia,
1053 4202 1250 4266 quanta
1304 4205 1485 4264 pastor
1535 4209 1656 4248 sca-

60 4294 273 4350 biosum
316 4304 372 4349 et
407 4291 705 4347 morbidam
742 4303 897 4345 ovem
926 4302 955 4342 a
983 4301 1143 4359 grege
1179 4295 1379 4350 arceat,
1402 4285 1657 4340 cohibens

63 4406 125 4443 ne
161 4387 395 4444 morbus
422 4386 539 4457 ejus
581 4392 803 4439 cmleras
830 4397 959 4437 oves
997 4380 1215 4435 alliciat.
1263 4378 1319 4433 id
1357 4393 1487 4433 vero
1533 4374 1659 4433 fecit

58 4479 370 4536 Servatoris
394 4476 618 4533 verbum
666 4475 1017 4539 confirmans,
1059 4486 1254 4542 nempe
1294 4486 1507 4526 servum
1537 4484 1658 4526 esse

58 4574 238 4627 solum
279 4585 428 4636 eum,
460 4568 550 4640 qui
579 4575 856 4638 peccatum
887 4564 1065 4628 faciat,
1091 4563 1335 4634 quamvis
1375 4570 1657 4618 sexcentas

59 4666 239 4735 capite
266 4677 499 4717 coronas
521 4669 715 4733 gestet,
748 4660 990 4730 quamvis
1019 4657 1284 4712 universis
1314 4658 1479 4711 tetius
1511 4655 1656 4711 orbis

57 4756 377 4811 hominibus
407 4754 672 4825 imperare.
700 4750 943 4806 videatur
968 4766 982 4803 :
1013 4748 1159 4805 illum
1186 4762 1316 4803 vero
1342 4747 1433 4819 qui
1454 4746 1655 4802 nullius

55 4851 271 4921 peccati
316 4849 416 4904 sibi
461 4849 708 4905 conscius
746 4847 848 4913 sit,
877 4845 976 4901 etsi
1019 4830 1155 4899 inter
1198 4843 1439 4897 subditos
1478 4842 1651 4897 locum

52 4946 276 5008 habeat,
300 4942 419 5012 plus
438 4955 594 5011 quam
615 4953 769 5010 reges
788 4952 975 4992 omnes
996 4948 1217 5006 regnare
1236 4935 1653 4990 existimandum

49 5053 196 5092 esse.
231 5034 430 5090 Statim
457 5047 584 5103 ergo
612 5029 890 5101 imperanti
917 5028 1166 5099 praecepit
1194 5026 1438 5081 subditus
1465 5067 1479 5090 ,
1507 5036 1560 5080 et
1584 5024 1653 5081 de

46 5132 307 5185 omnium
347 5126 683 5181 moderatore
706 5123 963 5194 judicium
995 5120 1145 5188 tulit,
1171 5130 1329 5191 atque
1357 5119 1657 5174 damnatio-

47 5225 127 5276 nis
158 5218 495 5277 senteutiam
520 5217 719 5273 emisit.
756 5214 839 5270 Tu
871 5229 998 5269 vero
1042 5214 1167 5269 dum
1212 5212 1327 5268 haec
1365 5211 1516 5266 audis
1541 5254 1554 5277 ,
1586 5226 1654 5267 ne

44 5318 262 5370 dictum
310 5309 483 5366 obiter
529 5316 834 5379 praetereas.
861 5305 992 5361 Nam
1018 5304 1103 5359 Vel
1133 5305 1236 5359 hoc
1275 5304 1446 5358 solum
1471 5342 1486 5369 ,
1511 5301 1654 5372 quod

44 5405 445 5477 huperatorcm
471 5399 713 5457 subditus
741 5397 1004 5469 quiSpiam
1029 5396 1096 5451 ab
1119 5395 1360 5450 ecclesias
1390 5393 1652 5448 vestibulo

39 5499 301 5569 ejecerit,
333 5494 531 5550 sufficit
550 5493 617 5548 ad
642 5491 944 5547 auditorum
966 5490 1171 5543 animos
1196 5488 1504 5543 excitandos
1528 5502 1653 5559 per-

40 5589 461 5659 celleudosque.
505 5586 563 5642 Si
608 5586 691 5640 vis
738 5592 916 5638 autem
970 5590 1137 5635 totum
1187 5579 1500 5634 miraculum
1527 5578 1652 5634 dili-

32 5695 245 5758 genter
293 5680 571 5748 ediscere,
595 5693 664 5732 ne
707 5675 932 5746 simplici
978 5671 1197 5729 dictioni
1239 5670 1480 5725 attendas
1507 5712 1523 5739 ,
1555 5668 1651 5728 sed

44 5793 236 5838 tecum
266 5784 454 5848 reputa
484 5771 761 5838 satellites,
794 5777 1024 5825 scutatos
1042 5808 1057 5835 ,
1084 5765 1347 5834 tribunos,
1369 5763 1535 5820 duces
1558 5762 1651 5834 qui

876 315 963 374 DE
993 317 1050 374 S.
1092 317 1388 385 BABYLA,
1427 318 1700 376 CONTRA
1741 321 2079 382 JULIANUM
2116 324 2207 384 ET
2246 327 2606 389 GENTILES.

3286 344 3392 402 539

1807 436 1860 491 in
1907 436 2048 509 regia
2092 439 2346 507 aluntur,
2377 458 2473 498 eos
2514 444 2603 513 qui
2647 443 2951 502 civitatibus
2998 449 3382 523 prmllciuntur,

1801 530 2148 597 prieeuntium
2176 529 2394 596 fastum,
2420 535 2755 604 sequentium
2783 547 2837 592 et
2857 538 3179 611 abigentium
3208 546 3390 601 multi-

1800 622 2070 687 tudinem,
2098 624 2366 695 aliumque
2405 626 2713 683 famulatum
2742 638 2934 685 totunt.
2971 632 3171 689 Deinde
3212 637 3385 706 ipsum

1799 711 2177 782 Imperatorem
2205 715 2256 769 in
2289 718 2467 772 medio
2489 760 2503 783 ,
2535 720 2735 789 ingenti
2766 738 2885 805 cum
2915 725 3051 779 fastu
3084 726 3389 797 ingredien-

1801 811 1906 858 tem
1930 846 1942 867 ,
1971 805 2061 874 qui
2087 805 2447 862 honorabilior
2477 810 2722 866 videatur
2758 829 2822 868 ex
2855 817 3092 872 vestibus
3116 860 3130 882 ,
3156 833 3223 873 ex
3256 834 3385 890 pur-

1800 909 1926 963 pura
1949 937 1962 960 ,
1992 912 2055 951 ex
2084 900 2308 967 gemmis
2341 910 2448 954 tum
2478 903 2709 973 undique
2735 907 2934 973 sparsis
2965 906 3016 962 in
3056 909 3241 965 dextra
3268 954 3282 975 ,
3314 914 3382 968 ad

1798 990 2199 1045 commissuram
2224 992 2581 1062 paludamenti
2601 1036 2616 1059 ,
2644 1007 2754 1050 tum
2779 1013 2844 1051 ex
2866 997 3163 1055 diademate
3187 1003 3238 1056 in
3266 1006 3384 1072 ejus

1797 1080 1969 1146 capite
1990 1078 2330 1149 fulgentibus.
2359 1082 2539 1153 Neque
2564 1083 2665 1140 huc
2694 1102 2861 1157 usque
2887 1089 3168 1158 imaginem
3200 1092 3380 1156 sistas,

1795 1169 1891 1222 sed
1919 1185 2033 1223 eam
2058 1186 2223 1241 usque
2244 1172 2310 1227 ad
2337 1189 2547 1228 servum
2573 1175 2666 1230 Dei
2687 1176 2898 1232 beatum
2921 1179 3172 1252 Babylam
3194 1194 3381 1238 exten—

1795 1259 1915 1326 das,
1950 1262 2169 1333 ejusque
2202 1264 2450 1320 humilem
2512 1267 2771 1337 habitum,
2802 1272 3053 1327 amictum
3085 1276 3387 1345 vulgarem,

1794 1353 2027 1408 animum
2053 1357 2359 1425 contritum,
2379 1372 2594 1413 sensum
2621 1360 2689 1415 ab
2708 1362 2854 1415 omni
2882 1363 3098 1419 audacia
3123 1367 3375 1431 alienum;

1792 1453 1849 1500 et
1877 1462 1995 1500 cum
2025 1448 2210 1503 ambos
2239 1448 2585 1520 descripseris
2609 1462 2898 1523 mutuoque
2918 1458 3225 1523 contuleris,
3252 1469 3378 1515 tunc

1790 1551 1903 1591 rem
1954 1538 2094 1592 illam
2132 1539 2427 1595 mirabilem
2473 1543 2639 1612 probe
2680 1559 3009 1615 cognosces;
3047 1549 3154 1603 imo
3195 1566 3262 1605 ne
3300 1554 3379 1607 sic

1791 1629 2002 1698 quidem
2024 1642 2268 1688 accurate
2288 1637 2709 1704 comprehendes
2726 1655 2739 1692 :
2756 1638 2898 1694 illam
2915 1641 3110 1712 quippe
3130 1643 3376 1714 loquendi

1792 1721 2089 1779 libertatem
2130 1741 2229 1780 nec
2267 1742 2445 1782 sermo
2480 1743 2580 1783 nec
2605 1731 2714 1785 oris
2744 1733 2950 1802 species
2993 1747 3377 1805 repraesentare

1789 1823 1997 1880 potest,
2026 1815 2120 1869 sed
2149 1816 2261 1870 sola
2288 1820 2613 1888 experientia
2641 1832 2695 1875 et
2718 1838 2863 1879 usus.
2888 1825 3057 1881 Porro
3088 1828 3375 1898 impertur-

1788 1906 1967 1961 batum
1994 1907 2109 1977 ejus
2129 1908 2365 1965 animum
2393 1911 2484 1966 ille
2508 1913 2654 1969 solus
2685 1915 2849 1983 probe
2879 1932 3038 1973 nosse
3066 1922 3251 1989 possit,
3282 1924 3373 1992 qui

1788 1995 2013 2065 idipsum
2064 2012 2184 2052 cum
2231 1999 2321 2053 illo
2368 1999 2575 2057 fiducia:
2613 2006 2821 2059 culmen
2868 2008 3130 2077 attingere
3175 2012 3368 2066 valeat.

1785 2085 2062 2151 Quomodo
2090 2088 2230 2142 enim
2252 2105 2413 2145 senex
2440 2092 2526 2147 ille
2553 2094 2814 2149 accessit?
2833 2101 3100 2166 quomodo
3117 2102 3373 2159 satellites

1785 2179 2027 2248 trajecit?
2048 2183 2315 2251 quomodo
2338 2200 2399 2240 os
2427 2186 2673 2255 aperuit?
2692 2190 2958 2258 quomodo
2983 2192 3230 2263 loquutus
3250 2197 3371 2252 est?

1784 2272 2049 2340 quomodo
2081 2276 2375 2345 corripuit?
2398 2279 2667 2347 quomodo
2711 2280 2953 2337 dextram
3001 2285 3253 2354 imposuit
3279 2304 3371 2357 pe-

1781 2365 1916 2417 ctori
1963 2364 2038 2418 illi
2073 2364 2249 2421 adhuc
2288 2368 2659 2424 intumescenti
2700 2380 2859 2441 atque
2911 2373 3057 2430 caule
3108 2375 3369 2433 ferventi?

1781 2454 2047 2523 quomodo
2090 2456 2408 2511 homicidam
2439 2459 2665 2529 repulit?
2691 2461 2831 2516 Nihil
2873 2478 3052 2519 rerum
3095 2476 3366 2536 gestarum

1780 2545 2037 2599 exterruit
2076 2554 2133 2601 et
2170 2562 2201 2601 a
2234 2551 2506 2618 proposito
2535 2549 2774 2607 deduxit.
2802 2552 2847 2608 Ο
2874 2552 3112 2612 animum
3164 2559 3367 2630 imper-

1780 2636 2019 2691 territum
2040 2679 2056 2703 ,
2086 2649 2425 2711 mentemque
2454 2642 2736 2699 sublimem
2762 2646 2775 2698 !
2800 2660 2833 2700 ο
2860 2647 3077 2705 caeleste
3104 2660 3286 2721 pectus
3311 2662 3366 2708 et

1776 2730 2127 2785 constantiam
2155 2732 2482 2802 angelicam!
2514 2737 2591 2789 Ac
2610 2735 2655 2789 si
2686 2736 2828 2791 enim
2857 2752 3105 2810 pompam
3135 2742 3277 2799 illam
3309 2745 3363 2800 in

1776 2834 1931 2875 muro
1969 2820 2229 2891 depictam
2266 2825 2601 2893 conSpiceret
2621 2867 2634 2890 ,
2659 2827 2736 2881 sic
2783 2828 3044 2899 intrepide
3073 2834 3248 2886 omnia
3273 2849 3366 2904 ge-

1775 2928 1997 2969 nerosus
2025 2916 2106 2970 vir
2128 2915 2363 2985 perfecit.
2390 2917 2519 2972 Erat
2544 2919 2686 2973 enim
2710 2919 2905 2975 divinis
2931 2921 3012 2975 his
3030 2922 3365 2994 dogmatibus

1776 3004 2043 3060 institutus
2063 3047 2079 3073 ,
2108 3006 2250 3076 quod
2296 3008 2532 3075 scilicet,
2566 3009 2755 3065 umbra
2782 3021 2838 3066 et
2866 3014 3129 3068 somnium
3174 3015 3364 3087 hisque

1773 3095 2011 3152 inaniora
2047 3097 2153 3152 sint
2194 3099 2349 3168 hujus
2386 3102 2570 3161 mundi
2609 3105 2840 3172 negotia.
2867 3104 2990 3160 Ideo
3015 3107 3144 3161 nihil
3174 3124 3361 3165 eorum

1773 3188 1945 3259 ipsum
1975 3189 2265 3256 exterruit,
2296 3191 2404 3246 imo
2431 3191 2675 3247 fiduciam
2714 3194 2891 3248 omnia
2932 3195 3209 3252 indidere:
3238 3199 3359 3253 illa-

1772 3297 1891 3336 rum
1922 3282 2117 3352 quippe
2145 3298 2323 3337 rerum
2352 3294 2599 3354 aspectus
2628 3286 2745 3356 ejus
2772 3296 3003 3343 mentem
3032 3291 3359 3347 transmitte-

1771 3364 1861 3419 bat
1896 3366 1962 3420 ad
2004 3381 2291 3436 supernum
2323 3384 2498 3438 regem
2524 3410 2539 3434 ,
2567 3370 2655 3439 qui
2684 3370 2831 3425 sedet
2864 3386 3024 3442 super
3064 3373 3355 3430 Cherubim

1769 3463 1824 3510 et
1850 3456 2081 3510 intuetur
2108 3456 2330 3528 abyssos
2349 3499 2365 3526 ,
2393 3458 2457 3512 ad
2491 3458 2738 3513 thronum
2766 3460 3055 3531 gloriosum
3096 3473 3147 3518 et
3175 3465 3355 3520 excel—

1767 3559 1906 3612 sum,
1936 3546 2000 3601 ad
2026 3547 2290 3603 cmlestem
2320 3549 2635 3613 exercitum,
2656 3549 2721 3603 ad
2740 3552 3003 3623 myriadas
3024 3554 3357 3625 angelorum,

1767 3636 1833 3690 ad
1862 3638 2024 3692 millia
2051 3639 2487 3708 archangelorum
2515 3683 2529 3707 ,
2557 3640 2623 3695 ad
2658 3642 2891 3697 terribile
2935 3644 3060 3699 illud
3089 3645 3354 3713 tribunal,

1765 3727 1832 3781 ad
1876 3728 2130 3799 judicium
2176 3730 2302 3783 illud
2347 3731 2464 3787 sine
2506 3733 2815 3802 acceptione
2866 3749 3252 3803 personarum,
3286 3737 3352 3791 ad

1764 3820 1979 3877 ﬂuvium
2007 3823 2160 3893 ignis,
2186 3822 2251 3877 ad
2275 3822 2514 3879 Judicem
2538 3825 2728 3895 ipsum.
2747 3825 3080 3896 Quapropter
3101 3841 3160 3883 se
3186 3836 3353 3882 totum

1763 3929 1794 3969 a
1818 3924 1956 3969 terra
1989 3916 2041 3969 in
2070 3915 2258 3970 caelum
2286 3916 2610 3971 transferens
2631 3957 2647 3981 ,
2680 3918 2829 3986 quasi
2862 3916 2935 3971 illi
2964 3917 3134 3971 Judici
3175 3919 3356 3973 adsta-

1764 4015 1865 4070 ret,
1894 4005 2171 4077 ipsumque
2193 4008 2540 4077 imperantem
2562 4007 2797 4074 audiret,
2831 4017 2890 4062 ut
2915 4007 3173 4064 nefarium
3202 4011 3350 4067 illum

1763 4112 1825 4151 ac
1850 4097 2133 4152 scelestum
2156 4113 2219 4151 ex
2250 4111 2404 4151 sacro
2430 4097 2553 4151 ovili
2584 4097 2913 4166 expelleret,
2943 4098 3021 4153 sic
3045 4100 3206 4170 ejecit
3233 4113 3287 4156 et
3319 4117 3351 4157 a

1762 4188 1984 4258 reliquis
2026 4187 2215 4242 ovibus
2256 4186 2647 4258 sequestrat-it,
2685 4187 2751 4241 ad
2793 4187 2922 4242 nihil
2952 4203 3136 4244 eorum
3180 4192 3351 4261 respi-

1761 4283 1947 4349 ciens,
1979 4298 2099 4353 quae
2138 4281 2450 4337 videbantur
2490 4280 2747 4336 terribilia
2800 4296 2957 4347 esse,
2988 4282 3085 4339 sed
3129 4283 3353 4341 viriliter

1761 4377 1909 4432 illum
1928 4392 1989 4431 ac
2004 4390 2266 4446 generose
2283 4374 2567 4430 admodum
2595 4375 2858 4444 repellens
2883 4376 3093 4432 violatis
3112 4376 3205 4433 Dei
3222 4377 3352 4449 legi-

1761 4467 1860 4523 bus
1875 4482 2031 4538 opem
2055 4467 2192 4523 tulit.
2206 4468 2363 4536 Atqui
2390 4477 2587 4537 quanta
2607 4482 2731 4537 erga
2750 4476 2972 4523 caeteros
2986 4467 3177 4524 fiducia
3196 4484 3350 4525 usum

1762 4563 1911 4618 illum
1928 4576 2046 4617 esse
2066 4577 2161 4633 par
2177 4562 2292 4617 est?
2311 4562 2409 4630 Qui
2427 4561 2570 4617 enim
2593 4562 2939 4631 imperantem
2961 4570 3101 4617 tanta
3115 4577 3234 4617 cum
3256 4577 3352 4632 po-

1760 4661 1953 4709 testate
1973 4667 2257 4723 aggressus
2279 4661 2381 4719 est,
2409 4666 2567 4722 quem
2597 4650 2923 4721 reliquorum
2952 4651 3352 4708 formidaverlt?

1762 4744 2017 4815 Equidem
2030 4744 2238 4814 opinor,
2258 4743 2364 4797 imo
2377 4757 2480 4797 non
2492 4742 2701 4812 opinor,
2716 4741 2808 4797 sed
2824 4742 3007 4809 credo,
3020 4741 3189 4797 virum
3202 4743 3350 4799 illum

1761 4853 1861 4892 nec
1898 4836 1965 4892 ad
2006 4837 2230 4908 gratiam
2261 4851 2361 4892 nec
2388 4834 2455 4889 ad
2495 4836 2674 4889 odium
2718 4834 2989 4905 quidpiam
3028 4834 3223 4891 fecisse
3265 4836 3349 4891 vel

1760 4928 1959 4986 dixisse
1985 4944 2272 5003 umquam;
2300 4926 2394 4982 sed
2417 4927 2674 4981 adversus
2703 4926 2948 4980 timorem
2972 4966 2990 4994 ,
3017 4935 3071 4981 et
3095 4927 3351 4982 adversus

1761 5022 1954 5077 timore
1981 5022 2332 5093 potentiorem
2358 5018 2717 5074 adulationem
2742 5058 2759 5084 ,
2787 5027 2842 5074 et
2864 5019 2965 5074 alia
2988 5019 3203 5083 similia,
3230 5033 3350 5088 qua:

1759 5114 1900 5186 apud
1941 5113 2187 5170 homines
2218 5113 2381 5166 nuilta
2411 5111 2641 5179 adsunt,
2673 5112 2872 5166 utiliter
2897 5111 3211 5181 fortiterque
3240 5119 3350 5164 ste-

1760 5208 1907 5273 tisse,
1932 5221 1995 5261 ac
2017 5219 2083 5260 ne
2113 5203 2376 5259 tantillum
2400 5204 2611 5273 quidem
2635 5204 2764 5259 recti
2790 5203 2974 5273 judicii
2994 5203 3346 5257 adulterasse.

1768 5299 1824 5355 Si
1854 5298 1996 5354 enim
2023 5296 2248 5351 amictus
2273 5295 2393 5359 viri,
2421 5295 2661 5350 dentium
2682 5296 2822 5351 risus
2845 5336 2861 5363 ,
2892 5294 3084 5366 pedum
3110 5294 3349 5349 incessus

1758 5391 1875 5459 ejus
1885 5402 2064 5443 mores
2079 5395 2306 5457 arguunt
2320 5384 2510 5457 (Eccli.
2541 5386 2628 5442 19.
2646 5386 2759 5457 26),
2779 5386 2945 5442 multo
2961 5386 3128 5456 magis
3143 5392 3342 5441 caetera

1758 5481 1825 5536 ab
1844 5495 1911 5537 eo
1931 5479 2185 5550 prteclare
2199 5487 2346 5548 gesta
2373 5477 2655 5533 ostendere
2675 5485 2897 5548 possunt
2916 5486 3129 5547 quanta:
3144 5476 3197 5530 in
3224 5476 3348 5533 reli-

1757 5588 1861 5645 qua
1875 5573 1981 5627 vita
2004 5571 2215 5627 virtutis
2235 5569 2396 5626 fuerit
2419 5588 2433 5625 :
2458 5585 2633 5642 neque
2651 5570 2793 5626 enim
2814 5571 2884 5625 ob
2905 5569 3151 5625 fiduciam
3169 5569 3343 5627 solum

1756 5665 2204 5723 admirandusille
2227 5672 2330 5732 est,
2353 5663 2448 5720 sed
2463 5662 2604 5734 quod
2635 5662 2880 5717 ﬁduciam
2918 5662 3060 5718 illam
3077 5676 3145 5717 eo
3172 5678 3343 5736 usque

1757 5758 2089 5832 produxerit,
2110 5766 2220 5813 tum
2241 5757 2403 5814 etiam
2421 5755 2565 5828 quod
2589 5755 2640 5813 ei
2666 5753 2796 5809 nihil
2823 5753 3043 5810 ulterius
3058 5754 3344 5816 addiderit.
