3876 6286
586 271 693 326 ΜΞ

655 400 709 452 7.
741 397 884 452 Talis
904 397 1101 469 quippe
1123 407 1206 453 est
1230 397 1423 452 Christi
1451 398 1706 468 sapientia
1725 438 1742 462 ,
1771 411 1891 466 quae
1919 411 2019 453 nec
2038 396 2163 468 plus

579 491 729 560 justo
755 489 1035 558 decertare
1063 491 1332 561 permittat
1357 480 1371 556 ζ
1395 489 1490 544 sed
1518 490 1711 558 ubique
1738 486 2162 544 moderationem

581 591 780 637 servet.
806 582 963 652 Atqui
987 582 1083 651 ipsi
1111 582 1323 648 licebat,
1352 584 1397 635 si
1425 579 1702 648 voluisset,
1724 581 1861 636 ultra
1888 580 2160 651 progredi.

581 674 642 728 Ei
674 673 812 728 enim
839 673 928 741 qui
955 672 1075 726 vitae
1104 686 1285 726 curam
1312 671 1593 742 abjecisset
1618 672 1745 745 (non
1775 671 1917 726 enim
1944 684 2163 742 prorsus

576 764 911 829 accessisset,
942 763 1043 818 nisi
1070 779 1128 819 se
1155 763 1455 833 ltujusmodi
1475 763 1882 833 cogitationibus
1907 762 2160 817 armavis-

574 856 714 926 set),
743 870 862 910 cum
891 863 1153 924 potestate
1174 855 1350 909 omnia
1384 854 1557 909 facere
1582 854 1776 909 licebat
1798 894 1814 920 ,
1841 864 1896 909 ει
1924 853 2157 923 Impera-

572 956 746 1001 torem
779 942 1116 1002 contunielias
1159 958 1444 1015 aSpergere
1469 985 1483 1009 ,
1515 954 1570 999 et
1593 944 1837 1000 diadema
1881 943 1952 999 de
1984 944 2159 1014 capite

567 1038 877 1107 detrahere,
905 1048 959 1093 et
986 1037 1178 1109 pugnis
1205 1052 1266 1093 os
1290 1037 1637 1102 contundere,
1665 1036 1878 1106 quando
1909 1034 2155 1089 dextram

566 1130 619 1183 in
656 1140 838 1199 pectus
877 1130 1115 1200 impegit.
1146 1128 1251 1184 Sed
1295 1129 1426 1183 nihil
1470 1128 1658 1183 horum
1698 1128 1864 1184 fecit:
1897 1127 2154 1197 Spirituali

570 1236 799 1291 namque
824 1221 937 1277 sale
962 1221 1231 1276 conditam
1256 1220 1486 1275 habebat
1510 1220 1742 1274 animam
1767 1237 1781 1274 :
1805 1220 2153 1289 quamobrem

570 1311 703 1366 nihil
733 1321 934 1366 temere
959 1311 1043 1366 vel
1064 1309 1261 1366 frustra
1283 1310 1406 1380 egit,
1436 1310 1531 1365 sed
1558 1310 1735 1365 omnia
1766 1318 1913 1365 recto
1931 1310 2154 1364 rationis

567 1402 767 1471 judicio
783 1412 837 1456 et
851 1402 1051 1457 saniori
1074 1402 1232 1457 modo
1257 1419 1268 1453 :
1296 1417 1399 1455 non
1421 1400 1861 1471 quemadmodum
1881 1401 2151 1470 gentilium

566 1495 835 1562 sapientes
860 1534 875 1559 ,
907 1495 994 1563 qui
1040 1492 1313 1547 moderate
1343 1506 1634 1561 numquam
1660 1532 1677 1558 ,
1703 1490 1798 1546 sed
1829 1491 2024 1561 ubique
2045 1531 2060 1555 ,
2094 1500 2152 1545 ut

566 1586 638 1639 ita
676 1584 848 1639 dicam
869 1627 884 1652 ,
915 1593 1006 1638 aut
1032 1584 1148 1654 plus
1176 1591 1268 1638 aut
1295 1583 1469 1638 minus
1494 1624 1509 1651 ,
1537 1597 1693 1653 quam
1724 1598 1822 1652 par
1845 1590 1953 1649 est,
1983 1582 2151 1637 conﬁ-

568 1678 803 1732 dentiam
834 1676 1086 1732 exhibent
1112 1692 1286 1741 suam,
1316 1677 1387 1730 ita
1415 1685 1473 1731 ut
1500 1690 1759 1745 nusquam
1787 1674 2145 1743 fortitudinis,

565 1769 659 1824 sed
685 1769 1119 1825 irrationabilium
1149 1768 1431 1824 ali‘ectuum
1467 1768 1770 1838 Opinionem
1819 1769 2011 1838 ubique
2046 1768 2147 1824 sibi

562 1860 846 1914 concilient
869 1859 997 1923 ;_ubi
1026 1863 1201 1915 minus
1232 1858 1551 1928 praestitere,
1582 1857 1915 1924 formidinis;
1941 1858 2029 1913 ubi
2052 1873 2146 1912 ex-

558 1963 791 2011 cessere.
817 1950 1129 2020 arrOgantiae
1154 1958 1209 2004 et
1233 1964 1382 2003 vanae
1410 1949 1594 2019 gloria:
1620 1947 1760 2018 apud
1799 1963 1987 2005 omnes
2011 1963 2142 2003 con-

560 2041 705 2096 victi.
726 2036 794 2095 At
815 2057 920 2096 non
947 2044 1073 2096 item
1105 2041 1291 2097 beatus
1318 2040 1407 2096 ille
1432 2059 1446 2096 :
1474 2055 1578 2096 non
1605 2041 1747 2096 enim
1777 2049 1978 2096 temere
2001 2041 2143 2112 quod

553 2134 607 2187 in
638 2143 869 2188 mentem
899 2134 1102 2189 subiret
1129 2134 1340 2205 agebat,
1368 2133 1463 2189 sed
1490 2134 1700 2190 cunctis
1723 2142 1971 2190 accurate
2009 2148 2143 2189 exa-

554 2225 790 2291 minatis,
814 2225 1251 2295 concinnatisque
1274 2225 1567 2281 secundum
1593 2226 1797 2281 divinas
1817 2227 1962 2297 leges
1987 2228 2138 2296 cogi-

553 2316 843 2371 tationibus
860 2358 875 2382 ,
898 2317 976 2371 sic
1000 2318 1065 2371 ad
1084 2330 1216 2386 opus
1237 2332 1328 2371 eas
1358 2317 1561 2371 eduxit.
1584 2316 1812 2387 Ideoque
1848 2319 2138 2373 sectionem

553 2423 661 2462 non
693 2409 744 2462 in
777 2408 1061 2479 superﬁcie
1090 2417 1296 2463 tantum
1325 2408 1451 2463 fecit
1473 2450 1488 2474 ,
1520 2424 1587 2464 ne
1609 2409 1780 2479 major
1806 2424 1929 2480 pars
1960 2409 2137 2465 allecti

551 2500 775 2557 membri
813 2512 1147 2568 remaneret;
1174 2500 1785 2573 neque'profundiorem
1808 2544 1822 2569 ,
1849 2518 2010 2573 quam
2040 2520 2138 2575 par

549 2602 666 2648 erat
684 2636 699 2659 ,
727 2608 795 2648 ne
833 2594 999 2664 plaga:
1025 2608 1254 2650 excessu
1298 2594 1580 2648 sanitatem
1605 2603 2011 2664 corrumperet;
2037 2595 2132 2651 sed

550 2687 700 2759 plaga
728 2686 795 2741 ad
826 2687 1068 2743 morbum
1099 2694 1445 2756 attemperata
1469 2727 1484 2751 ,
1513 2686 1592 2741 sic
1613 2687 1865 2757 Optimam
1896 2686 2134 2743 adhibuit

549 2777 891 2832 medicinam.
929 2778 1065 2832 I‘liuc
1093 2777 1241 2832 illum
1274 2777 1370 2843 ira,
1403 2776 1629 2847 ignavia,
1663 2777 1964 2847 arrogantia
1992 2819 2008 2845 ,
2035 2793 2131 2833 va-

544 2884 627 2924 nae
668 2869 851 2939 gloriae
891 2867 1170 2937 cupidine,
1195 2867 1354 2936 odio,
1378 2874 1519 2922 metu
1541 2908 1556 2933 ,
1592 2867 1894 2924 adulatione
1934 2882 2127 2938 purum

543 2978 666 3018 esse
690 2963 910 3017 ﬁdenter
940 2960 1350 3031 pronuntiarim.
1860 2968 1873 2975 ’

611 3053 798 3108 Modus
825 3055 876 3107 in
905 3053 1069 3108 rebus.
1092 3082 1162 3092 ——
1188 3051 1339 3119 Quod
1369 3051 1413 3106 si
1439 3050 1562 3122 quid
1585 3051 2003 3121 inexspectatum
2028 3050 2113 3106 di-

537 3161 661 3203 cere
687 3162 822 3217 opus
850 3147 938 3213 sit,
968 3161 1073 3199 non
1101 3153 1209 3199 tam
1234 3145 1399 3199 miror
1437 3144 1646 3199 beatum
1678 3144 1826 3198 illum
1851 3143 1992 3215 quod
2018 3143 2127 3198 Im-

539 3239 798 3305 peratoris
841 3236 1078 3290 furerent
1123 3236 1415 3304 reprimere
1455 3249 1614 3289 ausus
1654 3235 1743 3303 sit,
1790 3250 1945 3305 quam
1984 3235 2127 3305 quod

537 3329 853 3383 intellexerit
894 3337 1152 3397 quatenus
1180 3328 1282 3382 hoc
1307 3328 1477 3397 ipsum
1508 3327 1680 3382 facere
1705 3336 1995 3396 epurteret,
2028 3342 2127 3383 nec

534 3420 819 3489 quidquam
845 3420 1065 3473 ulterius
1093 3419 1174 3473 vel
1203 3419 1386 3473 fecerit
1411 3418 1495 3473 vel
1523 3418 1734 3472 dixerit.
1762 3417 1915 3484 Quod
1942 3428 2122 3474 autem

541 3512 646 3566 hoc
669 3512 737 3564 sit
764 3511 854 3565 illo
880 3511 1171 3565 mirabilius
1195 3551 1212 3578 ,
1239 3510 1435 3566 multos
1479 3510 1717 3565 invenire
1758 3518 1859 3576 est,
1887 3510 1975 3580 qui
2001 3524 2121 3565 cum

533 3601 662 3656 illud
692 3601 931 3669 fecerint,
961 3601 1064 3656 hoc
1089 3610 1341 3671 praestare
1365 3617 1471 3657 non
1498 3609 1798 3672 potuerunt.
1832 3601 1964 3657 Nam
1992 3618 2113 3658 eum

535 3692 780 3748 libertate
805 3693 947 3763 loqui
976 3693 1196 3762 quilibet
1220 3708 1364 3762 saepe
1402 3702 1663 3764 possunt;
1691 3693 1916 3763 idipsum
1943 3706 2118 3750 autem

535 3793 796 3854 tempore.
821 3784 1000 3849 modo,
1033 3784 1399 3839 moderatione
1421 3799 1483 3839 ac
1508 3783 1783 3854 prudentia
1809 3787 2119 3856 congruenti

532 3885 813 3946 praestare,
845 3878 1022 3947 magni
1048 3877 1453 3948 adtnirandique
1474 3878 1635 3931 animi
1655 3886 1757 3933 est.
1780 3876 2119 3948 Quandoqui-

532 3967 655 4023 dem
675 3968 889 4023 beatum
913 3968 1079 4024 David
1101 3984 1290 4040 magna
1313 3983 1430 4023 cum
1448 3967 1765 4024 conﬁdentia
1785 3968 2117 4023 contumeliis

531 4061 748 4117 incessit
775 4062 973 4129 Semei,
1001 4062 1283 4132 virumque
1309 4061 1622 4132 sanguinum
1650 4060 1855 4115 vocavit
1881 4057 1956 4131 (2.
1984 4059 2113 4131 Reg.

532 4154 621 4207 16.
648 4153 703 4224 5)
732 4169 747 4218 ;
779 4159 835 4206 at
874 4169 981 4208 non
1021 4151 1075 4207 id
1100 4168 1199 4223 ego
1242 4151 1489 4206 ﬁduciam
1532 4151 1618 4205 vel
1646 4150 1942 4205 libertatem
1969 4150 2118 4206 dixe-

529 4238 818 4307 rim,"sed
870 4241 1062 4310 linguae
1119 4241 1294 4309 potius
1342 4239 1797 4310 intemperantiam
1847 4238 2115 4308 animique

530 4332 828 4397 audaciam,
855 4324 1266 4393 contumaciam,
1295 4329 1672 4400 arrogantiam,
1702 4338 1756 4384 et
1782 4329 1991 4399 quidvis
2013 4344 2115 4399 po-

526 4423 653 4489 tius,
682 4437 840 4492 quam
887 4421 1202 4476 libertatem.
1230 4422 1337 4476 Par
1364 4431 1447 4477 est
1474 4422 1639 4488 enim,
1666 4429 1725 4476 ut
1767 4429 1919 4492 puto,
1950 4435 2070 4477 eum
2095 4462 2112 4489 ,

529 4514 620 4583 qui
649 4514 1029 4583 redarguturns
1053 4523 1158 4580 est,
1188 4512 1257 4567 ab
1283 4512 1499 4567 audacia
1529 4512 1759 4566 maxime
1786 4521 1945 4582 atque
1967 4528 2118 4568 arro-

526 4604 704 4671 gantia
747 4602 1035 4666 abstinere,
1062 4602 1275 4670 vimque
1299 4615 1447 4654 suam
1473 4601 1524 4654 in
1552 4610 1736 4654 natura
1764 4610 1964 4655 tantum
1992 4617 2115 4657 vcr-

528 4692 718 4746 borum
766 4700 1144 4761 gestorumque
1203 4690 1592 4745 demonstrare.
1645 4689 1834 4744 Medici
1889 4705 2116 4761 namque

525 4798 647 4838 eum
680 4782 885 4852 putrida
912 4783 1152 4837 membra
1195 4797 1440 4838 resecare
1482 4790 1538 4838 et
1564 4782 1840 4838 aestuantia
1878 4784 2114 4853 compri-

526 4893 677 4934 mere
713 4892 848 4948 orus
890 4886 993 4944 est,
1022 4892 1129 4933 non
1160 4878 1252 4932 irae
1281 4876 1422 4947 pleni
1453 4876 1767 4931 medicinam
1795 4876 2112 4946 aggrediun-

523 4985 639 5027 tur:
661 4971 756 5027 sed
781 4987 898 5026 .unc
921 4971 1147 5026 maxime
1164 4972 1216 5025 in
1234 4970 1564 5026 convenienti
1581 4977 1720 5024 statu
1739 4969 2110 5040 cogitationem

522 5066 796 5121 continere
843 5063 1078 5131 student,
1111 5078 1177 5117 ne
1204 5061 1530 5132 perturbatio
1566 5060 1730 5116 animi
1772 5068 1962 5115 noceat
1986 5060 2107 5114 arti.

522 5156 675 5225 Quod
701 5160 744 5211 si
777 5157 842 5222 is,
872 5156 959 5226 qui
986 5169 1181 5225 corpus
1212 5167 1401 5208 sanare
1426 5153 1591 5223 cupit,
1624 5159 1765 5206 tanta
1794 5165 1929 5222 epus
1954 5150 2111 5206 habet

523 5248 684 5302 animi
715 5246 1117 5317 tranquillitate,
1145 5245 1441 5299 animarum
1471 5243 1685 5298 medico
1724 5242 1872 5314 quid,
1902 5258 2105 5313 quaeso,

526 5337 824 5393 faciendum
853 5347 1165 5402 statuemus,
1194 5347 1249 5390 et
1275 5344 1524 5404 quantam
1554 5334 1605 5388 in
1633 5348 1701 5389 eo
1721 5331 2107 5403 pltil050phiam

524 5426 899 5499 requiremus?
925 5427 1107 5497 Longe
1132 5427 1385 5496 majorem
1408 5425 1626 5489 scilicet,
1647 5432 1702 5479 et
1725 5434 1922 5478 tantam
1943 5438 2110 5494 quan-

527 5526 636 5572 tam
683 5518 772 5573 ille
813 5527 1015 5589 martyr
1050 5516 1306 5572 exhibuit.
1353 5514 1513 5569 Nobis
1539 5516 1679 5569 enim
1724 5512 1980 5584 quosdam
2009 5529 2107 5570 ceu

519 5610 773 5663 terminos
803 5619 856 5663 ct
875 5609 1084 5679 regulas
1111 5623 1334 5679 ponens,
1353 5616 1409 5661 ut
1436 5606 1557 5661 inde
1582 5604 1795 5660 modum
1825 5604 2014 5675 agendi
2044 5605 2098 5659 in

520 5699 727 5754 caeteris
756 5700 1099 5771 preportione
1136 5697 1360 5770 quadam
1388 5705 1715 5767 mutuemur,
1743 5696 1819 5752 sic
1848 5695 2100 5753 miserum

1329 266 1385 324 S.
1427 264 1705 323 JOANNIS
1740 264 2235 322 CIIIHSOS'I'OIII.
2265 265 2581 325 ARCIIIIIP.
2623 268 3158 331 CONSTANTINOP.

2588 114 2643 127 φ

3726 286 3793 343 Sil

3849 128 3858 464 ἲ

2281 397 2426 453 illum
2454 413 2485 453 a
2506 414 2660 456 sacro
2685 402 2867 460 limine
2891 405 3104 474 repulit.
3136 406 3458 478 Videturque
3479 426 3633 466 unum
3649 421 3796 473 tantum

2275 497 2401 542 tunc
2428 491 2597 560 probe
2619 503 2826 562 gestum
2851 509 2987 566 opus
3015 495 3180 552 fuisse
3204 513 3220 562 ;
3246 498 3341 554 sed
3364 500 3411 554 si
3436 502 3555 570 quis
3580 503 3687 559 illud
3705 521 3795 562 en-

2272 579 2436 635 minet
2463 590 2517 636 ct
2542 584 2774 666 undique
2788 597 3034 642 accurate
3059 589 3369 659 perpendat,
3391 602 3445 647 et
3469 595 3746 661 secundum,
3761 609 3798 652 et

2271 671 2485 727 tertium
2520 672 2643 728 huic
2687 675 2923 743 insitum,
2956 691 3314 750 magnumque
3356 682 3598 739 utilitatis
3636 685 3796 740 thesau-
3852 690 3853 750 ξ

2269 777 2388 817 rum
2439 766 2687 833 reperiet.
2713 765 2846 820 Nam
2890 767 2978 837 qui
3012 777 3136 823 tunc
3173 769 3532 840 rejiciebatur,
3565 790 3684 830 unus
3717 789 3798 833 tan-

2269 861 2381 906 tum
2411 864 2566 920 erat;
2617 857 2719 925 qui-
2759 856 2962 911 lucrum
3013 858 3138 915 inde
3189 870 3550 933 reportarunt,
3605 867 3792 935 plurimi:

2265 943 2531 1011 siquidem
2563 945 2615 999 in
2642 947 2869 1017 imperio
2892 947 3028 1017 ejus,
3057 950 3198 1020 quod
3234 953 3520 1009 maximam
3549 956 3681 1013 orbis
3709 974 3797 1028 paro

2264 1040 2368 1086 tem
2397 1034 2879 1103 complectebatur,
2910 1048 3166 1115 quotquot
3191 1040 3449 1099 increduli
3473 1054 3643 1113 erant,
3660 1048 3795 1104 obstu-

2263 1122 2457 1192 pefacti
2483 1126 2762 1197 miratique
2784 1137 2928 1195 sunt,
2956 1129 3047 1183 ubi
3080 1130 3379 1187 didicerunt
3405 1146 3648 1205 quantam
3670 1141 3793 1194 servis
3850 1122 3855 1195 ἶ

2260 1217 2372 1272 suis
2398 1215 2639 1274 Christus
2664 1219 2910 1290 loquendi
2939 1222 3181 1277 ﬁduciam
3207 1224 3504 1295 indidisset,
3528 1231 3792 1299 suamipso-
3852 1242 3855 1341 4

2260 1322 2374 1341 mam
2406 1308 2716 1341 {Nilum-alam
2760 1320 2809 1341 ιιι
2862 1311 3120 1341 ,Νηρεί-ι...
3151 1316 3457 1341 .-.Α..-.;ι...-.μ
3510 1320 3721 1341 .x-_:--_-_
3752 1332 3761 1341 .

2258 1322 2375 1361 rum
2405 1308 2716 1364 illiberalem
2760 1320 2816 1365 et
2862 1311 3121 1381 ahjectam
3150 1316 3460 1372 servitutem
3506 1320 3789 1389 deriserunt,
3852 1308 3855 1367 Ὗ

2259 1398 2507 1453 viderunt
2531 1408 2785 1470 quantum
2816 1402 2956 1458 inter
2983 1396 3403 1463 Christianorum
3434 1410 3740 1468 nobilitatem
3758 1423 3792 1467 et

2256 1489 2533 1557 gentilium
2576 1492 2954 1560 turpitudinem
2998 1494 3318 1553 discriminis
3362 1509 3526 1555 esset.
3572 1501 3749 1558 Etenim
3767 1503 3789 1556 ii

2264 1578 2405 1648 apud
2433 1580 2571 1647 illos,
2599 1582 2793 1650 quibus
2816 1597 3086 1640 sacrorum
3113 1600 3241 1642 cura
3265 1591 3575 1647 concredita
3596 1603 3690 1659 est,
3710 1593 3795 1662 plti
3855 1580 3857 1595 ’

2253 1683 2412 1738 quant
2462 1670 2727 1738 dominos,
2779 1674 2898 1743 plus
2945 1691 3104 1746 quam
3154 1677 3296 1733 idola
3343 1695 3440 1735 sua
3487 1682 3794 1754 Imperatores

2253 1762 2457 1827 colunt,
2491 1762 2807 1835 illorumque
2830 1775 2978 1822 metu
3011 1769 3309 1828 simulacris
3334 1774 3446 1829 suis
3482 1776 3724 1844 assident,
3744 1778 3795 1832 ita
3854 1764 3857 1821 Ι

2251 1860 2310 1906 ιιι
2333 1852 2549 1923 maligni
2568 1854 2840 1911 daemones
2861 1856 3274 1927 Iniperatoribus
3296 1862 3396 1917 sibi
3421 1865 3602 1920 collati
3623 1866 3795 1921 honoris

2248 1942 2475 2011 gratiam
2508 1944 2756 2048 habeant.
2803 1946 2986 2048 Itaque
3011 1949 3097 2004 ubi
3123 1952 3382 2023 contingit
3404 1958 3696 2026 quempiam
3717 1956 3798 2012 Im-

2248 2042 2546 2102 peratorem
2575 2036 2764 2101 creari,
2793 2038 2883 2106 qui
2912 2053 3032 2095 cum
3059 2040 3166 2097 illis
3192 2043 3451 2114 religione
3476 2061 3587 2101 non
3613 2061 3799 2102 consen-
3852 2088 3853 2097 χ

2253 2124 2369 2189 tiat,
2403 2125 2446 2180 si
2474 2126 2597 2197 quis
2638 2128 2902 2185 idolorum
2947 2132 3141 2202 templa
3186 2133 3546 2205 ingrediatur,
3578 2139 3628 2193 in
3666 2139 3801 2194 muris
3852 2146 3855 2205 ξ

2259 2177 2283 2179 _,
2336 2177 2369 2189 ,,
2404 2177 2445 2180 ν
2482 2177 2591 2197 τ--
2638 2177 2902 2185 __-__-_---
2948 2177 3141 2202 ---..,.._
3186 2177 3501 2205 ...,,...........
3531 2179 3546 2204 ,
3667 2177 3801 2194 μω...

2245 2220 2443 2286 passim
2487 2219 2686 2276 videbit
2730 2232 2979 2280 extensas
3025 2240 3339 2283 aranearum
3383 2231 3539 2298 telas,
3588 2240 3800 2300 tantoque
3852 2177 3858 2275 ί

2246 2310 2462 2380 pulvere
2485 2328 2829 2383 conspersam
2859 2325 3107 2383 statuam,
3153 2327 3212 2374 ut
3251 2335 3423 2391 neque
3450 2338 3636 2389 nasus,
3659 2336 3802 2393 neque

2250 2405 2457 2474 oculus,
2484 2422 2655 2477 neque
2683 2408 2783 2462 alia
2813 2410 3014 2480 quaevis
3040 2426 3164 2480 pars
3192 2413 3369 2469 vultus
3396 2425 3669 2485 appareat,
3691 2416 3799 2469 alta-

3852 474 3858 703 l

3848 744 3858 1143 ἐ

2444 2462 2457 2474 .
2569 2462 2582 2477 .
2824 2462 2924 2480 γη
2950 2462 3010 2466 π
3041 2462 3161 2480 Γ---
3204 2462 3367 2469 .-----
3396 2462 3669 2485 ψττ--..Ἷ
3691 2462 3776 2469 _._

2244 2498 2384 2575 rium
2411 2515 2540 2555 vero
2568 2500 2802 2571 reliquiae
2831 2502 3025 2570 solum,
3070 2504 3256 2574 majori
3284 2505 3506 2576 abrupta
3538 2518 3702 2578 parte,
3726 2521 3797 2560 su-

2241 2600 2483 2659 persunt,
2520 2600 2576 2647 et
2599 2592 2795 2662 alioqui
2826 2602 2930 2649 tam
2956 2594 3120 2651 densa
3153 2598 3383 2667 undique
3407 2599 3577 2655 herba
3602 2600 3798 2654 circum-

2240 2682 2363 2737 data
2394 2693 2537 2748 sunt,
2568 2692 2628 2740 ut
2656 2687 2746 2755 qui
2789 2688 2978 2742 altaria
3007 2703 3127 2744 esse
3158 2691 3380 2758 ignoret,
3412 2682 3664 2746 acervum
3686 2700 3796 2746 διει-
3854 2702 3855 2727 ῖ

2237 2774 2445 2844 quilinii
2488 2790 2611 2830 esse
2658 2785 2823 2844 putet.
2876 2778 3044 2848 IIujus
3083 2780 3159 2835 rei
3188 2796 3346 2835 causa
3372 2792 3474 2849 est,
3518 2786 3664 2854 quod
3698 2784 3799 2837 olim

2237 2864 2341 2919 illis
2368 2864 2559 2920 liceret
2585 2881 2935 2937 quaecumque
2963 2869 3160 2924 vellent
3201 2869 3446 2926 suﬁurari
3489 2884 3552 2928 et
3595 2890 3687 2944 per
3710 2882 3797 2927 sta.

2234 2964 2444 3011 tuarum
2473 2957 2673 3012 cultum
2703 2959 2877 3014 ventri
2918 2959 3233 3031 indulgere:
3264 2977 3404 3017 nunc
3445 2973 3633 3020 autem
3668 2978 3800 3034 quant
3856 2948 3857 2955 “

2231 3047 2301 3104 ob
2323 3062 2534 3103 causam
2561 3063 2678 3104 sese
2697 3049 3089 3106 crnciaverint?
3114 3053 3423 3109 Assidentes
3441 3056 3593 3109 enim
3614 3070 3675 3109 ac
3698 3068 3796 3108 sese

2232 3137 2573 3194 conﬁcientes
2612 3139 2679 3194 ab
2708 3139 2811 3195 illis
2836 3155 2903 3196 ne
2942 3143 3219 3197 minimum
3245 3143 3457 3213 quidem
3487 3145 3701 3215 praemii
3725 3159 3803 3198 ex-

2230 3239 2516 3301 spectant:
2546 3241 2668 3286 sunt
2709 3233 2854 3287 enim
2895 3234 3039 3304 ligna
3086 3246 3141 3290 et
3183 3236 3429 3305 lapides:
3459 3238 3609 3308 quod
3650 3247 3801 3292 autem

2230 3322 2350 3378 illos
2376 3322 2443 3378 ad
2472 3324 2823 3380 sintulandum
2862 3327 3059 3382 cultum
3099 3328 3322 3396 inducit,
3350 3339 3432 3385 est
3461 3330 3645 3387 honor
3670 3343 3804 3400 quem

2228 3414 2332 3470 illis
2375 3415 2628 3470 exhibent
2676 3417 3070 3487 Imperatores;
3115 3434 3303 3475 verum
3342 3430 3397 3476 et
3442 3422 3540 3478 ille
3585 3422 3803 3476 sublatus

2226 3514 2310 3560 est
2328 3546 2343 3572 ,
2372 3506 2584 3575 quando
2612 3507 2963 3578 Imperatores
2990 3509 3236 3579 sapiunt,
3279 3519 3334 3567 et
3358 3511 3454 3567 Dei
3497 3513 3702 3568 Filium
3725 3508 3806 3564 ad-

2227 3604 2402 3650 orant.
2680 3652 2683 3653 ,

2272 3688 2350 3743 :8.
2379 3687 2482 3743 Res
2508 3688 2909 3745 Christianorum
2933 3691 2985 3746 in
3012 3692 3395 3764 persequutione
3418 3694 3614 3764 ﬂorent
3641 3693 3810 3763 magis.

2221 3809 2295 3821 —
2313 3780 2381 3833 At
2407 3788 2589 3834 nostra
2617 3795 2722 3835 non
2751 3781 2852 3838 hoc
2874 3796 2934 3837 se
2966 3782 3169 3839 habent
3188 3783 3370 3849 modo,
3392 3784 3484 3839 sed
3514 3786 3681 3855 plane
3699 3799 3813 3839 cott-

2222 3872 2405 3927 trario.
2424 3869 2555 3926 Cum
2583 3874 2723 3928 enim
2749 3874 2868 3945 quis
2893 3875 3149 3945 religione
3174 3876 3453 3931 nobiscum
3471 3877 3810 3933 consentiens

2222 3962 2621 4031 imperatorium
2667 3962 2779 4019 adit
2823 3964 3095 4031 thronum,
3125 3965 3558 4022 Christianorum
3609 3983 3700 4023 res
3739 3981 3811 4019 se-

2221 4053 2434 4122 gniores
2460 4051 2696 4108 evadunt
2729 4071 2744 4108 :
2777 4061 2981 4109 tantum
3003 4055 3155 4110 abest
3174 4063 3232 4109 ut
3251 4054 3501 4129 humanis
3528 4056 3807 4114 honoribus

2222 4143 2530 4212 erigantur;
2561 4158 2682 4198 cum
2726 4152 2903 4199 autem
2933 4145 3053 4215 quis
3085 4146 3463 4219 impiusnobis
3501 4149 3672 4219 plane
3700 4148 3811 4203 infe~

2220 4243 2336 4289 stus
2362 4235 2758 4306 innumerisqne
2783 4251 2881 4292 nos
2902 4238 3053 4292 malis
3072 4214 3310 4293 afﬁciens
3337 4238 3637 4308 imperium
3662 4246 3808 4299 tenet.

2221 4335 2347 4382 tunc
2390 4328 2581 4382 florent
2607 4336 2787 4382 nostra
2826 4343 2889 4384 ac
2924 4329 3283 4398 splendidiora
3321 4331 3674 4399 efﬁciuntur,
3706 4344 3817 4386 tunc

2219 4418 2560 4487 praemiorum
2586 4427 2640 4474 et
2662 4426 2981 4489 tropaeorum
3026 4427 3257 4493 tempus,
3286 4430 3411 4476 tunc
3447 4437 3781 4480 coronarum
3802 4461 3815 4482 .

2218 4510 2623 4581 praeconiorum,
2648 4527 2710 4566 ac
2725 4510 3050 4567 fortitudinis
3069 4513 3379 4569 exhibendae
3401 4517 3657 4571 occasio.
3678 4514 3821 4583 Quod
3856 4526 3857 4553 ι

2217 4604 2261 4658 si
2288 4602 2409 4673 quis
2438 4602 2581 4658 dicat
2622 4603 2781 4658 etiam
2813 4618 2954 4659 nunc
2997 4619 3280 4674 superesse
3321 4605 3484 4661 urbes
3525 4624 3661 4678 quae
3690 4608 3818 4662 circa

2217 4693 2480 4747 idolorum
2523 4692 2782 4748 insaniam
2826 4709 3009 4763 parem
3055 4694 3306 4749 exhibent
3346 4697 3562 4751 cultum
3590 4740 3610 4765 ,
3662 4699 3857 4769 primo}

2216 4781 2432 4849 quidem
2473 4797 2669 4852 paucas
2696 4785 3016 4848 numerabit,
3047 4794 3415 4841 verumtamen
3455 4803 3531 4843 ne
3578 4789 3691 4846 hac
3715 4789 3819 4859 qui-

2217 4873 2337 4930 dem
2369 4876 2575 4930 ratione
2600 4874 2778 4930 verbis
2805 4876 2939 4931 meis
2965 4876 3165 4931 ofﬁciet
3199 4894 3213 4930 :
3242 4887 3425 4932 manet
3449 4880 3616 4935 enim
3645 4880 3824 4937 eadem
3856 4898 3857 4927 ι

2217 4965 2545 5035 hypothesis,
2576 4981 2639 5020 ac
2663 4981 2759 5036 pro
2786 4965 3109 5037 Imperatore
3149 4968 3292 5023 cives
3320 4967 3556 5037 habent,
3594 4974 3696 5041 qui
3744 4988 3824 5041 pa-

2216 5074 2329 5115 rem
2358 5059 2461 5113 illis
2483 5068 2733 5127 praestent
2759 5059 3037 5115 honorem.
3060 5061 3235 5131 Atque
3254 5060 3408 5127 hujus
3432 5062 3639 5118 cultus
3660 5077 3825 5120 causa:
3856 5132 3857 5139 γ

2215 5158 2341 5205 sunt
2366 5150 2597 5220 crapulae
2641 5158 2697 5206 et
2733 5150 3150 5207 comessationues
3194 5162 3303 5205 tum
3332 5151 3555 5208 diurnae
3589 5164 3713 5209 tum
3744 5150 3857 5220 nonl

2215 5250 2439 5306 cturnae,
2488 5240 2647 5306 tibiae,
2680 5251 2952 5312 tympana,
2982 5242 3197 5296 libertas
3238 5242 3737 5311 impudentissime
3764 5238 3857 5312 lo-f

2214 5331 2409 5402 quendi
2436 5331 2629 5401 turpia,
2658 5331 2850 5400 agendi
2878 5332 3135 5402 turpiora,
3158 5347 3275 5386 sese
3289 5333 3425 5386 cibis
3446 5332 3835 5406 ingurgitandi

2213 5424 2386 5479 donec
2431 5423 2802 5493 dirumpantnr
2849 5438 2960 5492 prae
3002 5424 3278 5489 ebrietate,
3320 5422 3753 5489 debacchandi,
3789 5434 3832 5475 et

3852 5394 3858 5439 l

3855 4946 3857 5017 l

3852 5142 3857 5247 Jl

2214 5514 2267 5568 in
2317 5512 2664 5568 foedissimam
2709 5512 2967 5567 insaniam
3021 5513 3300 5569 delabendi
3351 5531 3364 5569 :
3408 5513 3462 5568 hi
3523 5514 3835 5588 turpissimi

2213 5611 2453 5677 sumptus
2491 5603 2599 5673 jam
2639 5603 2901 5659 labentem
2946 5619 3183 5659 errorem
3233 5605 3478 5660 detinent
3526 5617 3597 5662 et
3627 5609 3858 5725 foreaLj

2213 5693 2587 5725 Πηιιιιι..ιῖη-ηρ
2635 5693 2775 5725 ιιι-ἱππ
2822 5708 2913 5725 nne
2959 5694 3044 5725 η.ιῖ
3095 5695 3161 5725 nl.
3211 5696 3470 5725 :nnunlv:nm
3505 5695 3682 5725 θρα..-
3712 5718 3805 5725 ---

2213 5693 2591 5765 Opuleutiores
2635 5693 2776 5750 enim
2822 5708 2916 5750 eos
2957 5694 3046 5766 qui
3093 5695 3162 5751 ob
3211 5696 3474 5772 ignaviam
3504 5695 3685 5757 fame
3712 5718 3826 5775 per-

3848 5860 3858 5943 l

3852 6050 3858 6089 Ἴ
